2253 3195
24 213 73 240 An.
90 211 118 238 C.
142 211 210 238 1595

54 425 164 447 clausulae
175 426 210 447 de-

27 454 155 482 rogatui-iae.

82 1542 147 1564 Fides
162 1545 218 1564 tran-

35 1573 171 1596 sumptorum.

837 206 984 230 CLEMENS
1004 206 1062 229 VIII
1082 206 1133 229 PP.

226 258 335 302 quavis
360 256 560 295 auctoritate,
584 256 722 289 scienter
739 256 786 288 vel
808 255 963 297 ignoran-

228 318 285 348 ter,
309 310 483 351 contigerit
502 309 662 342 attentari.

272 366 287 406 ξ
309 364 339 396 6.
363 363 433 396 Non
465 363 666 396 obstantibus
692 361 895 405 praemissis,
931 357 983 393 ac'

226 417 389 460 quibusvis
407 415 689 449 constitutionibus
703 421 729 446 et
753 413 966 447 ordinationi-

226 470 285 503 bus
319 469 513 513 apostolicis,
546 469 640 501 etiam
666 468 697 499 in
724 478 859 510 corporo
891 466 967 498 iuris

226 524 352 563 clausis,
373 532 498 556 necnon
511 521 661 559 statutis,
688 520 813 562 legibus
834 525 864 552 et
885 530 963 552 con-

225 576 460 615 suetudinibus,
484 573 658 618 privilegiis
672 584 811 616 quoque,
837 572 967 605 indultis

226 636 256 663 et
269 630 381 663 litteris
395 627 590 672 apostolicis,
602 626 766 670 quibusvis
781 626 966 658 huiusmodi

226 683 334 721 curiis.
359 682 584 721 tribunalibus,
603 680 842 723 magistratibus¹
855 685 885 713 ct
899 679 968 712 aliis

226 735 434 780 supradictis,
459 745 637 778 eorumque
658 733 819 766 iudicibus
840 744 875 765 ac
899 733 969 765 aliis

226 789 448 833 superioribus
466 794 496 821 et
515 787 739 831 personis,sub
760 787 969 830 quibuscum-

228 853 290 886 que
317 842 482 876 tenoribus
496 847 524 874 et
547 841 669 879 formis,
695 851 730 872 ac
745 851 817 873 cum
839 840 970 883 quibus-

228 896 274 929 vis
306 895 458 928 clausulis
483 901 511 928 et
545 894 681 927 decretis
716 894 746 925 in
773 893 968 926 contrarium

229 949 335 982 forsan
361 948 607 992 quomodolibet
635 947 819 986 concessis,
854 946 970 979 confir-

229 1002 323 1035 matis
332 1007 362 1035 et
377 1001 544 1034 innovatis.
562 1001 683 1040 Quibus
696 1000 857 1039 omuibus,
874 1000 968 1033 etiam

229 1054 255 1088 si
274 1055 312 1088 de
333 1055 394 1088 illis
415 1064 594 1098 eorumque
616 1054 693 1090 totis,
708 1054 883 1093 tenoribus,
901 1064 971 1097 spe·
987 1074 988 1082 1

231 1109 318 1142 cialis
333 1137 340 1149 ,
370 1109 519 1152 specifica
539 1115 566 1141 et
595 1108 759 1142 individua
780 1108 899 1141 mentio
925 1109 970 1140 sa-

231 1162 345 1195 cienda
365 1168 456 1202 esset,
480 1162 608 1195 illarum
636 1161 821 1195 huiusmodi
845 1168 972 1195 tenores

231 1216 455 1260 praesentibus
475 1226 532 1259 pro
553 1216 646 1259 plene
662 1221 691 1248 et
711 1215 906 1248 sufficienter
919 1226 971 1248 ex-

232 1270 349 1314 pressis
362 1269 527 1307 habentes‚
552 1269 612 1302 illis
632 1269 710 1302 alias
728 1270 759 1302 in
777 1280 835 1303 suo
856 1270 972 1303 robore

232 1322 464 1366 permansuris,
488 1322 640 1355 latissime
662 1323 721 1356 hac
738 1323 806 1356 vice
826 1323 973 1367 speciali-

233 1381 281 1409 ter
301 1381 331 1409 et
355 1386 501 1419 expresse
527 1376 741 1419 derogamus,
774 1376 973 1420 caeterisque

234 1429 403 1462 contrariis
427 1429 696 1473 quibuscumque.

279 1484 295 1525 g
318 1483 347 1516 7.
363 1483 518 1516 Volumus
536 1489 640 1516 autem
656 1483 742 1526 quod
756 1483 973 1527 praesentium

235 1536 444 1580 transumptis
464 1536 558 1570 etiam
586 1536 762 1580 impressis,
786 1547 883 1569 manu
912 1547 972 1569 no—

236 1590 308 1623 tarii
329 1590 449 1634 publici
469 1590 667 1633 subscriptis,
692 1595 722 1623 et
738 1590 843 1632 sigillo
865 1600 975 1633 perso—

235 1653 296 1676 nae
316 1643 347 1676 in
369 1642 523 1685 dignitate
543 1643 758 1676 ecclesiastica
788 1642 976 1675 constitutae

236 1697 378 1737 munitis,
403 1697 658 1740 eadeniprorsus
680 1697 758 1729 sides
772 1696 973 1735 adhibeatur,

236 1761 318 1794 quae
342 1751 567 1794 praesentibus
588 1751 808 1791 adhiberetur,
826 1750 851 1783 si
874 1751 976 1783 forent

237 1804 396 1837 exhibitae
417 1805 465 1837 vel
491 1811 647 1838 ostensae.

281 1858 394 1891 Datum
422 1858 542 1891 Romae
573 1848 658 1903 apud
685 1858 714 1892 S.
742 1858 893 1898 Petrum,
920 1857 978 1891 sub

237 1912 357 1945 annulo
393 1912 583 1952 piscatoris,
617 1912 667 1945 die
698 1922 776 1945 xvui
799 1911 980 1944 decembris

238 1975 355 2006 MDXCV,
380 1965 586 2009 pontificatus
616 1966 716 1999 nostri
738 1976 846 1999 annno
872 1976 914 1999 1v.

276 2028 333 2055 Dat.
350 2028 393 2054 die
415 2029 446 2056 18
466 2028 619 2056 decembris
641 2029 723 2062 1595,
739 2029 834 2065 pontif.
855 2037 898 2056 an,
917 2036 953 2055 ιν.

553 2190 667 2223 CXXII.

267 2287 348 2320 Um'o
368 2287 513 2321 nationis
533 2287 703 2321 Rittlzenae
723 2297 796 2320 cum
816 2287 958 2320 Ecclesia

532 2340 713 2373 Romana¹.

279 2439 290 2464 1
313 2437 350 2464 Ex
371 2437 476 2472 Regest.
494 2438 521 2464 in
541 2437 643 2464 Secret.
662 2437 796 2464 Brevium.
819 2436 890 2463 Ilaec
910 2436 983 2463 Bulla

242 2482 342 2516 legitur
356 2483 437 2509 etiam
457 2483 484 2509 in
506 2483 622 2509 Bullario
643 2483 714 2510 edito
735 2482 767 2509 ad
792 2491 868 2509 usum
884 2482 983 2508 Sacrae

243 2526 463 2566 Congregationis
478 2527 510 2554 de
526 2527 703 2563 Propaganda
716 2527 787 2554 Fide..
802 2527 885 2553 Huius
893 2530 982 2553 autem

243 2572 367 2607 unionis,
391 2581 459 2608 quae
482 2577 607 2600 constans
630 2581 738 2607 semper
760 2572 819 2606 fuit,
841 2571 982 2599 multorum

243 2625 341 2653 quippe
350 2617 538 2653 cpiscoporum
546 2621 573 2644 et
583 2617 775 2645 monachorum
787 2610 985 2644 Ordinissancti

982 265 984 298 Ι
1019 255 1150 281 Clemens
1178 253 1349 287 episcopus,
1370 259 1474 279 servus
1491 258 1645 278 servorum
1661 251 1723 284 Dei,

982 303 984 349 ξ
1124 307 1160 334 ad
1180 311 1358 340 perpetuam
1378 306 1420 332 rei
1441 305 1620 332 memoriam.

983 409 984 414 ¹
1002 414 1184 445 incivitate
1206 413 1265 445 Dei
1286 413 1399 451 nostri,
1430 413 1466 444 in
1494 416 1601 445 monle
1631 415 1743 444 semoto

983 460 1102 507 'seiusfi
1127 466 1240 498 Civitas
1258 466 1312 498 Dei
1341 476 1437 509 supra
1459 471 1600 498 montem
1626 464 1741 508 posita,

983 510 985 543 ἶ
1002 530 1083 562 quae
1100 519 1252 551 abscondi
1265 530 1329 552 nou
1344 525 1457 562 potest„
1475 519 1505 551 in
1526 530 1589 562 qua
1603 518 1743 560 gloriosa

1003 577 1029 604 et
1046 572 1240 616 admiranda
1264 577 1415 614 operatur
1429 572 1521 611 Deus,
1539 577 1569 604 ct
1590 571 1655 614 ipse
1676 571 1747 602 fun-

984 639 986 672 i
1003 626 1086 658 davit
1108 637 1178 658 eam
1201 625 1391 661 Altissimus,
1407 625 1521 658 Sancta
1539 630 1583 657 cst
1605 623 1745 657 Ecclesia

1004 689 1077 718 una,
1101 679 1257 711 catholica
1283 684 1313 711 et
1333 678 1519 721 apostolica,
1544 678 1712 710 aedificata
1730 687 1747 709 a

985 732 1126 766 ichristo
1147 732 1284 765 Domino
1312 743 1408 775 supra
1429 731 1648 764 beatissimum
1671 740 1748 774 apo-

1004 786 1160 819 stolorum
1181 785 1362 829 principem
1378 785 1520 824 Petrum,
1536 784 1589 827 qui
1612 790 1656 817 cst
1679 784 1749 815 suu-

986 840 1190 880 3damentum
1216 839 1387 876 Ecclesiae,
1418 839 1503 881 quod
1536 837 1674 881 positum
1701 842 1748 869 est

1005 904 1021 925 a
1035 903 1162 925 summo
1183 892 1358 925 architecto
1370 891 1492 925 Christo
1510 892 1591 928 lesu,
1607 890 1746 933 quicum

1005 946 1044 978 sit
1064 945 1253 989 primarium
1276 946 1521 978 fundamentum
1544 950 1574 977 et
1588 944 1667 987 lapis
1682 944 1745 975 ele-

987 1005 988 1035 i
1006 1006 1074 1032 ctus
1095 1004 1125 1031 et
1144 998 1318 1040 angularis,
1344 998 1397 1041 qui
1420 1003 1524 1041 portat
1545 1003 1575 1030 et
1594 1001 1750 1029 sustentat

1006 1052 1115 1085 omnia
1135 1052 1233 1085 verbo
1254 1051 1378 1083 virtutis
1399 1061 1486 1089 suae·⁷
1511 1050 1595 1082 idem
1611 1050 1680 1092 lpse
1694 1048 1749 1092 qui

1006 1112 1098 1139 vocat
1118 1116 1176 1145 ea,
1201 1115 1283 1148 quae
1313 1114 1377 1137 non
1404 1109 1491 1143 sunt,
1522 1109 1685 1146 tamquam
1714 1112 1751 1135 ea

1007 1170 1088 1202 quae
1118 1164 1211 1198 sunt,
1243 1163 1271 1190 et
1297 1157 1351 1200 qui
1373 1156 1470 1195 dixit,
1503 1162 1534 1189 et
1560 1157 1640 1188 sacta
1662 1161 1747 1195 sunt,

1006 1213 1169 1246 Simonem
1192 1211 1288 1244 lonae
1309 1210 1424 1250 lilium,
1442 1209 1609 1242 hominem
1633 1215 1751 1242 morta-

1009 1267 1081 1304 lem,
1099 1271 1130 1298 et
1147 1270 1260 1297 natura
1277 1274 1334 1297 sua
1357 1263 1564 1304 imbecillem,
1581 1262 1753 1305 singularis

1008 1319 1129 1362 gratiae
1158 1317 1327 1361 privilegio
1353 1317 1492 1360 Cepliam
1514 1316 1656 1355 vocavit,
1692 1315 1758 1348 hoc.

1009 1378 1053 1406 est
1075 1372 1216 1411 Petrum,
1247 1370 1340 1413 eique
1368 1375 1488 1402 tantam
1510 1369 1697 1402 firmitatem
1724 1374 1754 1401 et

1009 1425 1203 1458 soliditatem
1225 1424 1334 1464 dedit,
1358 1429 1393 1456 ut
1413 1428 1493 1456 esset
1515 1428 1606 1466 petra
1627 1422 1748 1454 immo-

1010 1479 1092 1519 bilis,
1115 1488 1214 1522 supra
1233 1487 1330 1521 quam
1352 1476 1531 1510 aedificavit
1550 1482 1692 1509 sanctam
1707 1475 1752 1508 ci-

1012 1533 1139 1565 vitatem
1169 1542 1271 1571 suain,
1297 1541 1379 1574 quae
1404 1536 1449 1563 est
1469 1529 1609 1563 Ecclesia
1634 1529 1688 1562 Dei
1711 1529 1754 1561 vi-

1011 1586 1123 1625 ventis,
1147 1585 1360 1628 eamdemque
1381 1595 1438 1628 per
1469 1583 1645 1624 legitimam
1668 1593 1755 1616 sum-

1013 1650 1140 1672 morum
1172 1639 1391 1672 Romanorum
1413 1636 1605 1670 Pontificum
1632 1647 1754 1669 succes·

1012 1693 1148 1730 sionem,
1169 1692 1200 1724 in
1222 1692 1338 1735 quibus
1358 1691 1444 1724 Beati
1476 1690 1559 1723 Petri
1582 1689 1757 1722 auctoritas

1014 1756 1190 1789 numquam
1211 1745 1329 1783 deficit,
1359 1744 1508 1777 aedificat
1527 1750 1634 1776 autem
1656 1753 1758 1786 usque

1014 1800 1045 1831 in
1063 1799 1161 1832 finem
1183 1799 1398 1831 saeculorum.
1426 1798 1547 1840 Itaque,
1572 1807 1629 1841 per
1646 1806 1759 1829 omnes

1014 1859 1133 1886 aetates
1153 1858 1183 1886 et
1203 1858 1361 1896 tempora⁷
1377 1851 1417 1884 ad
1431 1851 1513 1883 hanc
1532 1856 1655 1894 petram
1669 1849 1755 1889 fidei,

1014 1907 1133 1951 Spiritu
1151 1907 1267 1940 Sancto
1286 1912 1428 1945 auctore,
1453 1904 1619 1938 confluunt
1633 1909 1753 1946 gentes,

1016 1967 1046 1995 et
1078 1961 1108 1993 in
1130 1961 1213 1993 hanc
1235 1960 1300 1993 Deo
1322 1960 1472 1992 dilectam
1503 1958 1676 1997 civitatem,
1703 1967 1761 2000 per

1015 2015 1162 2048 salutaris
1176 2014 1327 2058 baptismi
1349 2014 1489 2053 ianuam,
1506 2012 1761 2044 introducuntur

1017 2069 1162 2102 nationes
1183 2074 1214 2101 et
1238 2067 1350 2112 populi
1377 2067 1479 2099 multi.
1514 2066 1615 2109 Saepe
1640 2065 1757 2104 etiam,

1017 2123 1071 2167 qui
1093 2122 1226 2156 fallaciis
1247 2121 1417 2155 hominum
1439 2127 1469 2153 et
1490 2119 1610 2153 diaboli
1634 2110 1779 2151 insidiis*

1019 2214 1116 2248 Basilii,
1124 2223 1154 2240 ac
1163 2212 1320 2249 praesertim
1329 2212 1532 2244 Lithuanorum,
1542 2218 1655 2246 quorum
1666 2217 1762 2244 qnam-

1019 2258 1124 2293 pluriini
1140 2267 1155 2285 a
1174 2258 1289 2285 llloscbis
1310 2257 1336 2283 in
1358 2256 1447 2283 od·um
1468 2258 1610 2289 susceptae
1634 2262 1764 2288 propaga-

1018 2308 1112 2339 tacque
1128 2303 1243 2333 unionis.
1260 2302 1358 2329 nostris
1378 2309 1487 2337 quoquc
1509 2298 1686 2334 temporibus,
1703 2306 1765 2330 gra-

1019 2349 1132 2375 vissimis
1148 2348 1316 2375 contumeliis
1330 2347 1429 2381 affecti,
1441 2352 1522 2381 atque
1533 2345 1612 2372 etiam
1629 2343 1734 2370 interse-
1747 2344 1765 2370 ti

1017 2394 1132 2426 fuerunt,
1144 2393 1276 2428 sanguine
1294 2394 1407 2424 tirmata3
1420 2390 1665 2418 meminitTliomas
1677 2397 1692 2415 a
1703 2389 1765 2415 Iesu

1018 2439 1044 2465 111
1060 2439 1139 2471 libro,
1161 2446 1240 2473 quem
1260 2437 1353 2470 edidit,
1376 2437 1416 2463 De
1432 2435 1614 2463 conversione
1630 2434 1764 2460 omnium

1019 2483 1165 2516 Gentium,
1182 2482 1263 2508 verbo
1274 2481 1409 2508 Rutheni:
1428 2479 1557 2507 Antonius·
1567 2478 1729 2506 Possevinus
1740 2478 1766 2504 in

1019 2527 1130 2561 Appar.
1147 2527 1240 2560 Smer„
1258 2525 1340 2553 verbo
1356 2524 1462 2558 codem,
1479 2528 1505 2551 et
1517 2523 1645 2551 Barouius
1661 2523 1686 2549 in
1708 2522 1768 2557 Ap-

1017 2571 1135 2605 pendice
1152 2570 1197 2597 ubi
1213 2570 1246 2596 de
1261 2570 1399 2597 Rulheuis
1414 2569 1478 2605 agit.

1056 2617 1065 2642 1
1088 2615 1130 2643 Ps.
1152 2622 1238 2649 nvn,
1253 2614 1280 2642 2.

1644 2612 1681 2648 (11.
1698 2612 1738 2646 τ.)

1644 192 1708 224 239
1756 200 1805 228 Α11.
1828 200 1855 227 C.
1874 201 1941 228 1595

1044 361 1185 402 Maqntts
1205 360 1366 392 Dominus
1387 363 1415 391 et
1437 358 1616 391 laudabilis
1641 358 1742 389 nimis
1784 371 1918 391 Prooemium
