2253 3195
296 279 347 307 An.
369 279 483 306 c.1600

333 1675 416 1695 tlt-autor
433 1683 450 1696 tn

332 1706 349 1717 v=
389 1710 395 1718 t

306 1717 316 1721 ..ι
366 1711 369 1722 Ι

293 1730 325 1752 :nl
334 1737 339 1747 i
356 1730 377 1749 S.
391 1731 473 1751 utimr.

528 270 593 303 5154

495 334 525 361 et
546 329 630 361 idem
659 328 884 360 observaretur
913 326 944 358 in
978 326 1238 369 quibuscumque

495 381 659 425 perpetuis
679 380 952 420 concessionibus,
978 378 1239 412 dismembratio-

494 435 588 466 nibus
608 440 638 466 et
665 433 938 477 applicationibus
961 433 1000 466 de
1030 433 1239 476 quibuscum-

494 497 555 530 que
577 486 733 519 fructibus
751 492 782 518 et
801 486 894 519 bonis
915 485 1152 525 ecelesiasticis,
1181 486 1237 518 ad-

495 540 727 573 ministratores
747 550 783 572 ac
803 539 946 573 Fulviam
967 539 1160 584 praedictos,
1178 549 1235 572 eo-

494 604 631 637 rumque
652 593 797 635 singulos
818 604 836 626 a
860 593 1027 637 quibusvis
1045 603 1235 626 excommu-

495 646 692 686 nicationis,
731 646 952 690 suspensionis
983 652 1013 679 et
1048 646 1234 685 interdicti,

494 699 629 743 aliisque
645 699 871 733 ecclesiasticis
893 700 1071 739 sententiis,
1096 699 1239 732 censuris

494 759 524 786 et
545 753 669 797 poenis,
694 764 710 785 a
732 753 801 786 iure
823 754 870 786 vel
892 753 931 786 ab
953 753 1098 793 homine,
1127 753 1239 797 quavis

493 807 663 840 occasione
675 807 724 840 vel
742 817 839 839 cansa
860 806 943 847 latis,
967 807 991 839 si
1013 806 1131 850 quibus
1151 817 1235 850 quo-

496 860 675 894 modolibet
697 860 843 893 innodati
858 860 1007 899 existunt,
1031 861 1070 893 ad
1088 860 1237 893 effectum

492 915 710 958 praesentium
751 915 918 947 dumtaxat
949 915 1234 958 consequendum,

494 968 608 1001 barum
641 968 724 1001 serie
756 968 980 1009 absolventes,
1011 973 1042 1001 ct
1073 968 1238 1002 absolutos

494 1022 560 1053 sore
588 1027 777 1061 censentes,
810 1021 996 1054 huiusmodi
1021 1021 1234 1065 supplicatio-

494 1075 588 1107 nibus
622 1075 787 1115 inclinati,
823 1086 840 1108 a
875 1075 1042 1119 praedicto
1069 1082 1234 1109 monaste-

494 1129 540 1162 rio
565 1129 671 1163 Sancti
700 1129 865 1163 Laurentii
908 1130 1028 1163 dictam
1067 1131 1236 1164 ecclesiam

493 1183 599 1216 Sancti
628 1183 748 1216 Urbani
776 1194 840 1218 una
871 1195 945 1217 cum
967 1184 1082 1217 eodem
1107 1185 1236 1218 redditu

493 1237 674 1270 octodecim
699 1243 865 1270 scutorum
887 1237 1085 1279 huiusmodi,
1106 1244 1236 1282 aposto-

494 1291 554 1323 lica
566 1291 768 1331 auctoritate,
787 1297 899 1324 tenore
916 1291 1145 1335 praesentium,
1157 1303 1234 1336 per-

493 1350 591 1388 petuo
610 1344 883 1377 dismembramus
904 1351 934 1378 et
953 1356 1151 1389 separamus.
1172 1347 1237 1380 Nec

493 1409 557 1431 non
579 1398 610 1430 in
631 1398 766 1432 aedibus
791 1404 819 1431 et
840 1398 911 1443 situ
944 1399 1049 1432 dietae
1081 1400 1236 1434 ecclesiae

492 1452 651 1485 adiacenti
682 1451 880 1493 huiusmodi,
908 1458 1080 1497 postquam
1102 1454 1142 1487 ad
1166 1454 1234 1487 sor-

493 1516 577 1538 mam
609 1505 796 1538 monasterii
827 1505 1026 1547 instaurata,
1067 1512 1097 1539 et
1128 1507 1237 1541 debita

493 1559 640 1592 clausura
662 1558 785 1592 munita
804 1559 933 1599 suerint,
950 1559 975 1592 si
993 1561 1139 1593 nondum
1160 1561 1233 1602 sint,

492 1623 592 1645 unmn
612 1613 845 1646 monasterium
869 1613 1060 1647 monialium
1083 1614 1158 1647 dicti
1181 1614 1238 1648 Or-

456 1687 475 1692 =-
493 1666 576 1699 dinis
596 1667 730 1700 Sanctae
745 1667 866 1707 Clarae,
883 1668 942 1701 sub
964 1667 1166 1701 invocatione
1179 1679 1238 1713 per

491 1721 577 1764 ipsos
601 1721 767 1754 Caesarem
789 1721 987 1754 cardinalem
1013 1727 1043 1754 et
1071 1721 1151 1755 alios
1177 1733 1232 1755 su-

491 1774 654 1818 pradictos
674 1774 833 1815 eligenda,
852 1786 914 1807 una
929 1786 1002 1808 cum
1023 1775 1108 1808 dicta
1128 1777 1232 1809 eccle>-

490 1827 546 1866 sia,
571 1838 697 1860 necnon
719 1827 904 1871 campanili,
934 1828 1111 1872 campanis,
1140 1829 1232 1862 olau-

490 1887 566 1918 stro.
591 1880 796 1920 dormitorio,
825 1881 1006 1921 refectorio,
1032 1882 1130 1922 cellis,
1154 1883 1233 1915 bor-

492 1935 552 1973 tis,
596 1934 789 1974 liortalitiis,
831 1935 1030 1979 caeterisque
1066 1936 1204 1969 officinis
1223 1965 1232 1977 ,

491 1988 653 2028 membris,
682 1994 709 2020 et
733 1989 1019 2022 ‹·‹mnnoditatibus
1046 1990 1235 2023 necessariis

490 2047 518 2073 ct
538 2041 729 2085 opportunis
745 2052 802 2084 pro
817 2052 879 2073 una
892 2041 1052 2075 abbatissa
1071 2054 1126 2075 seu
1148 2043 1234 2087 prio-

491 2095 580 2131 rissa,
615 2100 645 2126 et
675 2094 847 2128 duodecim
876 2095 988 2127 saltem
1015 2096 1231 2135 monialibus,

489 2149 548 2180 snb
571 2148 784 2187 institutione,
810 2148 1022 2187 correctione,
1051 2150 1236 2183 obedientia

490 2208 520 2234 vt
540 2201 729 2234 otonimoda
750 2202 984 2241 iurisdictione,
1007 2208 1069 2235 tam
1087 2203 1116 2235 in
1132 2203 1230 2246 spiri-

491 2255 629 2287 tualibus
655 2266 751 2298 ‹pnun
786 2256 1042 2298 temporalibus,
1072 2257 1172 2289 nostri
1205 2264 1233 2290 et

492 2308 624 2341 ltonnmi
649 2308 811 2341 romanis
833 2319 890 2352 pro
907 2315 1051 2353 tempor«¹
1072 2310 1234 2343 existentis

490 2362 519 2393 in
543 2362 626 2393 dicta
649 2362 742 2401 l'rbe,
764 2368 793 2394 ct
813 2362 881 2394 eins
903 2363 1048 2396 districtu
1072 2363 1179 2396 vicarii
1203 2364 1232 2396 in

490 2416 711 2458 spiritualilms
737 2417 908 2457 generalis,
933 2423 963 2449 et
985 2417 1060 2450 dicti
1091 2418 1234 2451 Caesaris

490 2469 660 2500 rm‘dinalis
681 2469 892 2505 coniunctum
917 2482 952 2502 at·
972 2482 1059 2508 rura,
1074 2471 1232 2511 pubet-nio

490 2528 517 2553 rt
540 2522 988 2555 :nlministrationedictorum
1011 2524 1229 2561 smniatornm,

490 2586 524 2605 ar
551 2576 687 2607 :diorum
720 2575 818 2619 ipsius
839 2577 954 2609 «tomus
976 2578 1230 2617 {tuln-rnatorum

491 2634 518 2659 ct
541 2628 840 2662 :ututinisti-:nomm
869 2630 908 2661 ab
927 2630 971 2662 ris
993 2630 1228 2670 eligendortnn,

492 2682 666 2719 regendum
697 2688 723 2712 ct
748 2683 993 2720 unia-rnamlnm
1027 2695 1061 2716 aa·
1087 2683 1228 2716 admini-

1077 276 1259 301 BULLARIUM
1280 276 1433 300 ROMANUM

1273 325 1458 365 strandum,
1482 325 1515 357 in
1536 336 1600 369 quo
1626 326 1753 369 puellae
1773 325 1878 359 dictae
1898 327 2014 360 domus

1273 378 1303 411 in
1325 378 1482 411 moniales
1504 383 1627 411 tantum
1656 378 1778 422 recipi,
1812 384 1843 412 et
1866 379 2012 412 habitum

1272 442 1329 475 per
1349 431 1507 464 moniales
1520 431 1658 464 aliorum
1680 432 1953 465 monasteriorum
1967 433 2014 465 di—

1273 485 1314 518 cti
1335 485 1463 519 Ordinis
1476 485 1610 519 Sanctae
1624 485 1732 518 Clarae
1746 485 1863 527 gestari
1883 485 2015 518 solitum

1272 538 1449 582 suscipere,
1483 544 1531 577 et,
1555 549 1641 571 anno
1666 537 1868 582 probationis
1892 538 2012 582 elapso,

1272 592 1504 635 professionem
1524 602 1582 635 per
1602 592 1730 625 easdem
1749 591 1905 624 moniales
1915 591 2016 625 emitti

1272 651 1459 678 consuetam
1473 645 1631 685 emittere,
1651 645 1778 687 regulas
1788 655 1915 678 necnon
1930 645 2017 678 clau-

1272 709 1381 732 suram
1403 705 1433 732 et
1450 704 1554 732 crates
1566 699 1597 731 in
1608 699 1811 732 monasteriis
1823 699 2014 733 monialium

1272 752 1525 796 Capuccinarum
1547 753 1732 786 huiusmodi
1754 753 1871 786 servari
1892 753 2013 793 solitas,

1273 811 1304 838 et
1321 806 1428 850 quoad
1449 805 1520 839 fieri
1538 806 1668 849 poterit,
1691 806 1771 839 ritus
1791 812 1823 839 et
1845 816 1963 846 mores,
1980 817 2017 839 ac

1273 859 1523 892 consuetudines
1544 859 1750 901 etregularia
1770 859 1915 892 instituta
1934 859 2017 893 eius-

1273 913 1346 946 dem
1366 912 1495 946 Ordinis
1512 913 1647 946 Sanctae
1672 913 1781 947 Clarae
1802 923 1930 946 servare
1943 940 1950 953 ,
1980 923 2017 946 ac

1273 967 1388 1001 divinis
1419 967 1568 1001 laudibus
1589 974 1619 1001 et
1647 967 1761 1001 officiis
1788 968 1934 1002 insistere
1955 968 2014 1001 de-

1272 1021 1379 1062 beant,
1395 1021 1491 1054 etiam
1506 1027 1674 1065 perpetuo,
1691 1022 1760 1055 sine
1775 1021 1910 1055 alicuius
1923 1032 2017 1065 prae-

1272 1075 1404 1115 iudicio,
1427 1075 1512 1108 dicta
1532 1075 1735 1117 auctoritate,
1749 1075 1905 1118 erigimus
1925 1074 2016 1109 etin-

1271 1129 1444 1162 stituimus.

1316 1183 1331 1226 ἓ
1359 1183 1388 1215 7.
1412 1183 1525 1226 Illique
1545 1182 1590 1216 sic
1610 1188 1717 1216 erecto
1739 1188 1770 1216 et
1791 1182 1936 1217 instituto
1955 1193 2016 1227 pro

1271 1236 1338 1269 eius
1356 1237 1429 1269 dote
1450 1236 1600 1280 illiusque
1618 1236 1798 1270 abbatissae
1814 1247 1871 1270 seu
1883 1236 2016 1280 prioris-

1270 1301 1323 1323 sae
1348 1295 1378 1323 et
1399 1290 1589 1323 monialium
1619 1300 1679 1334 pro
1701 1295 1847 1334 tempore
1873 1290 2012 1324 existen-

1271 1343 1351 1377 tium
1365 1343 1608 1382 sustentatione,
1619 1354 1825 1388 onerumque
1837 1344 1882 1377 eis
1891 1344 2016 1378 incum-

1271 1397 1416 1430 bentium
1441 1397 1685 1440 supportatione
1713 1397 1895 1431 octodecim
1924 1403 2015 1431 scuta

1271 1450 1475 1491 huiusmodi,
1498 1461 1535 1483 ac
1560 1450 1671 1484 omnia
1698 1456 1730 1484 et
1758 1451 1884 1493 singula
1905 1451 2012 1493 bona,

1271 1516 1337 1545 res,
1359 1504 1591 1549 proprietates,
1615 1515 1747 1545 census,
1768 1505 1907 1546 reditus,
1931 1505 2013 1547 iura,

1271 1558 1481 1592 obventiones
1495 1564 1525 1591 et
1538 1558 1757 1592 emolumenta
1777 1564 1838 1591 tam
1855 1559 2015 1592 dictarum

1271 1612 1519 1652 haereditatum,
1537 1623 1634 1656 quam
1656 1623 1713 1657 per
1733 1613 1929 1657 praedictam
1944 1613 2016 1647 Fut-

1270 1667 1365 1707 viam,
1382 1672 1413 1699 et
1430 1666 1509 1699 alios
1530 1677 1753 1710 quoscumque
1771 1667 2017 1710 quomodolibet
2039 1666 2041 1670 ’

1271 1720 1302 1752 ἰη
1322 1725 1528 1764 perpetuum,
1553 1720 1600 1752 vel
1622 1720 1661 1752 ad
1688 1725 1825 1764 tempus,
1849 1731 1886 1753 ac
1905 1720 2012 1762 simul,

1270 1774 1317 1807 vel
1339 1773 1517 1807 successive
1542 1784 1601 1817 pro
1626 1778 1801 1815 augmento
1827 1774 1988 1808 bonorum
2004 1801 2012 1814 ,

1269 1839 1325 1861 scu
1344 1827 1427 1861 dotis
1452 1827 1638 1860 monasterii
1660 1837 1718 1871 per
1738 1833 1924 1871 praesentes
1944 1838 2014 1862 ere-

1270 1882 1310 1915 cti
1336 1881 1521 1914 huiusmodi
1537 1908 1544 1921 ,
1577 1881 1725 1924 illiusque
1758 1891 1794 1914 ac
1827 1882 2014 1915 earumdem

1270 1936 1450 1969 abbatissae
1470 1946 1525 1968 seu
1547 1935 1739 1979 priorissae,
1764 1941 1792 1968 et
1823 1935 2014 1968 monialium

1269 2000 1328 2034 pro
1350 1995 1494 2032 tempore
1515 1988 1731 2025 existentium.
1749 1989 1797 2021 vel
1815 1989 1950 2022 alicuius
1963 1999 2013 2023 ea·

1270 2055 1339 2076 rum
1363 2042 1479 2076 intuitu
1501 2053 1558 2086 per
1585 2042 1666 2075 viam
1699 2042 1903 2083 testamenti,
1927 2042 2016 2077 codi-

1270 2097 1438 2136 cillorum,
1464 2095 1647 2129 donationis
1673 2095 1769 2128 etiam
1797 2095 1879 2128 inter
1904 2096 2011 2136 vivos,

1269 2156 1296 2183 et
1316 2160 1411 2183 causa
1429 2149 1551 2190 mortis,
1569 2159 1624 2182 seu
1638 2148 1870 2192 cuiuscumque
1883 2149 2016 2183 alterius

1269 2202 1499 2247 dispositionis,
1520 2213 1556 2235 ac
1578 2202 1675 2234 etiam
1698 2202 1728 2234 in
1753 2203 2011 2246 eleemosynam,

1270 2257 1315 2289 vel
1337 2257 1426 2295 alias,
1441 2257 1715 2300 ‹piandomnnque
1737 2261 1765 2288 et
1787 2255 2016 2299 qtmlitcrrmn-

1269 2322 1331 2355 qne
1352 2310 1548 2351 elargienda,
1569 2310 1718 2342 donanda
1734 2315 1764 2342 et
1778 2309 1952 2350 eroganda,
1977 2319 2014 2342 ex

1270 2375 1372 2401 nunc,
1397 2369 1489 2407 prout
1513 2374 1547 2395 cx
1571 2368 1665 2402 tnnc,
1689 2368 1719 2394 ct
1740 2373 1757 2394 e
1777 2367 1911 2399 contra,
1935 2361 1960 2393 si
1983 2366 2015 2394 et

1269 2422 1439 2461 postquam
1472 2416 1627 2456 elargita,
1663 2416 1780 2448 ‹lonata
1817 2420 1847 2448 et.
1882 2420 2013 2457 erogata

1270 2471 1398 2503 snt-rint.

1313 2526 1328 2566 5
1350 2525 1379 2556 8.
1406 2524 1447 2556 lta
1469 2523 1555 2567 ιμιοι]
1579 2523 1667 2555 liceat
1690 2522 1811 2555 eisdem
1833 2521 2011 2554 lundatori-

1268 2577 1336 2613 tms.
1361 2577 1496 2620 aliisque,
1522 2575 1795 2616 gubernatoribus
1819 2581 1847 2609 et
1867 2574 2007 2607 admini-

1266 2685 1397 2721 rcaltnn,
1421 2683 1622 2727 corporalem
1649 2688 1679 2716 ct
1699 2682 1856 2715 actualem
1877 2691 2005 2724 posses-

2028 276 2077 303 An.
2094 275 2122 303 c.
2145 276 2214 305 1600
2251 259 2253 332 j

2056 1192 2169 1213 lto-lituum
2179 1191 2216 1222 bo·
2229 1187 2241 1198 ¹

2031 1225 2147 1250 noi-unique
2161 1224 2224 1242 assi-,

2032 1248 2111 1273 guatte-

2054 2522 2154 2543 facultas
2173 2521 2212 2542 nd-

2031 2548 2211 2570 niumm-atentia!

2026 2582 2127 2597 conces-a
2143 2574 2210 2595 ‹licto-

2027 2610 2070 2624 imn
2108 2603 2210 2622 {tonorum

1266 2630 1458 2662 stratoribus
1491 2629 1662 2673 prandit-tis
1699 2629 1828 2661 illorum
1863 2626 2212 2678 “¹¹¹¹¹³¹¹¹¹¹f:2!:.¹:.'.':.‘‚¹¹¹'⁰³¹⁰¹‘
