2253 3195
47 243 96 270 An.
116 242 144 269 C.
163 242 230 269 1597

72 1513 146 1535 Modus
166 1514 230 1534 corri-

46 1540 107 1566 gendi
126 1540 230 1566 expellen-

45 1566 110 1614 iieisquo
136 1567 229 1593 culpabi-

24 2172 30 2177 ,
61 2157 161 2179 clausura
167 2158 230 2179 etiam

47 2184 69 2205 in
83 2185 172 2211 collegio
188 2191 230 2206 ser-

48 2211 123 2232 vanda.

870 245 1018 269 CLEMENS
1038 245 1095 268 VIII
1116 245 1166 267 PP.

246 293 378 329 beatur,
409 292 586 326 dummodo
620 299 787 337 tempore.
821 303 885 336 quo
914 292 990 325 liuic

246 345 428 378 educationi
437 357 469 379 se
479 346 686 386 crediderint,
696 347 868 390 septimum
878 357 989 379 earum

246 398 358 431 aetatis
378 409 499 431 annum
521 399 728 442 expleverint,
743 398 947 441 habeantque
959 403 991 431 et

245 452 290 485 eis
313 452 467 494 assignari
489 453 601 485 debeat
628 452 855 485 dormitorium
880 462 897 484 a
918 451 990 484 reli-

246 505 317 548 quis
334 505 512 547 virginibus
530 505 666 547 collegio
686 505 852 549 praedicto
870 505 989 538 adscri-

244 558 306 602 ptis
331 565 534 601 segregatum
550 586 557 599 ,
582 559 614 591 in
639 569 704 602 quo
734 569 797 591 una
822 570 857 591 ex
889 559 991 591 tribus

247 612 451 652 monialibus,
475 622 557 655 quae
578 612 623 644 illi
651 622 710 655 pro
739 617 884 655 tempore
914 612 991 645 assi-

245 670 342 705 stent,
360 665 509 698 dormiet.
526 664 643 698 Omnes
664 675 812 708 quaeque
833 665 911 697 istae
928 665 991 697 vir-

245 718 351 760 gines,
379 717 444 751 sive
476 718 676 762 adscriptae,
697 718 761 751 sive
790 718 990 752 educationis

245 781 341 804 eausa
370 770 447 803 inibi
477 771 635 804 admissae
660 781 719 815 pro
748 776 904 815 tempore,
926 782 990 815 quo

246 823 366 857 ibidem
391 824 629 866 assignabitur,
653 835 735 868 opus
754 835 848 857 suum
869 825 909 857 ad
930 825 991 857 uti-

245 876 368 910 litatem
390 877 489 921 ipsius
510 877 636 920 collegii
651 878 829 917 conferent,
847 883 874 911 et
896 878 921 910 si
943 879 991 910 ul-

245 935 294 962 tra
315 930 376 963 hoc
395 936 522 974 tempus
541 930 604 963 illis
624 930 828 970 remanserit,
845 941 904 973 pro
919 941 990 963 cae-

247 983 321 1016 teris
339 984 487 1017 laborare
504 990 671 1028 poterunt;
692 985 844 1028 quodque
859 985 990 1018 eaedem

244 1036 385 1078 virgines
405 1037 591 1070 educandae
620 1037 651 1069 in
677 1047 788 1070 earum
810 1037 923 1070 vestitu
944 1037 991 1069 ni-

244 1100 302 1131 gro
320 1090 440 1130 colore,
468 1090 517 1122 vel
543 1090 628 1129 albo,
653 1095 708 1122 aut
728 1090 817 1122 fusco
838 1095 987 1129 utentur,

245 1142 396 1186 idemque
422 1143 554 1176 vestitus
585 1143 717 1176 debebit
744 1154 812 1176 esse
838 1143 991 1176 honestus

244 1206 309 1229 non
327 1201 434 1228 tamen
455 1196 564 1229 sericis
589 1202 643 1229 aut
656 1196 762 1229 aureis
782 1201 914 1229 utentur
927 1202 991 1229 tor-

244 1249 323 1283 culis
344 1249 376 1282 in
397 1249 610 1282 velaminibus
636 1260 673 1282 ac
699 1249 858 1289 vestibus,
887 1250 991 1283 consi-

244 1303 394 1336 derantes
422 1313 456 1335 se
487 1302 518 1335 in
547 1302 772 1345 religiosarum
793 1303 909 1343 domo,
933 1302 991 1336 bo-

244 1362 333 1390 neste
354 1362 385 1389 et
410 1356 576 1389 moderate
602 1355 634 1388 in
655 1356 805 1389 omnibus
833 1356 989 1400 praebere

248 1410 377 1443 debere.
416 1410 502 1442 Haec
540 1415 647 1442 autem
682 1409 791 1442 omnia
820 1411 990 1444 rectorissa

244 1474 301 1496 seu
332 1462 514 1507 praeposita
549 1462 676 1505 collegii
715 1462 900 1496 huiusmodi
930 1474 990 1507 pro

245 1526 302 1549 sua
313 1515 487 1559 prudentia
509 1516 706 1548 moderetur.
729 1515 819 1554 Quod
841 1516 866 1549 si
889 1517 990 1549 conti-

245 1569 327 1612 gerit
349 1574 385 1602 ut
415 1569 522 1613 aliqua
553 1570 642 1612 virgo
675 1570 812 1612 collegio
844 1571 989 1613 praefato

244 1622 407 1666 adscripta
436 1623 469 1655 in
500 1622 609 1666 aliquo
640 1623 829 1662 excesserit,
853 1624 900 1656 vel
929 1625 989 1657 tale

244 1675 367 1709 crimen
398 1675 596 1709 commiserit
620 1681 655 1709 ut
683 1676 820 1719 expelli,
856 1677 989 1720 iureque

243 1728 471 1771 collegiaturae
484 1729 602 1773 privari
616 1729 746 1769 debeat,
763 1740 810 1769 ea,
832 1740 926 1763 causa
938 1741 990 1763 co-

243 1781 331 1824 gnita
351 1787 382 1814 et
401 1781 591 1821 examinata,
613 1781 645 1814 in
665 1782 786 1815 iudicio
806 1783 987 1823 subiaceat;

242 1835 371 1879 plenior
392 1840 499 1868 tamen
519 1835 668 1868 occasio¹
690 1835 721 1867 in
742 1835 866 1878 virgine
891 1836 990 1869 solius

243 1888 444 1922 educationis
463 1899 559 1922 causa
576 1888 609 1921 in
623 1889 738 1922 eodem
751 1889 887 1932 collegio
901 1901 989 1923 com-

244 1947 390 1975 morante
410 1942 557 1982 sufficiat,
580 1947 615 1975 ut
635 1942 674 1975 ab
692 1942 766 1975 inde
787 1943 986 1986 expellatur;

244 1995 299 2028 sed
320 1995 470 2028 omnibus
494 1994 672 2037 virginibus
696 1996 839 2038 aequalis
859 1996 919 2028 erit
938 2007 990 2029 ra-

246 2048 300 2088 tio,
317 2048 342 2081 si
363 2048 471 2092 aliqua
487 2047 675 2081 infirmitate
696 2049 880 2091 contagiosa
902 2050 990 2082 labo-

248 2101 375 2142 raverit,
400 2112 482 2145 quae
500 2101 725 2134 communitati
746 2102 860 2135 nociva
885 2103 990 2136 videa-

246 2161 306 2188 tur.
328 2154 407 2194 Quia
430 2159 538 2187 autern
559 2154 697 2198 perutile
718 2160 745 2187 et
772 2156 989 2188 necessarium

246 2213 314 2248 est,
342 2213 377 2240 ut
402 2207 541 2249 virgines
568 2207 626 2240 sub
652 2207 808 2240 clausuris
836 2213 868 2240 et
894 2209 991 2251 septis

246 2261 389 2301 alantur;
412 2255 596 2305 praedictus
608 2260 746 2293 Didacus
764 2261 934 2304 episcopus
951 2262 991 2295 si-

246 2314 367 2347 militer
386 2314 538 2354 decrevit,
562 2319 597 2346 ut
616 2314 743 2357 puellae
765 2313 869 2347 eidem
895 2315 990 2348 colle-

246 2368 299 2410 gio
320 2367 501 2411 adscriptae
522 2372 589 2400 toto
616 2372 761 2410 tempore
775 2394 782 2407 ,
807 2378 870 2410 quo
892 2367 924 2400 in
953 2378 990 2400 eo

246 2421 434 2461 resederint,
451 2421 632 2454 clausuram
652 2426 789 2460 servent,
810 2430 869 2453 nec
886 2420 931 2453 eis
951 2421 990 2453 ab

245 2484 295 2514 eo,
319 2473 379 2506 nisi
400 2473 543 2506 nubendi
564 2484 675 2514 causa,
699 2473 809 2516 egredi
829 2472 933 2514 liceat,
961 2479 991 2507 et

245 2526 271 2560 si
301 2537 383 2570 quae
418 2526 599 2559 clausuram
627 2526 795 2559 violaverit
826 2527 897 2560 loco
933 2537 991 2560 suo

245 2579 400 2624 privetur,
423 2584 455 2613 et
475 2579 575 2612 altera
598 2579 689 2622 virgo
713 2580 746 2612 in
766 2590 804 2613 eo
830 2580 988 2623 subroge-

284 2643 295 2669 1
315 2641 394 2670 Forte
410 2642 503 2670 lenior
519 2644 612 2670 tamen
627 2649 716 2670 causa
736 2642 826 2677 (nm).

1025 298 1094 329 tur;
1125 298 1270 325 caeterae
1298 301 1428 336 quoque
1458 291 1597 334 virgines
1622 291 1769 324 eamdem

1024 346 1204 378 clausuram
1227 345 1414 385 servabunt,
1436 356 1495 378 nec
1517 345 1562 378 eis
1586 345 1770 377 nullatenus

1025 398 1134 440 egredi
1155 398 1280 438 licebit,
1309 398 1369 430 nisi
1394 398 1502 441 aliqua
1529 403 1702 440 graventur
1722 397 1770 430 in-

1026 450 1187 489 firmitate,
1202 461 1266 494 quo
1288 461 1373 491 casu,
1400 450 1641 494 recuperandae
1659 450 1771 483 salutis

1026 514 1138 543 causa,
1163 504 1200 536 ad
1226 504 1340 536 domos
1365 509 1535 547 parentum
1562 509 1616 536 aut
1640 503 1772 547 propin-

1026 567 1176 600 quorum,
1193 557 1252 589 sub
1266 567 1406 600 quorum
1425 568 1502 590 cura
1522 557 1651 597 suerint,
1674 568 1707 590 se
1720 568 1771 589 re-

1026 609 1132 653 cipere
1160 609 1289 649 licebit,
1318 610 1350 642 id
1379 610 1483 653 ipsum
1505 621 1635 654 quoque
1656 610 1688 642 in
1709 621 1768 643 an-

1026 663 1106 695 cillis
1127 668 1158 696 et
1178 663 1360 696 famulabus
1374 663 1499 705 collegii
1514 663 1701 696 huiusmodi
1716 664 1773 696 ob-

1026 722 1189 755 servetur,
1210 716 1327 759 quibus
1353 726 1418 749 non
1439 716 1643 760 permittetur
1663 716 1772 759 egredi

1026 770 1074 802 vel
1100 769 1224 811 ingredi
1255 774 1345 813 septa
1376 769 1452 802 dieti
1477 769 1626 811 collegii,
1650 770 1711 802 nisi
1732 770 1772 803 de

1027 822 1111 855 illius
1130 822 1258 866 patroni
1280 832 1339 865 pro
1362 827 1505 866 tempore
1528 823 1695 864 ,existentis
1722 834 1773 856 ex-

1025 887 1135 920 pressa
1154 876 1294 909 licentia.
1318 877 1358 909 Ut
1378 882 1484 909 autem
1514 876 1653 918 virgines
1677 881 1771 920 prae*-

1027 931 1108 962 satae
1127 929 1331 963 commodius
1352 929 1561 962 instituantur
1574 935 1639 962 tam
1660 930 1692 962 in
1708 930 1769 971 his,

1027 994 1108 1026 quae
1134 983 1174 1016 ad
1205 983 1251 1015 rei
1279 982 1286 998 ¹
1318 983 1439 1015 cultum
1468 988 1499 1015 et
1530 983 1634 1016 bonos
1666 993 1773 1016 mores

1027 1042 1182 1079 spectant,
1204 1047 1301 1079 quam
1322 1036 1419 1069 etiam
1442 1037 1482 1069 ad
1503 1037 1696 1070 exteriorem
1717 1047 1772 1069 ur-

1026 1089 1202 1122 banitatem
1217 1089 1496 1132 (quandoquidem
1510 1089 1572 1122 hoc
1586 1089 1690 1132 ipsum
1704 1100 1775 1122 ver-

1027 1142 1075 1174 bis
1095 1148 1126 1174 et
1146 1142 1299 1185 operibus
1320 1142 1437 1175 docere
1462 1147 1621 1185 oporteat,
1645 1153 1682 1176 ac
1702 1153 1775 1186 per-

1026 1195 1139 1228 fectius
1156 1201 1187 1228 et
1206 1195 1274 1228 sine
1299 1195 1403 1239 pretio
1424 1195 1534 1239 aliquo
1554 1201 1618 1228 tam
1646 1196 1685 1229 ab
1714 1196 1775 1239 ipsi

1026 1248 1232 1289 monialibus,
1254 1259 1351 1292 quam
1379 1248 1599 1282 saecularibus
1624 1248 1772 1281 mulieri-

1026 1301 1085 1333 bus
1106 1300 1227 1333 ibidem
1253 1301 1284 1333 id
1312 1301 1426 1345 exequi
1451 1301 1586 1344 poterit)
1611 1301 1775 1345 praefatus

1025 1354 1161 1388 Didacus
1173 1354 1342 1398 episcopus
1354 1354 1626 1398 praecepitquod‚
1643 1354 1775 1388 obtenta

1025 1408 1114 1451 prius
1139 1408 1178 1440 ab
1206 1407 1392 1451 Apostolica
1412 1407 1493 1440 Sede
1515 1407 1654 1451 desuper
1673 1407 1773 1440 licen—

1026 1462 1079 1499 tia,
1104 1472 1179 1494 eura
1202 1466 1232 1493 et
1259 1460 1404 1502 regimen
1435 1460 1531 1493 totius
1560 1460 1688 1502 collegii
1716 1461 1774 1494 bu-

1027 1514 1165 1547 iusmodi
1187 1514 1291 1546 tribus
1309 1513 1504 1546 monialibus
1522 1524 1558 1546 ex
1576 1513 1774 1547 monasterio

1025 1568 1180 1610 erigendo
1201 1568 1241 1600 ad
1262 1567 1431 1600 arbitrium
1453 1573 1484 1600 et
1505 1567 1696 1601 electionem
1717 1578 1774 1611 pa·-

1026 1621 1108 1653 troni
1129 1620 1331 1653 assumendis
1349 1621 1613 1660 commendetur;
1634 1631 1773 1663 quarum

1025 1673 1155 1717 quidem
1177 1673 1368 1706 monialium
1389 1673 1494 1717 prima
1515 1673 1652 1716 collegio
1672 1684 1769 1717 prae-

1026 1728 1111 1761 dicto
1131 1727 1324 1771 praesideat,
1349 1733 1379 1760 et
1399 1727 1432 1760 in
1457 1738 1495 1760 eo
1524 1727 1666 1771 primum
1688 1727 1772 1760 obti-

1025 1787 1099 1814 neat
1128 1781 1255 1821 locum,
1279 1792 1316 1813 ac
1346 1781 1461 1813 rectrix
1492 1785 1641 1820 vocetur,
1672 1781 1774 1813 altera

1025 1834 1065 1867 sit
1085 1834 1212 1867 ianitrix
1238 1839 1268 1867 et
1297 1833 1462 1874 turnaria3
1487 1834 1580 1866 tertia
1605 1844 1681 1866 vero
1701 1844 1773 1867 mo-

1026 1886 1118 1919 nialis
1146 1886 1354 1926 huiusmodi,
1378 1886 1423 1919 uti
1455 1886 1601 1919 omnium
1627 1886 1773 1928 viginum

1026 1940 1189 1982 magistra,
1207 1950 1259 1972 eas
1273 1940 1391 1982 legere,
1412 1939 1567 1979 scrihere,
1589 1944 1719 1972 cantare
1744 1945 1775 1972 et

1025 1994 1174 2026 laborare
1196 1994 1344 2033 docebit,
1368 2004 1404 2026 ac
1425 1993 1521 2026 etiam
1539 1994 1627 2036 quod
1647 2003 1770 2034 omnes,

1025 2057 1085 2090 pro
1106 2046 1240 2080 arbitrio
1261 2047 1404 2090 patroni,
1426 2046 1563 2088 collegio
1589 2046 1775 2080 huiusmodi

1026 2099 1183 2140 assistent,
1208 2110 1244 2133 ac
1265 2100 1304 2132 ab
1325 2100 1395 2143 ipso
1417 2099 1534 2132 mutari
1556 2105 1586 2132 et
1615 2099 1774 2132 removeri

1026 2160 1188 2197 poterunt,
1212 2160 1309 2198 prout
1329 2154 1361 2186 in
1380 2154 1518 2187 Domino
1541 2154 1667 2187 duxerit
1686 2155 1773 2187 salu-

1025 2206 1126 2240 briter
1153 2207 1324 2250 expedire‚
1349 2207 1391 2240 ita
1416 2213 1543 2247 tamen,
1567 2212 1603 2239 ut
1627 2207 1667 2239 ad
1687 2207 1774 2240 hunc

1026 2260 1175 2293 effectum
1198 2261 1354 2293 moniales
1374 2261 1471 2293 etiam
1497 2271 1534 2293 ex
1561 2260 1687 2293 civitate
1712 2261 1774 2293 Me-

1025 2313 1187 2346 xicanensi
1220 2313 1385 2346 transferri
1412 2314 1538 2353 facere,
1572 2313 1619 2345 vel
1649 2324 1686 2346 ex
1712 2313 1773 2346 isto

1027 2366 1222 2398 monasterio
1255 2366 1410 2408 erigendo
1449 2376 1613 2399 assumere
1628 2393 1635 2406 ,
1671 2365 1772 2399 immo

1026 2419 1122 2452 etiam
1141 2424 1289 2462 quartam
1311 2419 1497 2459 monialem,
1515 2419 1540 2452 si
1561 2429 1642 2462 opus
1663 2419 1769 2460 fuerit,

1026 2473 1145 2505 addere
1166 2473 1279 2513 valeat,
1310 2472 1407 2515 idque
1439 2472 1571 2505 obtenta
1599 2472 1637 2504 ab
1659 2473 1773 2505 eadem

1025 2526 1106 2560 Sede
1127 2525 1273 2565 lieentia,
1299 2536 1381 2569 quae
1401 2525 1427 2558 si
1448 2526 1487 2558 ab
1508 2525 1600 2559 initio
1621 2531 1675 2559 aut
1695 2525 1772 2559 alias

1026 2580 1194 2624 impetrari
1205 2585 1344 2623 nequeat
1356 2607 1364 2621 ‚
1385 2585 1461 2614 tunc
1478 2579 1553 2613 huic
1565 2579 1690 2613 muneri
1705 2590 1772 2612 ma-

1654 2642 1738 2677 (ιη.)

1065 2643 1074 2669 l
1099 2641 1227 2677 Legimus
1247 2642 1312 2670 Dei.

1675 232 1734 266 331
1785 242 1835 269 An.
1852 242 1881 269 e.
1902 242 1969 270 ¹597

1819 887 1873 908 Cura
1889 888 1973 913 collegii

1787 914 1854 935 tribus
1878 913 1973 934 moniali-

1787 941 1827 962 bus
1838 940 1974 962 demandata,

1836 1681 1915 1702 Earum
1929 1680 1974 1701 offi-

1788 1708 1843 1728 cium
1854 1708 1916 1734 quale
1927 1713 1974 1728 esse

1788 1735 1873 1755 debeat.
