2253 3195
241 254 289 280 An.
308 254 338 280 c.
356 253 423 281 1602
470 244 534 278 836

438 303 558 337 tionem
592 308 623 336 et
654 303 877 341 collationem,
905 303 989 335 iuxta
1018 302 1182 334 decretum

439 357 527 390 Sacri
544 356 673 390 Concilii
699 355 887 394 Tridentini,
907 355 1062 394 obtineat,
1088 355 1183 399 eique

441 416 566 454 praeter
590 410 773 452 octuaginta
799 415 863 441 tres
888 409 996 448 libras,
1024 409 1183 441 sexdecim

440 463 559 496 solidos
594 468 625 495 ct
660 467 733 495 octo
762 461 911 495 denarios
939 462 1078 505 desuper
1109 461 1185 493 assi-

441 522 554 559 gnatas
599 526 681 559 quae
706 522 863 558 perpetuo
888 514 932 548 illi
962 515 1186 559 relinquantur

439 570 626 614 applicatae,
655 562 813 602 addantur
837 575 868 603 et
890 569 1093 614 applicentur
1106 569 1185 602 aliae

440 624 601 658 sexdecim
625 623 742 663 librae,
773 629 837 656 tres
861 623 953 656 solidi
985 628 1016 656 et
1047 629 1187 666 quatuor

441 677 563 710 denarii
587 677 626 709 ad
650 678 921 721 complementum
940 682 1071 710 centum
1090 676 1186 709 libra-

442 741 512 763 rum
537 731 597 764 hoc
622 730 769 764 videlicet
794 730 907 764 morlo:
934 740 1042 764 mensa
1065 730 1186 774 cpisco-

441 783 522 827 palis
547 784 720 817 Oriolensis
746 784 845 817 solvat
878 784 990 817 decem
1015 783 1128 821 libras,
1156 789 1187 817 et

444 836 589 881 quinque
633 837 782 871 denarios
798 865 806 878 ,
849 837 972 871 ratione
1022 838 1186 870 fructuum

443 889 662 931 decimalium,
691 901 772 934 quos
796 890 827 923 in
853 890 967 924 eodem
985 888 1106 934 oppido
1125 892 1188 924 col-

443 943 521 986 tigit,
548 943 601 986 qui
621 943 659 975 ad
680 944 819 977 valorem
840 949 1058 977 trecentarum
1079 936 1189 978 octua-

442 997 531 1039 ginta
555 1002 675 1040 septem
693 996 862 1037 librarum,
881 996 1040 1030 sexdecim
1065 997 1186 1031 solido-

444 1060 516 1082 rum
539 1056 570 1082 et
600 1049 752 1083 undecim
771 1049 977 1083 denariorum
997 1051 1188 1093 ascendunt3

443 1109 474 1136 et.
495 1113 603 1136 mensa
628 1103 813 1147 capitularis
838 1104 937 1137 solvat
969 1103 1113 1147 quinque
1145 1104 1189 1136 li—

442 1156 536 1196 bras,
568 1166 621 1188 sex
651 1156 772 1189 solidos
807 1162 837 1189 et
872 1166 985 1189 novem
1026 1156 1188 1191 denarios.

444 1208 592 1242 Studium
604 1220 676 1243 vero
694 1209 1074 1252 generaleValentinense
1090 1210 1191 1244 solvat

444 1262 603 1296 sexdecim
636 1263 756 1296 solidos
786 1269 818 1296 et
843 1263 924 1296 duos
957 1263 1107 1298 denarios
1139 1267 1208 1296 ezr-¹

444 1316 517 1348 dem
543 1316 678 1350 ratione.
707 1317 845 1350 Ecclesia
870 1316 984 1357 etiarn,
1011 1317 1105 1350 cuius
1121 1318 1192 1350 sun—

444 1368 593 1402 damenta
619 1374 743 1402 tantum
762 1369 844 1403 iacta
861 1374 947 1409 sunt,
963 1375 1084 1413 quanto
1099 1362 1192 1404 citius

430 1423 755 1467 superaedificetur,
783 1427 811 1456 et
846 1423 961 1456 domus
1001 1423 1191 1457 habitationi

444 1477 590 1515 rectoris,
610 1476 695 1509 iuxta
718 1477 853 1509 sormam
872 1476 1021 1509 traditam
1039 1476 1190 1517 etsitum,

447 1535 661 1563 construatur.
698 1529 831 1563 Reditus
856 1535 885 1562 ct
909 1530 976 1573 agri
1002 1530 1077 1563 olim
1111 1540 1193 1563 mes—

447 1583 556 1628 quitae
582 1583 735 1617 ecclesiae
749 1583 900 1627 applicati
916 1590 1078 1624 maneant,
1092 1589 1123 1617 et.
1136 1594 1193 1627 per

447 1643 604 1670 rectorem
625 1643 652 1670 et
675 1647 888 1670 oeconomum
915 1636 1192 1670 administrentur.
1209 1651 1211 1679 χ
1228 1639 1274 1671 ria
1299 1644 1427 1671 centum
1452 1637 1556 1678 libris,
1584 1647 1656 1670 cum
1683 1637 1802 1680 quibus
1827 1642 1859 1670 et
1883 1643 1980 1670 emo-'

731 1716 912 1750 Ctew'tlane.

493 1797 651 1841 Oppidum
678 1796 865 1836 thvitlwzt,
894 1797 1131 1830 marchionatus
1155 1799 1194 1831 de

449 1851 592 1891 Etr-ihac,
629 1850 779 1883 domibus
803 1855 923 1883 constat
952 1851 1195 1894 quadringentis

451 1905 561 1947 viginti
587 1905 712 1937 duabus
737 1903 984 1936 christianorum
1010 1904 1137 1937 noviter
1156 1906 1194 1938 ad

452 1959 546 1993 tidem
565 1958 754 1991 catholicam
773 1968 1012 1990 conversorum.
1032 1958 1065 1990 lu
1086 1968 1123 1990 co
1142 1969 1194 2001 pa-

452 2012 601 2045 rochialis
626 2011 759 2044 ccclesia
785 2010 916 2054 antiqua
943 2021 959 2042 c
980 2017 989 2044 t
1008 2010 1046 2043 ab
1064 2022 1101 2044 co
1119 2018 1197 2045 tcm-

453 2077 541 2109 porc,
569 2076 633 2109 quo
659 2064 755 2098 Mauri
784 2064 940 2097 Valentini
967 2064 1055 2107 regui
1083 2065 1120 2096 ad
1139 2076 1198 2097 ca·-

454 2119 602 2152 tholicun
642 2119 733 2151 tidem
760 2117 889 2150 suerunt
915 2117 1078 2157 conversi,
1107 2117 1198 2150 cuius

454 2173 631 2206 animarum
658 2183 732 2205 rura
760 2182 814 2214 prr
848 2170 1071 2215 prcshytcruut
1109 2182 1198 2203 mer—

978 242 983 248 *
1023 253 1207 277 BULLARIUM
1227 252 1379 277 Romanum

1216 311 1312 334 neum
1337 307 1387 334 est
1411 303 1498 344 quod
1522 311 1595 335 oves
1609 301 1776 345 proprium
1798 308 1957 345 pastorem

1217 354 1355 388 habeant.
1391 361 1422 388 et
1455 361 1654 398 agnoscant,
1694 355 1749 400 qui
1773 366 1836 389 non
1864 357 1957 390 sicuti

1217 409 1434 442 mercenarius
1451 409 1562 451 lupum
1580 408 1759 442 venientem
1771 409 1885 452 fugiat,
1904 411 1960 444 sed

1219 472 1274 505 pro
1299 461 1410 497 ovibus
1436 462 1533 496 vitam
1559 463 1636 503 det,
1672 463 1858 505 praesertim
1887 474 1961 496 cum

1219 516 1282 548 sint
1295 515 1449 559 neophyti
1467 515 1498 548 in
1517 515 1580 548 fide
1595 516 1751 549 catholica
1765 516 1962 557 instruendi3

1219 574 1346 612 oportet
1363 570 1451 613 quod
1469 569 1501 602 in
1526 569 1610 602 dicta
1636 569 1768 604 ecclesia
1785 569 1961 613 parochiali

1220 623 1259 655 de
1283 622 1451 656 Clevillent
1477 632 1560 655 unus
1579 628 1756 666 perpetuus
1780 629 1885 656 rector
1907 634 1963 658 seu

1220 676 1380 719 parochus
1405 674 1618 709 constituatur
1636 703 1643 717 ‚
1664 676 1719 720 qui
1745 676 1963 719 parochialem

1221 730 1396 772 praefatam
1422 740 1478 773 per
1501 740 1706 771 concursum,
1727 730 1962 764 institutionem

1220 788 1249 816 et
1289 783 1495 817 collationem
1515 810 1523 824 ,
1557 784 1643 817 iuxta
1679 785 1843 818 decretum
1876 782 1963 816 Sacri

1222 890 1427 934 assignentur
1441 896 1472 924 et
1495 891 1676 934 assignatae
1699 895 1849 925 maneant
1877 901 1966 934 prae-

1222 943 1303 977 tatae
1329 944 1568 988 quinquaginta
1592 943 1700 985 librae,
1721 950 1752 977 et
1772 948 1898 987 praeter
1913 953 1968 977 eas

1224 998 1262 1030 ad
1287 997 1559 1041 complementum
1585 1002 1712 1030 centum
1735 997 1891 1030 librarum
1913 997 1969 1030 ad-

1224 1049 1341 1083 dantur
1365 1049 1445 1083 aliae
1462 1050 1573 1092 viginti
1594 1050 1739 1094 quinque
1756 1050 1870 1090 librae,
1887 1060 1968 1094 quas

1224 1103 1381 1146 persolvat
1397 1102 1548 1136 dominns
1562 1103 1747 1147 temporalis
1757 1102 1833 1136 dicti
1843 1103 1966 1147 oppidi,

1225 1167 1321 1190 causa
1345 1162 1376 1190 et
1399 1156 1541 1196 ratione,
1570 1156 1688 1200 quibus
1713 1156 1784 1189 illas
1806 1156 1970 1200 quinqua-

1206 1210 1312 1264 {ginta
1328 1210 1481 1243 solvebat.
1508 1210 1547 1243 Et
1574 1209 1647 1242 illac
1671 1214 1834 1252 praeterea
1858 1208 1969 1252 viginti

1226 1316 1336 1359 oppidi
1362 1322 1476 1360 sponte
1501 1326 1604 1359 nuper
1628 1326 1661 1349 se
1685 1315 1838 1359 obligavit
1861 1315 1970 1349 futuro

1228 1371 1342 1403 rectori
1367 1369 1400 1402 in
1426 1375 1619 1413 perpetuum
1644 1370 1812 1404 annuatim
1849 1369 1971 1403 solvere

1227 1423 1258 1455 in
1284 1424 1544 1467 supplementum
1569 1428 1598 1456 et
1623 1422 1866 1456 subventionem
1883 1433 1972 1466 prae-

1209 1477 1326 1526 ¹sentis
1358 1476 1534 1510 dotationis
1550 1504 1557 1517 ‚
1600 1475 1730 1520 publico
1754 1476 1970 1510 instrumento

1228 1541 1285 1574 per
1308 1530 1470 1563 notarium
1495 1530 1640 1564 ciusdem
1677 1529 1915 1569 universitatis,
1940 1534 1972 1563 et

1227 1585 1272 1617 sic
1293 1584 1488 1617 sufficienter
1512 1583 1620 1617 dotata
1637 1584 1696 1616 erit
1713 1583 1853 1626 praesata
1870 1588 1973 1616 recto·

1209 1690 1378 1731 ¹lumentis
1402 1699 1439 1722 ex
1463 1690 1543 1734 pede
1568 1689 1676 1722 altaris
1693 1688 1968 1733 provenientibus,

1209 1750 1332 1791 3rcctor
1355 1744 1524 1776 commode
1559 1753 1592 1776 sc
1628 1748 1808 1776 sustentare
1843 1742 1970 1787 poterit.

1228 1799 1348 1831 Domus
1373 1806 1445 1829 vcro
1470 1797 1660 1830 habitationi
1679 1796 1815 1830 rectoris
1830 1805 1973 1839 congrua

1212 1885 1213 1895 ἵ
1229 1851 1430 1891 aedificetur,
1446 1856 1501 1884 aut
1517 1860 1600 1893 quac
1610 1860 1710 1893 prope
1729 1849 1896 1883 ecclesiam
1913 1859 1974 1882 ex-

1212 1900 1213 1938 ]
1231 1910 1273 1938 tat
1301 1905 1363 1937 iam
1389 1903 1557 1936 aedificata
1579 1908 1611 1936 et
1627 1903 1809 1945 designata,
1827 1901 1973 1947 expensis

1213 1954 1214 1965 ³
1232 1957 1448 1992 univcrsitatis
1473 1962 1612 1990 ematur.

1213 1996 1215 2027 l

1416 2035 1619 2069 Suburbium
1644 2035 1789 2068 Elichae.

1278 2119 1309 2151 lu
1333 2117 1410 2150 Villa
1431 2116 1468 2149 dc
1486 2116 1620 2150 Elicltac
1645 2120 1692 2148 est
1711 2114 1902 2148 suburbium
1921 2115 1966 2148 di-

1232 2172 1396 2209 stinctum,
1423 2170 1453 2203 in
1474 2180 1538 2213 quo
1557 2174 1629 2203 sunt
1655 2174 1834 2201 tercentum
1856 2173 1970 2202 octua-

454 2226 615 2259 senarium
633 2224 1066 2267 ‹heser-virisolitaestusque
1085 2224 1198 2257 adhuc.
1233 2226 1319 2265 ginta
1345 2225 1460 2257 domus
1492 2222 1741 2255 christianorum
1779 2221 1904 2255 noviter
1935 2222 1976 2256 ad

455 2281 514 2319 tjui
533 2292 587 2323 pru
602 2279 716 2312 salario
741 2285 768 2312 tet
785 2278 1017 2311 sustentationi:
1040 2278 1201 2322 quiuqua-

1235 2279 1330 2311 titlcnt
1360 2286 1612 2315 couversorttm,
1646 2274 1854 2309 continentur
1883 2283 1978 2308 muro

456 2334 541 2372 ginta
559 2333 653 2365 libras·
669 2332 842 2376 recipit-bat
860 2331 1016 2365 adomino
1032 2332 1198 2375 temporali
1234 2330 1477 2369 circumclusae,
1501 2329 1540 2362 ad
1562 2338 1641 2372 quas
1658 2338 1723 2360 uuo
1745 2332 1869 2360 tantum
1889 2326 1979 2360 aditu

457 2387 531 2420 ‹ti-ti
554 2387 678 2429 oppidi,
711 2386 834 2418 tatione
863 2386 1024 2418 fructuum
1054 2385 1199 2418 omnium

459 2441 674 2478 ‹la-rituuliuutv
693 2451 773 2484 quos
799 2452 834 2472 vx
861 2453 898 2470 νυ
923 2439 1059 2481 colligit,
1087 2439 1140 2484 qui
1162 2440 1199 2472 :td

460 2487 603 2526 valorrut
629 2500 848 2526 scu-cularum
878 2492 1027 2525 librarum
1059 2498 1202 2536 ‹protun-

462 2548 511 2579 nt-
537 2548 709 2579 :isrvtuluut
737 2558 809 2578 ruut
844 2546 1041 2586 obligatione
1082 2551 1202 2578 sustcu-

463 2601 547 2632 t:·u=li
597 2602 814 2643 pren-«lateritia
856 2611 966 2632 rur-ut
1023 2599 1202 2632 animarum

463 2660 646 2695 few-utem:
681 2660 706 2685 vt
735 2654 886 2696 qnoniam
914 2654 1000 2686 vulti·¹
1031 2657 1205 2685 consuma-

1236 2391 1322 2429 patct
1351 2384 1534 2424 ingressus,
1567 2388 1597 2414 ct
1617 2381 1753 2414 ccclesia
1785 2379 1979 2424 parochialis

1236 2437 1368 2480 antiqua
1397 2436 1454 2469 t'uit
1484 2435 1560 2467 otim
1592 2435 1774 2467 Maurorum
1798 2432 1975 2476 mesquita,

1236 2491 1295 2523 ¹<uh
1329 2489 1529 2523 invocatione
1565 2490 1595 2522 S.
1630 2487 1756 2521 loannis
1795 2486 1975 2531 Baptistae.

1237 2555 1333 2587 quam
1353 2543 1519 2587 presbyter
1549 2540 1766 2575 mercenarius
1791 2540 1829 2573 (le
1851 2538 1978 2573 licentia

1237 2596 1397 2630 (trtliuarii
1415 2595 1635 2633 -attministrat,
1663 2594 1791 2626 missam
1811 2592 1978 2626 celebrans

1239 2648 1410 2682 dominicis
1440 2654 1470 2681 ct
1503 2647 1621 2681 festivis
1642 2646 1776 2685 diebus,
1801 2650 1832 2678 et
1863 2644 1976 2677 Sacra-

1222 836 1355 870 Concilii
1367 837 1559 879 Tridentini,
1579 837 1731 878 obtineat,
1748 837 1798 870 cui
1817 847 1875 880 pro
1892 837 1966 870 dote
2011 833 2014 836 ’

1226 1263 1371 1306 quinque
1395 1263 1508 1302 librae,
1527 1273 1607 1306 quas
1620 1263 1809 1296 universitas
1825 1263 1970 1296 eiusdem
1989 1284 1993 1288 -

1975 254 2025 282 An.
2043 254 2073 282 C.
2091 234 2185 300 ¹¹35?
