2253 3195
283 255 334 281 An.
353 253 464 281 01661
513 243 578 277 674

308 1271 424 1294 Absolutio.
440 1270 466 1290 ‹le

282 1305 323 1326 qua
340 1300 359 1320 ln
374 1297 465 1319 rubrica.

481 303 601 335 eisdem
641 302 770 344 regibus
802 313 861 345 per
896 302 1024 334 eosdem
1060 302 1223 334 Romanos

478 355 650 388 Pontifices
676 355 779 394 sacta,
804 361 834 387 ct
858 365 916 398 per
944 364 1002 387 nos
1034 354 1130 387 etiam
1163 365 1222 398 pro

479 414 532 441 tua
554 409 719 441 maiestate
740 408 861 451 pluries
889 414 1062 452 prorogata
1092 408 1222 441 ordina-

480 469 546 495 tum
568 462 765 505 reperiatur,
790 467 825 494 ut
853 472 889 495 ex
921 462 1129 505 proventibus
1149 462 1223 495 inde

478 515 694 558 percipiendis
726 515 890 557 sexaginta
920 515 1066 548 triremes
1097 521 1222 548 susten-

478 568 537 600 tari
560 568 730 608 deberent;
755 579 827 601 cum
846 574 1020 612 proventus
1038 568 1222 601 huiusmodi

478 621 516 652 ad
538 626 585 653 tot
611 621 758 654 triremes
783 622 1007 655 sustentandas
1033 632 1098 655 non
1129 622 1220 655 suffi-

479 674 581 713 εἰδυῖ’,
606 680 637 706 tu
659 675 779 717 pariter
799 686 932 718 cuperes
950 686 1046 718 super
1059 675 1120 708 hoc
1133 686 1150 708 a
1164 685 1223 708 no-

478 727 526 759 his
540 733 723 770 opportune
737 728 911 771 provideri.
930 729 972 761 Ac
988 729 1130 767 demum,
1148 728 1224 772 quia

479 780 640 813 interdum
663 781 906 814 necessitatibus
931 781 974 814 ita
997 782 1197 824 exigentibus
1213 809 1220 823 ,

478 840 653 877 proventus
684 846 718 867 ex
747 835 939 878 supradictis
960 841 990 868 et
1017 835 1140 878 primae
1162 836 1220 868 de-

479 886 581 919 cimae
601 887 711 929 gratiis
731 893 900 932 perceptos
920 899 985 921 non
1013 888 1044 921 in
1071 889 1221 932 supradi-

480 945 558 979 ctos,
583 940 637 973 sed
659 940 690 973 in
710 941 790 974 alios
810 952 906 985 quam
929 952 995 982 eos,
1016 952 1155 986 quorum
1177 942 1224 975 in-

480 993 562 1026 tuitu
591 1004 762 1028 concessae
789 1000 821 1028 et
848 1001 1041 1038 prorogatae
1069 995 1221 1036 fuerunt,

480 1057 556 1079 usus
577 1054 763 1081 convertere
785 1055 914 1082 coactus
931 1048 1028 1089 fuisti,
1049 1060 1145 1093 super
1165 1049 1225 1083 hoc

482 1100 537 1133 tibi
558 1112 616 1145 pro
638 1108 711 1134 tuae
733 1102 949 1136 conscientiae
969 1103 1141 1136 securitate
1154 1114 1225 1146 gra-

480 1154 561 1188 tiose
582 1155 741 1198 indulgeri
763 1156 974 1190 desiderares.

526 1207 593 1250 §⁶2-
618 1209 680 1242 Nos
712 1209 819 1252 itaque
849 1210 995 1242 eamdem
1026 1210 1223 1243 maiestatem

482 1266 581 1302 tuam,
606 1262 647 1295 ob
668 1262 736 1295 eius
757 1262 872 1295 eximia
894 1263 924 1295 in
946 1273 1004 1296 nos
1032 1268 1062 1296 et
1092 1264 1225 1307 Aposto-

482 1314 575 1347 licam
597 1315 711 1348 Sedem
730 1315 856 1355 merita,
879 1316 1091 1359 amplioribus
1111 1316 1225 1349 favori·

482 1367 541 1400 bus
563 1373 592 1400 et
612 1368 723 1410 gratiis
744 1369 896 1412 prosequi
924 1369 1087 1409 volentes,
1111 1380 1147 1402 ac
1168 1370 1221 1403 lit-

482 1425 624 1453 terarum
646 1422 895 1464 apostolicarum
921 1432 1018 1465 super
1038 1422 1221 1456 concessio-

482 1473 576 1506 nibus
597 1478 628 1506 et
648 1475 932 1517 prorogationibus
960 1475 1118 1508 dictarum
1147 1486 1221 1517 gra-

482 1526 609 1567 tiarum,
626 1533 654 1560 et
670 1527 807 1561 cuiusvis
821 1528 948 1560 illarum
964 1529 1058 1561 etiam
1075 1529 1106 1561 in
1122 1529 1225 1562 forma

482 1579 598 1620 brevis,
622 1586 676 1614 aut
697 1581 774 1614 alias
795 1582 1039 1625 quomodolibet
1062 1583 1224 1626 expedita-

482 1643 553 1665 rum
581 1640 708 1668 tenores
735 1645 771 1668 ac
792 1636 899 1675 datas,
923 1636 1146 1680 praesentibus
1167 1648 1225 1680 pro

483 1687 639 1730 expressis
661 1687 826 1729 habentes,
851 1689 1138 1733 supplicationibus
1159 1690 1225 1723 eius

483 1739 633 1779 nornine,
669 1751 726 1784 per
758 1742 880 1775 dictum
909 1743 1084 1775 Antonium
1110 1743 1223 1776 ducem

483 1799 644 1827 oratorem
667 1800 756 1827 tuum
780 1795 872 1828 nobis
892 1806 988 1839 super
1012 1796 1074 1829 hoc
1094 1796 1225 1829 humili-

484 1852 530 1879 ter
550 1848 728 1890 porrectis,
759 1848 919 1888 inclinati;
944 1855 972 1883 te
1004 1849 1034 1882 in
1067 1850 1179 1893 primis
1208 1861 1225 1883 a

484 1901 743 1945 quibuscumque
761 1903 904 1935 censuris
926 1907 956 1935 et
980 1903 1093 1946 poenis
1118 1904 1222 1936 eccle-

484 1953 619 1988 siasticis
649 1955 755 1988 forsan
786 1955 940 1996 incursis,
965 1962 995 1989 et
1019 1967 1226 2000 quocumque

484 2007 606 2051 peccati
633 2014 722 2041 reatu
751 2014 779 2041 et
803 2009 1017 2042 conscientiae
1049 2010 1222 2053 scrupulo,

485 2071 521 2093 ex
542 2071 579 2094 eo
601 2062 686 2104 quod
702 2062 854 2104 pecunias
875 2068 902 2094 et
926 2068 1099 2105 proventus
1119 2073 1154 2095 ex
1175 2074 1226 2095 su-

485 2114 638 2158 pradictis
666 2115 798 2157 gratiis,
823 2115 1096 2158 indulgentiarum
1130 2116 1225 2148 nimi—

485 2177 575 2205 rum,
599 2168 755 2208 subsidii,
784 2175 813 2201 et
835 2169 956 2212 primae
989 2169 1133 2202 decimae
1154 2180 1226 2213 per-

486 2228 594 2264 ceptos
625 2222 654 2254 in
686 2222 765 2254 alios
793 2233 888 2265 quam
920 2233 993 2261 (eos,
1017 2223 1055 2255 ad
1088 2234 1226 2266 quorum

486 2275 633 2307 ellectum
651 2286 820 2308 concessae
836 2276 974 2311 suerunt,
990 2286 1075 2313 usus,
1093 2286 1228 2319 quomo-

487 2329 669 2371 ducuntque
681 2329 886 2366 convotis-ris,
897 2328 1087 2361 auctoritate
1101 2335 1228 2372 aposto-

487 2381 558 2417 lica,
577 2388 687 2414 tenore
709 2382 937 2425 praesentium,
956 2382 985 2414 in
1008 2388 1144 2426 utroque
1160 2383 1229 2415 soro

488 2435 626 2473 gratiose
644 2435 839 2468 absolvimus
860 2441 888 2468 et
911 2435 1096 2479 plenissime
1115 2435 1229 2468 libera-

489 2500 570 2526 mus,
595 2500 629 2520 uc*
648 2500 798 2521 censuras
823 2495 853 2521 et
874 2499 994 2532 poenas
1018 2488 1226 2527 huiusmodi,

489 2553 612 2574 necnon
631 2552 868 2585 quamcumque
887 2541 1075 2575 eorumden!
1095 2552 1229 2584 ΡΓΟΥΘΠ·

491 2600 579 2627 tuurn
602 2595 695 2627 etiam
712 2595 899 2634 notabilem,
911 2605 948 2628 ac
962 2595 1227 2627 notabilissirnam

490 2658 648 2683 summam
671 2659 727 2693 per
748 2655 777 2681 to
795 2648 825 2681 in
848 2648 927 2681 alio·
947 2647 1132 2681 huiusmodi
1154 2658 1229 2680 usus

1060 252 1243 277 BULLARIUM
1267 252 1421 277 ROMANUM

1258 311 1467 341 conversam,
1501 301 1556 335 tibi
1588 301 1782 336 remittimus
1812 309 1841 336 et
1871 303 1995 336 condo-

1258 365 1382 388 namus.

1302 409 1318 450 ξ
1339 407 1370 441 3.
1398 409 1569 442 Praeterea
1589 408 1746 442 maiestati
1766 414 1859 449 tuae,
1884 414 1919 442 ut
1943 409 1994 442 in-

1256 514 1383 557 porales
1399 525 1436 547 ex
1454 524 1550 547 causa
1563 513 1775 558 expeditionis
1787 519 1900 547 contra
1912 515 1995 547 Tur—

1257 577 1320 608 cas,
1336 567 1462 601 Mauros
1480 573 1510 601 et
1529 568 1706 601 Saracenos
1723 578 1741 600 a
1754 568 1906 601 Romanis
1918 568 1999 601 Pon-

1259 620 1397 654 tificibus
1426 621 1731 665 praedecessoribus
1762 621 1880 655 nostris
1916 632 1996 655 con-

1258 685 1375 715 cessae,
1397 681 1426 708 et
1448 687 1466 709 a
1489 676 1583 709 nobis
1607 675 1780 709 novissime
1807 681 2000 720 prorogatae

1258 728 1361 761 eidem
1384 729 1540 762 maiestati
1569 735 1662 770 tuae,
1686 740 1723 762 ac
1743 729 1812 762 aliis
1843 729 2000 762 universis

1258 787 1288 814 et
1319 781 1453 823 singulis
1485 792 1549 814 non
1574 783 1678 816 solum
1708 793 1768 826 pro
1796 782 2001 826 expeditione

1257 840 1370 867 contra
1389 835 1518 875 Tui-cas,
1542 836 1668 869 Mauros
1685 842 1716 868 et
1735 836 1921 876 Saracenos,
1945 836 2000 869 sed

1258 888 1353 920 etiam
1369 894 1480 921 contra
1494 899 1717 933 quoscumque
1737 889 1817 922 alios
1837 889 1996 929 infideles,

1259 952 1294 974 ac
1320 941 1413 975 etiam
1444 942 1625 976 haereticos
1655 948 1686 975 et
1716 942 1948 983 schismaticos,
1971 949 2001 976 et

1259 995 1435 1028 catholicae
1455 995 1530 1029 fidei
1549 996 1668 1036 hostes,
1692 995 1844 1029 dominiis
1864 995 2002 1029 haereti-

1259 1048 1303 1081 cis
1323 1048 1480 1090 subditos,
1495 1059 1621 1082 necnon
1639 1059 1698 1093 pro
1717 1049 1851 1082 tuitione
1871 1055 1999 1082 tuorum

1259 1112 1433 1144 regnorum
1456 1108 1486 1136 et
1506 1102 1666 1136 ditionum
1687 1102 1921 1145 suffr-agentum
1945 1109 1998 1136 tu-

1259 1166 1322 1198 que
1342 1154 1404 1188 illis
1425 1156 1464 1188 ad
1485 1155 1543 1188 hos
1564 1155 1661 1188 etiam
1683 1155 1814 1188 effectus
1833 1155 1935 1188 libere
1955 1155 2001 1189 uti

1259 1213 1290 1240 et
1315 1208 1377 1240 frui
1399 1208 1515 1249 valeas,
1527 1209 1661 1252 perinde
1681 1218 1718 1241 ac
1737 1208 1762 1241 si
1783 1208 1823 1241 ab
1844 1208 1936 1242 initio
1953 1208 2002 1242 his

1260 1261 1353 1295 etiam
1388 1263 1426 1296 de
1458 1262 1562 1296 causis
1596 1273 1766 1296 concessae
1779 1290 1786 1303 ,
1821 1267 1852 1295 et
1885 1262 2002 1296 deinde

1259 1325 1386 1359 semper
1404 1322 1596 1359 prorogatae
1621 1315 1770 1356 fuissent,
1795 1320 1826 1348 et
1849 1315 1998 1356 ulterius,

1259 1373 1293 1400 ut
1313 1378 1348 1401 ex
1374 1369 1591 1413 proventibus,
1609 1379 1690 1413 quos
1707 1379 1744 1402 ex
1765 1369 1921 1409 subsidio,
1942 1380 1998 1402 su—

1259 1422 1405 1465 pradicto
1430 1422 1579 1466 percipis,
1601 1433 1674 1456 cum
1693 1422 1919 1456 tantummodo
1939 1422 1997 1455 tri-

1260 1474 1397 1508 remium
1430 1485 1601 1509 numerum
1618 1503 1625 1516 ‚
1646 1485 1741 1519 quem
1774 1485 1848 1509 vere
1874 1480 1905 1508 et
1928 1485 2000 1509 cum

1259 1528 1384 1569 effectu,
1399 1529 1574 1562 secundum
1592 1529 1820 1562 conscientiam
1837 1534 1934 1570 tuam,
1949 1539 2002 1562 su-

1258 1587 1398 1615 stentare
1418 1582 1549 1626 poteris,
1567 1588 1596 1615 et
1617 1593 1681 1615 non
1703 1582 1797 1623 ultra,
1821 1587 2001 1616 sustentare

1261 1635 1416 1674 tenearis,
1440 1635 1555 1669 litteris
1587 1636 1772 1680 apostolicis
1798 1647 1896 1680 super
1926 1646 2002 1669 con-

1260 1689 1459 1722 cessionibus
1479 1689 1637 1722 dictarum
1663 1689 1851 1732 gratiarum,
1876 1695 1906 1722 et
1926 1689 1999 1722 illa-

1260 1752 1331 1774 rum
1354 1742 1639 1785 prorogationibus
1663 1742 1695 1775 in
1720 1742 1853 1786 reliquis
1876 1752 2004 1786 semper

1259 1794 1372 1832 salvis,
1396 1795 1587 1828 auctoritate
1612 1801 1643 1829 et
1670 1800 1782 1828 tenore
1808 1795 1999 1839 praedictis,

1260 1848 1468 1881 concedimus
1493 1854 1523 1882 et
1540 1848 1755 1891 indulgemus.

1305 1903 1320 1943 ἕ
1341 1901 1371 1934 lo.
1389 1902 1456 1935 Non
1478 1902 1678 1935 obstantibus
1691 1901 1874 1945 praemissis
1888 1907 1916 1934 et
1931 1901 2002 1945 qui-

1260 1955 1366 1988 busvis
1397 1955 1466 1988 aliis
1498 1954 1737 1991 conditionibus
1750 1982 1757 1995 ,
1789 1954 1940 1988 clausulis
1972 1960 2002 1988 et

1260 2008 1398 2042 decretis
1430 2008 1460 2040 in
1492 2008 1650 2041 dictarum
1682 2008 1876 2051 gratiarum,
1899 2014 1929 2041 et
1948 2018 2002 2042 cu-

1261 2062 1450 2105 iuscumque
1465 2062 1592 2095 illarum
1607 2062 1872 2095 concessionibus
1885 2067 1916 2095 et
1928 2073 2004 2106 pro-

1262 2115 1482 2158 rogationibus
1496 2116 1659 2160 appositis,
1677 2121 1707 2149 et
1721 2115 2003 2150 constitutionibus

1262 2175 1292 2202 et.
1312 2169 1570 2202 ordinationibus
1587 2169 1782 2213 apostolicis.
1807 2169 2003 2213 caeterisque

1262 2222 1432 2255 contrariis
1445 2222 1715 2266 quibuscumque.

1307 2276 1417 2308 Datum
1440 2275 1560 2308 Romae
1581 2275 1665 2318 apud
1687 2275 1839 2308 Sanctum
1861 2274 2000 2313 Petrum,

1262 2329 1320 2361 sub
1335 2328 1454 2361 annulo
1470 2328 1650 2366 piscatoris,
1663 2328 1714 2361 dic
1727 2338 1772 2362 xn
1791 2327 1900 2372 aprilis
1913 2337 2000 2367 unct,

1264 2381 1467 2425 pontificatus
1487 2381 1586 2414 nostri
1606 2390 1690 2414 anno
1711 2391 1740 2414 x.

1300 2443 1355 2470 bnt.
1378 2444 1421 2470 «tio
1442 2443 1475 2469 1‘2
1495 2443 1586 2478 aprili-⁴
1611 2443 1686 2475 1601,
1709 2442 1804 2477 pontis.
1827 2450 1871 2469 nn.
1894 2451 1917 2468 x.

2012 255 2066 282 An.
2079 255 2110 282 C.
2128 254 2193 283 1601

2053 423 2152 444 Extensio
2168 424 2198 445 in-

1257 461 1440 503 dulgentiae
1461 466 1491 494 et
1514 461 1635 504 gratiae
1655 460 1837 505 spirituales
1861 467 1891 494 et
1912 467 1994 494 tem·
2012 449 2198 499 3333&ch

2013 503 2055 523 alia
2069 503 2104 529 pia
2113 508 2185 529 opera.

2030 1903 2146 1935 Domnulo
2154 1910 2204 1928 eon.

2017 1933 2136 1953 [rariorum.
