2253 3195
475 242 540 277 894
1026 253 1210 278 BULLARIUM
1226 253 1379 278 nonaum

519 313 630 346 omnia
659 313 844 357 supradicta
864 312 1051 347 confirmari
1082 313 1163 357 petit
1189 324 1208 347 a
1237 313 1412 356 Clemente,
1435 315 1537 355 ibid.;
1559 316 1613 360 qui
1646 315 1727 350 votis
1757 316 1825 350 eius
1852 317 1976 357 annuit,

519 366 629 411 sieque
649 366 681 399 in
702 372 895 410 perpetuum
916 367 1082 400 observari
1102 367 1202 408 iubet,
1220 367 1261 400 77
1280 378 1318 409 a,·
1339 369 1592 412 exequutorihus
1613 369 1796 412 designatis,
1818 369 1898 402 ibid.

430 419 658 453 Aversanensis
674 419 845 463 episeopus
863 420 988 460 Petrus,
1011 420 1090 454 olim
1107 420 1302 464 Spoletinus,
1325 421 1467 455 officium
1488 421 1747 466 praesidentatus
1766 422 1981 457 cancellariae

519 472 724 517 Apostolieae
744 472 868 506 obtinet
884 483 901 506 a
915 473 1001 507 Sixto
1021 473 1056 515 V,
1079 473 1122 507 12
1142 474 1170 507 b.

1193 635 1216 667 B

431 742 593 775 Bandinus
613 741 773 783 Octavius,
797 743 1039 786 protonotarius
1068 743 1278 787 apostolicus,
1303 744 1335 777 in
1355 744 1481 778 civitate
1510 743 1704 778 Bononiensi
1730 744 1976 787 vicedelegatus‚

517 795 659 829 edictum
677 797 864 840 promulgat
882 807 980 840 super
1000 797 1209 841 qualitatihus
1229 797 1431 830 notariorum
1453 797 1596 831 eiusdem
1615 797 1761 838 civitatis,
1782 796 1846 830 207
1863 798 1892 831 b.

429 850 571 882 Baraneo
591 850 728 882 Ioannes
756 860 814 883 suo
842 861 917 883 aere
945 850 1057 883 l'undat
1076 850 1249 893 collegium
1269 861 1451 894 pauperum
1483 851 1665 894 puellarum
1693 857 1723 884 et
1751 850 1981 884 monasterium

519 902 708 936 monialium
731 903 762 935 in
785 903 912 937 civitate
931 904 1128 946 Angelorum
1149 903 1179 936 in
1200 903 1297 937 lndiis
1317 903 1587 944 Occidentalibus,
1608 903 1672 937 326
1690 904 1707 937 b
1728 910 1758 938 et
1778 914 1841 948 seq.

430 955 725 989 Barchinonensem
747 956 934 1000 episcopum
957 956 1041 989 inter
1063 962 1093 990 et
1114 957 1294 1000 Capitulum
1317 957 1425 1000 plures
1442 967 1556 990 causae
1577 957 1715 999 agitatae
1736 957 1866 990 suerunt
1886 967 1983 1001 super

520 1008 742 1042 iurisdictione
763 1009 846 1043 civili
868 1015 899 1043 et
928 1009 1111 1050 criminali,
1135 1009 1249 1043 86411.
1278 1011 1387 1043 Partes
1419 1010 1560 1043 tamdem
1586 1009 1793 1044 concordiam
1825 1009 1978 1051 inierunt,

520 1062 600 1095 ibid.
624 1062 661 1103 b;
685 1073 823 1107 eamque
845 1074 862 1096 a
880 1063 1035 1096 Pontifice
1062 1063 1248 1096 confirmari
1279 1063 1450 1107 petieram..
1479 1062 1542 1095 807
1564 1064 1594 1096 b.
1618 1063 1796 1096 Confirmat
1818 1062 1977 1103 Pontifex,

521 1116 618 1156 ib1·‹l.‚·
645 1122 924 1160 exequutoresque
953 1117 1096 1161 deputat,
1117 1116 1180 1149 808
1202 1117 1229 1149 b.

431 1169 579 1203 Barensis
598 1169 744 1203 ecelesia.
773 1170 806 1203 V.
823 1170 1036 1214 Capellaniae.

430 1222 612 1256 Basileense
643 1223 826 1267 Capitulum
859 1223 970 1257 statuit
1000 1234 1040 1257 ne
1075 1223 1224 1268 cuiquam
1255 1225 1350 1258 feuda
1382 1225 1639 1258 concederentur
1668 1230 1826 1269 perpetua
1855 1224 1902 1257 vel
1941 1224 1981 1258 ad

521 1282 660 1321 tempus,
684 1275 749 1309 522
768 1276 802 1318 b,·
828 1277 945 1310 additis
962 1277 1075 1321 poenis
1086 1283 1116 1311 et
1131 1277 1323 1319 iuramento,
1342 1276 1406 1310 523
1425 1289 1456 1310 α.
1481 1278 1567 1322 Papa
1586 1283 1739 1311 statutum
1758 1277 1982 1311 confirmatde

521 1340 586 1364 non
606 1329 811 1364 infeudandis
831 1330 924 1364 bonis
945 1331 1090 1364 eiusdem
1117 1331 1276 1364 Ecclesiae
1297 1341 1476 1375 eorumque
1490 1337 1605 1364 natura
1623 1331 1841 1372 immutanda,
1863 1331 1907 1364 ib.
1932 1331 1960 1364 b.

432 1383 539 1428 Basilii
561 1384 623 1427 (S.)
644 1384 676 1417 in
697 1384 787 1417 ltalia
807 1384 936 1418 Ordinis
957 1390 1019 1417 tres
1039 1384 1212 1417 novitiatus
1225 1384 1448 1426 instituuntur,
1462 1384 1526 1417 376
1547 1385 1575 1425 b,
1596 1384 1757 1426 assignato
1778 1393 1887 1417 annuo
1907 1384 1983 1418 sub-

521 1437 604 1471 sidio
626 1437 671 1471 eis
694 1447 753 1481 per
772 1437 1069 1471 commendatarios
1097 1437 1242 1481 ipsorum
1276 1437 1549 1471 monasteriorum
1581 1436 1747 1470 annuatim
1774 1437 1980 1482 praestando,

517 1490 596 1523 ibid.
621 1490 802 1535 Applicatio
821 1490 1056 1524 beneficiorum
1082 1491 1296 1535 spectantium
1317 1491 1357 1524 ad
1378 1490 1585 1524 collationem
1606 1495 1782 1524 conventus
1805 1495 1836 1523 et
1846 1489 1982 1534 Capituli

517 1543 547 1577 S.
576 1544 750 1578 Salvatoris
770 1554 830 1589 pro
850 1544 1006 1578 novitiatu
1028 1544 1172 1578 eiusdem
1191 1544 1343 1585 nominis,
1366 1544 1430 1576 :377
1451 1543 1476 1576 b.
1501 1543 1699 1588 Approbatio
1719 1549 1752 1577 et
1774 1543 1815 1577 ad
1840 1553 1909 1577 rem
1934 1543 1981 1577 sa-

517 1597 630 1637 cultas,
659 1597 736 1631 ibid.

428 1650 589 1684 Benedicti
611 1651 673 1694 (3.)
688 1650 828 1691 Ordinis,
844 1651 1056 1694 Congregatio
1069 1651 1274 1692 Cassinensis,
1295 1651 1373 1684 alias
1390 1651 1420 1684 S.
1435 1650 1572 1684 Iustinae
1593 1651 1632 1684 de
1644 1651 1754 1684 Padua
1773 1650 1978 1691 reformatur,

518 1704 560 1738 28
581 1705 608 1737 b.
633 1705 780 1738 Monaclii
801 1716 819 1737 a
845 1704 1009 1749 primaeva
1030 1705 1227 1749 perl'cctione
1248 1705 1375 1748 dilapsi,
1399 1705 1455 1738 sed
1476 1704 1644 1748 antiquum
1667 1704 1764 1738 decus
1781 1704 1979 1745 anhelantes,

517 1758 556 1791 ad
578 1758 744 1802 pristinam
767 1758 1004 1792 observantiam
1025 1758 1211 1799 incitantur,
1228 1758 1270 1791 29
1281 1769 1311 1791 (ι.
1324 1758 1421 1791 Multa
1439 1763 1611 1802 propterea
1631 1757 1671 1791 ad
1693 1768 1760 1790 rem
1775 1757 1978 1798 ordinantur;

517 1817 614 1856 atque
634 1811 664 1844 in
686 1811 799 1856 primis
819 1812 934 1845 electio
954 1817 985 1845 et
1003 1812 1170 1845 facultates
1189 1811 1390 1845 visitatorum
1412 1811 1682 1850 determinantur,
1710 1810 1787 1844 ibid.
1815 1810 1981 1844 Promotio

512 1865 552 1899 ad
573 1865 938 1909 abbatiam,pri0ratum
960 1871 992 1899 et
1012 1866 1206 1899 decanatum
1226 1865 1428 1909 praefinitur,
1445 1864 1525 1898 ibid.
1543 1865 1571 1898 b.
1585 1865 1628 1898 De
1645 1863 1808 1909 prioribus
1828 1864 1982 1898 claustra—

516 1919 611 1960 libus,
626 1925 723 1963 atque
737 1919 776 1952 de
791 1919 887 1952 modo
903 1919 1026 1953 vivendi
1041 1919 1073 1952 in
1088 1919 1309 1960 monasteriis3
1322 1919 1361 1952 de
1374 1918 1555 1952 remotione
1568 1918 1720 1951 abbatum
1735 1917 1977 1960 negligentium,

517 1971 559 2005 3⁰
579 1982 609 2004 a.
630 1972 673 2006 Dc
694 1972 873 2005 mutatione
895 1972 1141 2013 monachorum,
1161 1972 1240 2005 ibid.
1265 1971 1453 2005 Animarum
1472 1982 1551 2004 cura
1571 1971 1611 2004 ab
1630 1970 1675 2004 eis
1694 1980 1759 2004 non
1788 1969 1978 2011 exercenda,

520 2025 600 2058 ibid.
622 2024 648 2057 b.
670 2026 712 2058 De
741 2025 1020 2059 administratione
1060 2036 1168 2059 rerum
1202 2025 1440 2069 temporalium,
1468 2024 1546 2057 ibid.
1571 2030 1601 2057 et
1621 2035 1685 2068 seq.
1709 2024 1840 2057 Munera
1859 2023 1982 2057 nemini

517 2079 634 2119 danda,
658 2078 695 2112 31
721 2090 750 2112 α.
776 2080 818 2112 De
840 2079 1068 2123 hospitalitate,
1088 2079 1167 2112 ibid.
1186 2079 1214 2111 b.
1239 2078 1496 2112 llel'ormationcs
1515 2077 1652 2111 aliorum
1674 2077 1829 2111 Ordinum
1847 2077 1981 2120 Congre-

517 2131 678 2175 gationem
701 2132 783 2165 lianc
802 2142 866 2166 non
888 2132 1044 2174 obligant,
1065 2132 1144 2165 ibid.

431 2185 638 2219 Bibliothecis
666 2186 732 2229 (ex)
761 2185 888 2219 Ordinis
918 2187 1053 2219 fratrum
1085 2186 1116 2219 ll.
1142 2185 1260 2219 Mariae
1287 2186 1326 2219 de
1346 2186 1451 2219 Monte
1477 2186 1623 2219 Carmelo
1651 2184 1751 2218 libros
1781 2183 1923 2218 amoveri
1950 2189 1981 2218 ct

519 2245 728 2272 monumenta
742 2250 978 2283 quaecumque,
993 2239 1057 2272 sive
1072 2239 1227 2283 impressa
1241 2239 1305 2272 sive
1320 2239 1548 2283 manuscripta,
1562 2238 1729 2272 extrahere
1740 2237 1884 2279 vetitum,
1896 2236 1938 2271 56
1949 2236 1975 2272 b.

430 2292 517 2325 Bona
538 2292 648 2334 regina
670 2293 832 2325 l’oloniae.
862 2293 895 2325 V.
919 2293 1132 2336 Capellaniac.

429 2345 621 2378 Bononiensi
648 2345 678 2378 in
700 2345 827 2379 civitate
845 2346 952 2379 nullus
981 2346 1090 2390 aliquo
1113 2346 1205 2379 titulo
1235 2346 1404 2389 insignitus
1425 2351 1529 2390 potest
1551 2345 1624 2388 eligi
1642 2345 1681 2378 ad
1703 2344 1924 2387 magistratum
1949 2350 1981 2378 et

517 2398 701 2440 dignitates,
725 2398 789 2431 :3:312
809 2410 829 2431 a
850 2405 880 2432 et
901 2400 929 2432 b.
952 2399 1098 2441 Legatos,
1127 2399 1332 2443 vicelegatus,
1353 2403 1424 2439 etc„
1449 2399 1543 2432 liuius
1568 2397 1808 2432 constitutionis
1833 2408 1977 2442 exequu-

518 2458 614 2491 tores,
638 2452 702 2484 :3:33
727 2463 766 2489 a:
788 2453 866 2486 haec
887 2458 993 2485 autem
1015 2464 1143 2497 semper
1164 2453 1224 2495 legi
1251 2453 1346 2486 delict
1370 2453 1501 2497 qtumdo
1521 2452 1674 2486 officiales
1698 2451 1872 2494 eliguntur,
1894 2451 1934 2485 t'b.
1948 2450 1975 2485 b.

518 2505 696 2538 Elec-tiones
713 2505 806 2538 aliter
826 2507 925 2539 t'actae
947 2506 1122 2543 irritantur,
1139 2505 1204 2539 :354
1216 2517 1245 2539 a.
1271 2507 1396 2539 l‘oenac
1418 2506 1449 2539 in
1467 2505 1756 2546 contravenientes,
1772 2505 1852 2538 ibid.
1869 2509 1974 2549 etseq.

516 2558 706 2601 Supradirta
737 2559 847 2592 civitas
875 2570 947 2592 cum
976 2565 1107 2604 propter
1136 2559 1301 2593 caritatem
1335 2569 1443 2593 rerum
1475 2559 1621 2592 oninium
1653 2559 1754 2592 multo
1775 2557 1881 2591 alieno
1904 2568 1978 2591 aere

517 2616 645 2649 gravata
665 2618 758 2649 essct.
783 2611 927 2645 l'ontil'ex
949 2612 1034 2645 illius
1054 2612 1323 2646 reformatorilnts
1342 2611 1467 2646 veniam
1489 2611 1644 2653 elargitur
1675 2616 1780 2645 vetera
1811 2609 1978 2652 vectigalia

518 2663 668 2706 augendi,
692 2669 722 2697 et
742 2675 822 2698 nova
841 2665 1040 2710 imponendi,
1064 2665 1171 2699 blilia.
1196 2665 1363 2700 Neminem
1385 2666 1424 2699 ab
1443 2666 1481 2699 iis
1500 2665 1660 2700 solvendis
1681 2664 1844 2699 exclusum
1865 2662 1973 2697 decla-
