<?xml version="1.0" encoding="UTF-8"?>
<!DOCTYPE html PUBLIC "-//W3C//DTD XHTML 1.0 Transitional//EN"
    "http://www.w3.org/TR/xhtml1/DTD/xhtml1-transitional.dtd">
<html xmlns="http://www.w3.org/1999/xhtml" xml:lang="en" lang="en">
 <head>
  <title>
</title>
<meta http-equiv="Content-Type" content="text/html;charset=utf-8" />
  <meta name='ocr-system' content='tesseract 3.04.00' />
  <meta name='ocr-capabilities' content='ocr_page ocr_carea ocr_par ocr_line ocrx_word'/>
</head>
<body>
  <div class='ocr_page' id='page_1' title='image "./bullarumdiplomat10cath_0355.png"; bbox 0 0 2253 3195; ppageno 0'>
   <div class='ocr_carea' id='block_1_1' title="bbox 27 2063 210 2143">
    <p class='ocr_par' dir='ltr' id='par_1_1' title="bbox 27 2063 210 2143">
     <span class='ocr_line' id='line_1_1' title="bbox 30 2063 210 2094; baseline 0.006 -8"><span class='ocrx_word' id='word_1_1' title='bbox 30 2091 32 2093; x_wconf 30' lang='grc' dir='ltr'>Ι</span> <span class='ocrx_word' id='word_1_2' title='bbox 48 2063 210 2094; x_wconf 67' lang='lat' dir='ltr'>Procurator-um</span> 
     </span>
     <span class='ocr_line' id='line_1_2' title="bbox 27 2093 210 2123; baseline 0.016 -12"><span class='ocrx_word' id='word_1_3' title='bbox 27 2093 170 2123; x_wconf 66' lang='lat' dir='ltr'>inmutandum</span> <span class='ocrx_word' id='word_1_4' title='bbox 178 2099 210 2114; x_wconf 83' lang='lat' dir='ltr'>re-</span> 
     </span>
     <span class='ocr_line' id='line_1_3' title="bbox 27 2122 162 2143; baseline 0.015 -5"><span class='ocrx_word' id='word_1_5' title='bbox 27 2122 59 2143; x_wconf 65' lang='lat' dir='ltr'>gis</span> <span class='ocrx_word' id='word_1_6' title='bbox 72 2124 162 2140; x_wconf 78' lang='lat' dir='ltr'>nomine.</span> 
     </span>
    </p>
   </div>
   <div class='ocr_carea' id='block_1_2' title="bbox 0 0 24 2759">
    <p class='ocr_par' dir='ltr' id='par_1_2' title="bbox 0 0 24 2759">
     <span class='ocr_line' id='line_1_4' title="bbox 0 0 24 2759; baseline 0 0"><span class='ocrx_word' id='word_1_7' title='bbox 0 0 24 2759; x_wconf 95' lang='lat' dir='ltr'> </span> 
     </span>
    </p>
   </div>
   <div class='ocr_carea' id='block_1_3' title="bbox 845 206 1142 232">
    <p class='ocr_par' dir='ltr' id='par_1_3' title="bbox 845 206 1142 232">
     <span class='ocr_line' id='line_1_5' title="bbox 845 206 1142 232; baseline 0 -2"><span class='ocrx_word' id='word_1_8' title='bbox 845 206 992 232; x_wconf 82' lang='lat' dir='ltr'>CLEMENS</span> <span class='ocrx_word' id='word_1_9' title='bbox 1012 206 1071 231; x_wconf 89' lang='lat' dir='ltr'>VIII</span> <span class='ocrx_word' id='word_1_10' title='bbox 1090 207 1142 231; x_wconf 88' lang='lat' dir='ltr'>PP.</span> 
     </span>
    </p>
   </div>
   <div class='ocr_carea' id='block_1_4' title="bbox 230 253 1754 299">
    <p class='ocr_par' dir='ltr' id='par_1_4' title="bbox 230 253 1754 299">
     <span class='ocr_line' id='line_1_6' title="bbox 230 253 1754 299; baseline -0.001 -11"><span class='ocrx_word' id='word_1_11' title='bbox 230 253 362 288; x_wconf 77' lang='lat' dir='ltr'>Sanctos</span> <span class='ocrx_word' id='word_1_12' title='bbox 382 264 446 286; x_wconf 86' lang='lat' dir='ltr'>una</span> <span class='ocrx_word' id='word_1_13' title='bbox 466 263 539 287; x_wconf 88' lang='lat' dir='ltr'>cum</span> <span class='ocrx_word' id='word_1_14' title='bbox 559 254 682 288; x_wconf 88' lang='lat' dir='ltr'>Christo</span> <span class='ocrx_word' id='word_1_15' title='bbox 704 260 874 297; x_wconf 75' lang='lat' dir='ltr'>regnantes</span> <span class='ocrx_word' id='word_1_16' title='bbox 889 282 896 295; x_wconf 75' lang='grc'>,</span> <span class='ocrx_word' id='word_1_17' title='bbox 920 266 972 288; x_wconf 88' lang='lat' dir='ltr'>ve·</span> <span class='ocrx_word' id='word_1_18' title='bbox 1009 255 1159 295; x_wconf 86' lang='lat' dir='ltr'>iusmodi,</span> <span class='ocrx_word' id='word_1_19' title='bbox 1183 265 1239 288; x_wconf 91' lang='lat' dir='ltr'>seu</span> <span class='ocrx_word' id='word_1_20' title='bbox 1260 255 1426 299; x_wconf 87' lang='lat' dir='ltr'>publicum</span> <span class='ocrx_word' id='word_1_21' title='bbox 1449 254 1700 288; x_wconf 72' lang='lat' dir='ltr'>instrumentum</span> <span class='ocrx_word' id='word_1_22' title='bbox 1723 254 1754 287; x_wconf 94' lang='lat' dir='ltr'>in</span> 
     </span>
    </p>
   </div>
   <div class='ocr_carea' id='block_1_5' title="bbox 225 307 974 2648">
    <p class='ocr_par' dir='ltr' id='par_1_5' title="bbox 225 307 974 2648">
     <span class='ocr_line' id='line_1_7' title="bbox 230 307 972 351; baseline 0.003 -12"><span class='ocrx_word' id='word_1_23' title='bbox 230 307 390 340; x_wconf 85' lang='lat' dir='ltr'>nerandos</span> <span class='ocrx_word' id='word_1_24' title='bbox 410 313 505 350; x_wconf 90' lang='lat' dir='ltr'>atquc</span> <span class='ocrx_word' id='word_1_25' title='bbox 526 307 722 341; x_wconf 85' lang='lat' dir='ltr'>invocandos</span> <span class='ocrx_word' id='word_1_26' title='bbox 742 319 829 347; x_wconf 86' lang='lat' dir='ltr'>esse,</span> <span class='ocrx_word' id='word_1_27' title='bbox 854 318 972 351; x_wconf 87' lang='lat' dir='ltr'>eosque</span> 
     </span>
     <span class='ocr_line' id='line_1_8' title="bbox 229 360 972 405; baseline 0 -11"><span class='ocrx_word' id='word_1_28' title='bbox 229 360 391 394; x_wconf 90' lang='lat' dir='ltr'>orationes</span> <span class='ocrx_word' id='word_1_29' title='bbox 411 361 475 394; x_wconf 89' lang='lat' dir='ltr'>Deo</span> <span class='ocrx_word' id='word_1_30' title='bbox 502 372 562 405; x_wconf 91' lang='lat' dir='ltr'>pro</span> <span class='ocrx_word' id='word_1_31' title='bbox 592 361 685 394; x_wconf 87' lang='lat' dir='ltr'>nobis</span> <span class='ocrx_word' id='word_1_32' title='bbox 716 361 849 400; x_wconf 74' lang='lat' dir='ltr'>offerre,</span> <span class='ocrx_word' id='word_1_33' title='bbox 878 367 972 404; x_wconf 84' lang='lat' dir='ltr'>atque</span> 
     </span>
     <span class='ocr_line' id='line_1_9' title="bbox 229 414 973 458; baseline -0.001 -11"><span class='ocrx_word' id='word_1_34' title='bbox 229 424 342 447; x_wconf 89' lang='lat' dir='ltr'>eorum</span> <span class='ocrx_word' id='word_1_35' title='bbox 356 414 509 458; x_wconf 77' lang='lat' dir='ltr'>reliquias</span> <span class='ocrx_word' id='word_1_36' title='bbox 530 425 598 448; x_wconf 88' lang='lat' dir='ltr'>esse</span> <span class='ocrx_word' id='word_1_37' title='bbox 619 415 826 447; x_wconf 87' lang='lat' dir='ltr'>venerandas.</span> <span class='ocrx_word' id='word_1_38' title='bbox 844 414 973 447; x_wconf 83' lang='lat' dir='ltr'>Firmis-</span> 
     </span>
     <span class='ocr_line' id='line_1_10' title="bbox 228 467 972 510; baseline 0 -11"><span class='ocrx_word' id='word_1_39' title='bbox 228 467 308 501; x_wconf 88' lang='lat' dir='ltr'>sime</span> <span class='ocrx_word' id='word_1_40' title='bbox 330 478 437 501; x_wconf 88' lang='lat' dir='ltr'>assero</span> <span class='ocrx_word' id='word_1_41' title='bbox 459 468 615 510; x_wconf 73' lang='lat' dir='ltr'>imagines</span> <span class='ocrx_word' id='word_1_42' title='bbox 629 467 742 501; x_wconf 76' lang='lat' dir='ltr'>Christi</span> <span class='ocrx_word' id='word_1_43' title='bbox 761 478 796 499; x_wconf 82' lang='lat' dir='ltr'>ac</span> <span class='ocrx_word' id='word_1_44' title='bbox 817 467 972 510; x_wconf 84' lang='lat' dir='ltr'>Deiparae</span> 
     </span>
     <span class='ocr_line' id='line_1_11' title="bbox 228 520 973 564; baseline -0.001 -11"><span class='ocrx_word' id='word_1_45' title='bbox 228 531 357 564; x_wconf 78' lang='lat' dir='ltr'>semper</span> <span class='ocrx_word' id='word_1_46' title='bbox 382 521 542 563; x_wconf 73' lang='lat' dir='ltr'>Virginis,</span> <span class='ocrx_word' id='word_1_47' title='bbox 570 531 697 553; x_wconf 80' lang='lat' dir='ltr'>necnon</span> <span class='ocrx_word' id='word_1_48' title='bbox 728 520 865 554; x_wconf 87' lang='lat' dir='ltr'>aliorum</span> <span class='ocrx_word' id='word_1_49' title='bbox 896 520 973 553; x_wconf 87' lang='lat' dir='ltr'>San-</span> 
     </span>
     <span class='ocr_line' id='line_1_12' title="bbox 229 573 972 609; baseline -0.003 -2"><span class='ocrx_word' id='word_1_50' title='bbox 229 579 354 607; x_wconf 87' lang='lat' dir='ltr'>ctorum</span> <span class='ocrx_word' id='word_1_51' title='bbox 375 574 539 607; x_wconf 84' lang='lat' dir='ltr'>habendas</span> <span class='ocrx_word' id='word_1_52' title='bbox 559 579 590 606; x_wconf 89' lang='lat' dir='ltr'>et</span> <span class='ocrx_word' id='word_1_53' title='bbox 617 573 801 606; x_wconf 85' lang='lat' dir='ltr'>retinendas</span> <span class='ocrx_word' id='word_1_54' title='bbox 821 584 901 609; x_wconf 79' lang='lat' dir='ltr'>esse,</span> <span class='ocrx_word' id='word_1_55' title='bbox 925 579 972 606; x_wconf 90' lang='lat' dir='ltr'>at.-</span> 
     </span>
     <span class='ocr_line' id='line_1_13' title="bbox 228 627 972 671; baseline -0.001 -11"><span class='ocrx_word' id='word_1_56' title='bbox 228 638 291 671; x_wconf 89' lang='lat' dir='ltr'>que</span> <span class='ocrx_word' id='word_1_57' title='bbox 312 627 356 660; x_wconf 90' lang='lat' dir='ltr'>eis</span> <span class='ocrx_word' id='word_1_58' title='bbox 382 627 525 660; x_wconf 84' lang='lat' dir='ltr'>debitum</span> <span class='ocrx_word' id='word_1_59' title='bbox 547 627 706 659; x_wconf 79' lang='lat' dir='ltr'>honorem</span> <span class='ocrx_word' id='word_1_60' title='bbox 727 638 764 660; x_wconf 88' lang='lat' dir='ltr'>ac</span> <span class='ocrx_word' id='word_1_61' title='bbox 792 627 972 659; x_wconf 84' lang='lat' dir='ltr'>veneratio-</span> 
     </span>
     <span class='ocr_line' id='line_1_14' title="bbox 228 680 971 724; baseline -0.003 -10"><span class='ocrx_word' id='word_1_62' title='bbox 228 691 301 714; x_wconf 87' lang='lat' dir='ltr'>nem</span> <span class='ocrx_word' id='word_1_63' title='bbox 316 680 575 724; x_wconf 76' lang='lat' dir='ltr'>impertiendam.</span> <span class='ocrx_word' id='word_1_64' title='bbox 587 680 864 722; x_wconf 84' lang='lat' dir='ltr'>lndulgentiarum</span> <span class='ocrx_word' id='word_1_65' title='bbox 877 680 971 713; x_wconf 87' lang='lat' dir='ltr'>etiam</span> 
     </span>
     <span class='ocr_line' id='line_1_15' title="bbox 227 733 972 777; baseline -0.001 -11"><span class='ocrx_word' id='word_1_66' title='bbox 227 739 418 777; x_wconf 88' lang='lat' dir='ltr'>potestatem</span> <span class='ocrx_word' id='word_1_67' title='bbox 439 744 456 766; x_wconf 88' lang='lat' dir='ltr'>a</span> <span class='ocrx_word' id='word_1_68' title='bbox 476 733 601 767; x_wconf 88' lang='lat' dir='ltr'>Christo</span> <span class='ocrx_word' id='word_1_69' title='bbox 622 733 654 765; x_wconf 93' lang='lat' dir='ltr'>in</span> <span class='ocrx_word' id='word_1_70' title='bbox 674 733 815 766; x_wconf 79' lang='lat' dir='ltr'>Ecclesia</span> <span class='ocrx_word' id='word_1_71' title='bbox 829 733 972 766; x_wconf 81' lang='lat' dir='ltr'>relictam</span> 
     </span>
     <span class='ocr_line' id='line_1_16' title="bbox 228 786 973 831; baseline 0 -11"><span class='ocrx_word' id='word_1_72' title='bbox 228 787 344 827; x_wconf 79' lang='lat' dir='ltr'>fuisse,</span> <span class='ocrx_word' id='word_1_73' title='bbox 377 787 571 831; x_wconf 87' lang='lat' dir='ltr'>illarumque</span> <span class='ocrx_word' id='word_1_74' title='bbox 596 798 690 820; x_wconf 89' lang='lat' dir='ltr'>usum</span> <span class='ocrx_word' id='word_1_75' title='bbox 721 786 896 820; x_wconf 86' lang='lat' dir='ltr'>christiano</span> <span class='ocrx_word' id='word_1_76' title='bbox 916 798 973 830; x_wconf 90' lang='lat' dir='ltr'>po-</span> 
     </span>
     <span class='ocr_line' id='line_1_17' title="bbox 226 840 968 884; baseline 0 -12"><span class='ocrx_word' id='word_1_77' title='bbox 226 840 304 884; x_wconf 92' lang='lat' dir='ltr'>pulo</span> <span class='ocrx_word' id='word_1_78' title='bbox 335 840 473 873; x_wconf 78' lang='lat' dir='ltr'>maxime</span> <span class='ocrx_word' id='word_1_79' title='bbox 502 841 675 874; x_wconf 79' lang='lat' dir='ltr'>salutarem</span> <span class='ocrx_word' id='word_1_80' title='bbox 708 851 797 879; x_wconf 83' lang='lat' dir='ltr'>esse,</span> <span class='ocrx_word' id='word_1_81' title='bbox 833 840 968 873; x_wconf 85' lang='lat' dir='ltr'>affirmo.</span> 
     </span>
     <span class='ocr_line' id='line_1_18' title="bbox 227 892 972 938; baseline 0.001 -12"><span class='ocrx_word' id='word_1_82' title='bbox 227 892 388 934; x_wconf 84' lang='lat' dir='ltr'>Sanctam,</span> <span class='ocrx_word' id='word_1_83' title='bbox 412 894 608 927; x_wconf 85' lang='lat' dir='ltr'>Catholicam</span> <span class='ocrx_word' id='word_1_84' title='bbox 629 900 661 927; x_wconf 87' lang='lat' dir='ltr'>et</span> <span class='ocrx_word' id='word_1_85' title='bbox 680 894 896 938; x_wconf 87' lang='lat' dir='ltr'>Apostolicam</span> <span class='ocrx_word' id='word_1_86' title='bbox 910 892 972 928; x_wconf 81' lang='lat' dir='ltr'>Ro-</span> 
     </span>
     <span class='ocr_line' id='line_1_19' title="bbox 229 947 971 981; baseline 0 -1"><span class='ocrx_word' id='word_1_87' title='bbox 229 957 357 980; x_wconf 89' lang='lat' dir='ltr'>manam</span> <span class='ocrx_word' id='word_1_88' title='bbox 387 947 561 981; x_wconf 83' lang='lat' dir='ltr'>Ecclesiam</span> <span class='ocrx_word' id='word_1_89' title='bbox 588 948 733 981; x_wconf 90' lang='lat' dir='ltr'>omnium</span> <span class='ocrx_word' id='word_1_90' title='bbox 757 948 971 981; x_wconf 86' lang='lat' dir='ltr'>Ecclesiarum</span> 
     </span>
     <span class='ocr_line' id='line_1_20' title="bbox 228 1001 970 1044; baseline 0.001 -11"><span class='ocrx_word' id='word_1_91' title='bbox 228 1006 364 1034; x_wconf 87' lang='lat' dir='ltr'>matrem</span> <span class='ocrx_word' id='word_1_92' title='bbox 383 1006 413 1034; x_wconf 88' lang='lat' dir='ltr'>et</span> <span class='ocrx_word' id='word_1_93' title='bbox 430 1001 615 1044; x_wconf 78' lang='lat' dir='ltr'>magistram</span> <span class='ocrx_word' id='word_1_94' title='bbox 634 1011 790 1043; x_wconf 85' lang='lat' dir='ltr'>agnosco;</span> <span class='ocrx_word' id='word_1_95' title='bbox 810 1001 970 1034; x_wconf 87' lang='lat' dir='ltr'>Romano-</span> 
     </span>
     <span class='ocr_line' id='line_1_21' title="bbox 228 1054 970 1098; baseline 0 -11"><span class='ocrx_word' id='word_1_96' title='bbox 228 1065 289 1098; x_wconf 89' lang='lat' dir='ltr'>que</span> <span class='ocrx_word' id='word_1_97' title='bbox 324 1054 471 1088; x_wconf 85' lang='lat' dir='ltr'>Pontifici</span> <span class='ocrx_word' id='word_1_98' title='bbox 502 1055 589 1088; x_wconf 83' lang='lat' dir='ltr'>Beati</span> <span class='ocrx_word' id='word_1_99' title='bbox 623 1054 708 1088; x_wconf 88' lang='lat' dir='ltr'>Petri</span> <span class='ocrx_word' id='word_1_100' title='bbox 741 1055 970 1098; x_wconf 83' lang='lat' dir='ltr'>Apostolorum</span> 
     </span>
     <span class='ocr_line' id='line_1_22' title="bbox 227 1107 972 1151; baseline 0 -11"><span class='ocrx_word' id='word_1_101' title='bbox 227 1107 385 1151; x_wconf 89' lang='lat' dir='ltr'>Principis</span> <span class='ocrx_word' id='word_1_102' title='bbox 405 1108 593 1148; x_wconf 81' lang='lat' dir='ltr'>successori,</span> <span class='ocrx_word' id='word_1_103' title='bbox 611 1118 646 1143; x_wconf 81' lang='lat' dir='ltr'>ac</span> <span class='ocrx_word' id='word_1_104' title='bbox 663 1108 733 1141; x_wconf 88' lang='lat' dir='ltr'>Iesu</span> <span class='ocrx_word' id='word_1_105' title='bbox 753 1108 869 1141; x_wconf 84' lang='lat' dir='ltr'>Christi</span> <span class='ocrx_word' id='word_1_106' title='bbox 889 1108 972 1141; x_wconf 77' lang='lat' dir='ltr'>vica-</span> 
     </span>
     <span class='ocr_line' id='line_1_23' title="bbox 226 1159 971 1201; baseline 0.003 -9"><span class='ocrx_word' id='word_1_107' title='bbox 226 1159 287 1201; x_wconf 83' lang='lat' dir='ltr'>rio,</span> <span class='ocrx_word' id='word_1_108' title='bbox 311 1171 418 1193; x_wconf 90' lang='lat' dir='ltr'>veram</span> <span class='ocrx_word' id='word_1_109' title='bbox 439 1160 670 1200; x_wconf 79' lang='lat' dir='ltr'>obedientiam,</span> <span class='ocrx_word' id='word_1_110' title='bbox 687 1160 769 1194; x_wconf 89' lang='lat' dir='ltr'>sicut</span> <span class='ocrx_word' id='word_1_111' title='bbox 786 1160 839 1194; x_wconf 87' lang='lat' dir='ltr'>alii</span> <span class='ocrx_word' id='word_1_112' title='bbox 861 1161 971 1194; x_wconf 88' lang='lat' dir='ltr'>catho-</span> 
     </span>
     <span class='ocr_line' id='line_1_24' title="bbox 227 1213 972 1258; baseline 0.003 -12"><span class='ocrx_word' id='word_1_113' title='bbox 227 1213 280 1246; x_wconf 89' lang='lat' dir='ltr'>lici</span> <span class='ocrx_word' id='word_1_114' title='bbox 295 1220 324 1247; x_wconf 86' lang='lat' dir='ltr'>et</span> <span class='ocrx_word' id='word_1_115' title='bbox 338 1214 595 1247; x_wconf 84' lang='lat' dir='ltr'>christianissimi</span> <span class='ocrx_word' id='word_1_116' title='bbox 608 1225 700 1257; x_wconf 86' lang='lat' dir='ltr'>reges</span> <span class='ocrx_word' id='word_1_117' title='bbox 712 1214 866 1247; x_wconf 87' lang='lat' dir='ltr'>Franciae</span> <span class='ocrx_word' id='word_1_118' title='bbox 878 1225 972 1258; x_wconf 86' lang='lat' dir='ltr'>prae-</span> 
     </span>
     <span class='ocr_line' id='line_1_25' title="bbox 228 1266 973 1311; baseline 0.003 -12"><span class='ocrx_word' id='word_1_119' title='bbox 228 1266 412 1300; x_wconf 85' lang='lat' dir='ltr'>decessores</span> <span class='ocrx_word' id='word_1_120' title='bbox 436 1267 485 1300; x_wconf 91' lang='lat' dir='ltr'>sui</span> <span class='ocrx_word' id='word_1_121' title='bbox 516 1267 748 1308; x_wconf 87' lang='lat' dir='ltr'>reddiderunt,</span> <span class='ocrx_word' id='word_1_122' title='bbox 772 1268 916 1311; x_wconf 85' lang='lat' dir='ltr'>spondeo</span> <span class='ocrx_word' id='word_1_123' title='bbox 937 1279 973 1301; x_wconf 89' lang='lat' dir='ltr'>ac</span> 
     </span>
     <span class='ocr_line' id='line_1_26' title="bbox 228 1319 970 1364; baseline 0.004 -13"><span class='ocrx_word' id='word_1_124' title='bbox 228 1319 311 1353; x_wconf 85' lang='lat' dir='ltr'>iuro.</span> <span class='ocrx_word' id='word_1_125' title='bbox 335 1320 530 1364; x_wconf 88' lang='lat' dir='ltr'>Caeteraque</span> <span class='ocrx_word' id='word_1_126' title='bbox 550 1321 659 1354; x_wconf 84' lang='lat' dir='ltr'>onmia</span> <span class='ocrx_word' id='word_1_127' title='bbox 679 1331 697 1353; x_wconf 89' lang='lat' dir='ltr'>a</span> <span class='ocrx_word' id='word_1_128' title='bbox 717 1321 815 1354; x_wconf 83' lang='lat' dir='ltr'>sacris</span> <span class='ocrx_word' id='word_1_129' title='bbox 836 1321 970 1354; x_wconf 87' lang='lat' dir='ltr'>canoni-</span> 
     </span>
     <span class='ocr_line' id='line_1_27' title="bbox 227 1373 973 1419; baseline 0.003 -13"><span class='ocrx_word' id='word_1_130' title='bbox 227 1373 298 1415; x_wconf 90' lang='lat' dir='ltr'>bus,</span> <span class='ocrx_word' id='word_1_131' title='bbox 323 1380 354 1407; x_wconf 87' lang='lat' dir='ltr'>et</span> <span class='ocrx_word' id='word_1_132' title='bbox 378 1375 597 1408; x_wconf 87' lang='lat' dir='ltr'>oecumenicis</span> <span class='ocrx_word' id='word_1_133' title='bbox 617 1375 773 1416; x_wconf 89' lang='lat' dir='ltr'>conciliis,</span> <span class='ocrx_word' id='word_1_134' title='bbox 793 1386 830 1408; x_wconf 92' lang='lat' dir='ltr'>ac</span> <span class='ocrx_word' id='word_1_135' title='bbox 849 1375 973 1419; x_wconf 84' lang='lat' dir='ltr'>praeci-</span> 
     </span>
     <span class='ocr_line' id='line_1_28' title="bbox 226 1429 973 1474; baseline 0.003 -14"><span class='ocrx_word' id='word_1_136' title='bbox 226 1438 289 1471; x_wconf 89' lang='lat' dir='ltr'>pue</span> <span class='ocrx_word' id='word_1_137' title='bbox 309 1439 327 1461; x_wconf 89' lang='lat' dir='ltr'>a</span> <span class='ocrx_word' id='word_1_138' title='bbox 351 1434 554 1462; x_wconf 87' lang='lat' dir='ltr'>sacrosancta</span> <span class='ocrx_word' id='word_1_139' title='bbox 566 1429 753 1462; x_wconf 87' lang='lat' dir='ltr'>Tridentina</span> <span class='ocrx_word' id='word_1_140' title='bbox 766 1429 894 1474; x_wconf 67' lang='lat' dir='ltr'>Synodo</span> <span class='ocrx_word' id='word_1_141' title='bbox 909 1435 973 1462; x_wconf 89' lang='lat' dir='ltr'>tra-</span> 
     </span>
     <span class='ocr_line' id='line_1_29' title="bbox 227 1481 973 1523; baseline 0.003 -10"><span class='ocrx_word' id='word_1_142' title='bbox 227 1481 293 1514; x_wconf 86' lang='lat' dir='ltr'>dita</span> <span class='ocrx_word' id='word_1_143' title='bbox 307 1509 314 1523; x_wconf 82' lang='lat'>‚</span> <span class='ocrx_word' id='word_1_144' title='bbox 336 1481 468 1516; x_wconf 85' lang='lat' dir='ltr'>definita</span> <span class='ocrx_word' id='word_1_145' title='bbox 487 1488 518 1515; x_wconf 87' lang='lat' dir='ltr'>et.</span> <span class='ocrx_word' id='word_1_146' title='bbox 545 1482 707 1515; x_wconf 87' lang='lat' dir='ltr'>declarata</span> <span class='ocrx_word' id='word_1_147' title='bbox 721 1509 728 1522; x_wconf 96' lang='lat'>,</span> <span class='ocrx_word' id='word_1_148' title='bbox 752 1482 973 1516; x_wconf 88' lang='lat' dir='ltr'>indubitanter</span> 
     </span>
     <span class='ocr_line' id='line_1_30' title="bbox 227 1535 971 1580; baseline 0.001 -13"><span class='ocrx_word' id='word_1_149' title='bbox 227 1535 350 1579; x_wconf 82' lang='lat' dir='ltr'>recipio</span> <span class='ocrx_word' id='word_1_150' title='bbox 377 1541 473 1580; x_wconf 88' lang='lat' dir='ltr'>atque</span> <span class='ocrx_word' id='word_1_151' title='bbox 498 1535 671 1579; x_wconf 81' lang='lat' dir='ltr'>profiteor;</span> <span class='ocrx_word' id='word_1_152' title='bbox 700 1535 862 1579; x_wconf 90' lang='lat' dir='ltr'>simulque</span> <span class='ocrx_word' id='word_1_153' title='bbox 894 1546 971 1569; x_wconf 91' lang='lat' dir='ltr'>con-</span> 
     </span>
     <span class='ocr_line' id='line_1_31' title="bbox 226 1589 972 1633; baseline 0.003 -12"><span class='ocrx_word' id='word_1_154' title='bbox 226 1589 326 1622; x_wconf 87' lang='lat' dir='ltr'>traria</span> <span class='ocrx_word' id='word_1_155' title='bbox 338 1589 457 1630; x_wconf 85' lang='lat' dir='ltr'>onmia,</span> <span class='ocrx_word' id='word_1_156' title='bbox 470 1595 565 1633; x_wconf 89' lang='lat' dir='ltr'>atque</span> <span class='ocrx_word' id='word_1_157' title='bbox 585 1589 734 1622; x_wconf 84' lang='lat' dir='ltr'>haereses</span> <span class='ocrx_word' id='word_1_158' title='bbox 752 1599 972 1633; x_wconf 87' lang='lat' dir='ltr'>quascumque</span> 
     </span>
     <span class='ocr_line' id='line_1_32' title="bbox 226 1642 972 1683; baseline 0.001 -8"><span class='ocrx_word' id='word_1_159' title='bbox 226 1643 266 1675; x_wconf 89' lang='lat' dir='ltr'>ab</span> <span class='ocrx_word' id='word_1_160' title='bbox 283 1642 425 1676; x_wconf 82' lang='lat' dir='ltr'>Ecclesia</span> <span class='ocrx_word' id='word_1_161' title='bbox 438 1643 616 1683; x_wconf 86' lang='lat' dir='ltr'>damnatas,</span> <span class='ocrx_word' id='word_1_162' title='bbox 638 1642 772 1676; x_wconf 91' lang='lat' dir='ltr'>reiectas</span> <span class='ocrx_word' id='word_1_163' title='bbox 790 1648 821 1676; x_wconf 90' lang='lat' dir='ltr'>et</span> <span class='ocrx_word' id='word_1_164' title='bbox 840 1643 972 1676; x_wconf 87' lang='lat' dir='ltr'>anathe-</span> 
     </span>
     <span class='ocr_line' id='line_1_33' title="bbox 226 1695 972 1739; baseline 0.001 -11"><span class='ocrx_word' id='word_1_165' title='bbox 226 1695 402 1737; x_wconf 86' lang='lat' dir='ltr'>matizatas,</span> <span class='ocrx_word' id='word_1_166' title='bbox 426 1696 547 1739; x_wconf 89' lang='lat' dir='ltr'>pariter</span> <span class='ocrx_word' id='word_1_167' title='bbox 568 1696 698 1736; x_wconf 87' lang='lat' dir='ltr'>damno,</span> <span class='ocrx_word' id='word_1_168' title='bbox 714 1696 826 1730; x_wconf 88' lang='lat' dir='ltr'>reiicio</span> <span class='ocrx_word' id='word_1_169' title='bbox 847 1702 878 1729; x_wconf 89' lang='lat' dir='ltr'>et</span> <span class='ocrx_word' id='word_1_170' title='bbox 894 1706 972 1729; x_wconf 90' lang='lat' dir='ltr'>ana-</span> 
     </span>
     <span class='ocr_line' id='line_1_34' title="bbox 226 1749 968 1791; baseline 0.001 -9"><span class='ocrx_word' id='word_1_171' title='bbox 226 1749 409 1783; x_wconf 90' lang='lat' dir='ltr'>thematizo.</span> <span class='ocrx_word' id='word_1_172' title='bbox 430 1750 518 1783; x_wconf 90' lang='lat' dir='ltr'>Hanc</span> <span class='ocrx_word' id='word_1_173' title='bbox 541 1761 616 1784; x_wconf 87' lang='lat' dir='ltr'>vero</span> <span class='ocrx_word' id='word_1_174' title='bbox 642 1750 834 1784; x_wconf 84' lang='lat' dir='ltr'>catholicam</span> <span class='ocrx_word' id='word_1_175' title='bbox 858 1751 968 1791; x_wconf 86' lang='lat' dir='ltr'>fidem,</span> 
     </span>
     <span class='ocr_line' id='line_1_35' title="bbox 226 1804 971 1848; baseline 0.001 -12"><span class='ocrx_word' id='word_1_176' title='bbox 226 1813 323 1846; x_wconf 89' lang='lat' dir='ltr'>quam</span> <span class='ocrx_word' id='word_1_177' title='bbox 337 1808 451 1847; x_wconf 90' lang='lat' dir='ltr'>sponte</span> <span class='ocrx_word' id='word_1_178' title='bbox 464 1804 689 1848; x_wconf 82' lang='lat' dir='ltr'>procuratorio</span> <span class='ocrx_word' id='word_1_179' title='bbox 710 1814 774 1848; x_wconf 90' lang='lat' dir='ltr'>quo</span> <span class='ocrx_word' id='word_1_180' title='bbox 795 1814 892 1848; x_wconf 90' lang='lat' dir='ltr'>supra</span> <span class='ocrx_word' id='word_1_181' title='bbox 911 1814 971 1838; x_wconf 90' lang='lat' dir='ltr'>no-</span> 
     </span>
     <span class='ocr_line' id='line_1_36' title="bbox 226 1856 971 1902; baseline 0.003 -13"><span class='ocrx_word' id='word_1_182' title='bbox 226 1856 313 1890; x_wconf 90' lang='lat' dir='ltr'>mine</span> <span class='ocrx_word' id='word_1_183' title='bbox 345 1857 421 1890; x_wconf 88' lang='lat' dir='ltr'>dicti</span> <span class='ocrx_word' id='word_1_184' title='bbox 450 1857 581 1890; x_wconf 90' lang='lat' dir='ltr'>Henrici</span> <span class='ocrx_word' id='word_1_185' title='bbox 607 1857 714 1900; x_wconf 85' lang='lat' dir='ltr'>regis,</span> <span class='ocrx_word' id='word_1_186' title='bbox 749 1857 781 1890; x_wconf 91' lang='lat' dir='ltr'>in</span> <span class='ocrx_word' id='word_1_187' title='bbox 810 1858 971 1902; x_wconf 83' lang='lat' dir='ltr'>praesenti</span> 
     </span>
     <span class='ocr_line' id='line_1_37' title="bbox 225 1909 969 1955; baseline 0.003 -12"><span class='ocrx_word' id='word_1_188' title='bbox 225 1909 382 1953; x_wconf 88' lang='lat' dir='ltr'>profiteor</span> <span class='ocrx_word' id='word_1_189' title='bbox 407 1916 437 1943; x_wconf 89' lang='lat' dir='ltr'>et</span> <span class='ocrx_word' id='word_1_190' title='bbox 457 1910 642 1944; x_wconf 86' lang='lat' dir='ltr'>inviolatam</span> <span class='ocrx_word' id='word_1_191' title='bbox 667 1921 769 1955; x_wconf 89' lang='lat' dir='ltr'>usque</span> <span class='ocrx_word' id='word_1_192' title='bbox 796 1912 836 1944; x_wconf 89' lang='lat' dir='ltr'>ad</span> <span class='ocrx_word' id='word_1_193' title='bbox 863 1917 969 1945; x_wconf 82' lang='lat' dir='ltr'>extre-</span> 
     </span>
     <span class='ocr_line' id='line_1_38' title="bbox 227 1964 972 2009; baseline 0.003 -13"><span class='ocrx_word' id='word_1_194' title='bbox 227 1973 315 1996; x_wconf 90' lang='lat' dir='ltr'>mum</span> <span class='ocrx_word' id='word_1_195' title='bbox 334 1964 416 1997; x_wconf 88' lang='lat' dir='ltr'>vitae</span> <span class='ocrx_word' id='word_1_196' title='bbox 435 1964 585 2008; x_wconf 85' lang='lat' dir='ltr'>spiritum</span> <span class='ocrx_word' id='word_1_197' title='bbox 606 1964 862 1998; x_wconf 83' lang='lat' dir='ltr'>constantissime</span> <span class='ocrx_word' id='word_1_198' title='bbox 884 1966 972 2009; x_wconf 91' lang='lat' dir='ltr'>(Deo</span> 
     </span>
     <span class='ocr_line' id='line_1_39' title="bbox 226 2015 969 2061; baseline 0.004 -12"><span class='ocrx_word' id='word_1_199' title='bbox 226 2015 419 2059; x_wconf 88' lang='lat' dir='ltr'>adiuvante)</span> <span class='ocrx_word' id='word_1_200' title='bbox 439 2016 578 2055; x_wconf 79' lang='lat' dir='ltr'>retinere</span> <span class='ocrx_word' id='word_1_201' title='bbox 598 2023 630 2050; x_wconf 89' lang='lat' dir='ltr'>et</span> <span class='ocrx_word' id='word_1_202' title='bbox 650 2017 808 2051; x_wconf 87' lang='lat' dir='ltr'>confiteri.</span> <span class='ocrx_word' id='word_1_203' title='bbox 832 2018 897 2061; x_wconf 84' lang='lat' dir='ltr'>Ego</span> <span class='ocrx_word' id='word_1_204' title='bbox 918 2019 969 2052; x_wconf 90' lang='lat' dir='ltr'>Ia-</span> 
     </span>
     <span class='ocr_line' id='line_1_40' title="bbox 227 2069 973 2115; baseline 0.004 -12"><span class='ocrx_word' id='word_1_205' title='bbox 227 2069 326 2103; x_wconf 86' lang='lat' dir='ltr'>cobus</span> <span class='ocrx_word' id='word_1_206' title='bbox 345 2070 440 2114; x_wconf 79' lang='lat' dir='ltr'>Davy,</span> <span class='ocrx_word' id='word_1_207' title='bbox 461 2076 654 2114; x_wconf 88' lang='lat' dir='ltr'>procurator</span> <span class='ocrx_word' id='word_1_208' title='bbox 673 2071 887 2115; x_wconf 89' lang='lat' dir='ltr'>supradictus,</span> <span class='ocrx_word' id='word_1_209' title='bbox 908 2083 973 2106; x_wconf 89' lang='lat' dir='ltr'>una</span> 
     </span>
     <span class='ocr_line' id='line_1_41' title="bbox 227 2123 972 2169; baseline 0.003 -12"><span class='ocrx_word' id='word_1_210' title='bbox 227 2134 300 2157; x_wconf 86' lang='lat' dir='ltr'>cum</span> <span class='ocrx_word' id='word_1_211' title='bbox 312 2123 498 2167; x_wconf 88' lang='lat' dir='ltr'>supradicto</span> <span class='ocrx_word' id='word_1_212' title='bbox 512 2124 654 2157; x_wconf 88' lang='lat' dir='ltr'>Arnaldo</span> <span class='ocrx_word' id='word_1_213' title='bbox 669 2124 794 2166; x_wconf 84' lang='lat' dir='ltr'>collega</span> <span class='ocrx_word' id='word_1_214' title='bbox 812 2134 895 2166; x_wconf 90' lang='lat' dir='ltr'>meo,</span> <span class='ocrx_word' id='word_1_215' title='bbox 907 2136 972 2169; x_wconf 90' lang='lat' dir='ltr'>quo</span> 
     </span>
     <span class='ocr_line' id='line_1_42' title="bbox 226 2176 968 2221; baseline 0.004 -12"><span class='ocrx_word' id='word_1_216' title='bbox 226 2187 324 2221; x_wconf 88' lang='lat' dir='ltr'>supra</span> <span class='ocrx_word' id='word_1_217' title='bbox 344 2176 486 2218; x_wconf 87' lang='lat' dir='ltr'>nomine,</span> <span class='ocrx_word' id='word_1_218' title='bbox 510 2177 672 2221; x_wconf 86' lang='lat' dir='ltr'>spondeo,</span> <span class='ocrx_word' id='word_1_219' title='bbox 696 2188 796 2210; x_wconf 86' lang='lat' dir='ltr'>voveo</span> <span class='ocrx_word' id='word_1_220' title='bbox 825 2188 862 2211; x_wconf 87' lang='lat' dir='ltr'>ac</span> <span class='ocrx_word' id='word_1_221' title='bbox 886 2178 968 2213; x_wconf 90' lang='lat' dir='ltr'>iuro.</span> 
     </span>
     <span class='ocr_line' id='line_1_43' title="bbox 225 2230 973 2274; baseline 0.003 -11"><span class='ocrx_word' id='word_1_222' title='bbox 225 2230 263 2263; x_wconf 93' lang='lat' dir='ltr'>Et</span> <span class='ocrx_word' id='word_1_223' title='bbox 281 2230 378 2264; x_wconf 89' lang='lat' dir='ltr'>simili</span> <span class='ocrx_word' id='word_1_224' title='bbox 400 2230 581 2263; x_wconf 79' lang='lat' dir='ltr'>iuramento</span> <span class='ocrx_word' id='word_1_225' title='bbox 610 2230 773 2264; x_wconf 88' lang='lat' dir='ltr'>mediante</span> <span class='ocrx_word' id='word_1_226' title='bbox 788 2258 795 2271; x_wconf 92' lang='lat'>‚</span> <span class='ocrx_word' id='word_1_227' title='bbox 818 2232 973 2274; x_wconf 86' lang='lat' dir='ltr'>promitto</span> 
     </span>
     <span class='ocr_line' id='line_1_44' title="bbox 226 2283 972 2327; baseline 0.003 -11"><span class='ocrx_word' id='word_1_228' title='bbox 226 2284 377 2317; x_wconf 86' lang='lat' dir='ltr'>eumdem</span> <span class='ocrx_word' id='word_1_229' title='bbox 407 2283 581 2317; x_wconf 88' lang='lat' dir='ltr'>Henricum</span> <span class='ocrx_word' id='word_1_230' title='bbox 619 2294 730 2326; x_wconf 83' lang='lat' dir='ltr'>regem</span> <span class='ocrx_word' id='word_1_231' title='bbox 769 2290 972 2327; x_wconf 87' lang='lat' dir='ltr'>praesentem</span> 
     </span>
     <span class='ocr_line' id='line_1_45' title="bbox 227 2336 973 2378; baseline 0.003 -9"><span class='ocrx_word' id='word_1_232' title='bbox 227 2346 374 2370; x_wconf 87' lang='lat' dir='ltr'>errorum</span> <span class='ocrx_word' id='word_1_233' title='bbox 401 2342 433 2370; x_wconf 91' lang='lat' dir='ltr'>et</span> <span class='ocrx_word' id='word_1_234' title='bbox 460 2337 629 2370; x_wconf 84' lang='lat' dir='ltr'>haeresum</span> <span class='ocrx_word' id='word_1_235' title='bbox 661 2336 918 2378; x_wconf 87' lang='lat' dir='ltr'>abiurationem,</span> <span class='ocrx_word' id='word_1_236' title='bbox 943 2344 973 2371; x_wconf 90' lang='lat' dir='ltr'>et</span> 
     </span>
     <span class='ocr_line' id='line_1_46' title="bbox 226 2388 974 2434; baseline 0.003 -13"><span class='ocrx_word' id='word_1_237' title='bbox 226 2388 302 2423; x_wconf 88' lang='lat' dir='ltr'>fidei</span> <span class='ocrx_word' id='word_1_238' title='bbox 334 2389 511 2423; x_wconf 89' lang='lat' dir='ltr'>catholicae</span> <span class='ocrx_word' id='word_1_239' title='bbox 539 2389 790 2434; x_wconf 81' lang='lat' dir='ltr'>professionem,</span> <span class='ocrx_word' id='word_1_240' title='bbox 815 2401 851 2423; x_wconf 85' lang='lat' dir='ltr'>ac</span> <span class='ocrx_word' id='word_1_241' title='bbox 880 2390 912 2423; x_wconf 93' lang='lat' dir='ltr'>in</span> <span class='ocrx_word' id='word_1_242' title='bbox 937 2400 974 2423; x_wconf 88' lang='lat' dir='ltr'>ea</span> 
     </span>
     <span class='ocr_line' id='line_1_47' title="bbox 228 2443 973 2488; baseline 0 -12"><span class='ocrx_word' id='word_1_243' title='bbox 228 2448 377 2476; x_wconf 88' lang='lat' dir='ltr'>contenta</span> <span class='ocrx_word' id='word_1_244' title='bbox 395 2453 631 2488; x_wconf 84' lang='lat' dir='ltr'>quaecumque,</span> <span class='ocrx_word' id='word_1_245' title='bbox 655 2443 696 2477; x_wconf 87' lang='lat' dir='ltr'>ad</span> <span class='ocrx_word' id='word_1_246' title='bbox 717 2454 813 2477; x_wconf 89' lang='lat' dir='ltr'>omne</span> <span class='ocrx_word' id='word_1_247' title='bbox 839 2444 973 2477; x_wconf 84' lang='lat' dir='ltr'>manda-</span> 
     </span>
     <span class='ocr_line' id='line_1_48' title="bbox 227 2496 974 2531; baseline 0.003 -3"><span class='ocrx_word' id='word_1_248' title='bbox 227 2501 296 2529; x_wconf 93' lang='lat' dir='ltr'>tum</span> <span class='ocrx_word' id='word_1_249' title='bbox 316 2496 498 2529; x_wconf 88' lang='lat' dir='ltr'>Sanctitatis</span> <span class='ocrx_word' id='word_1_250' title='bbox 518 2497 648 2530; x_wconf 85' lang='lat' dir='ltr'>Vestrae</span> <span class='ocrx_word' id='word_1_251' title='bbox 669 2502 699 2530; x_wconf 90' lang='lat' dir='ltr'>et</span> <span class='ocrx_word' id='word_1_252' title='bbox 723 2496 819 2530; x_wconf 90' lang='lat' dir='ltr'>huius</span> <span class='ocrx_word' id='word_1_253' title='bbox 839 2496 974 2531; x_wconf 84' lang='lat' dir='ltr'>Sanctae</span> 
     </span>
     <span class='ocr_line' id='line_1_49' title="bbox 227 2549 971 2593; baseline 0.001 -10"><span class='ocrx_word' id='word_1_254' title='bbox 227 2549 329 2591; x_wconf 87' lang='lat' dir='ltr'>Sedis,</span> <span class='ocrx_word' id='word_1_255' title='bbox 352 2549 550 2584; x_wconf 85' lang='lat' dir='ltr'>sufficienter</span> <span class='ocrx_word' id='word_1_256' title='bbox 567 2555 598 2583; x_wconf 89' lang='lat' dir='ltr'>et</span> <span class='ocrx_word' id='word_1_257' title='bbox 617 2550 761 2593; x_wconf 80' lang='lat' dir='ltr'>legitime</span> <span class='ocrx_word' id='word_1_258' title='bbox 791 2549 971 2584; x_wconf 84' lang='lat' dir='ltr'>ratificatu-</span> 
     </span>
     <span class='ocr_line' id='line_1_50' title="bbox 227 2603 974 2648; baseline 0.001 -11"><span class='ocrx_word' id='word_1_259' title='bbox 227 2613 312 2645; x_wconf 84' lang='lat' dir='ltr'>rum,</span> <span class='ocrx_word' id='word_1_260' title='bbox 328 2614 365 2638; x_wconf 89' lang='lat' dir='ltr'>ac</span> <span class='ocrx_word' id='word_1_261' title='bbox 382 2603 503 2638; x_wconf 85' lang='lat' dir='ltr'>litteras</span> <span class='ocrx_word' id='word_1_262' title='bbox 519 2608 665 2648; x_wconf 85' lang='lat' dir='ltr'>patentes</span> <span class='ocrx_word' id='word_1_263' title='bbox 682 2603 904 2638; x_wconf 81' lang='lat' dir='ltr'>ratificationis</span> <span class='ocrx_word' id='word_1_264' title='bbox 915 2603 974 2638; x_wconf 90' lang='lat' dir='ltr'>hu-</span> 
     </span>
    </p>
   </div>
   <div class='ocr_carea' id='block_1_6' title="bbox 1006 308 1757 2648">
    <p class='ocr_par' dir='ltr' id='par_1_6' title="bbox 1006 308 1755 1633">
     <span class='ocr_line' id='line_1_51' title="bbox 1009 308 1753 342; baseline 0 -2"><span class='ocrx_word' id='word_1_265' title='bbox 1009 309 1113 341; x_wconf 89' lang='lat' dir='ltr'>forma</span> <span class='ocrx_word' id='word_1_266' title='bbox 1130 309 1316 342; x_wconf 88' lang='lat' dir='ltr'>authentica</span> <span class='ocrx_word' id='word_1_267' title='bbox 1327 309 1366 342; x_wconf 89' lang='lat' dir='ltr'>ad</span> <span class='ocrx_word' id='word_1_268' title='bbox 1386 308 1532 342; x_wconf 87' lang='lat' dir='ltr'>eamdem</span> <span class='ocrx_word' id='word_1_269' title='bbox 1547 308 1753 342; x_wconf 89' lang='lat' dir='ltr'>Sanctitatem</span> 
     </span>
     <span class='ocr_line' id='line_1_52' title="bbox 1010 361 1751 405; baseline 0.001 -12"><span class='ocrx_word' id='word_1_270' title='bbox 1010 361 1165 401; x_wconf 77' lang='lat' dir='ltr'>Vestram,</span> <span class='ocrx_word' id='word_1_271' title='bbox 1191 368 1219 394; x_wconf 86' lang='lat' dir='ltr'>et</span> <span class='ocrx_word' id='word_1_272' title='bbox 1246 362 1329 394; x_wconf 86' lang='lat' dir='ltr'>hanc</span> <span class='ocrx_word' id='word_1_273' title='bbox 1353 363 1500 395; x_wconf 83' lang='lat' dir='ltr'>Sanctam</span> <span class='ocrx_word' id='word_1_274' title='bbox 1527 362 1642 395; x_wconf 84' lang='lat' dir='ltr'>Sedem</span> <span class='ocrx_word' id='word_1_275' title='bbox 1663 362 1751 405; x_wconf 82' lang='lat' dir='ltr'>Apo-</span> 
     </span>
     <span class='ocr_line' id='line_1_53' title="bbox 1007 415 1754 459; baseline 0.001 -13"><span class='ocrx_word' id='word_1_276' title='bbox 1007 415 1164 453; x_wconf 85' lang='lat' dir='ltr'>stolicam,</span> <span class='ocrx_word' id='word_1_277' title='bbox 1184 415 1266 448; x_wconf 85' lang='lat' dir='ltr'>intra</span> <span class='ocrx_word' id='word_1_278' title='bbox 1278 420 1405 459; x_wconf 87' lang='lat' dir='ltr'>tempus</span> <span class='ocrx_word' id='word_1_279' title='bbox 1419 421 1618 459; x_wconf 79' lang='lat' dir='ltr'>competens,</span> <span class='ocrx_word' id='word_1_280' title='bbox 1632 415 1754 458; x_wconf 82' lang='lat' dir='ltr'>absque</span> 
     </span>
     <span class='ocr_line' id='line_1_54' title="bbox 1008 468 1750 512; baseline 0 -11"><span class='ocrx_word' id='word_1_281' title='bbox 1008 468 1116 512; x_wconf 81' lang='lat' dir='ltr'>aliqua</span> <span class='ocrx_word' id='word_1_282' title='bbox 1141 469 1420 512; x_wconf 85' lang='lat' dir='ltr'>interpellatione,</span> <span class='ocrx_word' id='word_1_283' title='bbox 1449 469 1579 502; x_wconf 88' lang='lat' dir='ltr'>realiter</span> <span class='ocrx_word' id='word_1_284' title='bbox 1611 475 1642 502; x_wconf 86' lang='lat' dir='ltr'>et</span> <span class='ocrx_word' id='word_1_285' title='bbox 1672 468 1750 502; x_wconf 86' lang='lat' dir='ltr'>effe-</span> 
     </span>
     <span class='ocr_line' id='line_1_55' title="bbox 1008 521 1753 562; baseline 0.004 -10"><span class='ocrx_word' id='word_1_286' title='bbox 1008 521 1155 553; x_wconf 82' lang='lat' dir='ltr'>ctualiter</span> <span class='ocrx_word' id='word_1_287' title='bbox 1175 522 1449 555; x_wconf 86' lang='lat' dir='ltr'>transmissurum.</span> <span class='ocrx_word' id='word_1_288' title='bbox 1467 522 1512 555; x_wconf 89' lang='lat' dir='ltr'>Ita</span> <span class='ocrx_word' id='word_1_289' title='bbox 1530 533 1599 562; x_wconf 87' lang='lat' dir='ltr'>nos,</span> <span class='ocrx_word' id='word_1_290' title='bbox 1617 522 1753 555; x_wconf 84' lang='lat' dir='ltr'>dictum-</span> 
     </span>
     <span class='ocr_line' id='line_1_56' title="bbox 1008 573 1755 617; baseline 0.004 -12"><span class='ocrx_word' id='word_1_291' title='bbox 1008 584 1069 616; x_wconf 90' lang='lat' dir='ltr'>que</span> <span class='ocrx_word' id='word_1_292' title='bbox 1091 573 1265 607; x_wconf 82' lang='lat' dir='ltr'>Henricum</span> <span class='ocrx_word' id='word_1_293' title='bbox 1286 585 1414 617; x_wconf 85' lang='lat' dir='ltr'>regem,</span> <span class='ocrx_word' id='word_1_294' title='bbox 1437 576 1519 609; x_wconf 90' lang='lat' dir='ltr'>Deus</span> <span class='ocrx_word' id='word_1_295' title='bbox 1550 575 1699 615; x_wconf 88' lang='lat' dir='ltr'>adiuvet,</span> <span class='ocrx_word' id='word_1_296' title='bbox 1724 580 1755 608; x_wconf 89' lang='lat' dir='ltr'>et</span> 
     </span>
     <span class='ocr_line' id='line_1_57' title="bbox 1008 626 1754 671; baseline 0.005 -13"><span class='ocrx_word' id='word_1_297' title='bbox 1008 626 1086 659; x_wconf 86' lang='lat' dir='ltr'>haec</span> <span class='ocrx_word' id='word_1_298' title='bbox 1107 633 1216 660; x_wconf 87' lang='lat' dir='ltr'>sancta</span> <span class='ocrx_word' id='word_1_299' title='bbox 1244 628 1298 661; x_wconf 92' lang='lat' dir='ltr'>Dei</span> <span class='ocrx_word' id='word_1_300' title='bbox 1331 629 1506 671; x_wconf 89' lang='lat' dir='ltr'>evangelia.</span> <span class='ocrx_word' id='word_1_301' title='bbox 1532 630 1597 671; x_wconf 87' lang='lat' dir='ltr'>Ego</span> <span class='ocrx_word' id='word_1_302' title='bbox 1618 628 1754 662; x_wconf 88' lang='lat' dir='ltr'>lacobus</span> 
     </span>
     <span class='ocr_line' id='line_1_58' title="bbox 1007 680 1752 726; baseline 0.005 -14"><span class='ocrx_word' id='word_1_303' title='bbox 1007 680 1101 724; x_wconf 80' lang='lat' dir='ltr'>Davy,</span> <span class='ocrx_word' id='word_1_304' title='bbox 1125 687 1317 724; x_wconf 86' lang='lat' dir='ltr'>procurator</span> <span class='ocrx_word' id='word_1_305' title='bbox 1336 683 1538 726; x_wconf 86' lang='lat' dir='ltr'>supradictus</span> <span class='ocrx_word' id='word_1_306' title='bbox 1553 710 1560 723; x_wconf 87' lang='lat'>‚</span> <span class='ocrx_word' id='word_1_307' title='bbox 1585 688 1615 715; x_wconf 92' lang='lat' dir='ltr'>et</span> <span class='ocrx_word' id='word_1_308' title='bbox 1635 694 1752 726; x_wconf 88' lang='lat' dir='ltr'>procu-</span> 
     </span>
     <span class='ocr_line' id='line_1_59' title="bbox 1010 733 1749 778; baseline 0.004 -13"><span class='ocrx_word' id='word_1_309' title='bbox 1010 733 1129 766; x_wconf 85' lang='lat' dir='ltr'>ratorio</span> <span class='ocrx_word' id='word_1_310' title='bbox 1150 734 1281 768; x_wconf 92' lang='lat' dir='ltr'>nomine</span> <span class='ocrx_word' id='word_1_311' title='bbox 1306 735 1503 778; x_wconf 86' lang='lat' dir='ltr'>supradicto,</span> <span class='ocrx_word' id='word_1_312' title='bbox 1527 736 1569 768; x_wconf 88' lang='lat' dir='ltr'>ita</span> <span class='ocrx_word' id='word_1_313' title='bbox 1594 736 1749 776; x_wconf 88' lang='lat' dir='ltr'>abiuravi,</span> 
     </span>
     <span class='ocr_line' id='line_1_60' title="bbox 1008 787 1749 833; baseline 0.004 -14"><span class='ocrx_word' id='word_1_314' title='bbox 1008 787 1182 820; x_wconf 86' lang='lat' dir='ltr'>detestatus</span> <span class='ocrx_word' id='word_1_315' title='bbox 1203 788 1246 820; x_wconf 90' lang='lat' dir='ltr'>fui</span> <span class='ocrx_word' id='word_1_316' title='bbox 1268 793 1298 821; x_wconf 89' lang='lat' dir='ltr'>et</span> <span class='ocrx_word' id='word_1_317' title='bbox 1317 789 1593 829; x_wconf 84' lang='lat' dir='ltr'>anathematizavi,</span> <span class='ocrx_word' id='word_1_318' title='bbox 1618 800 1654 822; x_wconf 87' lang='lat' dir='ltr'>ac</span> <span class='ocrx_word' id='word_1_319' title='bbox 1671 799 1749 833; x_wconf 91' lang='lat' dir='ltr'>pro-</span> 
     </span>
     <span class='ocr_line' id='line_1_61' title="bbox 1008 840 1754 886; baseline 0.004 -15"><span class='ocrx_word' id='word_1_320' title='bbox 1008 840 1106 872; x_wconf 84' lang='lat' dir='ltr'>fessus</span> <span class='ocrx_word' id='word_1_321' title='bbox 1127 851 1216 878; x_wconf 74' lang='lat' dir='ltr'>sum,</span> <span class='ocrx_word' id='word_1_322' title='bbox 1239 841 1419 885; x_wconf 74' lang='lat' dir='ltr'>spopondi,</span> <span class='ocrx_word' id='word_1_323' title='bbox 1444 842 1535 882; x_wconf 89' lang='lat' dir='ltr'>vovi,</span> <span class='ocrx_word' id='word_1_324' title='bbox 1564 841 1699 886; x_wconf 88' lang='lat' dir='ltr'>promisi</span> <span class='ocrx_word' id='word_1_325' title='bbox 1723 848 1754 875; x_wconf 88' lang='lat' dir='ltr'>et</span> 
     </span>
     <span class='ocr_line' id='line_1_62' title="bbox 1008 893 1749 939; baseline 0.004 -14"><span class='ocrx_word' id='word_1_326' title='bbox 1008 893 1108 926; x_wconf 89' lang='lat' dir='ltr'>iuravi</span> <span class='ocrx_word' id='word_1_327' title='bbox 1129 894 1316 938; x_wconf 82' lang='lat' dir='ltr'>respective,</span> <span class='ocrx_word' id='word_1_328' title='bbox 1341 901 1369 928; x_wconf 85' lang='lat' dir='ltr'>et</span> <span class='ocrx_word' id='word_1_329' title='bbox 1391 901 1595 939; x_wconf 88' lang='lat' dir='ltr'>praesentem</span> <span class='ocrx_word' id='word_1_330' title='bbox 1617 896 1749 929; x_wconf 88' lang='lat' dir='ltr'>abiura-</span> 
     </span>
     <span class='ocr_line' id='line_1_63' title="bbox 1008 947 1753 993; baseline 0.003 -14"><span class='ocrx_word' id='word_1_331' title='bbox 1008 947 1113 987; x_wconf 88' lang='lat' dir='ltr'>tionis‚</span> <span class='ocrx_word' id='word_1_332' title='bbox 1136 947 1211 980; x_wconf 82' lang='lat' dir='ltr'>fidei</span> <span class='ocrx_word' id='word_1_333' title='bbox 1231 949 1457 991; x_wconf 79' lang='lat' dir='ltr'>professionis,</span> <span class='ocrx_word' id='word_1_334' title='bbox 1478 949 1702 993; x_wconf 88' lang='lat' dir='ltr'>promissionis</span> <span class='ocrx_word' id='word_1_335' title='bbox 1722 955 1753 982; x_wconf 84' lang='lat' dir='ltr'>et</span> 
     </span>
     <span class='ocr_line' id='line_1_64' title="bbox 1007 1000 1751 1045; baseline 0.003 -13"><span class='ocrx_word' id='word_1_336' title='bbox 1007 1000 1178 1033; x_wconf 84' lang='lat' dir='ltr'>iuramenti</span> <span class='ocrx_word' id='word_1_337' title='bbox 1198 1001 1386 1034; x_wconf 86' lang='lat' dir='ltr'>schedulam</span> <span class='ocrx_word' id='word_1_338' title='bbox 1408 1013 1507 1035; x_wconf 85' lang='lat' dir='ltr'>manu</span> <span class='ocrx_word' id='word_1_339' title='bbox 1528 1012 1600 1035; x_wconf 89' lang='lat' dir='ltr'>mea</span> <span class='ocrx_word' id='word_1_340' title='bbox 1620 1002 1751 1045; x_wconf 83' lang='lat' dir='ltr'>propria</span> 
     </span>
     <span class='ocr_line' id='line_1_65' title="bbox 1006 1053 1750 1098; baseline 0.004 -13"><span class='ocrx_word' id='word_1_341' title='bbox 1006 1053 1190 1097; x_wconf 85' lang='lat' dir='ltr'>subscripsi,</span> <span class='ocrx_word' id='word_1_342' title='bbox 1214 1064 1277 1086; x_wconf 86' lang='lat' dir='ltr'>una</span> <span class='ocrx_word' id='word_1_343' title='bbox 1302 1065 1375 1087; x_wconf 91' lang='lat' dir='ltr'>cum</span> <span class='ocrx_word' id='word_1_344' title='bbox 1406 1055 1609 1098; x_wconf 87' lang='lat' dir='ltr'>infrascripto</span> <span class='ocrx_word' id='word_1_345' title='bbox 1629 1056 1664 1088; x_wconf 89' lang='lat' dir='ltr'>D.</span> <span class='ocrx_word' id='word_1_346' title='bbox 1689 1056 1750 1088; x_wconf 88' lang='lat' dir='ltr'>Ar-</span> 
     </span>
     <span class='ocr_line' id='line_1_66' title="bbox 1007 1107 1750 1150; baseline 0.004 -11"><span class='ocrx_word' id='word_1_347' title='bbox 1007 1107 1103 1140; x_wconf 89' lang='lat' dir='ltr'>naldo</span> <span class='ocrx_word' id='word_1_348' title='bbox 1116 1107 1240 1149; x_wconf 79' lang='lat' dir='ltr'>collega</span> <span class='ocrx_word' id='word_1_349' title='bbox 1259 1118 1342 1140; x_wconf 89' lang='lat' dir='ltr'>meo.</span> <span class='ocrx_word' id='word_1_350' title='bbox 1357 1108 1423 1150; x_wconf 84' lang='lat' dir='ltr'>Ego</span> <span class='ocrx_word' id='word_1_351' title='bbox 1437 1109 1597 1141; x_wconf 83' lang='lat' dir='ltr'>Arnaldus</span> <span class='ocrx_word' id='word_1_352' title='bbox 1611 1108 1750 1149; x_wconf 78' lang='lat' dir='ltr'>Ossams,</span> 
     </span>
     <span class='ocr_line' id='line_1_67' title="bbox 1007 1161 1753 1205; baseline 0.003 -13"><span class='ocrx_word' id='word_1_353' title='bbox 1007 1165 1198 1203; x_wconf 87' lang='lat' dir='ltr'>procurator</span> <span class='ocrx_word' id='word_1_354' title='bbox 1217 1161 1439 1204; x_wconf 89' lang='lat' dir='ltr'>supradictus,</span> <span class='ocrx_word' id='word_1_355' title='bbox 1464 1167 1495 1194; x_wconf 91' lang='lat' dir='ltr'>et</span> <span class='ocrx_word' id='word_1_356' title='bbox 1526 1162 1753 1205; x_wconf 87' lang='lat' dir='ltr'>procuratorio</span> 
     </span>
     <span class='ocr_line' id='line_1_68' title="bbox 1007 1213 1753 1257; baseline 0.005 -12"><span class='ocrx_word' id='word_1_357' title='bbox 1007 1213 1139 1246; x_wconf 89' lang='lat' dir='ltr'>nomine</span> <span class='ocrx_word' id='word_1_358' title='bbox 1157 1214 1355 1257; x_wconf 89' lang='lat' dir='ltr'>supradicto,</span> <span class='ocrx_word' id='word_1_359' title='bbox 1379 1214 1422 1247; x_wconf 88' lang='lat' dir='ltr'>ita</span> <span class='ocrx_word' id='word_1_360' title='bbox 1442 1214 1599 1255; x_wconf 82' lang='lat' dir='ltr'>abiuravi‚</span> <span class='ocrx_word' id='word_1_361' title='bbox 1615 1215 1753 1249; x_wconf 86' lang='lat' dir='ltr'>detesta-</span> 
     </span>
     <span class='ocr_line' id='line_1_69' title="bbox 1008 1267 1755 1312; baseline 0.003 -12"><span class='ocrx_word' id='word_1_362' title='bbox 1008 1272 1057 1300; x_wconf 89' lang='lat' dir='ltr'>tus</span> <span class='ocrx_word' id='word_1_363' title='bbox 1083 1267 1128 1300; x_wconf 90' lang='lat' dir='ltr'>fui</span> <span class='ocrx_word' id='word_1_364' title='bbox 1153 1272 1183 1300; x_wconf 87' lang='lat' dir='ltr'>et</span> <span class='ocrx_word' id='word_1_365' title='bbox 1212 1267 1501 1308; x_wconf 86' lang='lat' dir='ltr'>anathematizavi,</span> <span class='ocrx_word' id='word_1_366' title='bbox 1526 1279 1562 1302; x_wconf 92' lang='lat' dir='ltr'>ac</span> <span class='ocrx_word' id='word_1_367' title='bbox 1591 1269 1755 1312; x_wconf 87' lang='lat' dir='ltr'>professus</span> 
     </span>
     <span class='ocr_line' id='line_1_70' title="bbox 1007 1321 1752 1366; baseline 0.003 -13"><span class='ocrx_word' id='word_1_368' title='bbox 1007 1331 1096 1361; x_wconf 88' lang='lat' dir='ltr'>sum,</span> <span class='ocrx_word' id='word_1_369' title='bbox 1120 1321 1301 1365; x_wconf 83' lang='lat' dir='ltr'>spopondi,</span> <span class='ocrx_word' id='word_1_370' title='bbox 1325 1322 1411 1362; x_wconf 84' lang='lat' dir='ltr'>vovi,</span> <span class='ocrx_word' id='word_1_371' title='bbox 1436 1322 1571 1366; x_wconf 90' lang='lat' dir='ltr'>promisi</span> <span class='ocrx_word' id='word_1_372' title='bbox 1595 1328 1626 1356; x_wconf 89' lang='lat' dir='ltr'>et</span> <span class='ocrx_word' id='word_1_373' title='bbox 1653 1323 1752 1356; x_wconf 76' lang='lat' dir='ltr'>iuravi</span> 
     </span>
     <span class='ocr_line' id='line_1_71' title="bbox 1007 1374 1752 1419; baseline 0.003 -12"><span class='ocrx_word' id='word_1_374' title='bbox 1007 1374 1201 1418; x_wconf 88' lang='lat' dir='ltr'>respective,</span> <span class='ocrx_word' id='word_1_375' title='bbox 1226 1381 1257 1408; x_wconf 89' lang='lat' dir='ltr'>et</span> <span class='ocrx_word' id='word_1_376' title='bbox 1289 1380 1493 1419; x_wconf 86' lang='lat' dir='ltr'>praesentem</span> <span class='ocrx_word' id='word_1_377' title='bbox 1520 1376 1752 1417; x_wconf 85' lang='lat' dir='ltr'>abiurationis,</span> 
     </span>
     <span class='ocr_line' id='line_1_72' title="bbox 1007 1428 1752 1473; baseline 0.004 -13"><span class='ocrx_word' id='word_1_378' title='bbox 1007 1428 1082 1461; x_wconf 87' lang='lat' dir='ltr'>fidei</span> <span class='ocrx_word' id='word_1_379' title='bbox 1108 1428 1339 1472; x_wconf 71' lang='lat' dir='ltr'>professionis,</span> <span class='ocrx_word' id='word_1_380' title='bbox 1362 1429 1586 1473; x_wconf 89' lang='lat' dir='ltr'>promissionis</span> <span class='ocrx_word' id='word_1_381' title='bbox 1611 1435 1642 1463; x_wconf 89' lang='lat' dir='ltr'>et</span> <span class='ocrx_word' id='word_1_382' title='bbox 1662 1430 1752 1463; x_wconf 93' lang='lat' dir='ltr'>iura-</span> 
     </span>
     <span class='ocr_line' id='line_1_73' title="bbox 1008 1482 1755 1528; baseline 0.003 -14"><span class='ocrx_word' id='word_1_383' title='bbox 1008 1482 1106 1515; x_wconf 90' lang='lat' dir='ltr'>menti</span> <span class='ocrx_word' id='word_1_384' title='bbox 1126 1482 1316 1515; x_wconf 82' lang='lat' dir='ltr'>schedulam</span> <span class='ocrx_word' id='word_1_385' title='bbox 1337 1493 1435 1516; x_wconf 91' lang='lat' dir='ltr'>manu</span> <span class='ocrx_word' id='word_1_386' title='bbox 1448 1494 1520 1516; x_wconf 88' lang='lat' dir='ltr'>mea</span> <span class='ocrx_word' id='word_1_387' title='bbox 1534 1483 1667 1528; x_wconf 80' lang='lat' dir='ltr'>propria</span> <span class='ocrx_word' id='word_1_388' title='bbox 1680 1483 1755 1516; x_wconf 92' lang='lat' dir='ltr'>sub-</span> 
     </span>
     <span class='ocr_line' id='line_1_74' title="bbox 1006 1535 1754 1580; baseline 0.003 -12"><span class='ocrx_word' id='word_1_389' title='bbox 1006 1535 1120 1579; x_wconf 89' lang='lat' dir='ltr'>scripsi</span> <span class='ocrx_word' id='word_1_390' title='bbox 1149 1545 1213 1568; x_wconf 93' lang='lat' dir='ltr'>una</span> <span class='ocrx_word' id='word_1_391' title='bbox 1246 1546 1319 1568; x_wconf 90' lang='lat' dir='ltr'>cum</span> <span class='ocrx_word' id='word_1_392' title='bbox 1350 1536 1537 1580; x_wconf 87' lang='lat' dir='ltr'>supradicto</span> <span class='ocrx_word' id='word_1_393' title='bbox 1568 1537 1603 1570; x_wconf 91' lang='lat' dir='ltr'>D.</span> <span class='ocrx_word' id='word_1_394' title='bbox 1636 1536 1754 1570; x_wconf 85' lang='lat' dir='ltr'>Iacobo</span> 
     </span>
     <span class='ocr_line' id='line_1_75' title="bbox 1006 1589 1343 1633; baseline 0.003 -12"><span class='ocrx_word' id='word_1_395' title='bbox 1006 1589 1089 1633; x_wconf 81' lang='lat' dir='ltr'>Davy</span> <span class='ocrx_word' id='word_1_396' title='bbox 1110 1589 1234 1631; x_wconf 75' lang='lat' dir='ltr'>collega</span> <span class='ocrx_word' id='word_1_397' title='bbox 1258 1599 1343 1622; x_wconf 90' lang='lat' dir='ltr'>meo.</span> 
     </span>
    </p>

    <p class='ocr_par' dir='ltr' id='par_1_7' title="bbox 1006 1641 1757 2648">
     <span class='ocr_line' id='line_1_76' title="bbox 1051 1641 1754 1687; baseline 0.004 -13"><span class='ocrx_word' id='word_1_398' title='bbox 1051 1644 1067 1685; x_wconf 66' lang='lat' dir='ltr'>g</span> <span class='ocrx_word' id='word_1_399' title='bbox 1089 1641 1141 1675; x_wconf 82' lang='lat'>10.</span> <span class='ocrx_word' id='word_1_400' title='bbox 1165 1642 1287 1681; x_wconf 83' lang='lat' dir='ltr'>Quibus</span> <span class='ocrx_word' id='word_1_401' title='bbox 1303 1642 1447 1685; x_wconf 80' lang='lat' dir='ltr'>legitime</span> <span class='ocrx_word' id='word_1_402' title='bbox 1467 1643 1617 1687; x_wconf 89' lang='lat' dir='ltr'>peractis,</span> <span class='ocrx_word' id='word_1_403' title='bbox 1633 1654 1702 1682; x_wconf 76' lang='lat' dir='ltr'>nos¹</span> <span class='ocrx_word' id='word_1_404' title='bbox 1719 1650 1754 1677; x_wconf 85' lang='lat' dir='ltr'>ut</span> 
     </span>
     <span class='ocr_line' id='line_1_77' title="bbox 1007 1696 1752 1731; baseline 0.004 -3"><span class='ocrx_word' id='word_1_405' title='bbox 1007 1696 1131 1729; x_wconf 82' lang='lat' dir='ltr'>facilius</span> <span class='ocrx_word' id='word_1_406' title='bbox 1152 1707 1170 1729; x_wconf 94' lang='lat' dir='ltr'>a</span> <span class='ocrx_word' id='word_1_407' title='bbox 1187 1697 1437 1730; x_wconf 89' lang='lat' dir='ltr'>clementissimo</span> <span class='ocrx_word' id='word_1_408' title='bbox 1452 1697 1752 1731; x_wconf 88' lang='lat' dir='ltr'>misericordiarum</span> 
     </span>
     <span class='ocr_line' id='line_1_78' title="bbox 1006 1750 1753 1791; baseline 0.001 -9"><span class='ocrx_word' id='word_1_409' title='bbox 1006 1750 1098 1782; x_wconf 88' lang='lat' dir='ltr'>Patre</span> <span class='ocrx_word' id='word_1_410' title='bbox 1118 1756 1149 1783; x_wconf 89' lang='lat' dir='ltr'>et</span> <span class='ocrx_word' id='word_1_411' title='bbox 1167 1750 1304 1784; x_wconf 91' lang='lat' dir='ltr'>Domino</span> <span class='ocrx_word' id='word_1_412' title='bbox 1329 1756 1439 1784; x_wconf 87' lang='lat' dir='ltr'>nostro</span> <span class='ocrx_word' id='word_1_413' title='bbox 1465 1751 1548 1791; x_wconf 75' lang='lat' dir='ltr'>Deo,</span> <span class='ocrx_word' id='word_1_414' title='bbox 1570 1757 1753 1784; x_wconf 87' lang='lat' dir='ltr'>erratorum</span> 
     </span>
     <span class='ocr_line' id='line_1_79' title="bbox 1008 1801 1754 1843; baseline 0.001 -9"><span class='ocrx_word' id='word_1_415' title='bbox 1008 1807 1137 1834; x_wconf 87' lang='lat' dir='ltr'>tuorum</span> <span class='ocrx_word' id='word_1_416' title='bbox 1164 1801 1351 1834; x_wconf 89' lang='lat' dir='ltr'>huiusmodi</span> <span class='ocrx_word' id='word_1_417' title='bbox 1378 1801 1522 1843; x_wconf 86' lang='lat' dir='ltr'>veniam,</span> <span class='ocrx_word' id='word_1_418' title='bbox 1548 1807 1578 1835; x_wconf 87' lang='lat' dir='ltr'>et</span> <span class='ocrx_word' id='word_1_419' title='bbox 1605 1802 1637 1834; x_wconf 88' lang='lat' dir='ltr'>in</span> <span class='ocrx_word' id='word_1_420' title='bbox 1667 1802 1754 1835; x_wconf 90' lang='lat' dir='ltr'>bono</span> 
     </span>
     <span class='ocr_line' id='line_1_80' title="bbox 1006 1855 1754 1900; baseline 0 -11"><span class='ocrx_word' id='word_1_421' title='bbox 1006 1855 1278 1900; x_wconf 87' lang='lat' dir='ltr'>perseverantiam</span> <span class='ocrx_word' id='word_1_422' title='bbox 1299 1856 1455 1899; x_wconf 88' lang='lat' dir='ltr'>consequi</span> <span class='ocrx_word' id='word_1_423' title='bbox 1470 1856 1635 1896; x_wconf 87' lang='lat' dir='ltr'>merearis,</span> <span class='ocrx_word' id='word_1_424' title='bbox 1651 1856 1683 1888; x_wconf 90' lang='lat' dir='ltr'>in</span> <span class='ocrx_word' id='word_1_425' title='bbox 1703 1867 1754 1889; x_wconf 88' lang='lat' dir='ltr'>sa-</span> 
     </span>
     <span class='ocr_line' id='line_1_81' title="bbox 1007 1908 1752 1953; baseline 0.001 -12"><span class='ocrx_word' id='word_1_426' title='bbox 1007 1909 1126 1942; x_wconf 85' lang='lat' dir='ltr'>lutares</span> <span class='ocrx_word' id='word_1_427' title='bbox 1145 1908 1359 1952; x_wconf 85' lang='lat' dir='ltr'>poenitentias</span> <span class='ocrx_word' id='word_1_428' title='bbox 1374 1937 1381 1950; x_wconf 88' lang='lat'>,</span> <span class='ocrx_word' id='word_1_429' title='bbox 1406 1914 1436 1942; x_wconf 89' lang='lat' dir='ltr'>et</span> <span class='ocrx_word' id='word_1_430' title='bbox 1461 1909 1602 1953; x_wconf 88' lang='lat' dir='ltr'>aliquam</span> <span class='ocrx_word' id='word_1_431' title='bbox 1624 1909 1752 1943; x_wconf 87' lang='lat' dir='ltr'>satisfa-</span> 
     </span>
     <span class='ocr_line' id='line_1_82' title="bbox 1007 1962 1753 2006; baseline 0.003 -12"><span class='ocrx_word' id='word_1_432' title='bbox 1007 1962 1121 1995; x_wconf 88' lang='lat' dir='ltr'>ctionis</span> <span class='ocrx_word' id='word_1_433' title='bbox 1132 1968 1275 2006; x_wconf 86' lang='lat' dir='ltr'>partem,</span> <span class='ocrx_word' id='word_1_434' title='bbox 1292 1962 1412 1996; x_wconf 88' lang='lat' dir='ltr'>eisdem</span> <span class='ocrx_word' id='word_1_435' title='bbox 1426 1962 1542 1996; x_wconf 89' lang='lat' dir='ltr'>Iacobo</span> <span class='ocrx_word' id='word_1_436' title='bbox 1557 1968 1587 1996; x_wconf 90' lang='lat' dir='ltr'>et</span> <span class='ocrx_word' id='word_1_437' title='bbox 1600 1963 1753 2004; x_wconf 79' lang='lat' dir='ltr'>Arnatdo,</span> 
     </span>
     <span class='ocr_line' id='line_1_83' title="bbox 1006 2016 1752 2060; baseline 0.001 -12"><span class='ocrx_word' id='word_1_438' title='bbox 1006 2016 1231 2060; x_wconf 85' lang='lat' dir='ltr'>procuratorio</span> <span class='ocrx_word' id='word_1_439' title='bbox 1252 2016 1385 2049; x_wconf 89' lang='lat' dir='ltr'>nomine</span> <span class='ocrx_word' id='word_1_440' title='bbox 1405 2016 1584 2060; x_wconf 86' lang='lat' dir='ltr'>praedicto,</span> <span class='ocrx_word' id='word_1_441' title='bbox 1609 2016 1752 2049; x_wconf 80' lang='lat' dir='ltr'>iniunxi-</span> 
     </span>
     <span class='ocr_line' id='line_1_84' title="bbox 1007 2069 1755 2110; baseline 0.001 -8"><span class='ocrx_word' id='word_1_442' title='bbox 1007 2080 1078 2103; x_wconf 90' lang='lat' dir='ltr'>mus</span> <span class='ocrx_word' id='word_1_443' title='bbox 1099 2075 1130 2103; x_wconf 85' lang='lat' dir='ltr'>et</span> <span class='ocrx_word' id='word_1_444' title='bbox 1150 2069 1383 2110; x_wconf 87' lang='lat' dir='ltr'>mandavimus,</span> <span class='ocrx_word' id='word_1_445' title='bbox 1408 2075 1443 2103; x_wconf 91' lang='lat' dir='ltr'>ut</span> <span class='ocrx_word' id='word_1_446' title='bbox 1462 2070 1613 2103; x_wconf 88' lang='lat' dir='ltr'>restituas</span> <span class='ocrx_word' id='word_1_447' title='bbox 1633 2070 1755 2103; x_wconf 84' lang='lat' dir='ltr'>exerci-</span> 
     </span>
     <span class='ocr_line' id='line_1_85' title="bbox 1008 2122 1753 2166; baseline 0.001 -12"><span class='ocrx_word' id='word_1_448' title='bbox 1008 2122 1088 2155; x_wconf 88' lang='lat' dir='ltr'>tium</span> <span class='ocrx_word' id='word_1_449' title='bbox 1106 2122 1272 2165; x_wconf 82' lang='lat' dir='ltr'>religionis</span> <span class='ocrx_word' id='word_1_450' title='bbox 1294 2122 1471 2156; x_wconf 88' lang='lat' dir='ltr'>catholicae</span> <span class='ocrx_word' id='word_1_451' title='bbox 1497 2128 1528 2156; x_wconf 90' lang='lat' dir='ltr'>et</span> <span class='ocrx_word' id='word_1_452' title='bbox 1555 2123 1753 2166; x_wconf 85' lang='lat' dir='ltr'>apostolicae</span> 
     </span>
     <span class='ocr_line' id='line_1_86' title="bbox 1007 2176 1756 2220; baseline 0 -11"><span class='ocrx_word' id='word_1_453' title='bbox 1007 2176 1182 2216; x_wconf 85' lang='lat' dir='ltr'>Romanae,</span> <span class='ocrx_word' id='word_1_454' title='bbox 1199 2176 1232 2208; x_wconf 92' lang='lat' dir='ltr'>in</span> <span class='ocrx_word' id='word_1_455' title='bbox 1249 2176 1432 2220; x_wconf 88' lang='lat' dir='ltr'>principatu</span> <span class='ocrx_word' id='word_1_456' title='bbox 1452 2176 1579 2217; x_wconf 84' lang='lat' dir='ltr'>Bearni,</span> <span class='ocrx_word' id='word_1_457' title='bbox 1594 2182 1625 2209; x_wconf 88' lang='lat' dir='ltr'>et</span> <span class='ocrx_word' id='word_1_458' title='bbox 1642 2187 1756 2220; x_wconf 89' lang='lat' dir='ltr'>quam-</span> 
     </span>
     <span class='ocr_line' id='line_1_87' title="bbox 1008 2230 1756 2274; baseline 0.003 -12"><span class='ocrx_word' id='word_1_459' title='bbox 1008 2230 1149 2273; x_wconf 90' lang='lat' dir='ltr'>primum</span> <span class='ocrx_word' id='word_1_460' title='bbox 1170 2230 1319 2263; x_wconf 91' lang='lat' dir='ltr'>nomines</span> <span class='ocrx_word' id='word_1_461' title='bbox 1339 2230 1508 2274; x_wconf 88' lang='lat' dir='ltr'>episcopos</span> <span class='ocrx_word' id='word_1_462' title='bbox 1528 2230 1704 2264; x_wconf 88' lang='lat' dir='ltr'>catholicos</span> <span class='ocrx_word' id='word_1_463' title='bbox 1715 2230 1756 2264; x_wconf 85' lang='lat' dir='ltr'>ad</span> 
     </span>
     <span class='ocr_line' id='line_1_88' title="bbox 1007 2283 1757 2327; baseline 0.001 -11"><span class='ocrx_word' id='word_1_464' title='bbox 1007 2283 1165 2317; x_wconf 88' lang='lat' dir='ltr'>Ecclesias</span> <span class='ocrx_word' id='word_1_465' title='bbox 1186 2284 1329 2317; x_wconf 90' lang='lat' dir='ltr'>eiusdem</span> <span class='ocrx_word' id='word_1_466' title='bbox 1356 2284 1578 2327; x_wconf 82' lang='lat' dir='ltr'>principatus,</span> <span class='ocrx_word' id='word_1_467' title='bbox 1603 2289 1634 2317; x_wconf 88' lang='lat' dir='ltr'>et</span> <span class='ocrx_word' id='word_1_468' title='bbox 1654 2284 1757 2317; x_wconf 89' lang='lat' dir='ltr'>donec</span> 
     </span>
     <span class='ocr_line' id='line_1_89' title="bbox 1008 2336 1753 2380; baseline 0.001 -12"><span class='ocrx_word' id='word_1_469' title='bbox 1008 2336 1093 2369; x_wconf 87' lang='lat' dir='ltr'>bona</span> <span class='ocrx_word' id='word_1_470' title='bbox 1112 2336 1261 2370; x_wconf 89' lang='lat' dir='ltr'>Ecclesiis</span> <span class='ocrx_word' id='word_1_471' title='bbox 1274 2337 1496 2377; x_wconf 89' lang='lat' dir='ltr'>restituantur,</span> <span class='ocrx_word' id='word_1_472' title='bbox 1520 2337 1576 2370; x_wconf 90' lang='lat' dir='ltr'>des</span> <span class='ocrx_word' id='word_1_473' title='bbox 1595 2336 1671 2380; x_wconf 91' lang='lat' dir='ltr'>ipsis</span> <span class='ocrx_word' id='word_1_474' title='bbox 1683 2336 1753 2380; x_wconf 88' lang='lat' dir='ltr'>epi-</span> 
     </span>
     <span class='ocr_line' id='line_1_90' title="bbox 1008 2388 1753 2434; baseline 0.001 -12"><span class='ocrx_word' id='word_1_475' title='bbox 1008 2388 1113 2433; x_wconf 85' lang='lat' dir='ltr'>scopis</span> <span class='ocrx_word' id='word_1_476' title='bbox 1134 2395 1260 2423; x_wconf 89' lang='lat' dir='ltr'>tantum</span> <span class='ocrx_word' id='word_1_477' title='bbox 1282 2390 1321 2423; x_wconf 92' lang='lat' dir='ltr'>de</span> <span class='ocrx_word' id='word_1_478' title='bbox 1340 2396 1406 2431; x_wconf 89' lang='lat' dir='ltr'>tuo,</span> <span class='ocrx_word' id='word_1_479' title='bbox 1423 2395 1579 2434; x_wconf 82' lang='lat' dir='ltr'>quantum</span> <span class='ocrx_word' id='word_1_480' title='bbox 1593 2389 1670 2423; x_wconf 88' lang='lat' dir='ltr'>satis</span> <span class='ocrx_word' id='word_1_481' title='bbox 1682 2389 1753 2431; x_wconf 86' lang='lat' dir='ltr'>erit,</span> 
     </span>
     <span class='ocr_line' id='line_1_91' title="bbox 1008 2442 1755 2487; baseline 0.003 -12"><span class='ocrx_word' id='word_1_482' title='bbox 1008 2442 1149 2485; x_wconf 82' lang='lat' dir='ltr'>utdigne</span> <span class='ocrx_word' id='word_1_483' title='bbox 1163 2448 1193 2476; x_wconf 90' lang='lat' dir='ltr'>et</span> <span class='ocrx_word' id='word_1_484' title='bbox 1207 2453 1349 2485; x_wconf 86' lang='lat' dir='ltr'>congrue</span> <span class='ocrx_word' id='word_1_485' title='bbox 1360 2442 1487 2476; x_wconf 88' lang='lat' dir='ltr'>interim</span> <span class='ocrx_word' id='word_1_486' title='bbox 1499 2443 1671 2477; x_wconf 88' lang='lat' dir='ltr'>sustentari</span> <span class='ocrx_word' id='word_1_487' title='bbox 1681 2454 1755 2487; x_wconf 87' lang='lat' dir='ltr'>pos-</span> 
     </span>
     <span class='ocr_line' id='line_1_92' title="bbox 1008 2496 1757 2540; baseline 0.003 -12"><span class='ocrx_word' id='word_1_488' title='bbox 1008 2496 1082 2529; x_wconf 90' lang='lat' dir='ltr'>sint.</span> <span class='ocrx_word' id='word_1_489' title='bbox 1093 2496 1198 2539; x_wconf 87' lang='lat' dir='ltr'>thue</span> <span class='ocrx_word' id='word_1_490' title='bbox 1208 2496 1291 2529; x_wconf 89' lang='lat' dir='ltr'>intra</span> <span class='ocrx_word' id='word_1_491' title='bbox 1300 2507 1421 2529; x_wconf 90' lang='lat' dir='ltr'>annum</span> <span class='ocrx_word' id='word_1_492' title='bbox 1431 2496 1627 2540; x_wconf 84' lang='lat' dir='ltr'>proximum,</span> <span class='ocrx_word' id='word_1_493' title='bbox 1638 2497 1757 2530; x_wconf 85' lang='lat' dir='ltr'>educas</span> 
     </span>
     <span class='ocr_line' id='line_1_93' title="bbox 1009 2549 1754 2584; baseline 0.004 -3"><span class='ocrx_word' id='word_1_494' title='bbox 1009 2554 1040 2582; x_wconf 90' lang='lat' dir='ltr'>et</span> <span class='ocrx_word' id='word_1_495' title='bbox 1052 2549 1169 2582; x_wconf 89' lang='lat' dir='ltr'>liberes</span> <span class='ocrx_word' id='word_1_496' title='bbox 1183 2560 1201 2582; x_wconf 89' lang='lat' dir='ltr'>a</span> <span class='ocrx_word' id='word_1_497' title='bbox 1215 2549 1364 2582; x_wconf 85' lang='lat' dir='ltr'>manibus</span> <span class='ocrx_word' id='word_1_498' title='bbox 1377 2549 1618 2583; x_wconf 87' lang='lat' dir='ltr'>haereticorum</span> <span class='ocrx_word' id='word_1_499' title='bbox 1634 2550 1754 2584; x_wconf 89' lang='lat' dir='ltr'>Henri-</span> 
     </span>
     <span class='ocr_line' id='line_1_94' title="bbox 1009 2600 1757 2648; baseline 0.004 -11"><span class='ocrx_word' id='word_1_500' title='bbox 1009 2614 1082 2638; x_wconf 89' lang='lat' dir='ltr'>cum</span> <span class='ocrx_word' id='word_1_501' title='bbox 1103 2603 1283 2648; x_wconf 87' lang='lat' dir='ltr'>principem</span> <span class='ocrx_word' id='word_1_502' title='bbox 1303 2603 1515 2647; x_wconf 87' lang='lat' dir='ltr'>Condensem,</span> <span class='ocrx_word' id='word_1_503' title='bbox 1532 2609 1564 2638; x_wconf 88' lang='lat' dir='ltr'>et</span> <span class='ocrx_word' id='word_1_504' title='bbox 1576 2600 1667 2638; x_wconf 81' lang='lat' dir='ltr'>illum</span> <span class='ocrx_word' id='word_1_505' title='bbox 1680 2613 1757 2640; x_wconf 85' lang='lat' dir='ltr'>con-</span> 
     </span>
    </p>
   </div>
   <div class='ocr_carea' id='block_1_7' title="bbox 1661 196 1954 234">
    <p class='ocr_par' dir='ltr' id='par_1_8' title="bbox 1661 196 1954 234">
     <span class='ocr_line' id='line_1_95' title="bbox 1661 196 1954 234; baseline 0.017 -5"><span class='ocrx_word' id='word_1_506' title='bbox 1661 196 1721 230; x_wconf 48' lang='lat'>3111</span> <span class='ocrx_word' id='word_1_507' title='bbox 1771 206 1820 233; x_wconf 82' lang='lat' dir='ltr'>An.</span> <span class='ocrx_word' id='word_1_508' title='bbox 1837 206 1867 234; x_wconf 85' lang='lat' dir='ltr'>c.</span> <span class='ocrx_word' id='word_1_509' title='bbox 1885 206 1954 234; x_wconf 76' lang='lat'>159⁶</span> 
     </span>
    </p>
   </div>
   <div class='ocr_carea' id='block_1_8' title="bbox 1768 1650 1956 1730">
    <p class='ocr_par' dir='ltr' id='par_1_9' title="bbox 1768 1650 1956 1730">
     <span class='ocr_line' id='line_1_96' title="bbox 1804 1650 1956 1681; baseline 0.007 -10"><span class='ocrx_word' id='word_1_510' title='bbox 1804 1650 1862 1681; x_wconf 72' lang='lat' dir='ltr'>Quae</span> <span class='ocrx_word' id='word_1_511' title='bbox 1871 1651 1956 1681; x_wconf 21' lang='lat' dir='ltr'>*suerint</span> 
     </span>
     <span class='ocr_line' id='line_1_97' title="bbox 1768 1681 1955 1707; baseline 0.005 -9"><span class='ocrx_word' id='word_1_512' title='bbox 1768 1684 1813 1703; x_wconf 75' lang='lat' dir='ltr'>regi</span> <span class='ocrx_word' id='word_1_513' title='bbox 1826 1704 1830 1707; x_wconf 22' lang='grc' dir='ltr'><strong>θ</strong></span> <span class='ocrx_word' id='word_1_514' title='bbox 1847 1681 1955 1707; x_wconf 68' lang='lat' dir='ltr'>iniunctae)</span> 
     </span>
     <span class='ocr_line' id='line_1_98' title="bbox 1768 1706 1920 1730; baseline 0.007 -6"><span class='ocrx_word' id='word_1_515' title='bbox 1768 1706 1920 1730; x_wconf 77' lang='lat' dir='ltr'>poenitentiae.</span> 
     </span>
    </p>
   </div>
  </div>
 </body>
</html>
