2253 3195
55 158 104 185 An.
124 158 152 185 C.
170 157 237 184 1594

77 267 236 293 Apparatus-110.-

53 295 123 316 siltcar
153 294 237 313 xxiiim-

53 327 92 342 ntle
104 321 137 341 ilio
153 326 237 340 catunti-

52 347 140 368 :ationis
160 346 237 366 tit-‹vri-

52 373 113 395 bitur.

864 158 1010 182 CLEMENS
1031 158 1087 181 vni
1109 158 1158 181 1³1².
1677 145 1735 178 ’131
1788 156 1835 181 An.
1859 155 1886 181 C.
1906 156 1975 183 1594

254 205 315 238 ritu
336 216 352 238 a
374 206 466 238 nobis
487 206 729 246 celebrandum,
744 216 760 238 e
780 206 910 248 regione
929 217 997 238 ere-

253 264 338 291 ctum
361 258 561 291 cernebatur.
579 258 701 301 Templi
723 259 838 291 deinde
859 259 996 302 parietes

253 310 431 352 insignibus
451 311 569 343 aulaeis
595 322 673 344 auro
703 317 730 344 et
765 312 921 354 bombyce
948 312 995 343 in-

254 365 394 397 tertextis
418 365 534 397 obtecti
561 370 661 397 crant.
690 365 799 398 Omnis
830 370 995 408 praeterea

254 417 413 450 interioris
434 418 583 451 basilicae
603 417 752 455 ambitus
776 418 917 450 accensis
938 429 1013 449 ιιι]-1

251 470 347 513 (lique
369 481 536 503 cereorum
558 471 707 510 flammis,
729 470 918 510 collucebat,
935 470 991 502 tle—

251 524 347 567 nique
367 535 520 568 suspensa
540 525 579 557 de
602 525 688 557 tholo
716 535 751 556 ac
777 524 920 556 trabibus
945 535 994 556 xe-

250 577 333 616 xilla,
358 578 390 610 B.
416 578 582 621 Hyacinthi
603 577 837 610 sanctissimam
858 577 912 610 Dei
933 578 993 610 Ge-

251 630 400 663 nitricem
422 631 552 663 Mariam
566 630 729 673 Virginem
752 631 839 664 ssexis
860 631 994 673 genibus

251 683 429 716 venerantis
450 683 587 726 effigiem
608 684 814 727 spectandam
835 695 994 727 propone-

249 736 334 769 bant.
349 737 412 770 Nos
430 737 527 779 igitur
547 738 578 770 in
600 748 669 770 eam
683 738 859 777 basilicam,
878 749 994 780 magna

249 789 392 822 omnium
429 791 579 823 ordinum
606 791 804 834 frequentia,
834 792 989 833 ingressi,

249 849 344 886 atquc
375 843 406 875 in
440 854 476 876 ea
508 854 667 887 supernae
699 850 727 876 et
760 844 871 876 beatae
906 844 993 877 urbis

248 896 446 930 Hierusalem
481 897 570 940 quasi
605 898 663 930 sub
695 903 826 941 aspectu
856 898 991 941 positam

249 950 524 994 pulchritudinem
546 951 717 990 intuentes,
747 951 778 983 in
808 958 992 993 suggestum

248 1003 402 1046 primum,
426 1014 461 1036 ac
483 1003 600 1036 deinde
629 1004 743 1037 orandi
765 1015 860 1037 causa
880 1005 919 1037 ad
947 1005 992 1037 al-

250 1061 327 1095 tare,
351 1068 387 1089 ac
412 1062 577 1100 postremo
603 1058 643 1090 ad
670 1057 777 1090 throni
799 1058 935 1098 ibidem,
960 1065 991 1091 ut

249 1110 347 1143 moris
368 1115 423 1150 est,
441 1111 480 1143 ad
497 1111 642 1143 dextrum
666 1111 748 1144 latus
768 1112 865 1144 erecti
884 1112 991 1145 sedem

248 1164 467 1208 pervenimus,
492 1164 546 1196 ubi
561 1165 691 1197 eosdem
711 1165 912 1203 cardinales,
936 1177 993 1209 pa-

249 1217 415 1255 triarchas,
426 1217 685 1262 archiepiscopos
697 1224 728 1251 et
739 1219 906 1262 episcopos
920 1230 993 1252 cum

248 1271 346 1304 sacris
367 1271 506 1305 vestibus
527 1272 744 1304 obedientiam
770 1272 863 1304 nobis
895 1283 990 1316 prae—

248 1330 367 1358 stantes
388 1325 582 1369 excepimus.
607 1326 686 1358 Tum
713 1325 797 1358 idem
819 1326 994 1360 Stanislaus

248 1378 382 1422 praefati
410 1378 606 1421 Sigismundi
627 1379 710 1421 regis
730 1385 856 1419 orator,
880 1381 989 1420 semel,

250 1432 367 1465 iterum
392 1443 428 1465 ac
459 1432 552 1465 tertio
581 1433 772 1476 postulavit,
797 1438 832 1466 ut
862 1433 1012 1472 beatum,

249 1485 463 1530 Hyacinthum
485 1485 517 1518 in
535 1485 725 1519 Sanctorum
744 1496 915 1519 numerum
937 1498 990 1519 re-

250 1539 425 1579 ferremus,
449 1549 571 1582 nosque
592 1539 631 1572 ad
656 1539 796 1582 singulas
817 1540 916 1583 ipsius
939 1552 995 1584 pe—

249 1592 388 1633 titiones,
406 1592 524 1625 litaniis
541 1603 577 1626 ac
598 1593 695 1626 sacris
713 1593 839 1637 hymnis
858 1605 915 1638 per
934 1595 994 1627 tria

249 1647 398 1680 distincta
410 1645 575 1680 intervalla
590 1648 740 1687 recitatis,
756 1658 867 1691 preces
879 1649 993 1681 adiun-

249 1699 362 1733 ximus.
386 1700 530 1743 Denique
555 1701 705 1733 omnibus
730 1701 789 1733 rite
810 1712 845 1734 ac
866 1702 917 1745 pie
937 1713 993 1746 pe-

248 1754 355 1795 ractis,
379 1765 461 1798 quae
482 1754 542 1787 hac
562 1754 593 1786 in
615 1765 648 1787 rc
669 1755 721 1787 alii
743 1756 878 1788 Romani
905 1756 991 1789 Pon-

249 1807 349 1841 tifices
362 1808 627 1851 praedecessores
645 1808 745 1841 nostri
758 1810 914 1842 servanda
927 1820 994 1842 esse

249 1867 439 1901 statuerunt,
463 1862 644 1905 Sanctoque
665 1862 804 1905 Spiritu)
830 1863 921 1896 cuius
946 1863 994 1896 di-

249 1915 323 1948 vino
352 1915 484 1948 numine
513 1915 654 1948 Ecclesia
679 1915 785 1948 afflata
816 1926 992 1959 numquam

251 1968 382 2011 fallitur)
409 1967 517 2001 inultis
542 1978 613 2001 cum
642 1968 791 2012 precibus
821 1969 991 2009 invocat0;

250 2023 290 2055 ad
310 2022 467 2055 honorem
495 2027 622 2054 sanciae
642 2020 673 2054 e't
691 2022 873 2055 individuae
893 2023 1013 2069 Trini-³

251 2076 331 2114 tatis,
355 2075 395 2107 ad
414 2074 636 2108 exaltationem
658 2075 733 2107 fidei
755 2075 943 2115 catholicae,
959 2087 995 2109 ac

250 2129 442 2162 christianae
466 2127 632 2169 religionis
649 2134 869 2170 augmentum,
887 2135 995 2162 aucto-

249 2182 342 2215 ritate
370 2181 512 2214 eiusdem
540 2181 595 2214 Dei
621 2181 870 2225 omnipotentis,
894 2183 995 2215 Patris

250 2241 280 2269 et
296 2235 367 2268 Filii
389 2242 419 2268 et
436 2234 571 2278 Spiritus
591 2235 709 2275 Sancti,
726 2235 895 2268 beatorum
917 2246 995 2279 apo-

249 2290 417 2330 stolorum,
430 2288 513 2321 Petri
531 2294 561 2322 et
578 2288 677 2327 Pauli,
691 2294 722 2321 et
742 2295 861 2329 nostra,
883 2289 921 2322 dc
936 2290 997 2322 fra-

252 2349 336 2376 trum
357 2348 541 2376 nostrorum
568 2343 702 2375 consilio
717 2370 724 2383 ,
748 2342 947 2375 (lecrevimus
968 2349 996 2376 ct

251 2396 575 2435 definivimus,bonae
584 2395 758 2428 memoriae
769 2396 886 2440 llyacin
894 2396 995 2435 thum,

251 2450 428 2490 Polonum,
458 2449 585 2482 Ordinis
617 2450 763 2482 Fratrum
796 2449 998 2482 Praedicato-

253 2513 341 2542 rum,
359 2502 511 2536 Sanctum
532 2513 615 2543 esse,
637 2514 673 2535 ac
694 2504 884 2536 Sanctorum
905 2508 993 2535 cata-

1031 205 1222 243 detinimus,
1254 204 1456 238 decernimus
1487 209 1517 236 et
1549 203 1770 236 adscribimus.

1030 259 1209 292 Statuentes
1230 264 1263 290 ut,
1280 258 1319 290 ab
1338 257 1507 290 universali
1531 256 1670 289 Ecclesia
1690 267 1774 289 anno

1030 312 1184 355 quolibet,
1208 312 1236 343 in
1251 312 1301 344 die
1314 322 1365 345 xx'l
1380 310 1516 353 augusti,
1541 311 1655 343 festum
1677 310 1775 353 ipsius

1030 371 1056 397 ct
1081 365 1233 403 officium,
1250 365 1326 398 sicut
1347 375 1406 408 pro
1427 375 1491 397 uno
1512 364 1627 397 Sancto
1648 363 1775 396 Confes-

1030 429 1100 451 sore
1116 429 1176 451 non
1194 418 1358 457 l'ontifice,
1380 418 1419 450 ad
1438 418 1572 450 formam
1589 417 1619 449 in
1638 416 1775 449 rubricis

1030 472 1163 504 Romani
1184 471 1332 504 [heriarii
1355 471 1596 514 praescriptam,
1614 471 1726 503 devote
1743 475 1775 503 et

1029 524 1215 556 solcim'iitcr
1236 524 1426 556 celebretur.

1073 579 1088 618 ξ
1111 577 1310 620 22.111si115›‹;=1·
1328 578 1439 609 cadem
1461 577 1649 610 auctoritate
1670 576 1774 609 omni-
1832 589 1975 612 nutat-gemm

1029 630 1087 662 bus
1113 640 1184 661 rcre
1205 629 1444 672 poenitentibus
1465 635 1493 662 et
1522 629 1694 669 confessis,
1718 616 1975 672 qui233352¹1¹1¹stll13fl⁰25

1028 682 1120 715 aiinis
1141 683 1274 725 singulis
1295 683 1408 715 codem
1432 682 1482 715 die
1504 683 1583 715 sesto
1602 683 1641 715 ad
1661 683 1770 726 sepul·
1789 670 1975 716 {fit-ttaetargitus

1030 742 1144 775 turam,
1162 736 1193 768 in
1214 746 1277 779 qua
1298 736 1365 768 eius
1386 746 1503 779 corpus
1521 736 1704 779 requiescit,
1720 736 1774 769 de-

1028 795 1098 822 vote
1119 789 1321 827 accesserint,
1346 800 1473 822 necnon
1501 789 1652 822 ecclesias
1673 796 1703 822 et
1723 790 1771 822 al-

1028 843 1108 876 taiia
1125 843 1157 875 in
1176 843 1274 886 ipsius
1294 843 1453 875 honorem
1466 844 1775 876 consti·u‹‡:tadevote

1028 896 1232 936 visitaverint,
1258 897 1385 928 easdem
1405 895 1620 938 indulgentias
1641 901 1671 928 et
1702 907 1776 939 pec-

1028 955 1172 983 catorum
1194 949 1399 982 remissiones
1417 949 1634 982 concessimus
1649 955 1679 982 et
1696 950 1777 982 elar-

1028 1003 1084 1045 giti
1110 1014 1239 1043 sumus,
1265 1003 1541 1046 quemadmodum
1567 1003 1776 1036 concedimus

1028 1063 1058 1090 et
1078 1057 1263 1099 elargimur,
1288 1067 1370 1100 quae
1392 1056 1526 1089 caeteris
1552 1056 1625 1089 dicti
1648 1056 1776 1089 Ordinis

1029 1110 1230 1143 monasteriis
1256 1115 1287 1142 et
1313 1109 1456 1142 ecclesiis
1482 1109 1513 1142 in
1545 1109 1657 1142 diebus
1689 1109 1776 1142 sestis

1028 1163 1171 1196 eiusdem
1193 1162 1320 1196 Ordinis
1340 1163 1530 1195 Sanctorum
1553 1162 1615 1194 iam
1638 1173 1772 1195 conces-

1028 1228 1080 1250 sae
1101 1223 1184 1249 sunt.

1074 1272 1089 1312 ξ
1122 1269 1174 1302 23.
1200 1270 1321 1309 Quibus
1351 1269 1464 1309 rebus,
1489 1269 1528 1302 ad
1549 1269 1578 1302 S.
1606 1269 1774 1313 Hyacinthi
1816 1281 1938 1302 ,uest-,imao
1954 1288 1975 1301 ο-

1790 1311 1852 1328 ctava
1874 1308 1975 1328 Resurre-

1010 1319 1012 1330 ⁵
1029 1324 1306 1357 canonizationem
1327 1323 1530 1363 necessariis,
1555 1323 1720 1363 absolutis,
1744 1330 1773 1356 et
1790 1335 1866 1355 ononis
1880 1335 1975 1355 wiema-

1028 1378 1147 1422 hymno
1166 1378 1206 1411 ad
1224 1378 1351 1410 laudem
1369 1378 1424 1411 Dei
1440 1383 1469 1410 et
1487 1377 1662 1419 gratiarum
1677 1377 1774 1410 actio·
1790 1364 1975 1418 liilfflissssss'nliilii

1028 1442 1101 1464 nem
1124 1432 1303 1471 decantato,
1327 1441 1364 1463 ac
1385 1430 1491 1463 divina
1512 1441 1572 1473 ope
1604 1441 1662 1474 per
1691 1430 1774 1463 eius·
1789 1415 1975 1471 {31}{ss¹„;³¹1¹3¹g1³„51

1028 1487 1100 1518 dem
1133 1485 1238 1518 Sancti
1275 1485 1332 1517 viri
1368 1484 1629 1518 intercessionem
1660 1485 1775 1518 devota
1789 1468 1975 1515 ffi‘sslllsssssslmss'siilf'

1028 1550 1064 1572 ac
1084 1539 1136 1582 pia
1156 1538 1352 1582 precatione,
1368 1548 1466 1581 quam
1481 1538 1539 1581 ipsi
1553 1538 1770 1578 recitavimus,

1029 1593 1211 1636 implorata,
1234 1592 1363 1625 tandem
1385 1593 1499 1625 eodem
1518 1592 1550 1624 in
1571 1597 1723 1634 suggestu
1745 1597 1776 1624 et

1029 1645 1119 1678 altari
1141 1646 1270 1679 missam
1296 1645 1495 1685 solemniter,
1526 1646 1565 1678 de
1583 1650 1695 1678 octava
1719 1645 1776 1678 do-

1028 1699 1165 1731 minicae
1200 1698 1477 1738 Restare-ationis,
1517 1710 1589 1731 cum
1630 1699 1773 1732 eiusdem

1028 1753 1057 1786 S.
1087 1752 1255 1796 Hyacinthi
1277 1752 1599 1791 commemoratione,
1628 1752 1773 1785 celebra-

1028 1807 1148 1847 vimus,
1173 1815 1203 1839 et
1235 1806 1384 1839 omnibus
1405 1805 1689 1845 christifidelibus,
1723 1806 1776 1849 qui

1028 1860 1103 1892 huic
1125 1860 1360 1893 canonizationi
1375 1866 1405 1893 et
1417 1860 1532 1893 missae
1547 1860 1773 1899 interfuerant,

1028 1915 1068 1947 ad
1088 1914 1217 1947 laudem
1237 1914 1291 1947 Dei
1306 1919 1336 1946 et
1349 1913 1454 1947 Sancti
1473 1914 1520 1946 sui
1542 1913 1690 1956 gloriam,
1706 1914 1775 1957 ple-

1028 1968 1152 2001 nariam
1168 1973 1375 2012 peccatorum
1393 1978 1524 2000 suorum
1539 1967 1773 2009 indulgentiam

1030 2021 1258 2054 concessimus.

1074 2076 1090 2116 ἕ
1113 2074 1165 2107 24.
1183 2072 1339 2117 Quocirca
1357 2085 1470 2107 omnes
1490 2075 1594 2107 lesuin
1615 2073 1774 2107 Christum
1839 2082 1939 2118 uertatur
1956 2088 1977 2102 0-

1029 2129 1200 2161 Dominum
1232 2133 1378 2161 nostrum
1410 2128 1650 2165 collaudemus,
1675 2108 1976 2169 agno-23ifi1⁵111ffii1aiixiii¹.¹¹¹

1030 2193 1222 2225 scamusque
1234 2192 1361 2215 sunnna
1373 2181 1447 2214 Eius
1468 2181 1610 2214 bonitate
1631 2181 1774 2214 evenisse

1030 2242 1075 2275 ut,
1098 2235 1129 2268 in
1151 2236 1212 2268 hoc
1233 2236 1421 2279 perturbato
1446 2246 1553 2267 rerum
1576 2240 1679 2275 statu,
1703 2235 1775 2267 novi

1031 2290 1117 2332 apud
1141 2290 1240 2322 Deum
1263 2288 1484 2321 intercessoris
1512 2288 1634 2321 meritis
1655 2299 1690 2321 ac
1705 2299 1777 2332 pre-

1032 2342 1121 2375 cibus
1141 2342 1285 2375 adiuvari
1311 2342 1482 2374 valcamus.
1507 2342 1620 2383 Magno
1646 2342 1776 2385 quidem

1033 2395 1111 2427 illud
1132 2405 1199 2427 esse
1225 2395 1321 2427 debet
1345 2395 1384 2427 ad
1414 2395 1495 2427 bene
1525 2395 1721 2438 sperandum
1742 2406 1776 2428 o-

1034 2448 1161 2481 mnibus
1181 2454 1382 2491 argumento,
1411 2449 1497 2492 quod
1519 2459 1585 2481 rem
1608 2459 1625 2481 a
1647 2453 1691 2482 tot
1710 2449 1773 2481 Po-

1033 2502 1137 2535 'suniae
1162 2502 1302 2544 regibus,
1326 2502 1466 2546 ipsisque
1494 2502 1583 2545 regni
1609 2502 1777 2536 ordinibus

252 2556 326 2599 logo
348 2556 611 2598 adscribendum,
635 2556 717 2590 sicut
736 2567 793 2600 per
815 2540 1017 2600 praesentesl
1034 2555 1155 2588 inndiu
1182 2555 1371 2600 expetitam,
1396 2556 1623 2590 communibus
1646 2556 1777 2600 piorum
