2253 3195
233 186 284 213 An.
299 184 330 213 C.
347 185 417 213 1594

261 244 371 266 clausulae
390 243 418 264 :iti

233 274 357 302 perpetuam
381 270 419 291 hu-

234 304 292 319 iusce
309 297 418 318 confirma-

234 326 297 346 tionis
333 324 417 344 firmita—

234 355 283 372 (2111.

239 2270 349 2287 nurman-
365 2267 423 2286 ιιΛΙιΙ,

462 172 527 209 420

433 233 552 278 ptionis
571 233 619 267 vel
641 231 838 276 obreptionis
865 230 942 264 vitio
957 257 964 271 ,
987 229 1176 263 aut-inten-

436 286 529 320 tionis
542 292 670 320 nostrae
688 285 736 318 vel
757 284 819 317 alio
837 283 948 328 quovis
973 283 1099 316 defectu
1119 293 1177 316 no-

433 340 504 380 tari,
525 339 614 382 argui
637 339 683 371 vel
705 337 910 381 impugnari,
934 342 989 370 aut
1008 335 1173 377 revocari,

434 392 582 435 restringi
596 392 643 424 rel
657 390 786 424 limitari
796 390 980 423 nullatenus
993 399 1098 434 posse,
1109 394 1140 422 et
1150 389 1177 423 si

433 457 524 480 secus
535 445 600 485 stat,
616 444 741 488 quoties
755 443 786 477 id
799 442 865 482 fiet,
878 443 971 476 toties
983 443 1053 476 illas
1064 443 1097 476 in
1110 442 1177 487 pri-

433 499 550 532 stinum
565 498 726 530 restitutas
746 502 777 530 et
795 496 939 540 plenarie
953 496 1174 539 reintegrans,

432 553 615 596 validasque
629 558 659 585 et
672 552 833 592 efficaces;
852 552 986 596 perinde
1005 562 1042 585 ac
1062 550 1087 584 si
1100 560 1177 584 con-

432 605 632 639 sistorialiter
656 610 687 638 et
717 605 757 638 de
786 604 1019 638 venerabilium
1043 599 1197 650 fratrum³

431 665 616 692 nostrorum
635 659 666 692 S.
689 659 725 692 R.
754 658 787 691 E.
809 657 1022 692 cardinalium
1043 656 1178 690 consilio

432 718 462 745 et
478 722 609 745 assensu
627 716 852 752 emanassent,
875 717 1034 755 perpetuo
1054 710 1124 743 sore
1148 715 1180 743 et

432 776 499 799 esse
519 776 556 799 ac
576 765 711 806 censeri,
724 765 854 809 vimque
878 764 974 798 validi
995 769 1179 798 contractus

433 820 516 852 inter
535 829 593 853 nos
624 825 655 853 et
682 819 797 853 Sedem
828 819 1005 863 praefatam
1026 823 1058 851 et
1077 817 1179 851 dictos

432 872 547 905 Montis
566 877 730 916 emptores
744 877 782 905 ‘et
806 871 886 904 alios
906 871 945 904 ab
975 871 1020 904 eis
1048 880 1178 904 causam

433 925 586 958 habentes
599 931 630 958 et
642 924 809 958 habituros
827 924 895 958 initi
915 924 1047 965 habere,
1061 934 1180 968 easque

433 980 473 1012 ad
486 979 595 1013 omnia
609 985 640 1013 et
654 979 780 1022 singula
799 979 979 1023 praemissa
997 979 1093 1023 plene
1105 988 1181 1022 pro-

432 1033 539 1067 banda
568 1033 702 1066 omnino
733 1032 901 1074 sufficere,
929 1043 988 1066 nec
1012 1033 1052 1066 ad
1080 1031 1113 1065 id
1133 1031 1180 1065 al-

435 1086 532 1120 terius
558 1086 760 1131 probationis
779 1085 1014 1119 adminiculum
1035 1085 1177 1129 requiri;

433 1140 620 1184 dictumque
640 1141 778 1174 Montem
799 1146 830 1174 et
849 1139 1021 1182 collegium
1043 1150 1079 1173 ac
1097 1139 1181 1173 illius

435 1194 668 1238 depositarium
687 1195 718 1227 in
739 1193 875 1239 pacifica
896 1199 927 1227 et
945 1194 1054 1238 quieta
1074 1194 1177 1227 dicta-

434 1259 506 1281 rum
518 1248 729 1292 pecuniarum
741 1254 771 1281 et
782 1258 983 1281 summarum
997 1258 1055 1292 per
1067 1258 1182 1281 unam-

434 1311 597 1345 quamque
618 1301 778 1334 dictarum
805 1300 1119 1344 Congregationum,
1147 1307 1182 1334 ut

434 1355 662 1399 praemittitur,
679 1355 861 1388 debitarum
882 1361 913 1389 et
932 1355 1178 1398 assignatarum,

436 1409 540 1443 modis
569 1419 605 1442 ac
632 1409 841 1453 temporibus,
865 1409 1086 1453 percipiendi,
1110 1410 1178 1443 exi-

435 1462 530 1505 gendi
551 1468 582 1495 et
601 1462 832 1505 consequendi,
849 1472 884 1495 ac
899 1462 1018 1495 iurium
1039 1468 1069 1496 et
1086 1463 1182 1507 privi-

435 1515 594 1558 legiorum
616 1515 833 1559 praefatorum
858 1515 1071 1559 possessione,
1095 1516 1182 1550 dicto

434 1568 539 1601 Monte
556 1569 704 1607 durante,
729 1568 986 1602 manutenendos
1003 1574 1035 1602 et
1051 1579 1181 1603 conser-

434 1622 555 1656 vandos
575 1632 654 1663 esse,
670 1633 705 1655 ac
717 1622 856 1666 desuper
876 1632 1053 1666 numquam
1075 1624 1179 1656 ruole-

435 1675 510 1708 stari
525 1675 659 1713 debere,
676 1675 785 1719 sicque
799 1681 829 1708 et
842 1685 905 1708 non
919 1675 996 1709 alias
1013 1686 1072 1719 per
1084 1686 1182 1720 quos-

435 1738 574 1771 cumque
596 1728 717 1761 iudices
737 1728 919 1761 ordinarios
943 1734 973 1761 et
993 1728 1157 1772 delegatos
1172 1757 1179 1770 ,

435 1783 531 1815 etiam
552 1793 721 1815 causarum
743 1782 850 1826 palatii
869 1782 1037 1826 apostolici
1058 1783 1182 1817 audito-

437 1848 498 1875 res,
522 1836 646 1869 sublata
667 1836 712 1869 eis
737 1842 767 1868 et
787 1846 900 1869 eorum
919 1836 1051 1869 cuilibet
1071 1837 1183 1880 quavis

437 1891 528 1923 aliter
550 1891 713 1924 iudicandi
735 1897 765 1923 ct
787 1890 1021 1934 interpretandi
1035 1890 1183 1924 facultate

437 1951 465 1976 et
486 1944 687 1981 auctoritate.
712 1944 846 1977 iudicari
861 1950 890 1977 et
904 1944 1032 1977 definiri
1049 1945 1179 1983 debere,

437 2009 472 2031 ac
494 1998 618 2030 irritum
633 2005 664 2031 ct
685 1998 778 2030 inane
798 1998 957 2042 quidquid
977 2009 1069 2031 secus
1085 2009 1184 2042 super

438 2051 485 2083 liis
505 2062 522 2084 a
542 2062 718 2095 quoquam,
733 2052 844 2095 quavis
857 2052 1057 2092 aui-tortium,
1078 2053 1182 2086 scien-

438 2112 485 2138 ter
499 2106 543 2139 rel
566 2106 762 2146 ignoranter,
779 2105 949 2146 contigerit
967 2106 1114 2139 attentari
1129 2107 1184 2139 de-

437 2159 610 2192 vei-ninius.

483 2215 497 2255 g
522 2212 551 2245 5.
577 2213 643 2245 Non
665 2212 866 2246 obstantibus
879 2213 1040 2252 omnibus,
1056 2224 1137 2257 quae
1152 2213 1182 2246 in

439 2267 571 2308 singulis
585 2267 868 2310 praedecessorum
882 2273 1066 2300 nostrorum
1087 2278 1184 2311 super

440 2320 600 2353 erectioni·
627 2331 663 2353 ac
692 2320 879 2353 reductione
900 2320 974 2353 dicti
994 2320 1106 2353 Montis
1127 2331 1183 2354 no-

442 2373 594 2411 vennalis,
615 2384 650 2404 ac
683 2373 890 2416 praeinsertis
910 2373 1026 2406 nostris
1047 2373 1180 2412 ltttcris,

441 2533 639 2571 habeantur,
674 2533 790 2576 quilius
823 2533 974 2566 omnibus
1003 2532 1185 2576 specialiter

441 2592 468 2618 et
484 2597 628 2629 expresso·
642 2586 844 2626 derogamus,
863 2597 920 2618 ιιι-ι·
942 2597 1004 2619 non
1023 2586 1092 2618 aliis
1106 2596 1183 2619 con-

1016 180 1201 206 nvLLattttJM
1220 179 1374 206 ROMANUM

1210 229 1428 262 stitutionibus
1449 235 1481 263 et
1500 228 1756 263 ordinationibus
1773 228 1956 273 apostolicis

1210 289 1241 317 et
1259 283 1475 317 Cancellariae
1495 289 1624 316 nostrae
1644 283 1774 326 regulis,
1798 282 1894 316 etiam
1916 283 1956 316 de

1211 347 1276 370 non
1304 337 1446 370 tollendo
1472 336 1541 370 iure
1566 336 1733 380 quaesito,
1757 336 1956 380 caeterisque

1211 390 1380 424 contrariis
1400 390 1670 434 quibuscumque.

1255 445 1369 477 Datum
1400 444 1521 477 Romae
1546 444 1631 487 apud
1662 443 1693 477 S.
1716 443 1870 484 Marcum,
1898 443 1956 476 sub

1212 498 1332 531 annulo
1360 497 1530 531 piscatoris
1550 497 1601 531 die
1629 507 1693 531 xxii
1717 497 1791 530 maii
1811 507 1931 530 unxcw
1946 524 1954 537 ‚

1214 550 1418 595 pontificatus
1436 551 1536 584 nostri
1557 561 1643 584 anno
1661 561 1709 584 ιιι.

1249 613 1306 640 Dat.
1324 613 1367 640 die
1387 613 1421 641 2⁶2
1442 613 1504 641 maii
1522 614 1598 645 1591,
1621 615 1695 649 pont.
1712 622 1756 641 an.
1773 620 1814 640 nt.

1516 773 1658 807 LXXXV.

1219 881 1366 915 vicarius
1399 880 1499 913 Turri
1502 880 1574 913 tani
1604 879 1840 924 archiepiscopi
1861 879 1960 924 depu-

1260 948 1350 977 tatur
1368 944 1613 976 commissarius
1629 943 1826 987 apostolicus
1845 942 1888 976 ad
1903 953 1957 976 re-

1259 1002 1427 1050 cipiendas
1445 1006 1590 1039 rationes
1609 1006 1649 1038 ab
1670 1006 1846 1038 oeconomis
1866 1006 1961 1039 eccle-

1257 1069 1385 1102 siarum
1404 1068 1580 1102 Sardiniae
1591 1078 1688 1112 super
1703 1067 1818 1111 spoliis
1835 1067 1961 1101 archie-

1258 1131 1465 1174 piscoporum
1484 1135 1514 1164 et
1530 1131 1762 1174 episcopomcm,
1777 1130 1962 1173 fructuum-

1259 1203 1321 1236 que
1340 1192 1548 1226 ecclesiarum
1572 1193 1761 1226 vacantium
1782 1193 1802 1225 ⁸.

1215 1283 1327 1311 Dilecto
1348 1283 1410 1310 filio
1435 1283 1549 1311 vicaiio
1573 1283 1756 1311 venerabilis
1783 1282 1888 1310 fratris
1914 1289 1962 1310 ar-

1250 1336 1432 1371 chiepiscopi
1448 1336 1613 1369 Turritani,
1630 1336 1659 1364 in
1682 1336 1893 1371 spirtualibus
1913 1343 1961 1370 90-

1250 1390 1349 1417 nerali

1396 1433 1552 1464 Clemens
1572 1433 1666 1474 Papa
1686 1433 1779 1464 vm.

1283 1498 1396 1526 Dilecto
1416 1498 1471 1532 flti,
1493 1499 1623 1525 salutem
1639 1501 1670 1525 et
1690 1497 1886 1532 apostolicam

1464 1550 1716 1578 benedictionem.

1261 1622 1355 1655 Decet
1386 1621 1567 1655 Romanuin
1596 1620 1784 1654 Pontificem
1816 1621 1962 1665 quando-

1217 1685 1356 1718 cumque
1371 1685 1419 1714 ca,
1436 1685 1518 1718 quae
1531 1685 1590 1718 per
1610 1674 1874 1718 praedecessores
1887 1685 1962 1709 suos

1216 1730 1278 1774 piis
1298 1729 1408 1762 usibus
1428 1729 1588 1773 applicata
1620 1730 1709 1762 suere
1725 1756 1732 1768 ,
1756 1740 1847 1763 secus
1868 1736 1964 1774 atque

1217 1783 1374 1817 destinata
1394 1789 1478 1821 sunt,
1502 1792 1656 1816 conversa
1676 1782 1770 1816 fuisse
1791 1783 1960 1827 comperit,

1217 1838 1256 1870 ile
1277 1843 1479 1881 opportunae
1500 1835 1692 1880 provisionis
1717 1837 1862 1870 remedio
1882 1847 1960 1881 pro-

1217 1891 1336 1929 videre,
1360 1896 1452 1934 prout
1477 1890 1508 1922 in
1533 1889 1670 1922 Domino
1690 1889 1864 1923 salubriter
1880 1900 1961 1924 con-

1217 1943 1311 1987 spicit
1332 1942 1494 1987 expedire.

1262 1999 1278 2039 ἓ
1300 1997 1329 2030 t.
1355 1997 1439 2030 Alias
1459 1997 1618 2041 siquidem
1642 1997 1741 2031 felicis
1760 1998 1960 2032 recordatio-

1219 2051 1267 2083 nis
1277 2051 1332 2084 Pio
1344 2051 1448 2095 Papae
1460 2051 1481 2083 V
1494 2051 1734 2095 praedecessori
1746 2057 1856 2085 nostro
1867 2062 1964 2096 expo-

1217 2104 1277 2137 sito
1298 2114 1355 2148 pro
1376 2110 1464 2148 parte
1492 2104 1670 2138 charissimi
1702 2104 1733 2137 in
1764 2104 1877 2138 Christi
1904 2104 1961 2137 filii

1217 2157 1337 2197 nostri,
1364 2164 1438 2190 tune
1468 2158 1538 2195 sui,
1567 2157 1703 2202 Philippi
1735 2157 1961 2201 Hispaniarum

1218 2211 1300 2251 regis
1318 2211 1478 2249 catholici,
1502 2212 1588 2255 quod
1607 2222 1679 2244 cuni
1701 2211 1798 2244 Sedes
1819 2212 1958 2255 Aposto-

1219 2265 1278 2298 lica
1300 2276 1475 2309 numquam
1498 2265 1703 2309 percepisset,
1720 2275 1778 2298 nec
1797 2265 1963 2309 percipere

1218 2319 1434 2352 consuevisset
1460 2319 1562 2362 spolia
1591 2318 1909 2362 archiepiscoporum
1935 2323 1965 2351 et

1200 2372 1446 2415 ¹episcoporum
1470 2372 1500 2404 in
1528 2372 1630 2405 insula
1650 2371 1818 2405 Sardiniae
1839 2377 1962 2405 metro-

441 2426 609 2458 votuerunt
629 2436 664 2458 ac
683 2437 740 2458 nos
761 2426 933 2470 respective
953 2427 1099 2458 volumus
1120 2436 1182 2459 non
1200 2418 1201 2432 ¹

440 2479 579 2516 obstare,
600 2490 682 2522 quae
704 2480 753 2512 liic
778 2479 939 2522 sigillatim
958 2490 1021 2523 pro
1042 2479 1202 2524 repetitis*

1219 2425 1376 2468 politanas
1397 2432 1427 2458 et
1439 2424 1639 2458 cathedrales
1652 2424 1803 2457 ecclesias
1816 2424 1965 2458 obtinen-

1220 2478 1310 2514 tium,
1327 2489 1383 2510 ner
1406 2478 1511 2511 minus
1530 2479 1662 2515 fructus,
1687 2477 1830 2511 redditus
1843 2482 1874 2511 et
1889 2487 1964 2522 pro-

1220 2537 1330 2564 ventus
1360 2531 1568 2565 ecclesiarum
1600 2529 1804 2571 huiusmodi,
1837 2532 1963 2565 illarum

1258 2597 1265 2620 t
1287 2593 1320 2620 Ex
1337 2594 1443 2630 ile-gest.
1461 2595 1486 2621 in
1502 2595 1604 2621 Socrui.
1624 2593 1758 2622 Brevinm.

1970 178 2020 207 An.
2040 176 2069 207 c.
2086 163 2175 210 isat
2227 189 2233 216 3

2007 1629 2128 1651 Exordium.

2016 2003 2067 2025 Pius
2082 2003 2098 2024 V
2115 2008 2163 2030 spo·
2187 2021 2190 2027 ,

1979 2030 2006 2054 lia
2018 2030 2163 2060 archiepisco·
2186 2050 2191 2058 ,

1978 2063 2052 2084 poi-uni
2075 2059 2096 2078 ot
2119 2061 2164 2083 opi-

1978 2089 2090 2107 ςιὌιιιι-ιιηι
2114 2083 2163 2105 Su·

1978 2111 2057 2136 dimne,
2076 2111 2164 2132 fructuu-

1977 2137 2163 2165 queocelaslnnim

1977 2164 2099 2186 vacantium
2126 2168 2163 2190 iip-

1977 2191 2065 2218 plicavit
2077 2195 2164 2217 repat-n-

1977 2218 2030 2240 tiuni
2071 2217 2164 2245 ipsarum

1977 2245 2124 2268 necte-inrum.
2133 2245 2164 2266 nt·

1979 2277 2019 2302 qun
2029 2271 2164 2298 suppellecti-

1979 2299 2028 2320 lium
2055 2303 2164 2319 ucrnrutn
2196 2307 2200 2310 >

1979 2324 2144 2352 comparationl.
