2253 3195
31 212 79 239 An.
100 210 209 238 01000

58 1332 197 1353 Prooemium.

74 1756 215 1783 Confirmatio,

36 1783 61 1804 de
79 1789 119 1810 qua
139 1785 159 1805 in
182 1791 214 1806 ru·

36 1809 99 1831 brica.

838 209 984 233 CLEMENs
1005 209 1062 232 vm
1083 209 1132 232 ΡΙ).

1642 198 1698 231 Bttl

223 257 387 297 habentes,
413 257 472 291 illis
493 257 570 290 alias
602 257 633 290 in
660 268 718 291 suo
741 257 856 291 robore
885 268 961 301 per-
999 257 1102 289 eidem
1123 256 1321 290 universitati
1342 255 1438 290 studii
1459 256 1628 299 generalis,
1652 257 1737 290 eius-

224 311 402 351 mansuris,
426 311 485 344 hac
505 311 572 345 vice
592 311 757 344 dumtaxat
784 311 965 355 specialiter
998 320 1059 354 que
1080 310 1209 351 rectori,
1233 310 1515 350 reformatoribus,
1539 310 1738 343 scholasticis

224 371 255 399 et
274 376 419 409 expresse
440 366 643 408 derogamus,
667 365 865 409 caeterisque
891 375 965 398 con·
999 369 1028 397 et
1055 363 1123 397 aliis
1152 364 1297 407 personis
1329 364 1525 408 quibuslibet
1555 374 1614 408 per
1642 374 1738 408 quos-

225 419 332 452 trariis
352 420 620 463 quibuscumque.

269 472 382 506 Datum
403 474 524 506 Romae
544 473 628 516 apud
649 473 678 506 S.
694 473 821 506 Petrum
837 472 894 505 sub
909 482 964 504 an-

224 524 302 557 nulo
322 525 509 565 Piscatoris,
534 525 584 558 die
604 535 663 558 xxv
685 525 758 557 maii
780 534 854 562 unc,
879 534 961 567 pon-

225 577 364 612 tificatus
383 579 483 612 nostri
504 588 588 612 anno
609 589 651 612 tx.

261 641 321 668 Dat.
338 641 380 668 die
395 641 430 668 25
445 641 507 668 maii
523 641 603 674 1600,
621 641 717 676 pontis.
735 649 778 668 an.
798 648 832 667 ix.

510 829 674 863 CCXXXII.

228 936 470 979 Confirmantur
493 936 670 980 privileyia
695 936 806 968 omnia
828 936 967 969 mziver-

271 999 299 1031 si
303 1000 364 1032 tati
382 998 485 1031 studii
501 998 663 1042 yeneralis
677 997 897 1031 Ferrariensis
911 997 967 1030 ha-

272 1065 381 1094 ctenus
398 1070 543 1094 concessa
562 1060 582 1092 ¹.

439 1149 572 1177 clemens
587 1149 666 1183 Papa
676 1149 755 1181 vm,

369 1203 406 1231 ad
420 1206 595 1237 perpetuam
610 1203 656 1230 rei
671 1202 852 1230 memoriam.

271 1273 453 1306 Romanum
471 1273 562 1306 decet
578 1272 766 1306 Pontificem
787 1272 967 1306 studiorum

228 1326 426 1369 generalium
457 1325 736 1366 universitatibus,
760 1337 796 1359 ac
820 1326 968 1359 studiosis

229 1385 260 1413 et
278 1379 479 1413 scholaribus
498 1379 629 1422 benigni
650 1379 766 1412 favoris
783 1379 917 1422 gratiam
932 1379 969 1412 li-

228 1435 341 1468 benter
365 1433 534 1477 impertiri,
563 1439 597 1467 ut
622 1434 677 1474 illi,
708 1433 885 1478 apostolico
904 1433 969 1467 suf-

227 1487 296 1521 fulti
317 1488 489 1532 praesidio,
514 1487 651 1521 alacrius
670 1487 851 1521 litterarum
870 1487 968 1521 etbo-

227 1551 343 1574 narum
365 1541 482 1574 artium
508 1541 622 1574 studiis
648 1541 851 1581 incumbant,
880 1546 910 1575 et
930 1541 970 1574 ad

228 1595 416 1628 eorumdem
437 1595 618 1628 studiorum
636 1600 754 1628 metam
776 1594 898 1627 facilius
918 1605 971 1628 va-

229 1648 315 1681 leant
337 1648 515 1692 pervenire.

273 1703 290 1744 ‘3'
312 1701 342 1735 1.
366 1702 490 1735 Idcirco
522 1711 580 1735 nos
609 1701 849 1735 universitatem
873 1701 969 1735 studii

229 1755 387 1798 generalis
424 1755 559 1788 civitatis
589 1762 717 1789 nostrae
744 1755 967 1796 Ferrariensis‚

231 1809 363 1852 eiusque
383 1814 542 1849 rectoreS,
565 1809 793 1842 reformatores
818 1814 847 1842 et
872 1809 968 1843 scho-

231 1862 358 1896 lasticos
388 1862 581 1906 specialibus
609 1862 770 1896 favoribus
802 1869 832 1896 et
861 1863 972 1906 gratiis

231 1916 382 1960 prosequi
410 1916 564 1957 volentes,
596 1922 759 1950 eteorum
791 1917 935 1959 singulos
954 1927 972 1950 a

231 1969 395 2012 quibusvis
412 1969 764 2010 excommunicationis,
791 1969 973 2014 suspensio-

229 2022 280 2055 nis
311 2027 342 2055 et
372 2022 556 2063 interdicti,
580 2022 716 2066 aliisque
751 2023 972 2057 ecclesiasticis

230 2075 415 2116 sententiis,
436 2075 579 2109 censuris
599 2081 630 2109 et
648 2076 760 2120 poenis
786 2087 803 2109 a
830 2076 898 2110 iure
924 2076 971 2110 vel

231 2129 271 2162 ab
300 2128 442 2169 homine,
468 2129 578 2173 quavis
603 2124 769 2163 occasione
790 2130 837 2163 vel
863 2141 969 2170 causa,

231 2182 318 2223 latis,
350 2183 375 2216 si
405 2182 522 2226 quibus
553 2183 799 2227 quomodolibet
829 2183 971 2217 innodati

232 2236 381 2277 existunt,
405 2236 445 2270 ad
466 2236 614 2269 effectum
636 2236 852 2280 praesentium
874 2237 969 2270 dum-

232 2294 318 2322 taxat
337 2289 602 2333 consequendum
622 2289 736 2322 harum
764 2289 845 2323 serie
870 2290 974 2323 absol-

232 2349 351 2384 ventes,
375 2349 406 2376 et
425 2343 588 2376 absolutos
609 2343 675 2377 fore
693 2349 869 2384 censentes,
892 2355 970 2388 sup—

233 2396 461 2440 plicationibus
480 2406 593 2430 corum
615 2396 746 2429 nomine
767 2395 859 2429 nobis
878 2407 975 2440 super

233 2449 294 2483 hoc
314 2449 480 2483 humiliter
499 2449 656 2494 porrectis
677 2448 842 2490 inclinati,
866 2449 975 2482 omnia

234 2509 265 2535 et
284 2503 411 2546 singula
430 2503 611 2547 privilegia,
635 2503 776 2543 indulta,
801 2502 974 2546 exemptio-

234 2566 310 2598 nes,
340 2557 522 2598 facultates,
551 2556 773 2590 concessiones
801 2562 831 2590 et
859 2556 976 2598 gratias

273 2620 281 2645 l
301 2618 336 2645 Ex
359 2619 465 2654 Regest.
489 2620 513 2645 in
527 2619 629 2646 Secret.
647 2619 780 2645 Ilrevium,

999 428 1136 461 cumque
1151 417 1312 450 Romanos
1326 417 1496 450 Pontifices
1516 417 1740 461 praedecesso-

1000 482 1049 504 res
1069 477 1210 512 nostros,
1236 482 1272 504 ac
1293 482 1366 512 nos,
1390 478 1420 505 et
1448 472 1664 516 Apostolicam
1686 472 1741 504 Se-

999 524 1083 563 dem,
1096 534 1222 557 necnon
1234 525 1400 558 Ferrariae
1414 525 1511 558 duces
1522 535 1581 568 pro
1595 530 1741 568 tempore

999 587 1164 617 concessa,
1188 578 1352 622 ipsiusque
1377 578 1591 612 universitatis
1611 583 1738 617 statuta,

999 635 1030 663 et
1066 631 1243 664 laudabiles
1278 632 1528 665 consuetudines
1541 660 1548 671 ,
1585 637 1741 675 quatenus

1001 688 1106 717 tamen
1124 683 1211 717 licita
1229 690 1260 717 et
1277 684 1412 718 honesta
1432 685 1511 725 sint,
1527 691 1557 718 et
1574 685 1673 718 sacris
1690 695 1740 717 ca-

999 737 1138 770 nonibus
1158 743 1189 771 et
1215 737 1347 771 Concilii
1375 738 1553 772 Tridentini
1580 739 1738 777 decretis,

1000 801 1125 824 necnon
1144 792 1282 825 libertati
1304 792 1475 833 Ecclesiae,
1499 799 1692 836 nostraeque
1714 798 1743 825 et

1000 845 1202 889 Apostolicae
1221 845 1311 880 Sedis
1338 846 1521 879 auctoritati
1552 846 1743 890 debitaeque

1001 899 1202 932 obedientiae
1223 910 1287 933 non
1308 900 1526 941 adversentur,
1540 910 1598 933 nec
1619 900 1681 933 sint
1696 911 1744 933 re-

1001 957 1122 993 vocata,
1147 959 1199 986 aut
1225 953 1283 986 sub
1303 953 1464 997 aliquibus
1484 953 1744 986 revocationibus

1002 1006 1251 1049 comprehensa,
1275 1006 1464 1040 auctoritate
1489 1006 1676 1050 apostolica,
1700 1011 1745 1039 te-

1002 1069 1080 1092 nore
1100 1059 1329 1103 praesentium,
1342 1066 1498 1104 perpetuo
1513 1060 1744 1093 confirmamus

1002 1118 1033 1145 et
1052 1112 1281 1156 approbamus,
1306 1113 1432 1157 illisque
1452 1119 1627 1157 perpetuae
1648 1124 1684 1146 ac
1699 1113 1745 1146 in-

1002 1166 1159 1199 violabilis
1172 1166 1366 1210 apostolicae
1380 1166 1540 1199 firmitatis
1554 1167 1653 1199 robur
1667 1166 1746 1199 adii-

1003 1219 1116 1260 cimus,
1140 1229 1242 1263 eaque
1263 1219 1373 1252 omnia
1394 1225 1423 1252 et
1443 1219 1568 1262 singula
1588 1224 1746 1263 perpetuo

1002 1272 1122 1313 valida,
1147 1272 1239 1306 firma
1264 1278 1295 1306 et
1315 1272 1457 1306 efficacia
1482 1283 1549 1306 esse
1571 1279 1601 1306 et
1621 1273 1699 1306 fore.

1048 1328 1064 1369 ξ
1082 1325 1111 1359 2.
1135 1326 1251 1370 Sicque
1272 1327 1311 1360 ab
1333 1326 1484 1360 omnibus
1504 1327 1639 1368 censeri,
1658 1333 1689 1360 et
1705 1328 1746 1360 ita

1003 1390 1060 1423 per
1073 1389 1296 1423 quoscumque
1314 1379 1435 1413 iudices
1452 1380 1636 1413 ordinarios
1650 1385 1679 1413 et
1693 1380 1746 1413 de-

1002 1433 1146 1475 legatos,
1170 1433 1289 1476 ubique
1311 1432 1445 1466 iudicari
1477 1439 1507 1466 et
1539 1433 1668 1466 definiri
1694 1434 1748 1466 de-

1004 1486 1092 1525 bere,
1113 1497 1149 1519 ac
1167 1486 1293 1519 irritum
1315 1492 1344 1520 et
1365 1486 1459 1519 inane
1480 1486 1639 1530 quidquid
1656 1497 1748 1520 secus

1004 1550 1102 1584 super
1120 1539 1169 1573 his
1190 1550 1207 1572 a
1228 1550 1403 1584 quoquam,
1421 1540 1530 1584 quavis
1543 1540 1745 1581 auctoritate,

1005 1594 1142 1627 scienter
1162 1594 1210 1627 vel
1228 1594 1425 1636 ignoranter,
1449 1594 1619 1637 contigerit
1639 1600 1745 1627 atten-

1005 1646 1064 1680 tari
1085 1646 1302 1680 decernimus.

1050 1701 1066 1742 ἕ
1087 1699 1116 1733 3.
1129 1700 1286 1739 Quocirca
1303 1700 1477 1733 venerabili
1490 1700 1579 1733 fratri
1596 1700 1748 1745 episcopo

1005 1753 1201 1786 Ferrariensi
1224 1764 1259 1786 ac
1281 1753 1405 1787 dilectis
1425 1753 1501 1787 filiis
1520 1753 1748 1787 archidiacono

1006 1813 1037 1840 et
1056 1807 1244 1851 primicerio
1275 1807 1428 1841 ecclesiae
1460 1807 1672 1841 Ferrariensis
1692 1819 1750 1852 per

1006 1866 1190 1904 praesentes
1219 1860 1452 1894 committimus
1480 1866 1511 1894 et
1536 1861 1747 1900 mandamus,

1007 1920 1163 1958 quatenus
1191 1915 1272 1959 ipsi,
1297 1915 1343 1947 vel
1376 1915 1462 1955 duo,
1494 1921 1547 1948 aut
1577 1925 1660 1948 unus
1691 1925 1748 1948 eo-

1006 1979 1078 2001 rum
1110 1974 1294 2012 praesentes
1324 1968 1466 2007 litteras,
1495 1974 1526 2000 et
1556 1968 1588 2000 in
1609 1968 1654 2001 eis
1675 1978 1751 2000 con-

1007 2028 1092 2056 tenta
1113 2033 1336 2066 quaecumque
1352 2050 1359 2063 ,
1382 2022 1437 2056 ubi
1463 2028 1493 2055 et
1519 2022 1649 2065 quando
1670 2032 1752 2065 opus

1008 2076 1114 2116 fuerit,
1138 2081 1169 2109 et
1187 2075 1313 2118 quoties
1333 2086 1392 2119 pro
1412 2081 1503 2119 parte
1521 2075 1680 2108 dictorum
1703 2085 1753 2107 re-

1008 2129 1115 2167 ctoris.
1140 2130 1390 2162 reformatorum
1412 2134 1443 2161 et
1466 2128 1675 2168 scholarium,
1699 2134 1753 2161 aut

1008 2183 1141 2216 alicuius
1155 2192 1266 2216 eorum
1288 2182 1407 2216 fuerint
1426 2182 1582 2226 requisiti,
1598 2181 1752 2215 solemni-

1009 2242 1055 2269 ter
1075 2246 1132 2280 per
1151 2247 1184 2269 se
1213 2236 1260 2269 vel
1281 2236 1379 2269 alium
1406 2235 1618 2280 publicantes,
1642 2235 1753 2279 eisque

1009 2289 1040 2322 in
1061 2289 1245 2332 praemissis
1263 2289 1401 2322 efficacis
1419 2289 1615 2322 defensionis
1633 2288 1753 2333 praesi-

1009 2342 1062 2375 dio
1083 2342 1276 2383 assistentes,
1302 2343 1419 2376 faciant
1438 2342 1626 2376 auctoritate
1644 2347 1752 2375 nostra

1009 2395 1261 2436 universitatem,
1284 2401 1456 2436 rectorem,
1480 2396 1710 2428 reformatores
1723 2400 1754 2427 et

1009 2449 1216 2482 scholasticos
1236 2449 1419 2493 praedictos
1439 2449 1625 2494 privilegiis,
1649 2448 1753 2482 indul-

1011 2502 1048 2535 tis
1068 2508 1100 2536 et
1118 2503 1229 2545 gratiis
1253 2503 1445 2547 supradictis
1478 2509 1636 2547 perpetuo
1667 2506 1753 2548 paci-

1011 2556 1070 2590 fice
1098 2556 1159 2589 frui
1191 2562 1221 2590 et
1251 2557 1403 2600 gaudere.
1429 2557 1497 2591 Non
1528 2558 1752 2601 permittentes

1011 2619 1064 2643 eos
1085 2610 1223 2654 desuper
1243 2621 1258 2643 a
1284 2620 1459 2654 quoquam,
1477 2611 1586 2655 quavis
1607 2613 1728 2646 auctori
1736 2632 1748 2636 -

1752 210 1800 236 Au.
1822 210 1936 236 {21thss

1798 1337 1918 1358 clausulae.

1803 1709 1949 1737 Exequniom

1764 1736 1877 1763 dusiffnau.
