2253 3195
276 243 325 271 An.
341 245 370 271 C.
394 245 455 273 tuot

325 307 460 336 Consuetudo

274 335 348 354 orandi
371 337 390 353 et
410 340 460 355 cuu-

274 361 396 386 tenu-lande.

269 1087 277 1101 s
285 1087 350 1101 terum
359 1082 425 1101 octub.

269 1110 307 1128 rel.

320 1484 416 1504 Chri-lu(
432 1485 451 1505 in

267 1511 312 1531 eius
325 1512 452 1532 celebrant-1

267 1539 363 1559 nmnilsus
386 1545 450 1564 appa·

268 1567 306 1585 ret.

420 1061 446 1074 ιιι
469 1046 533 1079 sere
564 1047 708 1090 quotidie
740 1048 946 1087 celebrabat;
986 1056 1105 1093 quanta
1140 1061 1216 1084 vero

505 235 569 271 696

476 305 559 327 mam
575 295 728 328 diuturno
739 306 797 328 usu
811 296 946 340 adeptus
957 302 1003 329 est
1018 297 1216 333 facultatem:
1235 300 1238 341 ξ

473 359 548 381 nam
569 355 600 381 et
618 348 643 381 si
665 349 761 381 variis
778 349 995 394 gravibusque
1009 351 1152 393 negociis
1173 347 1238 385 di-i

473 401 666 437 stineretur,
690 407 799 435 tamen
826 402 879 435 ubi
907 413 939 436 se
971 404 1011 437 ad
1038 405 1217 439 orationem
1254 416 1336 449 quae
1350 406 1525 440 maximum
1545 412 1591 440 est
1610 407 1758 451 puritatis
1778 414 1809 441 et
1826 399 2053 442 sanctium-¹³⁹·

473 462 709 499 composuerat.
728 461 813 489 tanta
836 457 944 490 subito
965 458 1062 491 divini
1081 458 1237 507 Spiritus}

472 509 624 542 suavitate
645 510 850 553 rapiebatur,
874 517 907 543 ut
936 512 1082 545 omnium
1107 509 1236 553 rerum:

472 562 657 595 mortalium
685 574 761 596 cura
794 570 907 597 exutus
935 576 1003 599 esse
1028 556 1236 607 videretur,¹

470 626 507 648 ae
527 626 633 660 saepe,
656 616 849 661 intempesta
874 624 979 659 nocte,
1003 620 1086 652 ctam
1107 620 1218 654 obser-

469 674 559 702 vatus
590 675 637 702 cst
663 669 695 702 in
725 671 890 705 secretiori
924 673 1034 717 templi
1064 685 1214 715 receSStt,

471 728 533 754 tam
556 723 670 756 crebra
690 724 818 768 altaque
843 726 983 770 suspiria
1011 727 1094 760 inter
1114 739 1213 761 oran-

468 776 546 809 dum
575 778 694 816 edere,
729 784 761 811 ut
794 780 963 814 audientes
995 781 1034 814 ad
1059 782 1217 826 lacrymas

469 838 699 865 commoveret.
724 833 757 865 ln
779 833 895 867 divinis
915 834 1030 868 officiis
1051 841 1117 868 erat
1139 836 1216 869 assi-

469 885 572 925 duus,
593 891 690 929 atque
722 886 948 921 incredibilem
975 889 1144 932 psallendo
1164 901 1216 924 ca-

469 938 578 981 piebat
598 939 808 983 voluptatem.
1188 983 1191 986 Α

514 993 530 1034 5
548 991 600 1025 35.
616 993 864 1027 Sacrosanctuin
884 994 998 1029 missae
1019 996 1215 1030 sacrificium

469 1106 548 1133 esset
575 1100 643 1134 eius
673 1101 704 1133 in
729 1101 942 1136 sacrificando
971 1103 1071 1136 animi
1092 1105 1215 1148 puritas

469 1165 505 1187 ac
537 1154 717 1188 devotionis
747 1156 873 1194 servor,
907 1157 955 1189 vel
985 1168 1022 1190 ex
1053 1168 1092 1191 eo
1123 1159 1215 1192 facile

468 1207 643 1241 existimari
665 1214 781 1252 potest,
801 1210 888 1254 quod
909 1211 1070 1245 adstantes
1089 1223 1125 1245 ex
1147 1213 1215 1245 eius

467 1261 536 1295 soto
557 1269 687 1306 aspectu
714 1263 753 1296 ad
775 1264 957 1298 orationem
979 1265 1211 1307 incitarentur,

468 1325 504 1347 ac
534 1315 633 1359 petita
661 1328 678 1349 a
702 1317 768 1350 Deo
797 1324 888 1361 patre
919 1318 1214 1353 misericordiarum

468 1369 625 1403 henelicia
646 1371 714 1403 eius
734 1372 885 1415 precibus
910 1372 1130 1417 impetrarent.

512 1425 529 1465 ἓ
557 1423 609 1456 36.
644 1425 722 1457 Nam
754 1426 852 1458 frater
872 1426 1045 1465 Martinus,
1070 1428 1212 1461 eiusdem

467 1477 596 1510 Ordinis
621 1488 806 1519 conversus,
830 1490 902 1513 cnm
931 1486 1104 1525 antequam
1126 1482 1213 1515 suavi

467 1542 501 1564 se
525 1531 638 1565 Christi
670 1532 744 1574 iugo
776 1533 971 1573 subiiceret,
996 1535 1214 1579 voluptatibus

467 1585 572 1619 varnis
591 1585 722 1619 liberius
744 1586 938 1625 indulsisset,
955 1598 991 1621 ac
1009 1595 1085 1622 tunc
1101 1599 1212 1623 earum

468 1650 574 1672 rerum
597 1639 714 1684 quibus
740 1647 813 1673 ante
842 1649 1025 1676 assueverat
1057 1644 1210 1677 recorda-

467 1692 564 1731 tione.
588 1693 701 1737 suique
733 1694 879 1738 corporis
913 1695 1094 1736 illecebris,
1122 1697 1212 1741 quasi

466 1746 659 1790 quibusdam
689 1747 826 1781 stimulis
851 1748 1010 1791 agitatus,
1034 1749 1152 1783 mirum
1181 1750 1212 1784 in

467 1800 598 1833 modum
625 1807 810 1839 vexaretur,
835 1812 964 1835 omnem
995 1803 1091 1837 huius
1111 1810 1213 1837 tenta-

467 1854 561 1888 tionis
582 1855 821 1898 propulsandae
847 1866 936 1900 spem
961 1856 993 1889 in
1014 1857 1099 1890 beati
1125 1858 1209 1902 nay-

466 1907 578 1941 mundi
602 1908 724 1941 meritis
750 1909 929 1942 collocavit.
954 1910 1054 1952 igitur
1073 1911 1141 1944 eius
1161 1922 1210 1945 sa-

464 1961 593 1995 ‹tristeiis
617 1973 712 2006 saepe
734 1962 900 2001 interesse,
921 1973 956 1997 ar
977 1964 1114 1997 summis
1131 1976 1208 2009 pre-

464 2016 555 2049 cihus
575 2027 592 2049 a
610 2017 674 2050 Deo
696 2016 840 2059 flagitare
862 2017 968 2061 coepit
989 2023 1021 2050 ut
1047 2024 1135 2051 tanto
1152 2030 1210 2052 suo

465 2070 550 2103 malo
582 2069 760 2103 remedium
787 2070 918 2114 aliquod
951 2071 1099 2109 affcrret;
1123 2073 1209 2116 quod

464 2124 540 2157 dum
569 2129 811 2167 perseveranter
837 2130 970 2168 peteret,
994 2125 1136 2168 quodam
1159 2126 1210 2159 die

464 2189 498 2209 ox
524 2177 672 2210 inanibus
694 2177 776 2210 beati
799 2177 980 2222 Raymundi
1003 2178 1206 2220 celebrantis,

463 2243 499 2263 ar
532 2242 655 2264 sacram
682 2231 818 2265 hostiam
847 2232 969 2275 populo
991 2233 1206 2271 ostendentis,

463 2286 605 2318 Christus
619 2286 784 2323 Dominus,
800 2285 859 2318 suh
877 2286 1104 2327 :angustissima
1118 2287 1208 2331 pueri

465 2339 569 2383 uperic
591 2340 768 2373 clarissima
790 2340 860 2372 luce
882 2340 1046 2382 radiantis,
1064 2347 1210 2385 spectan-

465 2394 540 2425 ‹luiu
567 2394 594 2425 oi
617 2404 649 2425 se
671 2393 836 2437 praebuit:
860 2404 924 2438 quo
951 2393 1028 2433 viso,
1054 2400 1141 2427 tanto
1162 2401 1208 2427 est

466 2453 597 2490 repente
620 2447 738 2487 gaudio
760 2447 933 2485 ‹t.·titmu=s‚
958 2453 993 2480 ut
1014 2458 1048 2479 ex
1071 2458 1108 2481 eo
1130 2454 1208 2481 tein-

465 2511 541 2543 poie
573 2501 611 2533 ad
643 2507 819 2534 cxtrcuunn
847 2511 948 2545 usque
969 2501 1054 2534 diem
1071 2529 1078 2539 ,
1102 2501 1208 2535 divina

465 2554 565 2592 uratia
587 2561 616 2587 ct
637 2554 791 2591 bonitate,
809 2554 848 2587 ah
869 2555 956 2587 omni
977 2555 1208 2599 concupiscen—

465 2606 525 2640 tiae
547 2609 650 2640 carnis
682 2608 901 2642 commotione
928 2609 1021 2642 suerit
1055 2619 1204 2652 pracser-

465 2667 563 2696 vatus.

1059 249 1244 274 nummum
1263 249 1419 275 ROMANUM

1299 300 1316 340 g
1346 297 1399 331 37.
1429 299 1506 333 Cum
1539 300 1686 333 eoelestis
1715 300 1847 334 militiae
1877 301 1999 344 Angeto

1254 356 1343 385 tanta
1363 352 1467 386 inerat
1487 353 1514 386 ei
1543 353 1742 387 familiaritas
1772 360 1803 388 et
1832 355 1996 395 amicitia,

1253 459 1326 492 niae
1342 467 1582 502 argumentun'u
1599 466 1633 494 ut
1646 461 1686 494 ab
1703 472 1740 494 eo
1756 462 1940 505 frequenter
1958 462 1998 495 ad

1253 513 1425 550 orandum,
1446 525 1464 547 a
1484 525 1599 548 somno
1613 515 1778 556 excitatus,
1795 515 1994 549 invitaretur.

1298 569 1314 609 g
1339 566 1392 601 38.
1421 568 1487 601 Cibi
1514 574 1674 613 potusque
1694 569 1902 613 parcissimus
1921 569 1995 609 suit,

1253 626 1351 654 totam
1385 622 1469 654 enim
1503 622 1760 662 hebdomadam,
1785 629 1918 667 excepto
1946 623 1997 656 die

1252 675 1431 713 Dominico,
1458 675 1632 709 ieiunabat.

1296 727 1386 770 3:39.
1416 729 1545 763 Nullum
1572 741 1727 774 umquam
1757 731 1789 763 in
1815 741 1852 763 eo
1881 736 1997 764 contu-

1252 782 1373 815 maciae
1402 783 1451 816 vel
1487 784 1691 826 arrogantiae
1723 784 1892 827 vestigium
1930 794 1998 817 ani-

1252 836 1408 870 madverti
1441 837 1567 880 potuit,
1591 838 1773 882 quinimmo
1804 838 1936 871 lenitate
1960 848 1997 871 ae

1251 889 1405 933 patientia
1425 890 1481 923 suit
1503 891 1661 932 maxima,
1681 897 1712 925 et
1731 892 1763 924 in
1789 891 1890 925 Deum
1910 897 1998 925 tanta

1251 942 1418 982 charitate,
1435 949 1470 976 ut
1482 943 1551 977 eius
1564 954 1675 978 amore
1696 945 1805 978 omnia
1823 944 1998 978 arbitratus

1250 995 1291 1029 sit
1310 1002 1345 1029 ut
1363 1003 1516 1037 stercora,
1533 1008 1570 1030 ex
1590 1008 1655 1042 quo
1676 998 1772 1031 etiam
1793 997 1922 1040 egregia
1943 997 1999 1031 illa

1252 1049 1282 1082 in
1301 1050 1466 1094 proximos
1487 1050 1627 1084 charitas
1646 1051 1860 1085 redundabat.

1296 1104 1311 1147 ξ
1331 1103 1384 1137 lis).
1408 1104 1566 1138 Omnibus
1596 1105 1725 1138 deinum
1751 1105 1923 1138 virtutibus
1943 1116 1997 1139 cu-

1251 1158 1493 1199 mulatissimus,
1506 1159 1625 1192 devexa
1636 1159 1698 1192 iam
1712 1164 1827 1200 aetate,
1838 1159 1869 1192 in
1880 1170 1996 1204 perpe-

1253 1216 1305 1244 tua
1326 1211 1466 1255 quadam
1485 1217 1553 1245 erat
1570 1211 1669 1244 animi
1688 1212 1807 1255 vigilia,
1824 1218 1996 1256 expectans

1250 1264 1434 1306 Dominum,
1450 1270 1484 1298 ut
1508 1266 1548 1298 ad
1563 1265 1718 1299 coelestes
1731 1265 1860 1310 nuptias
1884 1266 1924 1299 ab
1950 1266 1995 1299 Eo

1250 1324 1430 1351 vocaretur.

1294 1373 1311 1414 ξ
1332 1371 1384 1404 41.
1402 1371 1512 1413 Igitur,
1526 1382 1628 1405 annos
1649 1373 1715 1406 sere
1736 1378 1866 1406 centum
1887 1379 1991 1414 natus,

1249 1425 1382 1468 cupiens
1403 1424 1530 1458 dissolri
1561 1431 1592 1458 et
1616 1436 1683 1459 esse
1709 1436 1782 1458 cum
1803 1426 1939 1466 Christo,
1963 1427 1995 1460 in

1249 1478 1400 1511 lethalem
1435 1479 1584 1512 morbum
1617 1479 1748 1519 incidit,
1770 1486 1865 1524 atque
1890 1490 1996 1514 sacra-

1250 1532 1366 1566 mentis
1387 1533 1538 1566 omnibus
1563 1533 1623 1567 rite
1645 1534 1805 1575 munitus,
1826 1534 1995 1569 orantibus

1249 1586 1288 1620 ad
1307 1586 1460 1620 lectulum
1484 1587 1655 1627 fratribus,
1679 1587 1849 1622 deficiente
1875 1588 1992 1622 sensim

1249 1640 1336 1673 omni
1366 1640 1449 1674 vitae
1480 1651 1593 1678 sensu,
1617 1641 1686 1685 ipso
1711 1641 1762 1675 die
1782 1641 1991 1686 Epiphaniae,

1249 1694 1427 1728 Barcinonc
1445 1694 1641 1729 obdormivit
1658 1695 1689 1728 in
1711 1695 1860 1734 Domino.
1883 1696 1994 1730 salutis

1248 1748 1409 1781 humanae
1428 1758 1513 1782 anno
1527 1748 1698 1783 millesimo
1713 1748 1934 1783 ducentesimo
1945 1759 1992 1783 se-

1248 1801 1450 1845 ptuagesimo
1471 1801 1597 1846 quinto.

1292 1857 1308 1897 ‚S
1329 1855 1382 1888 42.
1406 1854 1541 1898 Vulgata
1570 1855 1639 1889 eius
1664 1856 1779 1893 morte,
1803 1855 1915 1898 ingens
1935 1856 1993 1889 ho-

1248 1908 1370 1942 minum
1403 1919 1579 1942 concursus
1609 1909 1650 1942 ad
1682 1908 1914 1942 monasterium
1948 1909 1992 1942 ri-

1247 1962 1343 1996 dendi
1364 1973 1460 1996 causa
1480 1968 1612 2007 repente
1635 1963 1735 1996 sactus
1755 1968 1801 1996 est
1816 1990 1823 2000 ,
1845 1973 1881 1996 ac.
1905 1968 1991 1996 tanta

1246 2015 1304 2049 suit
1327 2015 1395 2049 cius
1414 2015 1591 2049 sanctitatis
1612 2016 1698 2060 apud
1721 2026 1834 2049 omncs
1853 2016 1965 2061 opinio
1981 2043 1988 2056 ,

1246 2075 1280 2103 ut
1301 2069 1392 2103 multi
1414 2070 1568 2114 episcopi,
1585 2070 1771 2114 complures
1791 2069 1938 2114 praelati.
1955 2080 1992 2103 ac

1244 2123 1370 2157 nobiles
1383 2123 1453 2161 riri,
1471 2123 1575 2157 clerus
1593 2123 1687 2156 etiam
1710 2129 1741 2157 et
1761 2123 1900 2168 populus
1917 2123 1991 2157 Bar-

1245 2176 1427 2210 cinonensis
1447 2176 1631 2217 universus,
1655 2177 1750 2210 sunus
1770 2176 1839 2210 eius
1864 2186 1991 2210 summa

1244 2230 1366 2263 doloris
1375 2230 1611 2273 significatione
1621 2230 1681 2263 sint
1694 2230 1893 2274 prosequuti.
1903 2229 1992 2264 Com-

1245 2294 1374 2317 munem
1398 2294 1472 2317 vero
1491 2283 1577 2316 illam
1592 2283 1660 2317 eius
1672 2283 1848 2317 sanctitatis
1872 2284 1990 2317 samam

1243 2338 1433 2372 auctoritate.
1459 2348 1515 2371 sua
1542 2347 1739 2382 magnopere
1757 2343 1916 2372 auxerunt
1935 2337 1989 2371 At-

1244 2392 1387 2437 phonsus
1411 2392 1581 2432 Castellae,
1605 2397 1633 2425 et
1658 2391 1792 2425 lacobus
1811 2390 1990 2434 Aragoniae

1245 2458 1346 2488 reges,
1363 2446 1417 2490 qni
1432 2445 1470 2478 ad
1490 2445 1558 2478 eius
1575 2445 1726 2489 exequias
1739 2455 1796 2478 sua
1808 2444 1989 2489 praesentia

1243 2499 1512 2537 cohonestandas,
1533 2498 1763 2532 comitantibus
1785 2498 1859 2532 titiis
1875 2508 1912 2531 ae
1931 2498 1988 2532 do-

1244 2553 1382 2588 mesticis
1412 2552 1586 2592 omnihus,
1609 2562 1736 2585 summa
1757 2562 1829 2585 cuni
1856 2561 1988 2586 venera-

1243 2608 1328 2642 tione
1349 2613 1379 2641 et
1399 2608 1481 2640 sama
1501 2606 1677 2640 sanctitatis
1702 2604 1785 2639 beati
1810 2605 1906 2639 huius
1928 2603 1986 2638 viri

1241 2667 1472 2696 convenerunt.
1498 2661 1606 2705 ltaque
1626 2670 1744 2705 corpus
1775 2660 1844 2694 eius
1869 2668 1987 2703 magno

1975 783 1981 789 .
2012 771 2033 790 et
2047 769 2162 797 humilitas,
2178 785 2183 788 .

2019 252 2067 280 An.
2085 244 2151 280 stt
2169 259 2181 270 1

2051 317 2138 338 Summa
2151 323 2172 339 e·
2218 314 2220 320 ¹

2013 348 2061 363 cum
2072 344 2150 369 angelo
2164 346 2177 362 ν’
2218 348 2220 350 ’

2013 370 2075 391 stude
2090 370 2153 391 famil·
2176 384 2179 390 .
2218 370 2220 382 '

2034 582 2139 604 ieiunium
2158 592 2173 604 «i

2013 609 2155 635 quottitiauu
2172 630 2179 639 ,
2217 619 2219 627 1

2025 742 2079 763 Mira
2093 734 2186 769 pauens

2031 1115 2135 1142 Perpetua
2150 1122 2182 1142 a·-

2010 1143 2038 1163 nii
2054 1142 2133 1172 vigilia.
2176 1166 2178 1169 Ι

2036 1381 2102 1402 nauta
2118 1387 2150 1402 ino
2166 1398 2182 1400 ..

2033 1861 2149 1889 Exequiao.
