2253 3195
38 285 86 312 An.
103 284 130 311 C.
156 284 222 311 1600

66 1461 176 1489 Exemptio
200 1469 212 1484 a

31 1495 162 1516 quacumque
182 1491 212 1511 iu-

30 1515 152 1537 risdictione
176 1517 212 1537 tri-

30 1542 134 1564 bunatium
151 1543 212 1565 Urbis

29 1571 50 1590 et
80 1571 212 1596 superiorum

43 1598 157 1626 enei-alium
173 1598 211 1618 Or-

43 1629 99 1645 inum
118 1625 211 1651 ,regula-

29 1650 88 1676 rium.

856 283 1002 308 CLEMENS
1024 284 1080 307 vul
1102 284 1151 307 Pr.

231 332 367 372 sionem,
392 344 449 377 per
469 344 513 373 se,
535 334 582 367 vel
604 334 715 373 alium,
736 344 792 366 seu
813 333 903 373 alios,
920 342 977 365 no-

232 385 318 418 minc
330 386 406 419 dicti
429 386 618 420 monasterii
639 397 697 430 per
711 392 895 430 praesentes
908 396 977 418 ere-

232 439 284 477 cti,
301 439 433 483 propria
453 439 654 477 auctoritate.
680 440 779 473 libere
798 439 977 483 apprchen-

232 493 319 533 dere,
343 498 374 526 et
394 499 552 537 perpetuo
574 493 729 531 retinerc;
756 494 877 526 fructus
894 503 976 536 quo-

230 557 308 589 que,
333 546 470 586 reditus,
491 552 680 590 proventus,
707 546 788 586 iura,
812 545 977 579 obventio-

230 610 286 632 nes
306 605 336 633 et
360 600 581 632 emolumenta
601 610 637 632 ex
664 599 708 632 eis
730 599 951 642 provenientia
966 626 973 639 ,

230 663 356 686 necnon
377 653 557 685 oblationes
575 658 605 685 ct
630 653 849 696 eleemosynas
871 651 975 684 eidem

230 706 426 739 monasterio
446 717 505 750 per
524 712 708 750 praesentes
729 711 847 745 erecto,
869 705 973 738 illius-

229 771 292 803 que
316 760 432 793 suturis
459 759 639 793 abbatissae
671 770 726 793 seu
747 759 920 803 priorissae
945 765 977 792 et

230 813 426 846 monialibus
447 824 505 857 pro
527 819 672 857 tempore
685 813 834 856 elargitas
846 818 877 846 et
894 813 975 846 elar-

229 866 361 909 giendas
380 867 560 911 percipere,
582 867 747 909 colligere,
772 866 908 910 exigere,
926 877 974 899 re-

229 920 348 964 cipere,
371 931 577 964 recuperare,
598 921 773 954 arrendare
794 926 825 953 et
844 921 970 961 levare,
989 944 991 958 Α,

228 985 265 1007 ac
291 973 322 1007 in
344 974 530 1008 monasterii
561 985 619 1018 per
647 979 831 1018 praesentes
852 974 947 1007 erecti
963 1001 971 1015 ,

229 1028 379 1073 illiusque
393 1029 572 1062 abbatissae
590 1040 646 1062 seu
663 1029 836 1073 priorissae
857 1034 887 1062 et
906 1039 973 1061 mo-

227 1082 362 1116 nialium
380 1083 620 1126 praedictarum
639 1093 846 1115 communem
864 1093 970 1123 usum,

228 1135 398 1169 utilitatem
420 1142 451 1169 et
479 1136 684 1170 necessitates
704 1142 904 1176 convertere,
929 1136 991 1175 vi-,

228 1188 304 1221 carii
322 1189 490 1233 praedicti,
505 1190 552 1222 vel
571 1190 709 1223 cuiusvis
727 1190 858 1223 alterius
876 1190 973 1223 licen·
988 1179 991 1245 Ξ

227 1242 270 1276 tia
294 1243 327 1276 in
350 1243 412 1276 hoc
430 1249 461 1277 et
481 1243 551 1277 aliis
572 1243 655 1276 infra
676 1243 820 1277 dicendis
840 1243 991 1280 minimet

226 1296 391 1340 requisita,
417 1296 512 1329 etiam
537 1302 694 1341 perpetuo
722 1297 923 1341 applicamus
943 1302 973 1330 et

229 1350 489 1394 appropriamus.

272 1403 287 1447 ἓ
311 1403 341 1437 9.
370 1404 501 1437 Necnon
527 1404 759 1437 monasterium
783 1414 842 1448 per
872 1415 969 1448 prae-

227 1462 332 1490 sentes
361 1463 523 1498 erectum,
554 1457 703 1502 illiusque
732 1468 791 1502 pro
827 1464 973 1502 tempore

227 1511 397 1544 existentes
435 1511 630 1545 abbatissam
670 1522 726 1545 seu
757 1512 968 1556 priorissam,

227 1570 419 1598 conventum
435 1592 442 1606 ,
467 1564 645 1605 moniales,
670 1565 968 1607 administratores,

226 1617 390 1659 officiales,
415 1618 600 1658 ministros,
624 1618 818 1660 servientes,
842 1625 870 1652 et
892 1630 969 1663 per-

225 1682 337 1712 sonas,
361 1682 398 1705 ac
425 1672 511 1705 bona
539 1672 673 1705 mobilia
704 1678 735 1705 et
770 1673 968 1715 immobilia,

224 1725 406 1769 praesentia
424 1730 456 1759 et
473 1726 590 1766 sutura,
616 1725 848 1771 cuiuscumque
869 1728 972 1771 quali-

225 1780 297 1814 tatis
318 1786 349 1814 et
368 1780 555 1824 quantitatis
580 1781 758 1822 existentia,
782 1792 819 1815 ac
835 1782 973 1816 ubilibet

225 1833 443 1875 consistentia,
472 1834 511 1867 ab
533 1834 621 1867 omni
644 1834 876 1877 iurisdictione,
894 1847 968 1870 cor-

224 1888 379 1929 rectione,
393 1888 587 1929 visitatione,
612 1889 770 1930 dominio,
794 1891 972 1934 superiori-

226 1946 289 1973 tate
303 1946 334 1974 et
346 1946 504 1984 potestate
524 1952 582 1985 pro
604 1947 750 1986 tempore
768 1943 971 1977 existentium

225 1994 329 2028 dictae
348 1995 442 2028 Urbis
459 1995 696 2038 gubernatoris,
713 1997 883 2037 senatoris,
896 2009 971 2031 con-

224 2054 436 2089 servatorum,
460 2049 724 2090 reformatorum,
748 2060 874 2084 necnon
897 2061 971 2084 cau-

224 2112 332 2135 sarum
353 2102 466 2136 Curiae
484 2103 635 2136 Gamerae
655 2103 858 2147 Apostolieae
875 2115 971 2147 gene-

225 2155 300 2188 ralis
320 2155 489 2197 auditoris,
503 2161 534 2189 et
546 2155 791 2190 Ordinariorum
810 2157 967 2199 locorum,

225 2208 321 2241 etiam
345 2214 509 2252 tamquam
536 2209 626 2243 Sedis
654 2209 858 2252 Apostolicae
878 2211 968 2244 dele-

224 2267 389 2304 gatorum,
419 2272 599 2306 eorumque
625 2262 895 2303 locatenentium,
919 2263 968 2296 vi-

225 2316 472 2359 cesgeientium,
496 2316 693 2350 vicariorum
712 2321 743 2349 ct
763 2316 967 2357 officialium,

224 2370 429 2414 aliorumque
447 2380 729 2414 quorumcumque
744 2369 886 2403 iudicum
900 2370 971 2403 ubi-

224 2423 303 2456 libet
320 2423 578 2464 consistentium,
595 2434 631 2456 ac
649 2423 760 2468 quavis
780 2422 971 2456 auctoritate

225 2481 256 2510 et
269 2477 435 2519 dignitate,
458 2483 521 2510 tam
536 2477 752 2511 ecclesiastica
769 2487 865 2520 quam
878 2487 971 2509 mun-

225 2530 319 2571 dana,
337 2530 433 2563 etiarn
455 2530 671 2564 cardinalatus
691 2530 815 2563 honore
836 2530 971 2572 fungen-

226 2584 317 2625 tium,
329 2594 456 2618 necnon
477 2589 699 2628 protectorum
717 2593 753 2617 ac
771 2583 970 2626 generalium

225 2642 257 2670 et
276 2637 523 2681 provincialium
546 2637 781 2677 ministrorum,
809 2636 968 2670 aliorum-

227 2701 288 2734 que
305 2691 523 2735 praclatorum
538 2696 568 2725 et
580 2691 786 2736 superiorum
803 2696 866 2724 tam
880 2701 971 2735 prae-

1011 331 1116 365 dictae
1136 336 1264 364 sanctac
1282 331 1403 371 Clarae,
1421 340 1515 374 quam
1532 329 1669 362 aliorum
1685 329 1750 361 fra—

1013 391 1096 418 trum
1119 385 1276 418 Minorum
1298 391 1328 418 et
1348 384 1484 417 aliorum
1505 383 1660 418 Ordinum
1675 393 1754 426 quo-

1012 449 1225 483 rumcumque
1247 439 1278 471 in
1299 438 1519 482 spiritualibus
1540 443 1571 471 et
1590 443 1753 480 tempora-

1011 493 1104 526 libus.

1055 547 1071 588 g
1093 546 1144 578 10.
1163 546 1294 580 Necnon
1309 558 1325 579 a
1339 545 1510 584 solutione,
1524 544 1750 589 praestatione,

1010 599 1250 632 contributione
1272 605 1299 632 et
1322 599 1486 632 exactione
1508 598 1708 632 decimarum
1724 603 1755 631 et
1774 606 1954 660 quhsrgfflfffflssg

1010 651 1147 684 aliorum
1179 663 1462 696 quorumcumque
1496 662 1632 685 onerum
1666 651 1754 685 ordi·
1769 666 1864 681 onerum.

1010 705 1176 738 nariorum
1198 711 1229 739 et
1251 706 1592 747 extraordinariorum,
1617 717 1653 739 ex
1674 717 1754 749 qua-

1010 769 1149 803 cumque
1171 770 1286 799 eausa,
1312 764 1340 792 ct
1363 759 1402 792 ad
1423 759 1565 792 savorem
1595 769 1753 802 quorum-

1009 823 1148 856 cumque
1168 812 1297 857 piorum
1320 813 1477 853 locorum,
1502 813 1597 846 etiarn
1616 812 1754 846 semina-

1010 866 1047 899 rii
1065 877 1240 910 puerorum
1262 866 1485 907 ecclesiastici,
1507 866 1602 900 etiam
1628 877 1686 910 pro
1707 867 1753 899 sa-

1009 920 1098 953 brica
1118 920 1268 954 basilicae
1288 920 1445 964 Principis
1465 920 1693 964 Apostolorum
1715 921 1755 953 de

1009 974 1092 1007 dicta
1113 974 1217 1014 Urbe,
1243 980 1270 1006 et
1294 973 1538 1007 manutentione
1558 974 1668 1007 classis
1700 974 1754 1007 tri-

1008 1027 1144 1061 remium
1176 1028 1267 1061 Sedis
1298 1027 1499 1071 Apostolicae
1527 1027 1753 1071 impositorum

1008 1087 1035 1115 et
1058 1082 1330 1125 imponendorum
1352 1081 1480 1124 penitus
1500 1086 1532 1114 et
1549 1080 1683 1114 omnino
1705 1081 1750 1116 si-

1009 1134 1128 1167 militer
1146 1140 1303 1178 perpetuo
1325 1134 1495 1168 eximimus
1516 1139 1547 1167 et
1564 1134 1750 1173 liberamus,

1008 1199 1044 1222 ac
1065 1189 1124 1221 sub
1144 1188 1232 1221 Beati
1247 1188 1332 1221 Petri
1347 1194 1378 1222 et
1398 1188 1500 1221 dictae
1521 1187 1622 1228 Sedis,
1640 1198 1676 1221 ac
1689 1198 1753 1221 no-

1007 1248 1073 1275 stra
1084 1241 1260 1275 etRomani
1274 1241 1440 1274 Pontificis
1454 1252 1514 1285 pro
1530 1247 1675 1285 tempore
1690 1241 1754 1274 cxi-

1007 1296 1129 1337 stentis,
1153 1295 1355 1340 protectione
1376 1301 1405 1328 ct
1427 1295 1603 1328 inviolabili
1624 1305 1754 1328 conser-

1007 1350 1133 1383 vatione
1157 1349 1360 1393 suscipimus.

1052 1404 1068 1446 g
1090 1403 1142 1436 111.
1166 1403 1203 1436 Et
1222 1402 1412 1443 visitationi,
1437 1401 1643 1441 correctioni,
1669 1402 1749 1435 obe-

1008 1456 1146 1490 dientiae
1167 1467 1203 1490 ac
1228 1455 1442 1490 iurisdictioni
1464 1455 1495 1488 in
1517 1455 1639 1489 eisdem
1659 1455 1753 1499 spiri-

1007 1510 1147 1543 tualibus
1171 1515 1202 1543 et
1231 1509 1464 1553 temporalibus
1495 1508 1604 1541 vicarii
1632 1508 1748 1547 Urbis,

1007 1569 1038 1597 ct
1057 1563 1198 1598 Caesaris
1216 1563 1388 1597 cardinalis
1408 1562 1663 1607 praedictorum,
1676 1572 1751 1595 nec-

1006 1628 1072 1651 non
1094 1628 1211 1657 curae,
1234 1616 1393 1660 gubernio
1426 1622 1456 1649 et
1480 1615 1751 1649 administrationi

1007 1672 1215 1705 fundatorum
1256 1682 1293 1704 ac
1327 1670 1465 1703 aliorum
1497 1670 1751 1713 gubernatorum

1007 1732 1037 1760 et
1054 1725 1352 1759 administratorum
1373 1723 1616 1768 praedictorum
1636 1733 1752 1767 perpe-

1009 1786 1062 1814 tuo
1082 1778 1273 1813 subiicimus
1293 1784 1324 1812 et
1340 1777 1573 1811 submittimus.

1051 1835 1067 1876 ξ
1089 1832 1141 1866 ’1“2,
1166 1833 1296 1866 Necnon
1316 1837 1352 1865 ut
1368 1832 1468 1877 ipsius
1489 1831 1676 1864 monasterii
1694 1842 1752 1875 per

1006 1892 1191 1931 praesentes
1212 1885 1309 1919 erecti
1329 1896 1486 1930 prospero
1507 1885 1669 1927 regimini,
1692 1896 1751 1928 gu-

1006 1940 1119 1974 bernio
1144 1946 1176 1973 et
1202 1938 1437 1973 conservationi
1465 1944 1649 1983 opportune
1669 1948 1749 1971 con-

1005 1995 1148 2035 sulatur,
1169 1993 1320 2037 illiusque
1338 2003 1397 2037 pro
1417 1999 1562 2037 tempore
1583 1992 1752 2026 existentes

1005 2047 1167 2081 abbatissa
1197 2057 1254 2080 seu
1281 2046 1457 2090 priorissa,
1486 2045 1659 2085 moniales,
1687 2055 1749 2087 gu-

1005 2102 1208 2141 bernatores,
1232 2100 1531 2140 administratores,
1556 2099 1748 2139 oeconomi,

1006 2155 1169 2195 officiales,
1187 2154 1335 2194 ministri,
1352 2153 1523 2187 servitores
1544 2159 1573 2186 et
1594 2163 1752 2197 personae

1005 2210 1044 2243 ab
1076 2209 1228 2243 indebitis
1264 2207 1418 2241 molestiis
1456 2208 1661 2247 releventur,
1692 2218 1751 2251 pro

1006 2269 1151 2307 tempore
1183 2262 1370 2295 existentem
1405 2262 1509 2294 almae
1536 2260 1630 2293 Urbis
1660 2260 1748 2293 vica-

1005 2316 1101 2356 rium,
1119 2321 1150 2349 et
1162 2315 1329 2349 Caesarem
1344 2314 1541 2348 cardinalem
1555 2314 1748 2358 praedictos,

1005 2375 1037 2402 et
1059 2369 1238 2412 quemlibet
1259 2379 1384 2408 eorum,
1409 2367 1632 2411 principaliter
1660 2372 1691 2400 et
1718 2367 1749 2400 in

1005 2423 1163 2463 solidum,
1196 2422 1228 2455 in
1258 2421 1446 2455 monasterii
1478 2432 1535 2466 per
1567 2427 1752 2465 praesentes

1006 2476 1115 2516 erecti,
1135 2475 1286 2519 illiusque
1307 2486 1532 2519 personarum,
1558 2485 1679 2515 rerum,
1696 2475 1752 2507 bo-

1005 2540 1143 2570 norum,
1168 2528 1287 2562 iurium
1313 2535 1343 2562 et
1370 2528 1612 2572 privilegiorum
1642 2534 1750 2572 prote-

1006 2588 1127 2624 ctores,
1152 2582 1337 2616 defensores
1352 2609 1359 2622 ‚
1381 2587 1411 2615 et
1432 2587 1690 2622 conservatores,
1714 2592 1751 2615 ac

1006 2636 1128 2670 iudices
1158 2637 1311 2680 (quorum
1334 2635 1468 2670 consilio
1499 2641 1529 2670 et
1555 2646 1616 2680 ope
1641 2636 1751 2669 omnia

1005 2689 1208 2734 supradicta,
1241 2696 1271 2723 et
1302 2699 1527 2734 quaecumque
1552 2689 1615 2723 alia
1642 2689 1674 2722 in
1702 2689 1750 2722 his

1656 269 1720 303 565
1768 278 1816 305 An.
1838 278 1865 308 C.
1885 279 1952 306 1600

1811 1408 1953 1429 lurisdnctieni

1767 1435 1850 1455 cardin.
1877 1435 1952 1455 vicarii

1768 1461 1953 1482 etadministrato-

1767 1494 1812 1509 rum
1834 1488 1953 1509 subiicitur.

1832 1836 1952 1857 (jardinalis

1767 1863 1859 1884 xicarius
1878 1868 1953 1889 perpe-

1767 1893 1814 1911 tuus
1829 1889 1952 1910 monasterii

1767 1919 1887 1943 protector.
1916 1916 1952 1937 de-

1768 1945 1837 1965 fensor
1850 1945 1870 1965 et
1880 1943 1950 1964 iudex.
