2253 3195
287 236 336 264 Λη.
358 238 385 265 c.
407 238 473 267 icoo
519 228 584 264 640

314 515 358 536 Sub
369 515 471 536 obedien-

286 544 316 562 tia
332 546 400 563 tamen
411 547 471 565 sune·

287 574 364 589 riorum
381 569 471 593 Gangre·

287 596 384 620 gationis.

310 834 347 858 Qui
358 833 472 859 imputandi

288 861 328 880 sint
344 867 363 880 tn
379 860 472 885 liupila-

288 888 349 909 tttius.
364 890 383 907 et
399 893 411 907 a
427 887 472 913 qui-

287 914 332 935 taus.

321 1796 391 1816 obtati
407 1795 472 1820 ret-{pt

290 1826 383 1849 pontum.
392 1823 473 1848 absquo

289 1851 316 1870 at·
327 1856 361 1876 1¹¹²
381 1852 473 1869 votorum

290 1877 426 1903 professione.

487 289 631 322 nondum
657 289 788 322 domum
810 289 998 331 formatam,
1023 291 1077 324 sed
1103 291 1232 324 habita-

487 343 607 376 tionem
623 343 846 376 tantummodo
867 343 951 377 intra
972 344 1160 378 nosocomia
1179 344 1236 377 ha-

488 396 621 429 bebunt.

532 450 549 490 g
570 448 622 481 2-2.
647 449 817 490 Volumus,
842 457 878 483 ut
899 450 931 484 in
951 451 1001 484 his
1026 451 1106 485 locis
1125 462 1183 496 per
1203 451 1234 484 id

488 509 614 546 tempus
636 502 838 536 diversentur
858 509 888 538 et
915 504 1033 546 degant
1063 504 1122 537 sub
1143 514 1236 548 prae-

488 556 642 589 fectorum
654 562 683 589 et
693 556 829 590 aliorum
841 557 1028 591 officialium
1041 558 1236 598 obedientia,

489 619 570 653 quos
590 609 630 642 ad
650 609 837 643 huiusmodi
856 610 963 644 officia
978 611 1164 655 exequenda
1178 621 1235 644 no-

487 668 552 696 stra
578 663 702 706 Religio
724 663 755 696 in
788 664 940 698 domibus
959 665 1103 698 formatis
1123 675 1235 698 creare

488 717 680 750 consuescit.

533 769 548 813 ἓ
568 769 620 803 23.
656 772 695 804 At
726 771 757 803 in
779 771 895 815 quibus
915 772 1051 806 urbibus
1065 799 1072 813 ‚
1107 772 1236 817 oppidis

488 823 631 867 locisque
655 834 721 857 non
752 825 855 857 solum
878 825 1050 858 formatam
1081 825 1232 864 domum,

488 877 544 914 sed
565 877 661 910 etiam
683 884 802 911 certam
825 879 1057 912 habitationem
1079 879 1181 912 nostri
1203 879 1235 911 in

488 931 683 965 nosocomiis
703 932 887 971 habebunt,
912 933 1150 977 praedictarum
1172 933 1233 966 do-

489 995 617 1017 morum
638 985 792 1028 praefecti
813 986 932 1029 eligent
951 986 1154 1030 superiores,
1187 986 1235 1019 ni-

489 1039 609 1071 mirum
641 1039 840 1073 sacerdotem
876 1050 996 1078 unum,
1019 1050 1118 1084 penes
1138 1050 1233 1084 quem

489 1092 635 1135 regimen
649 1098 798 1126 etcuram
815 1099 1015 1127 caeterorum
1029 1094 1234 1127 sacerdotum

490 1156 526 1179 ac
547 1146 678 1179 fratrum
693 1146 723 1179 in
737 1147 857 1180 eisdem
879 1148 1074 1181 nosocomiis
1091 1157 1236 1181 commo-

489 1199 629 1233 rantium
651 1200 734 1241 erit;
763 1201 893 1234 fratrem
915 1201 991 1234 item
1018 1211 1117 1234 unum
1141 1201 1232 1234 insir-

490 1254 640 1294 marium,
658 1254 748 1287 cuius
768 1254 912 1288 officium
935 1255 996 1288 erit
1017 1255 1152 1289 caeteris
1173 1256 1235 1288 sra-

490 1307 592 1340 tribus
604 1317 751 1351 praeesse
764 1308 794 1340 in
807 1307 844 1341 iis
858 1308 1138 1347 dumtaxatrebus,
1153 1319 1236 1352 quae

489 1361 528 1394 ad
548 1361 727 1394 functiones
752 1361 913 1405 pertinent
938 1363 1123 1406 corporales
1152 1362 1236 1395 circa

489 1420 647 1456 aegrotos.
677 1415 837 1457 Intelligat
866 1421 971 1449 tamen
1005 1416 1108 1449 dictus
1139 1415 1237 1449 frater

489 1468 707 1508 infirmarius,
735 1468 794 1501 sibi
820 1469 945 1502 nullum
967 1469 1016 1503 ius
1036 1480 1104 1503 esse
1125 1470 1235 1503 datum

489 1522 620 1555 cuilibet
641 1533 676 1555 ex
699 1522 850 1556 fratribus
871 1523 1059 1566 iniungendi
1090 1534 1211 1568 poenas
1225 1551 1232 1565 ‚

489 1586 579 1619 quas,
603 1576 628 1609 si
651 1586 781 1610 necesse
801 1576 911 1617 suerit,
940 1577 1124 1621 praedictus
1145 1584 1237 1622 pater

489 1629 612 1671 exiget,
637 1629 690 1673 qui
712 1635 838 1674 patrum
865 1636 896 1663 et
925 1630 1060 1663 fratrum
1090 1631 1235 1664 omnium

489 1692 599 1715 curam
621 1688 720 1725 geret.

534 1736 548 1779 g
569 1735 621 1768 24.
646 1736 824 1779 Nequando
850 1746 925 1769 vero
947 1735 1110 1770 charitatis
1132 1737 1237 1770 fervor

491 1788 678 1833 intepescat,
702 1795 757 1822 aut
778 1789 974 1833 impediatur
987 1790 1018 1822 in
1044 1790 1161 1824 nostris
1175 1791 1235 1824 sra-

491 1842 592 1875 tribus
613 1842 643 1874 in
666 1842 844 1875 ministerio
865 1854 1044 1887 pauperum
1066 1850 1235 1886 aegrotan-

490 1897 567 1929 tium
583 1895 758 1934 destinatis,
775 1906 832 1929 nec
846 1896 1116 1930 sollicitudinibus
1126 1898 1235 1931 dome-

489 1950 575 1983 sticis
596 1949 766 1993 nimiisque
793 1950 1060 1993 occupationibus
1091 1951 1148 1993 (ut
1176 1961 1234 1984 usu

490 2004 665 2037 multorum
680 2014 839 2037 annorum
855 2004 982 2037 evenire
1003 2004 1234 2048 comperimus)

489 2067 600 2090 eorum
623 2057 755 2101 spiritus
775 2057 942 2097 obruatur,
959 2058 1127 2091 statuimus
1149 2059 1233 2091 utad

489 2111 568 2144 baec
589 2111 840 2144 domesticorum
863 2111 1072 2153 negociorum
1091 2112 1235 2145 ettamu-

490 2165 606 2198 larium
623 2165 876 2198 ministeriorum
893 2175 1027 2198 munera
1051 2166 1235 2209 peragenda

491 2218 593 2252 devoti
615 2229 652 2252 ac
666 2219 708 2263 pii
731 2219 880 2252 liomines
905 2219 964 2252 sub
982 2219 1164 2252 oblatorum
1178 2229 1234 2252 no-

492 2272 577 2306 mine
598 2278 802 2316 cooptentur,
827 2272 880 2316 qui
903 2273 970 2305 sine
992 2273 1056 2305 ulla
1085 2279 1232 2306 votorum

490 2331 674 2359 nostrorum
697 2326 911 2369 promissione
935 2336 993 2358 nec
1022 2326 1230 2370 professione,

491 2379 661 2412 voluntarii
683 2390 715 2411 se
734 2384 817 2412 totos
839 2378 1010 2422 praedictis
1031 2379 1061 2411 iu
1083 2379 1233 2413 domibus

492 2433 608 2466 nostris
629 2433 813 2466 ministeriis
834 2433 1030 2477 impendant.

538 2486 623 2528 5⁶25.
652 2486 802 2519 Volumus
830 2486 938 2525 ctiam,
962 2487 1026 2520 Deo
1047 2486 1230 2524 adiuvante,

293 2542 432 2593 'mss-'3¹3p2·
443 2548 476 2588 31ss
494 2544 525 2571 ut
548 2539 577 2571 in
601 2539 661 2571 illis
681 2539 847 2572 dumtaxat
869 2539 1077 2578 nosocomiis,
1100 2539 1153 2572 ubi
1169 2550 1229 2573 no-

293 2602 356 2642 imi.
381 2592 575 2642 ¹:.if‚','.¹1',.'‡⁸¹¹'i⁸·
600 2598 634 2624 ut
658 2603 755 2636 supra
777 2593 898 2626 dictum
921 2598 979 2631 est,
1012 2598 1118 2626 certus
1143 2592 1251 2637 habi-3

293 2649 387 2670 unuln.

495 2645 580 2678 tandi
604 2645 691 2678 locus
722 2646 793 2685 crit,
819 2646 967 2679 foeminis
992 2639 1250 2689 aegrotantibus¹

1075 242 1259 267 BULLAmmt
1280 242 1434 268 ROMANUM

1269 296 1473 324 sacramenta
1497 291 1552 324 diu
1583 296 1750 336 noctuque
1774 292 1877 326 nostri
1908 292 2012 326 admi-

1269 343 1415 385 nistrent,
1439 345 1495 378 sed
1513 345 1750 387 agonizantium
1771 346 2011 390 praedictarum

1269 397 1414 438 animas,
1449 398 1593 432 interdiu
1628 404 1775 439 tantum,
1811 409 1877 433 non
1914 405 2012 434 noctu

1269 451 1558 492 commendentur,
1587 451 1673 485 iuxta
1701 452 1945 502 constitutiones
1973 463 2008 487 e-

1270 504 1402 538 dendas.
2200 539 2217 548 ,.
2241 534 2242 542 i

1314 557 1405 600 5⁹26.
1440 558 1558 591 Verum
1585 558 1660 602 quia
1688 564 1795 602 patres
1823 565 1855 593 et
1874 560 2007 601 fratres,
2039 570 2209 602 racnnmupq.
2240 574 2242 586 ε

1252 611 1324 655 *qui
1349 611 1411 645 hoc
1432 618 1577 656 tempore
1601 612 1633 645 in
1650 612 1809 655 religione
1826 612 1945 653 vivunt,
1969 614 2010 647 ob
2026 603 2103 618 ''mnu''
2127 582 2242 632 mmai!

2026 624 2208 662 sau-licumiuha'-
2230 629 2242 664 i,

1269 665 1474 709 superiorum
1507 671 1690 709 temporum
1712 666 1841 699 labores
1855 693 1862 707 ,
1890 666 2010 700 infirmi
2025 651 2208 704 itiffl'tiissia‘fn‘*
2230 662 2242 743 Ἰ

1270 723 1301 750 et
1320 717 1410 761 quasi
1442 717 1600 751 inhabiles
1631 719 1840 762 reperiuntur
1868 719 1909 752 ad
1932 719 2012 753 haec
2228 749 2241 765 ἢ

1269 781 1370 804 onera
1390 771 1488 804 modo
1516 771 1717 816 praescripto
1737 771 1926 805 sustinenda
1941 799 1948 813 ,
1972 772 2012 806 ad
2191 795 2194 801 ·
2240 771 2242 779 ⁸

1270 834 1353 868 quae
1368 824 1457 868 prius
1471 836 1508 858 ex
1522 825 1658 858 instituti
1673 825 1871 868 obligatione
1880 825 2015 860 minime

1270 878 1473 919 tenebantur,
1490 884 1663 923 propterea
1679 879 1863 913 decernitur
1875 885 1911 913 ut
1922 890 2015 924 prae-

1252 963 1253 970 ,
1270 931 1342 965 fecti
1370 932 1620 976 superioresque
1640 932 1780 966 maiores
1801 938 1931 966 nostrae
1951 934 2014 967 Re-

1270 985 1399 1027 ligionis
1412 985 1600 1029 dispensare
1612 986 1751 1020 debeant
1771 996 1808 1019 ac
1829 992 2010 1027 teneantur,

1270 1049 1343 1072 cum
1365 1039 1516 1072 omnibus
1536 1038 1710 1083 praedictis
1730 1039 1875 1083 patribus
1896 1044 1927 1072 et
1945 1040 2011 1073 sra-

1271 1092 1373 1125 tribus
1402 1092 1647 1136 praesentibus,
1679 1092 1734 1137 qui
1766 1093 1806 1126 ad
1831 1092 2014 1137 praedictos

1252 1145 1409 1186 ·laboreS‚
1433 1146 1540 1179 denuo
1564 1146 1735 1179 adiunctos
1756 1146 1842 1179 circa
1863 1146 2011 1180 ministe-

1252 1196 1254 1202 ’
1270 1199 1354 1232 rium
1372 1199 1543 1244 spirituale
1556 1205 1587 1233 et
1600 1200 1769 1244 corporale
1790 1200 2011 1245 hospitalium,

1270 1254 1497 1298 exequuendos
1517 1265 1580 1288 non
1602 1265 1635 1288 se
1656 1255 1742 1299 ipsos
1765 1261 1856 1299 aptos
1876 1255 2015 1289 sentient

1252 1314 1329 1340 'nec
1356 1307 1479 1341 habiles
1501 1307 1700 1341 iudicabunt.
1733 1309 1948 1342 Decernentes
1968 1314 2014 1342 ta-

1252 1373 1254 1401 μ
1271 1370 1343 1393 men
1365 1371 1477 1394 ornnes
1510 1366 1616 1404 patres
1636 1367 1666 1394 et
1686 1361 1799 1395 fratres
1829 1367 2014 1405 praesentes

1252 1404 1253 1416 ¹
1271 1413 1372 1447 teneri
1388 1413 1604 1447 ministerium
1615 1414 1786 1457 corporale
1804 1419 1835 1447 et
1847 1413 2015 1458 spirituale

1270 1466 1508 1510 aegrotantium
1527 1466 1559 1499 in
1573 1467 1787 1511 hospitalibus
1805 1467 1872 1501 dies
1889 1473 2015 1502 noctes-

1252 1530 1332 1565 ‘que
1353 1521 1480 1565 exequi,
1501 1522 1779 1565 quemadmodum
1804 1521 1952 1555 obstricti
1967 1527 2013 1555 te-

1253 1601 1254 1605 ,
1271 1580 1387 1608 nentur
1404 1575 1449 1608 illi
1471 1580 1578 1618 patres
1592 1575 1756 1616 etfratres,
1777 1575 1832 1619 qui
1847 1575 2015 1609 mittentur

1270 1639 1286 1662 e
1307 1628 1425 1662 nostris
1449 1628 1600 1662 domibus
1620 1629 1660 1662 ad
1681 1628 1821 1672 aegrotis
1839 1628 2011 1663 inservien-

1270 1683 1346 1716 dum
1368 1682 1400 1715 in
1422 1682 1630 1723 nosocomiis,
1647 1682 1679 1715 in
1692 1683 1809 1726 quibus
1827 1688 1935 1717 tamen
1947 1692 2013 1716 non

1252 1738 1253 1754 ¹
1270 1735 1425 1775 habitant,
1454 1741 1487 1768 ut
1504 1746 1601 1780 supra
1618 1735 1827 1769 constitutum
1849 1741 1906 1769 est.

1314 1789 1329 1833 5
1351 1789 1412 1822 -27,
1444 1789 1624 1833 Capitulum
1660 1789 1811 1831 generale
1847 1789 2012 1823 ordinarie
2026 1795 2078 1843 noti:
2094 1795 2215 1845 “cffifffss'

1269 1849 1356 1877 sexto
1377 1853 1507 1887 quoque
1524 1853 1609 1876 anno
1630 1843 1822 1884 celebretur,
1849 1843 1900 1876 cui
1925 1843 2011 1888 capi·
2026 1829 2215 1898 ⁶33¹}gigmffgtg*

1251 1898 1337 1942 <tulo
1370 1897 1523 1930 interesse
1556 1896 1674 1930 debent
1702 1902 1794 1940 pater
1825 1896 2007 1939 generalis,
2025 1881 2210 1951 {Qefigtwgffg'ffi

1251 1950 1470 1985 {consultores
1494 1950 1673 1992 generales,
1702 1949 1823 1983 arbiter
1847 1950 2011 1984 consultae

1252 1990 1438 2047 'generalis
1462 2009 1654 2047 procurator
1671 2003 1844 2046 generalis,
1872 2008 2011 2036 secreta-

1251 2088 1252 2101 ,
1269 2057 1335 2091 rius
1370 2057 1473 2090 dictae
1505 2057 1672 2091 consultae
1704 2062 1736 2090 et
1773 2056 2008 2101 provinciales;

1251 2116 1436 2155 ,praeterea
1467 2121 1504 2144 ex
1536 2110 1602 2144 suis
1628 2110 1810 2155 quibusque
1838 2109 2012 2154 provinciis

1251 2161 1252 2207 ζ
1268 2165 1384 2209 singuli
1407 2175 1479 2197 cum
1495 2164 1622 2198 duobus
1633 2164 1728 2197 sociis
1741 2163 1917 2204 vocalibus,
1933 2173 2012 2208 quo·
2036 2199 2044 2207 ,

1251 2210 1340 2251 'rum
1371 2218 1452 2251 alter
1476 2217 1638 2257 sacerdos,
1672 2217 1754 2250 alter
1775 2217 1873 2250 frater
1891 2216 1971 2258 erit,
1994 2226 2013 2250 a

1268 2271 1333 2306 suis
1354 2271 1606 2316 provincialibus
1626 2270 1775 2315 capitulis
1803 2270 1895 2303 electi
1916 2275 1947 2304 et
1966 2275 2013 2303 at·
2033 2279 2039 2288 ¹

1269 2325 1390 2358 tributi.
1414 2324 1591 2359 statuimus
1623 2323 1718 2357 etiam
1740 2329 1775 2357 ut
1795 2323 1907 2357 fratres
1937 2333 2013 2368 pro·

1270 2378 1354 2417 sessi,
1369 2378 1423 2422 qui
1446 2378 1508 2411 hoc
1526 2383 1672 2421 tempore
1691 2377 1721 2410 in
1743 2383 1852 2410 nostra
1870 2375 2012 2420 Religio-

1268 2442 1307 2466 ne
1328 2432 1447 2472 vivunt,
1472 2437 1503 2465 et
1523 2431 1622 2465 sacris
1642 2430 1940 2465 ordinibusinitiati
1954 2440 2012 2464 seu

1269 2485 1414 2519 initiandi
1446 2491 1532 2524 sunt,
1556 2485 1630 2527 eligi
1657 2485 1800 2529 possint,
1832 2490 1865 2518 et
1885 2483 1916 2517 in
1949 2483 2010 2518 hoc

1267 2539 1417 2582 generale
1451 2538 1629 2582 capitulum
1666 2537 1839 2571 convenire
1869 2547 1908 2571 eo
1940 2536 2009 2571 iure

1267 2602 1332 2636 quo
1353 2597 1483 2636 patres;
1506 2601 1618 2625 verum
1638 2591 1668 2624 in
1690 2596 1856 2635 posterum
1877 2589 1931 2634 qui
1954 2589 2006 2623 su-

1268 2645 1329 2679 turi
1350 2651 1434 2684 sunt,
1456 2643 1551 2678 liuius
1574 2643 1652 2678 iuris
1673 2649 1767 2677 erunt
1787 2648 1954 2689 expertes,
1975 2647 2009 2677 et

2184 1087 2213 1176 vafik'*
