2253 3195
263 246 317 272 An.
333 244 362 273 c.
380 245 447 273 1597
494 234 558 269 386

287 940 444 961 Contrariorum

260 967 378 993 derogatio.

462 294 527 327 rios
546 298 600 326 aut
620 292 793 334 delegatos,
807 289 918 333 quavis
931 287 1120 321 auctoritate
1133 287 1204 320 fun-

461 352 583 390 gentes,
598 345 694 379 etiam
713 343 796 377 sacri
815 342 927 386 palatii
945 340 1114 386 apostolici
1128 351 1204 374 cau-

460 410 568 433 sarum
589 398 764 437 auditores,
784 407 821 429 ac
840 396 872 429 S.
895 396 931 429 R.
954 395 988 428 E.
1010 394 1200 434 cardinales,

460 453 585 486 sublata
599 452 643 484 eis
663 457 694 484 et
713 459 826 484 eorum
840 449 969 482 cuilibet
984 448 1095 492 quavis
1112 447 1204 480 aliter
1219 454 1221 468 ³

460 505 622 538 iudicandi
636 510 667 537 et
680 502 911 547 interpretandi
931 502 1079 534 facultate
1100 506 1132 534 et
1148 498 1221 545 au-‘J

460 558 619 597 ctoritate,
643 556 778 590 iudicari
800 561 831 589 et
850 554 979 588 definiri
997 554 1137 593 debere;
1161 553 1201 585 ir-
1220 578 1221 583 ,

460 612 558 645 ritum
578 620 708 654 quoque
729 615 760 642 et
776 609 871 641 inane
891 607 916 640 si
937 606 1028 640 secus
1047 617 1144 650 super
1154 606 1203 639 his
1220 622 1221 627 =

459 676 477 698 a
501 674 682 708 quoquam,
703 662 815 706 quavis
837 660 1039 701 auctoritate,
1066 660 1204 693 scienter

459 720 507 752 vel
536 719 741 761 ignoranter,
765 716 936 758 contigerit
960 715 1122 755 attentari,
1145 725 1203 747 au-

460 772 606 805 ctoritate
625 769 802 815 apostolica
827 768 1046 813 praesentium
1063 795 1069 808 ,
1093 767 1204 801 decer-

460 825 567 858 nimus
587 830 618 857 et
643 824 854 857 declaramus.

504 880 520 920 ἓ
537 878 568 911 4.
583 878 653 911 Non
674 877 875 910 obstantibus
887 874 1072 919 praemissis
1085 885 1122 907 ac
1134 874 1204 918 qui-

459 932 566 965 busvis
586 930 788 975 apostolicis,
812 939 939 963 necnon
963 929 996 961 in
1022 927 1204 972 provincia-

459 985 543 1019 libus
555 983 807 1029 etsynodalibus
827 981 973 1016 conciliis
993 980 1087 1014 editis
1107 991 1203 1023 gene-

459 1038 578 1071 ralibus
595 1038 643 1070 vel
664 1036 857 1081 specialibus
877 1034 1160 1068 constitutionibus
1173 1041 1203 1068 ct

457 1091 726 1130 ordinationibus,
743 1095 773 1123 et
790 1088 976 1132 quarumvis
993 1087 1201 1120 ecclesiarum

457 1145 690 1178 cathedralium
723 1143 820 1176 etiam
848 1142 1052 1181 iuramento,
1082 1141 1202 1174 confir-

459 1198 601 1231 matione
618 1196 805 1241 apostolica,
822 1195 870 1228 vel
889 1195 999 1238 quavis
1019 1193 1081 1226 alia
1095 1193 1201 1226 ‘firmi-

458 1257 522 1285 tate
548 1250 726 1290 roboratis,
753 1248 880 1282 statutis
904 1253 934 1280 et
961 1247 1202 1280 consuetudini-

458 1306 528 1345 bus,
557 1305 653 1338 etiam
675 1301 997 1336 immemorabilibus.
1021 1300 1143 1340 Quibus
1167 1312 1202 1334 o-

459 1359 606 1397 mnibus,
631 1357 755 1390 etiamsi
786 1366 845 1400 pro
875 1355 1005 1388 illorum
1031 1354 1200 1387 sufficienti

458 1411 668 1453 derogatione
688 1411 727 1443 de
747 1409 809 1442 illis
836 1418 1014 1451 corumque
1035 1408 1201 1441 tenoribus

458 1464 621 1508 specialis,
645 1463 809 1496 individua
838 1468 868 1495 et
900 1471 1048 1505 expressa
1079 1461 1200 1494 mentio

458 1518 618 1557 habenda,
641 1523 696 1550 aut
712 1517 820 1560 aliqua
840 1515 902 1548 alia
923 1515 1078 1558 exquisita
1098 1515 1200 1548 forma

457 1572 497 1604 ad
529 1571 590 1604 hoc
621 1571 777 1603 servanda
809 1570 904 1610 foret,
934 1575 1061 1601 tenores
1091 1569 1201 1602 huius-

458 1624 564 1664 modi,
588 1635 623 1656 ac
650 1623 675 1656 si
697 1624 735 1656 de
756 1622 854 1655 verbo
885 1622 925 1655 ad
956 1622 1089 1655 verbum
1121 1622 1219 1654 nibil*

457 1678 585 1721 penitus
609 1677 728 1710 omisso
757 1675 886 1716 inserti,
910 1681 940 1708 ct
966 1676 1067 1708 torma
1087 1675 1118 1707 in
1140 1675 1201 1708 illis

458 1731 574 1764 tradita
593 1731 760 1764 observata
781 1730 873 1769 soret,
897 1729 1120 1772 praesentibus
1142 1740 1201 1773 pro

456 1784 652 1818 sufficienter
672 1783 827 1827 expressis
848 1783 1016 1823 habentes,
1046 1783 1106 1815 hac
1134 1782 1200 1815 vice

457 1839 621 1871 dumtaxat
641 1837 824 1881 specialiter
844 1843 873 1869 ct
893 1847 1041 1880 expresse
1067 1837 1219 1877 deroga-¹

459 1902 545 1931 mus,
570 1891 769 1934 caeterisque
794 1890 964 1923 contrariis
991 1890 1200 1933 quibuscum-

457 1954 530 1987 que.
556 1943 608 1976 vel
633 1943 657 1975 si
688 1942 846 1986 episcopis
877 1943 1201 1986 comprovincialilms

457 1996 641 2040 praedictis,
656 1997 702 2029 vel
716 1996 879 2039 quibusvis
897 1996 965 2029 aliis
986 1997 1202 2030 communiter
1218 1998 1219 2045 J

458 2051 505 2097 rel
523 2050 648 2083 divisim
670 2050 709 2081 ab
731 2049 907 2092 apostolica
927 2049 967 2082 sit
991 2050 1072 2083 Sede
1098 2049 1201 2082 indul-

458 2110 538 2143 tum,
554 2103 640 2146 quod
662 2103 986 2147 interdici,suspcndi
1008 2103 1054 2136 vel
1076 2114 1201 2135 exrom-

458 2157 615 2190 municari
635 2168 698 2190 non
713 2157 836 2200 possint
857 2168 913 2200 per
935 2157 1055 2190 litteras
1075 2163 1219 2200 aposto-2

458 2210 534 2242 licas
554 2220 618 2242 non
640 2209 790 2242 iacientes
807 2210 934 2253 plenarii
956 2215 986 2242 et
1006 2221 1199 2253 expressam,

458 2274 493 2295 aa:
514 2264 552 2295 de
574 2263 671 2296 verbo
692 2264 730 2295 ad
760 2263 892 2296 verbum
920 2263 959 2295 dc
989 2263 1113 2296 indulto
1143 2264 1202 2297 Ιιιι-

459 2317 597 2350 iusmodi
617 2317 825 2350 mentionem.

504 2371 617 2403 Datum
641 2371 759 2403 ltomae
787 2370 871 2414 apud
892 2371 1042 2403 Sanc-tum
1074 2372 1201 2405 Petrum

458 2424 517 2455 sul»
549 2424 668 2457 annulo
701 2424 891 2461 l’iscatoris,
921 2424 972 2457 dic
996 2435 1048 2458 xix
1075 2425 1202 2458 decem-

459 2476 524 2509 bris
542 2487 685 2516 unxerit,
707 2477 911 2521 pontificatus
932 2478 1031 2510 nostri
1053 2489 1138 2512 :inno
1158 2490 1197 2512 ri.

496 2537 552 2565 liat.
574 2540 618 2565 die
641 2541 670 2565 ¹¹.)
691 2539 844 2566 ‹lecernbrie
866 2539 944 2574 1507,
967 2542 1042 2574 poni.
1063 2549 1109 2568 nn.
1132 2547 1166 2567 vt.

1046 239 1230 265 BULLARIUM
1248 240 1402 266 ROMANUM

1538 290 1679 325 CLXXII.

1219 409 1221 446 ὲ
1239 395 1450 438 Confirmatio
1481 401 1510 429 et
1539 397 1707 431 innovatio
1735 399 1923 442 gratiarum
1953 404 1983 432 et

1279 449 1531 493 privileyiorum
1543 452 1702 492 omniurn,
1715 452 1815 485 etiam
1824 463 1884 495 per
1894 453 1983 485 viam

1282 504 1599 545 commimicationis,
1615 516 1835 539 concessorum
1849 505 1984 540 Ordini-

1283 556 1341 588 bus
1359 561 1426 589 tam
1445 557 1605 590 Fratrum
1623 558 1792 592 Minorum
1809 559 1984 602 Reyularis

1284 608 1521 651 observantiae,
1538 622 1639 655 quam
1655 612 1687 646 S.
1707 613 1823 647 Clara-e
1839 616 1869 645 et
1882 612 1984 645 Tertii

1283 662 1419 696 Ordinis
1442 664 1480 696 de
1496 663 1699 698 Paenitentia
1718 665 1832 699 Sancti
1843 664 1984 698 Franci-

1282 717 1338 756 sci,
1361 717 1398 748 in
1415 718 1641 751 communione
1661 723 1690 751 et
1709 718 1765 751 sub
1780 718 1882 751 tribus
1901 718 1984 750 votis

1282 769 1510 802 essentialibus
1534 771 1736 812 viventium,
1760 772 1797 804 in
1827 772 1879 804 his
1899 781 1984 815 quae

1284 822 1428 856 Concilio
1438 823 1630 856 Tridentino
1641 829 1670 857 et
1680 824 1813 857 decretis
1824 824 1983 857 Fratrum

1282 875 1544 918 Reformatorum
1560 887 1625 909 non
1638 877 1854 910 adversantur
1869 877 1890 910 ¹.

1446 966 1580 994 Clemens
1601 967 1679 1000 Papa
1697 967 1781 1001 VIII,

1365 1021 1400 1046 ad
1415 1023 1591 1054 perpetuam
1605 1020 1650 1047 rei
1664 1020 1846 1048 memoriam.

1236 1197 1384 1230 virtutem
1403 1197 1476 1230 Sedi
1497 1197 1699 1241 Apostolicae
1721 1197 1844 1240 totique
1867 1197 1978 1230 Eccle-

1235 1250 1300 1283 siae
1331 1260 1396 1291 non
1417 1251 1514 1283 modo
1536 1250 1691 1283 illustrem
1713 1256 1743 1283 et
1766 1250 1978 1293 praeclaram,

1235 1304 1291 1337 sed
1311 1304 1422 1337 utilem
1435 1303 1532 1336 etiam
1546 1314 1582 1336 ac
1601 1302 1816 1336 necessariam
1833 1313 1901 1336 esse
1914 1303 1982 1336 ani-

1236 1357 1477 1397 madvertimus,
1501 1356 1632 1389 eosdem
1652 1356 1769 1390 nostris
1790 1361 1821 1389 et
1838 1355 1981 1390 eiusdem

1234 1409 1536 1454 SedisApostolicae
1553 1409 1743 1450 honoribus,
1760 1420 1797 1442 ac
1816 1409 1982 1443 beneficiis

1236 1465 1373 1498 libenter
1392 1474 1641 1508 prosequamur.
1665 1463 1742 1497 Cum
1762 1473 1839 1496 vero
1859 1473 1897 1496 ex
1917 1463 1979 1496 bo-

1235 1518 1284 1551 nis
1310 1523 1340 1550 et
1368 1516 1547 1551 commodis
1578 1516 1798 1560 spiritualibus
1824 1516 1980 1550 Ordinum

1235 1571 1496 1609 Mendicantium,
1517 1581 1554 1603 ca
1571 1570 1666 1612 longe
1684 1570 1811 1613 lateque
1838 1574 1978 1614 pateant,

1235 1634 1428 1668 semperque
1459 1623 1632 1667 patuerint,
1656 1633 1739 1667 quae
1769 1634 1787 1655 a
1807 1633 1898 1656 sacro
1917 1622 1979 1657 Or-

1235 1678 1309 1712 dine
1321 1678 1468 1710 Fratrum
1483 1676 1640 1709 Minorum
1659 1676 1697 1709 de
1709 1675 1927 1717 observantia,
1941 1675 1981 1709 ab

1236 1731 1312 1775 ipsis
1333 1731 1484 1764 fundatae
1501 1729 1667 1772 religionis
1688 1729 1797 1769 initiis,
1819 1729 1850 1762 in
1871 1739 1982 1763 omnes

1235 1785 1427 1818 christianae
1459 1783 1656 1827 reipublicae
1688 1782 1870 1826 provincias
1900 1792 1979 1826 pro-

1237 1838 1408 1877 fluxerunt,
1431 1836 1641 1880 quotidieque
1662 1835 1827 1880 profluunt
1851 1841 1882 1868 et
1900 1845 1978 1879 pro-

1237 1897 1378 1929 manant,
1394 1890 1574 1923 sariendum
1596 1889 1689 1922 nobis
1709 1899 1777 1921 esse
1797 1888 1977 1929 statuimus,

1237 1951 1269 1978 ut
1291 1945 1320 1977 in
1343 1944 1456 1977 codem
1470 1943 1601 1983 Ordine,
1617 1942 1733 1976 nostris
1753 1948 1784 1975 et
1795 1942 1886 1976 Sedis
1899 1943 1982 1986 Apo-

1236 1999 1367 2032 stolirae
1395 1996 1504 2039 gratiis
1533 2002 1629 2040 atque
1658 1995 1848 2028 :mineribus
1874 1994 1978 2028 hone-

1218 2047 1219 2056 *
1236 2052 1349 2085 stando
1364 2079 1371 2091 ,
1409 2050 1487 2083 niliil
1532 2050 1751 2083 Romanorum
1787 2048 1981 2082 Pontificum

1236 2106 1519 2149 praedecessorum
1540 2109 1724 2137 nostrorum
1742 2102 1932 2145 benignitati
1945 2112 1982 2135 ac

1235 2159 1342 2192 studio
1364 2158 1590 2191 concedamus.

1281 2214 1296 2255 g
1322 2211 1346 2244 l.
1371 2212 1447 2245 Cum
1470 2210 1567 2251 igitur
1597 2220 1655 2253 pro
1676 2215 1766 2253 parte
1794 2208 1902 2242 dilecti
1923 2207 1981 2241 tilii

1238 2264 1366 2299 loannis
1387 2263 1544 2307 Baptistae
1566 2263 1673 2301 Moles,
1691 2261 1904 2296 connnissarii
1925 2271 1981 2304 gc-

1275 2382 1283 2408 l
1309 2379 1466 2407 Huiusmodi
1482 2378 1700 2406 continuationes
1719 2377 1842 2413 plerique
1866 2376 1981 2412 praede-

1237 2433 1359 2453 cessores
1387 2428 1413 2451 et
1440 2423 1578 2458 signanter
1597 2422 1720 2450 Clemens
1737 2421 1797 2453 Vll,
1823 2420 1923 2448 l‘nuluu
1939 2420 1980 2454 tv,

1237 2469 1385 2505 Gregorius
1397 2468 1453 2495 xltt
1464 2471 1491 2494 et
1505 2467 1592 2494 Sinus
1603 2466 1620 2491 V
1633 2466 1786 2501 ediderunt,
1797 2465 1843 2492 sed
1859 2465 1910 2493 illis
1919 2473 1983 2492 con-

1236 2514 1306 2540 ·ultn
1327 2511 1542 2548 praetermissis,
1569 2511 1637 2538 lianc
1658 2510 1733 2546 posui
1759 2509 1796 2537 uti
1822 2508 1981 2546 pleniorem.

1238 2558 1364 2593 itt-gulam
1381 2565 1443 2583 vero
1458 2560 1484 2583 ct
1499 2555 1550 2583 ulia
1565 2556 1600 2582 de
1608 2554 1708 2582 Ordine
1723 2554 1748 2582 S.
1767 2553 1901 2581 Francisci
1922 2552 1982 2579 vido

1236 2602 1261 2629 in
1286 2602 1424 2628 constitut.
1448 2606 1531 2636 rxrn,
1550 2599 1658 2627 lionorii
1675 2598 1708 2626 ΙΙΙ
1723 2607 1727 2625 ;
1745 2598 1840 2632 Solet,
1857 2601 1920 2625 tom.
1938 2604 1980 2629 ιιι,

1235 2655 1295 2682 png.
1312 2647 1372 2672 ruit.

1995 246 2044 273 An.
2060 245 2090 274 G.
2109 244 2176 275 1597
2200 283 2205 288 1

1282 1090 1372 1123 ltatio
1393 1091 1562 1134 pastoralis
1580 1090 1676 1124 officii
1697 1090 1797 1124 nostri
1818 1090 1917 1133 exigit
1935 1095 1982 1124 at-
1995 1099 2196 1147 trugrdfflzoffi‘

1236 1155 1299 1188 que
1320 1144 1485 1187 efflagitat,
1508 1151 1543 1177 ut
1563 1155 1703 1188 quorum
1723 1144 1914 1187 religionem
1945 1155 1982 1177 ac
1995 1151 2184 1200 {1gultriubosffl{⁴3:31aa¹

2044 2232 2181 2254 riuum-mm
2190 2246 2193 2250 ·
2234 2239 2236 2249 ¹

1997 2259 2112 2286 gratiarum
2121 2260 2142 2280 et
2149 2257 2180 2280 ln·
