2253 3195
9 265 21 286 t*
66 255 114 285 An.
131 255 158 284 C,
182 253 250 283 ¹599

82 1533 192 1556 Canonicis
203 1542 250 1562 sup-

68 1562 134 1587 pressi
146 1565 250 1584 monaste·

69 1588 94 1617 rii
102 1594 194 1618 congrua
203 1590 250 1611 sub·

68 1617 205 1637 ministranda
215 1617 251 1638 ali·

67 1644 137 1670 menta
145 1643 173 1664 ad
181 1649 252 1665 eorum

68 1669 138 1689 vitam.

86 2123 196 2146 clausulae
204 2131 253 2153 poe-

71 2150 136 2172 ualet.

873 254 1019 279 CLEMENS
1040 253 1097 278 vt11
1118 252 1168 278 ΙΨΔ

263 309 350 337 extra
369 302 526 337 civitatem
553 304 600 337 vel
620 303 813 344 dioecesim,
836 303 866 336 in
889 303 1004 347 quibus

263 357 404 401 deputati
423 358 551 397 fuerint,
569 364 680 391 contra
694 367 917 401 quoscumque
930 366 1004 400 pro-

262 411 377 443 cedere
399 417 450 443 aut
472 411 525 444 alii
550 411 598 443 vel
619 411 688 444 aliis
709 411 790 443 vices
815 421 887 443 suas
915 420 1003 441 com-

264 463 390 497 mittere
411 470 635 507 praesumant,
652 464 735 496 etde
754 463 878 495 duabus
891 462 1004 495 diaetis

263 517 294 549 in
320 518 456 550 concilio
475 517 616 559 generali
635 517 736 556 edita,
758 516 936 549 dummodo
958 515 1005 547 ul-

264 576 313 603 tra
332 577 394 604 tres
416 571 536 604 diaetas
554 570 670 614 aliquis
691 569 882 602 auctoritate
906 579 1001 612 prae-

263 624 401 657 sentium
435 624 474 656 ad
505 623 659 657 iudicium
688 633 753 655 non
776 622 944 660 trahatur,
969 632 1005 654 ae

263 677 484 710 Lateranensis
502 676 632 710 Concilii
654 676 826 709 novissime
853 674 1004 708 celebrati

263 730 399 764 uniones
418 736 600 774 perpetuas,
621 730 681 762 nisi
703 729 733 762 in
756 729 883 762 casibus
901 739 919 761 a
937 728 1004 760 iure

263 784 439 828 permissis,
461 783 531 816 fieri
545 783 757 827 prohibentis,
778 782 912 826 aliisque
930 792 1006 814 con-

264 837 485 870 stitutionibus
503 842 534 870 et
563 836 822 870 ordinationibus
847 834 1002 879 apostoli-

265 891 332 931 cis·‚
356 901 482 924 necnon
504 890 689 924 monasterii
711 896 742 923 et
762 889 884 922 ordinis
913 899 1005 932 prae-

266 943 427 978 dictorum
446 944 639 983 iuramento,
664 942 911 976 confirmatione
930 952 1006 985 apo-

265 997 390 1037 stolica,
412 998 459 1031 vel
480 997 591 1041 quavis
614 996 765 1029 firmitate
785 996 847 1028 alia
873 995 1006 1028 robora-

267 1052 316 1090 tis,
337 1051 462 1084 statutis
474 1057 503 1084 et
518 1050 818 1089 consuetudinibus,
836 1048 1005 1083 contrariis

266 1105 534 1149 quibuscumque.
560 1105 622 1137 Aut
638 1104 663 1137 si
681 1103 842 1147 aliquibus
862 1113 1006 1135 commu-

265 1157 349 1191 niter
368 1158 416 1191 vel
439 1157 564 1190 divisim
594 1157 633 1190 ab
659 1157 770 1189 eadem
791 1156 831 1189 sit
857 1155 938 1189 Sede
960 1154 1006 1187 in-

265 1210 389 1244 dultum
410 1210 497 1254 quod
518 1210 685 1250 interdici,
710 1209 861 1253 suspendi
882 1209 930 1241 vel
955 1218 1006 1241 ex-

264 1263 497 1296 communicari
514 1273 578 1296 non
593 1263 781 1307 possintper
798 1263 918 1295 litteras
929 1272 1006 1306 apo-

265 1317 394 1351 stolicas
411 1328 476 1351 non
506 1317 657 1351 facientes
677 1318 806 1362 plenam
832 1323 863 1350 et
880 1325 1006 1360 expres-

264 1382 343 1412 sam,
367 1383 404 1405 ac
424 1373 463 1405 de
480 1372 578 1406 verbo
596 1372 635 1405 ad
650 1372 793 1412 verbum,
818 1371 858 1404 de
882 1370 1006 1404 indulto

265 1426 452 1460 huiusmodi
474 1426 682 1459 mentionem.

308 1479 395 1523 310.
423 1480 578 1513 Volumus
605 1485 712 1513 autem
737 1479 824 1523 quod
852 1489 909 1523 per
934 1489 1009 1522 sup-

265 1533 464 1578 pressionem
486 1539 517 1567 et
536 1533 598 1567 alia
622 1533 797 1577 praemissa
818 1533 916 1576 ipsius
938 1542 1008 1565 mo-

267 1587 398 1621 nasterii
424 1587 468 1620 sie
498 1587 661 1631 suppressi
685 1586 847 1627 Ecclesia,
875 1586 900 1619 si
927 1597 1009 1630 quae

268 1646 362 1681 extet,
386 1641 427 1674 ad
447 1640 632 1684 prophanos
652 1651 728 1674 usus
746 1650 811 1674 non
831 1640 1006 1683 redigatur,

267 1694 322 1727 sed
337 1693 402 1727 illic
412 1693 444 1726 in
458 1693 573 1727 divinis
583 1693 786 1727 laudabiliter
800 1693 1007 1733 deserviatur,

267 1752 298 1780 et
320 1753 479 1791 quatenus
505 1747 603 1791 aliqui
623 1758 659 1780 ex
679 1747 823 1780 eiusdem
846 1747 1009 1790 suppressi

267 1800 455 1834 monasterii
474 1800 620 1834 canonici
639 1800 826 1844 superstites
846 1799 1010 1844 reperian-

266 1859 329 1895 tur,
352 1854 439 1898 ipsis,
462 1864 499 1887 ex
527 1854 613 1887 illius
634 1854 791 1887 fructibus
812 1854 850 1887 de
868 1863 1011 1896 congrua

266 1907 416 1951 portione
436 1917 494 1951 pro
508 1918 620 1940 eorum
642 1907 736 1948 victu,
757 1907 1010 1941 substentatione

269 1965 300 1994 et
320 1961 564 1994 manutentione
585 1962 625 1994 ad
643 1971 755 1994 eorum
774 1961 868 1994 vitam
891 1971 1012 1994 annua-

269 2013 326 2047 tim
345 2014 556 2057 persolvenda
576 2015 793 2058 provideatur.

315 2067 330 2110 g
349 2066 402 2100 11.
425 2067 509 2100 Nulli
531 2078 608 2110 ergo
633 2067 766 2101 omnino
785 2067 953 2101 hominum
975 2068 1012 2101 li-

270 2126 351 2161 ceat,
372 2120 454 2154 hane
475 2121 624 2164 paginam
639 2128 766 2154 nostrae
786 2121 1008 2162 absolutionis,

269 2174 516 2219 suppressionis,
531 2174 744 2215 extinctionis,
765 2175 947 2216 erectionis,
965 2175 1012 2208 in-

270 2227 456 2268 stitutionis,
473 2227 708 2272 applicationis,
726 2228 1008 2272 appropriationis,

271 2281 491 2321 subiectionis,
516 2281 764 2321 commissionis,
782 2281 1008 2321 concessionis,

270 2333 398 2374 indulti,
419 2334 550 2374 decreti,
572 2334 712 2368 mandati
727 2340 757 2367 et
780 2334 952 2367 voluntatis
965 2334 1012 2366 in-

271 2388 423 2431 fringere,
440 2389 489 2422 vel
511 2388 539 2421 ei
557 2399 635 2421 ausu
651 2388 823 2422 temerario
838 2388 1008 2428 contraire;

271 2440 296 2474 si
315 2441 386 2485 quis
400 2447 507 2476 autern
527 2441 589 2475 hoc
612 2447 769 2475 attentare
789 2451 1012 2485 praesumpse-

271 2494 322 2535 rit,
354 2494 610 2538 indignationem
631 2495 863 2539 omnipotentis
878 2495 946 2535 Dei,
976 2505 1012 2528 ac

271 2547 440 2581 beatorum
456 2548 539 2582 Petri
552 2554 582 2582 et
603 2548 691 2582 Pauli
705 2548 925 2592 apostolorum
939 2547 1012 2581 Eius

272 2612 305 2636 se
322 2601 448 2635 noverit
472 2601 690 2635 incursurum.

315 2654 429 2689 Datum
450 2654 571 2689 Romae
590 2655 676 2699 apud
696 2654 726 2689 S.
750 2654 903 2696 Marcum,
926 2664 1012 2689 anno

310 2716 389 2745 Bau.
407 2717 490 2748 Rom.
512 2716 571 2745 Vol.
592 2715 626 2745 Χ.
920 2717 954 2747 69

1683 235 1746 272 545

1039 301 1271 335 lncarnationis
1296 297 1480 334 Dominicae
1502 298 1671 332 millesimo
1686 298 1778 341 quin-

1038 356 1215 397 gentesimo
1237 354 1446 397 nonagesimo
1468 363 1564 393 nono,
1580 351 1692 396 quinto
1708 351 1778 384 idus

1038 409 1241 453 septembris,
1258 414 1346 452 pont.
1368 407 1468 440 nostri
1493 417 1577 439 anno
1598 412 1721 439 octavo.

1075 471 1132 498 Dat.
1153 471 1196 497 die
1214 471 1230 497 9
1249 470 1414 505 septembris
1436 469 1514 503 1590,
1537 473 1609 504 pont.
1626 476 1669 494 an.
1687 473 1740 494 vttt.

1340 631 1477 665 CCXVII.

1039 729 1239 772 Inquisitorz'
1272 728 1420 771 syenerali
1445 728 1480 760 in.
1511 728 1619 770 regynz's
1652 727 1777 770 Hispa·

1083 791 1219 823 uiarum
1232 790 1417 823 conceditur
1439 790 1581 833 facultas
1601 789 1782 832 deputandi

1084 854 1314 897 inquisitorem
1328 854 1364 885 in
1387 853 1544 885 classibus
1564 853 1648 894 reqt's
1673 853 1782 885 calho-

1086 916 1159 956 cici,
1183 926 1240 959 pro
1265 916 1372 948 causis
1396 916 1439 948 ad
1458 927 1554 949 suum
1578 917 1687 959 sorum
1706 925 1778 959 spe-

1084 980 1247 1011 ctantibus
1267 980 1286 1012 ¹.

1040 1059 1155 1087 Dilecto
1174 1060 1235 1087 filio
1262 1061 1400 1087 moderno
1429 1063 1459 1087 et
1487 1068 1539 1094 pro
1563 1063 1693 1093 tempore
1719 1058 1781 1086 exi-

1074 1114 1169 1141 stenti
1183 1114 1355 1141 haereticae
1371 1118 1401 1141 et
1417 1115 1603 1147 apostaticae
1621 1114 1782 1147 pravitatis

1075 1170 1106 1197 in
1121 1171 1223 1205 regnis
1238 1171 1448 1204 Hispaniarum
1460 1170 1592 1204 generali
1609 1170 1783 1203 inquisitoii

1180 1232 1375 1263 Clemens
1403 1232 1517 1273 Papa
1537 1231 1630 1262 VIII.

1312 1297 1427 1324 Dilecte
1444 1297 1498 1329 fili,

1075 1351 1204 1378 salutem
1223 1353 1254 1377 et
1277 1350 1472 1383 apostolicam
1496 1349 1746 1377 benedictionem.

1086 1423 1102 1464 ξ
1135 1421 1164 1454 1.
1197 1422 1306 1464 Nuper
1337 1420 1497 1464 siquidem
1524 1420 1733 1454 charissimus
1751 1420 1782 1453 in

1041 1475 1164 1509 Christo
1198 1475 1296 1508 Filius
1327 1480 1435 1508 noster
1466 1474 1632 1518 Philippus
1663 1474 1780 1517 Hispa-

1043 1529 1168 1561 niarum
1188 1539 1241 1561 rex
1263 1528 1440 1561 catholicus
1471 1527 1587 1571 exponi
1616 1527 1708 1560 nohis
1734 1528 1780 1560 se-

1044 1582 1096 1621 cit,
1120 1582 1207 1625 quod
1222 1592 1294 1615 eum
1316 1581 1349 1614 in
1372 1581 1503 1614 diversis
1524 1581 1591 1614 eius
1616 1581 1780 1619 classibus,

1044 1646 1123 1679 quas
1140 1635 1208 1679 ipse
1228 1634 1395 1678 Philippus
1422 1645 1478 1668 rex
1498 1640 1611 1667 contra
1639 1634 1785 1667 inlideles

1045 1700 1103 1733 pro
1122 1689 1196 1722 fidei
1211 1688 1400 1728 catholicae,
1415 1693 1445 1721 et
1459 1698 1632 1730 regnorum
1651 1698 1784 1720 suorum

1045 1743 1230 1776 defensione
1248 1743 1280 1775 in
1299 1743 1366 1776 dies
1386 1753 1499 1786 parare
1513 1747 1544 1775 et
1564 1742 1713 1785 expedire
1734 1752 1786 1775 co-

1045 1796 1141 1839 gitur,
1163 1796 1203 1828 ob
1225 1795 1397 1828 maximam
1420 1795 1556 1827 nlilitum
1586 1794 1712 1838 copiam
1739 1795 1786 1828 sa-

1046 1850 1106 1883 cile
1126 1850 1254 1883 evenire
1272 1849 1381 1893 possit,
1403 1849 1529 1882 diversa
1541 1848 1686 1888 crimina,
1704 1859 1786 1892 quae

1047 1903 1203 1936 baeresim
1218 1903 1354 1946 sapiant,
1367 1908 1606 1946 perpetrentur,
1620 1908 1786 1946 etpropte—

1047 1967 1101 1990 rea
1121 1957 1188 2000 ipse
1204 1956 1372 2000 Philippus
1393 1966 1445 1988 rex
1466 1956 1533 1989 zelo
1547 1955 1723 1988 catholicae
1738 1966 1785 1988 re-

1046 2010 1173 2053 ligionis
1194 2010 1323 2049 ductus,
1347 2020 1384 2042 ac
1404 2015 1439 2042 ut
1464 2009 1672 2042 christianum
1695 2009 1787 2042 decet

1046 2064 1237 2109 principem,
1256 2074 1295 2096 ne
1315 2063 1389 2096 talia
1407 2062 1544 2096 crimina
1564 2062 1722 2106 impunita
1737 2073 1784 2095 re-

1047 2124 1208 2157 maneant,
1231 2127 1438 2161 summopere
1453 2116 1571 2160 cupiat,
1588 2115 1727 2159 aliquem
1740 2115 1786 2148 in-

1046 2172 1248 2216 quisitorem,
1277 2170 1331 2215 qui
1353 2171 1392 2204 de
1417 2169 1541 2203 haeresi
1566 2175 1597 2202 et
1614 2169 1783 2213 apostasia,

1046 2232 1142 2269 atque
1162 2225 1233 2259 aliis
1258 2225 1297 2258 ad
1319 2225 1388 2257 illas
1408 2223 1627 2268 spectantibus
1657 2222 1783 2266 specia-

1047 2281 1119 2314 liter
1142 2285 1315 2322 cognoscat
1335 2290 1392 2322 per
1417 2289 1461 2317 se,
1485 2288 1542 2322 per
1561 2288 1619 2321 pro
1642 2283 1787 2321 tempore

1046 2333 1233 2366 existentem
1256 2333 1287 2365 in
1316 2331 1409 2365 dictis
1430 2331 1536 2373 regnis
1561 2330 1785 2374 inquisitorem

1045 2386 1228 2429 generalem
1254 2385 1412 2429 deputari.

1091 2441 1107 2482 ξ
1128 2439 1158 2472 2.
1182 2438 1286 2478 Quare
1307 2438 1399 2471 nobis
1421 2437 1586 2470 humiliter
1611 2437 1785 2481 supplicari

1046 2493 1129 2533 fecit,
1153 2498 1312 2536 quatenus
1332 2492 1399 2525 eius
1418 2491 1579 2525 desiderio
1601 2491 1786 2525 huiusmodi

1046 2557 1189 2580 annuere
1211 2546 1248 2579 de
1268 2545 1466 2588 benignitate
1484 2545 1660 2589 apostolica
1675 2545 1787 2589 digna-

1047 2610 1166 2634 remur.

1084 2664 1094 2690 t
1116 2662 1154 2690 Ex
1171 2661 1278 2698 Regem.
1294 2661 1322 2689 ln
1341 2661 1443 2690 Secret.
1465 2661 1598 2690 Brevium.

1793 249 1846 275 An.
1862 247 1890 275 C.
1908 247 1976 276 1599

1825 1434 1916 1460 Philippi
1928 1434 1983 1459 regis

1798 1461 1854 1481 zolus·
1863 1467 1899 1486 pri)
1909 1467 1984 1481 arenn-

1798 1488 1830 1507 ‹lis
1845 1494 1857 1508 a
1873 1488 1916 1508 suis
1930 1488 1984 1508 ctas-

1797 1514 1984 1534 sibuscriininitius

1799 1546 1855 1567 quau
1879 1541 1984 1561 haer-usim

1799 1570 1890 1594 sapiant.

1828 1966 1884 1987 Petit
1899 1966 1985 1992 inquist-

1802 1994 1840 2013 tort
1852 1994 1944 2017 uenerati
1956 1993 1985 2013 sa-

1801 2021 1899 2040 cnttateni
1910 2025 1921 2040 c
1931 2026 1986 2039 unce·

1801 2047 1820 2067 ili
1837 2048 1929 2072 aliquem
1948 2046 1985 2067 de-

1801 2073 1897 2100 putandi.

1824 2446 1861 2470 Qui
1871 2448 1943 2467 contra
1956 2448 1986 2467 ta-

1801 2473 1828 2494 lia
1840 2476 1987 2499 perpetrante·

1801 2501 1901 2527 inquirat.
