2253 3195
226 241 278 268 An.
295 241 324 268 C.
341 241 410 268 1602
455 231 519 266 868

426 296 512 324 ctum
533 288 749 334 praesentium
777 287 941 320 dumtaxat
961 296 1166 330 consequen-

427 345 515 383 dum,
538 344 654 375 harum
674 340 757 374 serie
769 341 973 374 absolventes
993 345 1023 373 et
1042 340 1171 373 absolu-

428 404 475 431 tos
495 397 564 430 sore
584 401 761 435 censentcS,
776 404 909 428 necnon
924 394 1030 427 litium
1052 398 1084 427 et
1097 404 1171 427 cau-

426 460 547 490 sarum,
560 459 596 482 ae
611 447 906 481 controversiarum
928 446 1169 491 praedictarum

427 509 546 536 statum
565 496 598 535 et
618 501 753 541 merita,
785 501 984 544 nominaque
1005 506 1035 533 et
1053 510 1172 543 cogno-

428 554 515 586 mina
536 553 680 586 iudicum
699 552 987 594 etcollitigantium
1009 562 1082 585 cum
1097 545 1172 585 inde

428 607 572 650 sequutis
592 605 816 650 praesentibus
847 615 906 649 pro
931 604 1089 648 expressis
1108 605 1173 637 ha-

427 661 550 701 bentes,
568 659 754 693 huiusmodi
775 658 1068 703 supplicationibus
1082 658 1174 692 incli-

427 714 506 755 nati,
530 714 750 753 concordiam,
775 713 1022 747 conventionem
1038 718 1174 745 actran-

427 767 615 808 sactionem,
639 767 815 810 omniaque
834 773 865 800 et
881 766 1011 809 singula
1037 757 1177 810 praedi-i

428 826 489 861 cta,
516 821 602 854 salva
626 826 732 854 tamen
755 826 787 853 et
806 825 968 854 reservata
992 830 1122 863 semper
1141 819 1173 851 in

427 875 543 919 primis
563 875 715 908 omnihus
729 901 736 914 ‚
761 874 792 906 in
814 874 931 918 quibus
956 874 995 907 de
1016 873 1087 906 iure
1111 883 1170 906 ne-

429 928 566 962 cessaria
586 928 693 969 fuerit,
713 933 824 961 nostra
845 934 876 961 et
897 928 988 961 Sedis
1004 926 1171 972 Apostoli-

428 993 484 1015 cae
505 982 711 1023 auctoritate,
740 982 784 1015 ita
803 988 838 1015 ut
863 982 997 1014 facultas
1026 981 1175 1022 uniendi,

429 1036 696 1077 dismembrandi‚
719 1035 988 1080 supprimendiet
1008 1035 1174 1079 applican-

429 1090 473 1131 di,
497 1090 545 1124 vel
563 1090 638 1131 alia,
661 1090 694 1122 in
715 1090 833 1134 quibus
861 1089 966 1123 dictae
995 1089 1086 1123 Sedis
1117 1099 1174 1122 au—

429 1145 562 1178 ctoritas
581 1150 614 1178 et
637 1145 769 1178 licentia
799 1143 1047 1188 quomodolibet
1067 1143 1175 1187 requi-

433 1199 526 1240 ritur,
550 1198 686 1232 faciendi
707 1209 765 1242 per
784 1203 970 1242 praesentes
990 1198 1175 1231 nullatenus

431 1252 594 1297 episcopo,
618 1263 655 1286 ac
672 1252 826 1296 capitulo,
848 1256 879 1284 et.
899 1251 1062 1284 canonicis
1082 1262 1174 1295 prae-

431 1306 525 1339 dictis
539 1316 691 1339 concessa
702 1305 753 1346 sit,
773 1305 821 1338 vel
839 1310 1019 1345 censeatur,
1037 1310 1067 1337 et
1081 1304 1175 1338 salvis

432 1360 528 1393 etiam
551 1359 826 1394 reservationibus
843 1364 872 1392 ct
895 1358 1121 1393 affectionibus
1142 1370 1175 1392 a·

430 1413 607 1458 postolicis,
631 1419 861 1458 praeterquam
887 1413 994 1456 quoad
1015 1419 1111 1456 caput
1135 1412 1174 1445 il-

430 1467 486 1501 lud
500 1467 539 1500 de
557 1467 710 1501 ecclesiae
728 1466 911 1510 praedictae
933 1466 1103 1509 dignitates
1116 1467 1174 1500 ob-

432 1520 618 1561 tinentibus,
639 1531 721 1565 quos
741 1520 816 1554 dicti
844 1520 966 1554 Nicolai
986 1520 1176 1564 praedeces-

431 1575 513 1609 soris
533 1575 711 1609 sententiae
724 1575 885 1609 beneficio
903 1575 961 1623 uti,
982 1585 1102 1619 eosque
1115 1575 1174 1609 sub

432 1629 535 1674 capite
573 1629 760 1664 huiusmodi
789 1629 1090 1673 comprehendere,
1121 1634 1176 1662 aut

433 1683 597 1717 includere
614 1684 798 1717 nullatenus
818 1682 1027 1723 intendimus,
1046 1687 1176 1727 aposto-

429 1736 494 1769 lica
513 1727 716 1777 auctoritate,
739 1742 766 1769 et
791 1747 827 1769 ex
842 1741 930 1778 certa
950 1735 1084 1769 srientia
1104 1747 1176 1780 per-

433 1796 529 1834 petuo
565 1780 784 1834 approbamus
803 1795 831 1822 ct
857 1790 1112 1830 confirmamus,
1141 1801 1176 1824 ac

433 1843 599 1887 apostolici
609 1843 719 1887 scripti
730 1842 910 1887 patrocinio
922 1842 1173 1884 communimus,

433 1907 611 1941 omnesque
640 1902 670 1930 et
701 1897 844 1939 singulos
877 1902 940 1929 tam
973 1896 1050 1929 iuris
1080 1907 1194 1940 quam¹

435 1950 509 1983 sacti
530 1950 684 1990 desectus,
705 1949 731 1982 si
750 1950 924 1993 quisorsan
948 1949 1177 1984 intervenerint

435 2003 465 2036 in
488 2003 620 2044 eisdem,
650 2004 850 2047 supplemus,
875 2014 932 2036 nec
958 2014 1021 2036 non
1050 2014 1178 2047 semper

436 2057 538 2090 valida
559 2063 589 2090 et
610 2057 751 2090 eilicacia
775 2057 922 2097 existere,
942 2068 1082 2102 suosque
1100 2058 1177 2090 otre-

436 2116 504 2144 ctus
524 2110 642 2149 sortiri,
663 2121 699 2143 ac
713 2110 752 2143 al»
770 2110 932 2151 omnibus,
955 2111 998 2157 ad
1017 2121 1097 2154 quos
1107 2122 1178 2154 spe·

437 2171 512 2203 rial,
537 2164 766 2198 inviolabiliter
787 2164 950 2205 oliseryari
973 2164 1174 2198 mandamus:

436 2224 468 2251 et
489 2217 700 2250 nihilominus
721 2217 751 2250 in
775 2217 822 2257 iis,
839 2229 921 2261 qua«-
943 2217 973 2250 in
995 2218 1179 2261 praemissis

438 2283 495 2315 per
526 2271 703 2315 ‹xznpitulnni
733 2278 764 2303 et
795 2271 969 2304 cationicos
998 2272 1179 2315 praedictos

438 2337 510 2357 runi
527 2325 704 2357 interventu
719 2330 750 2357 ut
768 2325 946 2357 assistentia
966 2324 1108 2369 epist-opi
1123 2336 1179 2359 scu

439 2378 506 2410 vius
528 2378 636 2410 rii-arii
656 2378 810 2422 prat-dicti
834 2384 941 2411 votum
965 2378 1110 2411 habentis
1131 2379 1179 2411 si-

441 2432 504 2463 mul
527 2438 553 2463 vt
574 2431 795 2475 ‹·.¹ipitul:n·iuu·
817 2432 981 2465 tractanda
1003 2431 1180 2470 l'it‹=1·iiit‚ea

439 2485 584 2516 ‹.t·iin··n,-
605 2486 734 2524 ‹inlici-«¹,
760 2485 845 2518 iuxta
859 2473 1126 2519 ‹·b=1s11‹›t11‹ti1n·111
1150 2486 1179 2518 in

439 2538 572 2586 aecclesia
593 2539 840 2571 {tarvannam-nsi
857 2539 1010 2572 hactenus
1030 2539 1180 2572 olmerva-

441 2592 1177 2636 lain,‹piac-attinint·ipat·tt·c¹.'1pilttliirat-lala,

440 2644 587 2677 ordinata
616 2651 645 2677 nt
666 2651 781 2677 statuta
809 2646 941 2686 turrim,
965 2646 1177 2679 ‹tvaim-anius.

999 238 1183 262 BULLARIUM
1203 238 1356 263 ROMANUM

1248 288 1265 329 ἓ
1290 286 1321 320 6.
1338 287 1455 331 Sicque
1476 287 1509 320 in
1528 287 1716 331 praemissis
1735 287 1775 320 ab
1795 288 1948 322 omnibus

1204 340 1339 381 censeri,
1367 345 1463 384 atque
1482 340 1527 373 ita
1546 345 1578 373 et
1595 350 1661 373 non
1682 339 1760 374 alias
1779 351 1838 384 per
1851 351 1948 384 quos-

1204 405 1344 438 cumque
1373 394 1495 428 iudiccs
1515 393 1697 427 ordinarios
1717 399 1748 427 et
1771 394 1945 437 delegatos,

1205 444 1318 491 quavis'
1340 447 1532 481 auctoritate
1552 447 1733 490 fungentes,
1757 447 1853 480 etiam
1875 458 1950 481 eau-

1205 512 1314 535 sarum
1336 501 1414 535 dicti
1433 501 1546 545 palatii
1565 501 1740 542 auditores,
1762 512 1799 534 ac
1823 501 1950 545 praedi-

1206 561 1274 589 ctos
1296 561 1326 589 et
1355 555 1484 599 quosvis
1514 555 1594 588 alios
1623 555 1767 588 eiusdem
1792 555 1823 589 S,
1852 555 1889 589 R.
1912 556 1946 588 E.

1206 609 1397 649 cardinales,
1421 614 1452 642 et
1472 609 1512 642 de
1532 609 1632 642 latere
1651 609 1775 652 legatos
1789 636 1796 650 ,
1824 609 1950 642 sublata

1207 663 1252 696 eis
1269 668 1300 696 et
1319 673 1433 696 eorum
1462 662 1595 696 cuilibet
1619 662 1731 706 quavis
1750 661 1844 695 aliter
1868 661 1951 695 iudi-

1207 716 1301 750 candi
1334 721 1364 749 et
1392 715 1628 760 interpretandi
1657 715 1809 748 facultate
1834 720 1866 749 et
1893 726 1951 749 au-

1207 770 1368 811 ctoritate,
1395 770 1518 814 ubique
1539 776 1569 803 et
1593 769 1625 802 in
1646 769 1758 814 quavis
1778 769 1948 810 instantia,

1208 823 1343 857 iudicari
1363 829 1395 857 et
1414 823 1542 857 definiri
1570 823 1687 856 debere
1700 850 1708 863 ,
1735 833 1772 856 ac
1793 822 1952 867 quidquid

1207 888 1299 911 secus
1317 888 1415 921 super
1435 877 1484 910 his
1510 887 1528 909 a
1548 886 1714 921 quoquam
1727 903 1734 916 ‚
1758 876 1870 920 quavis
1895 886 1951 910 au-

1209 931 1374 972 ctoritate,
1398 930 1538 964 scienter
1557 930 1607 963 vel
1627 929 1826 972 ignoranter,
1847 923 1968 963 conti->

1208 985 1292 1028 gerit
1311 983 1485 1025 attentari,
1512 981 1646 1016 irritum
1675 988 1706 1017 et
1726 983 1820 1016 inane
1840 983 1952 1017 decer—

1209 1038 1326 1072 nimus.
1931 1080 1933 1084 Α

1254 1094 1271 1134 g
1294 1091 1323 1125 7.
1345 1083 1501 1131 Quocirca
1521 1090 1647 1125 dilectis
1667 1090 1741 1124 filiis
1753 1089 1866 1124 Curiae
1876 1100 1951 1124 cau-

1207 1156 1317 1179 sarum
1330 1145 1482 1179 Gamerae
1502 1143 1706 1188 Apostolicae
1731 1143 1874 1186 generali
1887 1154 1948 1177 au-

1209 1199 1318 1240 ditori,
1341 1192 1378 1232 ae
1389 1198 1497 1232 abbati
1515 1197 1622 1232 Sancti
1642 1197 1802 1231 Cucufatis
1819 1197 1859 1230 de
1876 1196 1951 1231 Val-

1209 1255 1254 1287 les
1274 1243 1543 1286 Barchinonensis
1557 1251 1714 1285 dioecesis
1734 1261 1771 1284 ac
1791 1250 1951 1285 archidia-

1208 1318 1290 1342 cono
1311 1307 1426 1341 maiori
1451 1306 1605 1340 ecclesiae
1625 1305 1872 1340 Tarraconensis
1894 1315 1952 1349 per

1209 1361 1386 1406 apostolica
1414 1361 1533 1407 scripta
1564 1361 1768 1400 mandamus,
1793 1364 1952 1404 quatenus

1210 1415 1280 1459 ipsi,
1302 1415 1350 1448 vel
1372 1415 1436 1448 duo
1451 1442 1458 1455 ,
1486 1419 1542 1447 aut
1566 1423 1652 1446 unus,
1675 1423 1791 1446 corum
1819 1423 1880 1457 per
1903 1423 1948 1453 se,

1200 1469 1258 1503 .vel
1279 1469 1390 1509 alium,
1417 1479 1475 1502 seu
1503 1467 1583 1500 alios
1609 1471 1796 1511 praesentes
1812 1466 1948 1508 litteras,

1209 1522 1292 1557 etin
1317 1522 1363 1556 eis
1393 1527 1545 1555 contenta
1568 1530 1794 1565 quaecumque
1809 1547 1816 1561 ,
1843 1519 1898 1553 ubi
1922 1526 1954 1561 et

1209 1576 1340 1621 quando
1358 1586 1440 1620 opus
1460 1575 1566 1616 suerit,
1590 1580 1622 1608 et
1638 1573 1766 1618 quoties
1788 1583 1848 1618 pro
1861 1577 1954 1618 parte

1210 1628 1406 1673 lldeplionsi,
1427 1635 1456 1662 et
1470 1639 1529 1673 pro
1545 1634 1690 1672 tempore
1711 1626 1874 1661 existentis
1887 1626 1954 1671 epi-

1210 1683 1310 1728 scopi,
1323 1694 1359 1717 ac
1374 1683 1576 1726 singularum
1590 1691 1804 1726 personarum
1822 1681 1954 1726 capituli

1211 1735 1481 1771 Bari-liinonensis
1493 1735 1611 1769 suerint
1625 1734 1784 1778 requisiti,
1800 1734 1954 1768 solemni-

1212 1797 1259 1824 tet·
1278 1789 1490 1835 publicantes,
1511 1789 1622 1833 eisquc
1643 1788 1675 1821 in
1701 1787 1888 1832 praemissis
1901 1788 1950 1821 ef-

1212 1844 1319 1878 ficacis
1346 1843 1541 1877 defensionis
1571 1841 1732 1886 praesidio
1756 1841 1950 1883 assistentes,
1989 1866 1991 1868 -

1213 1898 1341 1938 saciant,
1358 1897 1549 1931 auctoritate
1563 1901 1683 1936 nostra,
1701 1900 1888 1940 praesentes
1902 1895 1954 1929 lit-

1193 1987 1194 1990 ,
1213 1958 1296 1985 teras
1317 1957 1347 1985 et
1368 1951 1399 1984 in
1413 1951 1459 1984 eis
1472 1955 1624 1984 contenta
1638 1949 1824 1983 huiusmodi
1844 1949 1951 1983 firmi—

1214 2012 1260 2039 ter
1273 2011 1301 2039 ct
1318 2003 1545 2038 inviolabiliter
1563 2003 1744 2044 observari,
1761 2014 1797 2036 ao
1810 2003 1954 2046 singulos

1212 2069 1292 2103 quos
1313 2058 1436 2092 litterae
1457 2057 1543 2101 ipsae
1564 2054 1951 2090 coucermmte'tconcer-

1213 2118 1285 2145 nent
1310 2111 1340 2144 in
1356 2111 1512 2151 suttuum,
1531 2109 1591 2143 illis
1605 2109 1738 2154 pacifice
1753 2109 1814 2142 frui
1831 2114 1954 2153 etgau-

1213 2165 1302 2206 dere,
1321 2174 1383 2198 uon
1406 2164 1631 2208 permittentes
1652 2163 1737 2207 ipsos
1747 2163 1793 2196 rel
1813 2163 1954 2207 aliquem

1213 2229 1324 2251 corum
1347 2218 1486 2261 desuper
1507 2228 1564 2261 per
1575 2227 1798 2261 quoscumque
1819 2227 1956 2261 quomo·

1213 2271 1335 2304 doliliet
1360 2270 1500 2303 indebite
1522 2269 1696 2307 molestari.
1709 2269 1894 2313 perturbari
1907 2269 1954 2304 vel

1216 2324 1407 2369 inquietari:
1446 2323 1701 2357 contradictores
1729 2323 1889 2367 quoslibet
1925 2329 1957 2358 et

1215 2379 1350 2412 relwlles
1369 2389 1426 2422 pur
1445 2388 1596 2411 censuras
1616 2383 1644 2410 et
1667 2387 1787 2421 poenas
1807 2377 1957 2413 ecclesia-

1214 2431 1320 2471 sticas,
1343 2443 1380 2465 ac
1397 2437 1523 2465 rai-tera
1536 2436 1719 2475 opportuna
1735 2430 1813 2464 iuris
1832 2437 1864 2464 et
1881 2430 1954 2464 sacti

1215 2484 1368 2524 remedia,
1392 2484 1607 2528 appellatione
1632 2483 1830 2528 postposita,
1860 2493 1953 2517 com-

1216 2539 1387 2583 pescendo2
1412 2548 1537 2571 necnon
1552 2537 1702 2579 legitimis
1721 2547 1818 2581 super
1838 2536 1887 2570 liis
1900 2537 1956 2571 lia-

1216 2591 1340 2630 licndis,
1363 2591 1496 2624 servatis
1517 2590 1731 2635 processibus,
1759 2600 1912 2624 censuras
1925 2595 1956 2624 ct

1216 2657 1336 2690 pot-nas
1369 2645 1462 2690 ipsas.
1488 2645 1582 2679 ctiam
1612 2644 1733 2678 iteratis
1753 2644 1874 2678 vicibus
1893 2653 1951 2686 ag-

1991 1098 2080 1126 Exequi:
2086 1113 2088 1115 -
2109 1098 2115 1118 ἐ

1965 1125 2083 1153 deputatio.
2096 1124 2111 1150 ’Σ
