2253 3195
480 249 544 283 952
1036 255 1211 281 nummum

535 320 739 363 revocatione
759 319 963 353 licentiarum
990 319 1044 352 illa
1063 318 1192 361 legendi

533 381 563 408 et
583 374 742 408 retinendi
763 374 1034 418 quibuscumque,
1058 373 1152 406 etiarn
1175 383 1192 406 a

534 428 693 472 supremis
726 427 993 471 inquisitoribus,
1027 437 1193 460 concessa-

532 491 616 522 rum,
633 486 664 514 et
683 491 755 514 cum
775 480 966 514 inhibitione
983 490 1023 513 ne
1041 480 1192 523 cuiquam

535 535 575 568 de
595 540 742 575 caetero,
765 540 992 578 praeterquam
1021 544 1039 566 a
1059 533 1193 567 Summo

534 588 702 630 pontifice,
726 589 958 629 concedantur,
982 586 1057 621 858.

447 640 634 676 ccxcvlll.
648 640 835 675 Praeiinitio
847 641 975 674 habitus
993 640 1111 674 coloris
1125 650 1195 673 cae-

537 694 640 736 rulei,
670 705 767 738 quem
799 694 924 728 deferre
959 694 1078 727 debent
1111 693 1197 727 Reli-

1235 255 1386 280 ROMANUM

1316 317 1462 361 beneficii
1489 316 1713 357 ecclesiastici,
1737 315 1847 349 addita
1870 315 1903 348 in
1922 314 1975 348 lit-

1317 371 1393 404 teris
1418 369 1673 404 confirmationis
1693 368 1935 413 privilegiorum
1956 379 1974 402 a

1316 425 1396 458 Iulio
1407 425 1465 458 PP.
1475 425 1501 458 11
1514 433 1742 458 concessorum
1755 422 1891 464 collegio
1900 421 1977 455 Uni-

1315 477 1472 512 versitatis
1492 477 1595 512 Studii
1620 476 1780 520 generalis
1806 476 1845 509 de
1869 476 1977 509 Alc-ala

1318 532 1357 564 de
1374 531 1526 572 IIenares‚
1542 530 1714 564 Toletanae
1733 528 1899 569 dioecesis,
1911 539 1975 562 non

1318 584 1542 628 praeiudicant
1581 583 1704 616 iuribus
1743 582 1975 627 archiepiscopi

1318 637 1481 677 Toletani,
1510 647 1582 670 cum
1614 637 1677 670 sint
1704 635 1813 669 addita
1848 641 1977 680 praeter

1320 697 1461 725 mentem
1474 690 1639 724 Pontificis
1651 689 1883 730 confirmantis,
1898 688 1973 722 875.

539 748 621 792 giosi
659 747 923 791 Congregationis
960 747 1196 781 Canonieorum
1233 743 1342 779 CCCV.
1366 744 1457 784 Quod
1478 744 1590 777 fratres
1610 742 1738 777 Ordinis
1754 743 1787 776 B.
1808 742 1925 776 Mariae
1938 742 1977 776 de

545 801 766 835 Saecularium
789 801 820 835 S.
838 800 967 844 Georgii
990 801 1020 833 in
1043 801 1120 843 Alga
1139 799 1198 833 Ve-

539 855 713 895 netiarum,
730 853 806 888 860.

452 908 608 944 ccxcix.
644 909 802 948 Reduetio
835 908 1041 952 provincialis
1074 913 1105 940 et
1136 907 1199 940 sra-

543 969 625 996 trum
649 962 747 996 Tertii
777 961 905 996 Ordinis
939 961 1039 994 sancti
1069 960 1198 994 Franci-

540 1016 584 1050 sci
600 1043 608 1057 ‚
632 1015 819 1060 provinciae
843 1015 1020 1049 Dalmatiae
1049 1020 1080 1048 et
1107 1014 1199 1048 Iusti-

538 1069 760 1114 nopolitanae,
777 1070 817 1103 ad
835 1069 1056 1103 obediantiam
1079 1073 1109 1101 et
1125 1067 1200 1101 sub-

541 1123 713 1157 iectionem
735 1123 845 1157 vicarii
870 1122 1030 1166 generalis
1055 1122 1198 1156 eiusdem

541 1176 681 1217 Ordinis,
705 1175 780 1209 861.

453 1229 535 1265 CCC.
574 1230 755 1264 Declaratio
790 1230 878 1274 quod
916 1230 1029 1263 fratres
1064 1229 1201 1272 Minores

542 1283 572 1317 S.
601 1283 762 1317 Francisci
781 1283 956 1317 Strictioris
975 1281 1201 1316 observantiae

542 1348 607 1371 non
628 1343 703 1370 sunt
722 1347 824 1371 novae
837 1337 977 1379 Regulae
991 1336 1199 1380 professores,

541 1391 597 1426 sed
628 1391 770 1433 Regulae
798 1391 828 1424 S.
856 1390 1017 1424 Francisci
1051 1389 1116 1423 veri
1146 1389 1203 1423 ob-

542 1449 735 1486 servatores,
759 1443 833 1477 862.

455 1505 552 1541 ccct.
576 1505 784 1540 Confirmatio
810 1505 1004 1540 concordiae
1031 1504 1113 1537 inter
1138 1504 1204 1549 epi-

543 1570 677 1604 scopum
692 1565 722 1593 et
735 1559 913 1604 capitulum
927 1558 1204 1592 Barchinonenses

543 1612 640 1646 initae
672 1622 771 1656 super
802 1611 1024 1645 iurisdictione
1057 1610 1140 1643 civili
1175 1616 1223 1652 et,

546 1665 717 1706 criminali,
741 1664 816 1698 864.
1220 1657 1223 1675 ’

457 1719 570 1754 CCCll.
591 1719 818 1754 Ordinationes
839 1718 1058 1752 observandae
1080 1717 1112 1751 in
1132 1717 1206 1751 sub-

547 1772 781 1806 ministratione
811 1772 1038 1805 alimentorum
1052 1798 1059 1811 ,
1080 1776 1207 1805 eontra-

547 1827 716 1871 ctibusque
731 1832 761 1860 et
775 1826 897 1860 ultimis
915 1825 1134 1859 voluntatibus
1147 1824 1206 1857 mi-

546 1880 732 1914 serabilium
754 1879 929 1922 virginum,
952 1879 982 1912 in
1010 1877 1207 1912 monasterio

549 1939 677 1967 sanctae
698 1933 888 1967 Calliarinae
914 1933 953 1966 de
974 1933 1056 1965 Rosa
1087 1931 1139 1975 pie
1159 1941 1208 1964 re-

549 1993 716 2031 ceptarum
739 1986 769 2019 in
789 1987 881 2020 Alma
901 1985 997 2023 Urbe,
1022 1984 1097 2017 869.

460 2039 588 2075 CCClll.
613 2040 738 2073 lndulta
759 2039 861 2073 Studii
883 2037 1044 2079 generalis
1071 2036 1208 2071 civitatis

550 2093 728 2133 Ferrariae,
750 2092 824 2125 873.

462 2146 586 2183 CCCtv.
620 2145 797 2180 Declaratio
829 2145 915 2189 quod
943 2144 1057 2178 verba:
1083 2143 1226 2178 ratione!

1321 798 1425 831 Monte
1453 798 1599 831 Carmelo
1630 796 1752 840 ubique
1783 795 1979 840 praecedant

1322 852 1474 884 fratribus
1498 852 1531 884 Β.
1555 850 1672 884 Mariae
1693 850 1732 883 de
1753 849 1898 883 Mercede
1916 849 1978 882 Re-

1322 905 1516 949 demptionis
1533 903 1750 948 Captivorum,
1774 902 1849 936 877.

1366 958 1518 1002 Sequitur
1537 957 1704 1002 ampliatio
1733 957 1836 990 dictae
1866 955 1979 990 defini-

1323 1012 1430 1051 tionis,
1459 1010 1534 1044 878.

1235 1065 1360 1100 CCCVI.
1383 1066 1475 1099 Clero
1494 1064 1651 1098 saeculari
1673 1074 1848 1107 regnorum
1869 1063 1982 1108 Hispa-

1323 1119 1450 1152 niarum
1463 1117 1670 1151 adiudicatur
1683 1116 1910 1161 praecedentia
1929 1127 1982 1150 su-

1323 1183 1381 1216 pra
1408 1171 1584 1205 monachos
1611 1177 1643 1204 et
1666 1171 1781 1204 fratres
1809 1180 1982 1215 quoscum-

1324 1236 1386 1270 que
1408 1225 1438 1258 in
1460 1224 1548 1258 omni
1569 1225 1653 1265 loco,
1673 1224 1769 1257 etiam
1791 1223 1822 1256 in
1843 1222 1982 1267 propriis

1325 1279 1468 1322 ipsorum
1484 1277 1711 1318 religiosorum
1733 1275 1937 1310 monasteriis
1951 1281 1980 1309 et

1325 1331 1481 1371 ecclesiis,
1505 1330 1580 1364 870.

1237 1395 1377 1430 CCCVlI.
1403 1394 1563 1427 Nonnulla
1598 1393 1726 1426 decreta
1757 1402 1867 1426 sacrae
1904 1391 1984 1425 Con-

1326 1446 1522 1490 gregationis
1540 1445 1772 1490 Episcoporum
1796 1450 1827 1478 et
1848 1444 1984 1487 Regula-

1328 1501 1410 1534 rium
1425 1510 1523 1544 super
1545 1499 1642 1533 modo
1659 1498 1818 1532 servando
1833 1509 1850 1531 a
1863 1504 1984 1540 metro7

1327 1554 1476 1599 politanis
1507 1553 1538 1586 in
1574 1553 1679 1587 causis
1703 1552 1980 1596 appellationum,

1328 1607 1562 1641 confirmantur
1593 1617 1651 1651 pro
1688 1605 1827 1640 dioecesi
1861 1605 1985 1640 Colim-

1328 1659 1460 1701 bricnsi,
1484 1657 1558 1693 880.

1240 1713 1394 1749 CCCVlll.
1417 1713 1567 1747 Diversae
1600 1712 1781 1752 facultates,
1809 1711 1930 1754 gratiae
1956 1717 1987 1745 et

1330 1766 1555 1801 concessiones
1598 1776 1658 1810 pro
1702 1765 1870 1810 capellano
1912 1774 1983 1798 ma-

1330 1821 1389 1854 iori
1411 1821 1517 1861 regiae
1547 1820 1690 1864 capellae
1723 1819 1807 1861 regis
1839 1818 1986 1863 Neapoli-

1330 1874 1407 1915 tani,
1435 1873 1508 1907 883.

1242 1927 1370 1963 ccclx.
1392 1928 1434 1961 Ex
1452 1937 1569 1970 genere
1583 1927 1766 1960 Maurorum
1781 1925 1940 1970 progeniti
1955 1925 1986 1958 in

1330 1991 1430 2024 reguo
1460 1979 1676 2023 Portugalliae
1704 1990 1721 2013 a
1754 1979 1868 2012 mediis
1893 1988 1988 2012 cano-

1331 2034 1490 2068 nicatibus
1511 2033 1744 2073 excluduntur,
1773 2043 1810 2066 ac
1832 2031 1985 2066 tertiana-

1331 2088 1452 2121 riarum
1479 2093 1510 2123 ct
1534 2086 1814 2131 quartanariartuu
1847 2090 1987 2119 tantum-

1331 2141 1428 2174 modo
1447 2151 1580 2185 capaces
1600 2140 1817 2180 declarantur,
1839 2137 1913 2172 889.

1042 2321 1140 2356 FlNlS
1164 2321 1254 2356 Tou!
1281 2319 1420 2355 DEClMl.

1154 2535 1184 2568 l'.
1209 2546 1247 2568 ea:
1267 2534 1467 2578 deleslatione
1489 2533 1525 2566 D.
1551 2532 1587 2566 D.
1612 2530 1856 2575 Archiepiscopi
1880 2528 1979 2564 Taur.

1218 2641 1250 2674 l'.
1274 2641 1485 2676 'Jtouovn-:us
1506 2650 1523 2672 Λ
1543 2639 1746 2673 Cosritiotis
1766 2636 1841 2670 Ord.
1863 2635 1934 2669 Min.
