2253 3195
70 238 117 264 An.
135 237 162 264 C¹
186 236 252 264 1597

126 1249 251 1276 Superiores

67 1275 151 1296 Ordinis
167 1276 250 1302 praedi·

68 1304 100 1322 cta
111 1303 181 1323 omnia
190 1307 250 1322 acce-

17 1335 19 1347 t
67 1331 134 1355 ptant.

80 2202 106 2223 Et
119 2202 159 2223 PP.
173 2201 251 2228 suppli·

68 2231 116 2249 cant
123 2235 160 2254 pro
169 2234 251 2249 eorum-

69 2254 115 2276 dem
142 2255 250 2276 confirma-

68 2281 132 2302 tione.

887 236 1033 260 CLEMENS
1052 236 1108 259 Vlu
1127 237 1176 259 1³1³.

268 285 367 317 lentes
387 283 560 326 praedictis
579 283 694 316 annuis
707 283 885 317 redditibus
901 283 1007 324 regiis,

267 347 347 380 quos
367 336 545 379 recipiunt:
574 342 601 369 et
632 338 718 380 quod
746 337 908 380 praedicta
939 347 1011 379 per-

267 389 401 422 mutatio
423 389 477 422 tlat
490 390 528 422 de
549 400 706 422 consensu
727 395 757 422 et
777 389 1010 432 approbatione

266 448 294 475 et
317 442 530 475 satisfactione
559 442 635 475 dieti
661 442 950 478 administratoris,
980 448 1009 474 et

266 495 354 538 quod
373 505 431 538 pro
453 495 627 532 evictione,
651 495 815 538 praedicta
843 495 956 536 religio
976 505 1010 527 o-

265 548 365 590 bliget
395 548 539 581 redditus
563 547 668 581 dictae
699 548 815 580 domus
845 558 901 580 seu
927 558 1006 580 con-

265 607 378 634 ventus
398 601 437 634 de
457 601 590 640 Madrid,
614 600 680 643 qui,
708 600 733 632 si
753 610 818 633 non
836 600 1005 640 sufficiant,

265 655 409 697 obligare
434 660 602 687 teneantur
620 654 749 687 insimul
771 655 915 687 redditus
932 655 1010 687 alte-

266 708 332 740 rius
353 707 539 740 monasterii
565 718 621 741 seu
641 713 836 747 conventus,
861 714 895 740 ut
916 708 1009 740 latius

265 765 411 793 constare
425 760 542 793 dicitur
555 771 613 804 per
626 761 790 804 publicum
814 761 1009 793 instrumew

265 819 352 854 tum,
373 824 431 858 per
455 814 675 857 saepedictum
707 814 913 847 Laurentium
935 814 1006 857 epi-

264 878 399 912 scopum
428 868 567 907 sactum,
592 873 740 910 rogatum
767 873 797 900 et
821 868 1008 911 stipulatum

265 920 298 953 in
319 920 446 954 civitate
459 921 680 963 Seguntinatx
694 921 811 953 mensis
832 920 1009 959 iulii‚ann0

265 985 283 1007 a
305 974 473 1007 Nativitate
493 974 620 1007 Domini
645 984 771 1012 mxcv,
794 974 841 1007 vel
868 974 930 1006 alia
951 984 1006 1006 ve-

265 1027 345 1060 riori
366 1027 456 1067 data,
483 1038 542 1071 per
572 1033 642 1060 acta
667 1027 775 1060 dilecti
806 1027 863 1059 filii
896 1026 1009 1060 Iuliani

266 1080 305 1114 de
331 1080 511 1113 Villarurde
535 1080 659 1114 scribae
684 1086 714 1113 et
741 1080 857 1113 notarii
888 1080 1009 1123 publici

267 1133 371 1166 dictae
388 1133 534 1166 civitatis.

311 1186 371 1229 §3-
387 1187 464 1220 Cum
485 1192 593 1220 autem
614 1187 807 1231 scripturam
828 1187 933 1220 dictae
953 1188 1010 1220 do-

267 1241 396 1274 tationis
416 1246 447 1274 et
464 1240 657 1281 donationis,
678 1240 830 1284 capitula,
851 1241 1008 1273 conditio-

265 1304 322 1326 nes
339 1299 369 1326 et
381 1298 473 1337 pacta
487 1293 652 1337 praedicta
672 1293 704 1325 in
722 1303 759 1326 ea
777 1299 936 1333 contenta,
953 1294 1010 1326 mi-

265 1347 365 1380 nister
385 1352 416 1380 et.
438 1347 552 1380 fratres
575 1347 678 1380 dictae
699 1348 815 1380 domus
835 1347 946 1391 oppidi
971 1347 1010 1380 dc

265 1400 417 1440 Madrito,
438 1401 650 1444 praecedente
670 1400 801 1434 licentia
820 1400 931 1433 vicarii
955 1411 1009 1443 ge-

265 1453 384 1486 neralis
405 1453 509 1486 dictae
529 1453 715 1495 religionis,
737 1459 768 1487 et
790 1454 1011 1497 praecedenti—

266 1506 326 1539 bus
335 1507 523 1539 traetatibus
534 1506 764 1550 capitularibus
776 1506 938 1540 dictorum
950 1508 1010 1540 fra-

266 1564 350 1591 trum
372 1564 402 1592 et
422 1564 612 1599 conventus,
633 1559 745 1592 habita
764 1570 822 1602 per
841 1570 895 1592 eos
915 1560 1010 1603 plena

265 1612 379 1645 notitia
399 1617 624 1645 contentorum
638 1613 669 1645 in
681 1612 767 1645 dicto
781 1613 1007 1653 instrumento,

265 1666 501 1710 acceptaverint
521 1672 551 1699 et
571 1666 830 1710 approbaverint,
848 1672 879 1699 et
894 1677 954 1710 pro
975 1667 1012 1699 il-

265 1720 372 1752 lorum
385 1719 618 1759 observatione,
634 1720 879 1752 manutentione
892 1725 920 1753 et
935 1731 1011 1753 con-

265 1773 443 1806 servatione
464 1773 582 1806 dietam
604 1773 737 1805 domum
770 1779 801 1805 et
827 1772 895 1806 eius
926 1774 1011 1806 bona

263 1826 446 1869 praesentia
470 1831 501 1859 et
527 1827 636 1859 sutura
662 1826 892 1868 obligaverint,
915 1832 1012 1870 prout

265 1878 296 1911 in
317 1879 533 1912 instrumento
554 1879 684 1922 publico
705 1879 844 1923 desuper
864 1880 1011 1913 consecto

265 1932 298 1964 in
329 1932 414 1965 dicta
444 1933 541 1966 domo
569 1938 600 1966 et
626 1933 659 1965 in
688 1933 756 1966 eius
788 1932 950 1976 capitulo,
981 1938 1009 1965 et

264 1986 337 2018 loco
357 1986 527 2029 capitulari
553 1986 611 2019 sub
639 1986 690 2019 die
710 1997 755 2019 vn
787 1986 913 2028 augusti
934 1986 1010 2019 dieti

265 2039 352 2079 anni,
380 2039 429 2072 vel
450 2039 512 2072 alio
533 2039 651 2072 veriori
680 2039 731 2072 die
756 2050 815 2083 per
839 2045 909 2072 acta
934 2039 1012 2072 dile-

266 2092 308 2125 cti
329 2091 388 2124 filii
408 2091 593 2125 Gundisalvi
613 2092 799 2125 Fernandez
818 2092 936 2125 notarii
958 2092 1008 2125 di-

267 2146 308 2179 cti
329 2145 441 2190 oppidi
462 2145 557 2178 latius
576 2145 731 2178 asseritur
749 2145 906 2179 contineri
922 2173 928 2186 ,
952 2156 1011 2190 pro

266 2205 358 2244 parte
377 2199 540 2232 Laurentii
567 2199 709 2242 episcopi
739 2209 775 2231 ae
803 2199 961 2239 ministri,
982 2205 1010 2232 et

267 2253 403 2286 fratrum
424 2252 666 2297 praedictorum
687 2253 780 2285 nobis
801 2252 860 2285 suit
883 2252 1012 2285 humili-

267 2311 315 2339 ter
331 2306 559 2350 supplicatum,
583 2311 741 2349 quatenus
758 2305 941 2348 praemissis
961 2315 1013 2338 ro-

266 2359 328 2392 bur
347 2359 544 2403 apostolieae
571 2358 825 2392 confirmationis
850 2358 989 2391 adiicere
1002 2385 1009 2399 ,

267 2413 410 2457 aliasque
431 2413 464 2446 in
484 2413 668 2456 praemissis
694 2417 876 2456 opportune
899 2411 1009 2456 provi-

267 2467 345 2500 dere
380 2466 418 2499 de
446 2466 645 2509 benignitate
680 2465 856 2510 apostolica
895 2465 1010 2508 digna-

267 2530 392 2553 remur.

313 2575 330 2615 ἕ
354 2573 385 2606 4.
416 2573 479 2607 Nos
510 2573 716 2606 Laurentium
748 2573 959 2618 episcopum,
983 2578 1014 2606 et

268 2627 444 2668 ministros,
460 2631 491 2661 et
511 2627 625 2661 fratres
642 2626 836 2672 praedictos,
851 2633 881 2661 et
901 2637 1012 2661 eorum

1045 283 1188 325 singulos
1208 294 1225 315 a
1250 283 1414 327 quibusvis
1432 282 1785 324 excommunicationis,

1045 336 1263 379 suspensionis
1282 341 1312 368 et
1332 335 1505 375 interdicti,
1529 335 1665 378 aliisque
1686 336 1789 369 ecele-

1044 389 1178 421 siasticis
1202 389 1379 428 sententiis,
1404 388 1546 422 censuris
1576 394 1606 421 et
1632 389 1745 431 poenis
1773 399 1791 422 a

1045 442 1112 474 iure
1133 443 1180 473 vel
1199 442 1237 473 ab
1259 441 1400 479 homine,
1418 441 1529 484 quavis
1550 441 1718 474 occasione
1740 442 1788 474 vel

1044 506 1139 528 causa
1164 495 1253 533 latis,
1277 495 1301 527 si
1323 494 1439 538 quibus
1460 495 1706 538 quomodolibet
1737 495 1788 527 in-

1689 224 1754 257 363
1800 236 1848 261 Λη.
1871 236 1900 261 c.
1920 235 1987 262 1597

1817 298 1928 319 Confirmat
1944 297 1987 319 Cte-

1803 331 1868 345 men&

1044 549 1154 581 notlati
1176 549 1323 587 existunt,
1341 549 1380 580 ad
1399 548 1547 582 effectum
1569 549 1788 592 praesentium
1839 582 1843 587 ,

1044 602 1209 634 dumtaxat
1220 602 1495 644 consequendum,
1511 602 1625 634 harum
1640 602 1722 635 serie
1736 602 1791 634 ab-

1043 656 1203 688 solventes
1220 661 1251 688 et
1263 656 1428 688 absolutos
1448 656 1516 688 sore
1538 661 1715 695 censentes,
1732 666 1791 688 nee

1044 718 1108 740 non
1130 708 1418 741 instrumentorum
1437 714 1467 741 et
1487 709 1718 752 scripturarum
1733 709 1792 741 hu-

1044 761 1181 794 iusmodi
1206 767 1344 801 tenores,
1368 761 1502 804 perinde
1527 772 1563 794 ac
1584 761 1609 794 si
1630 762 1669 794 de
1688 761 1789 794 verbo

1044 813 1082 846 ad
1099 814 1231 846 verbum
1247 814 1477 853 insererentur,
1495 813 1717 857 praesentibus
1731 823 1790 857 pro

1043 867 1199 911 expressis
1220 873 1250 900 et
1271 867 1397 900 insertis
1414 867 1580 906 habentes,
1602 867 1789 900 huiusmodi

1043 916 1333 963 supplicationibus
1353 919 1517 959 inclinati,
1539 919 1647 952 omnia
1669 925 1699 952 et
1719 919 1786 952 sin-

1043 974 1118 1015 gula
1138 973 1290 1016 capitula,
1314 972 1554 1012 conventiones,
1578 978 1682 1015 pacta,
1707 982 1787 1005 con-

1044 1026 1182 1059 ditiones
1207 1032 1238 1058 et
1269 1026 1483 1058 instrumenta
1503 1025 1678 1068 praedicta,
1702 1036 1738 1058 ae
1759 1025 1791 1058 in

1044 1079 1088 1111 eis
1109 1084 1260 1111 contenta
1280 1089 1515 1121 quaecumque,
1539 1078 1716 1121 apostoliea
1736 1089 1792 1111 au-

1044 1132 1203 1171 ctoritate,
1232 1137 1343 1165 tenore
1369 1132 1601 1175 praesentium,
1624 1132 1789 1175 approba-

1045 1196 1115 1218 mus
1136 1191 1167 1218 et
1186 1186 1417 1221 confirmamus
1432 1212 1439 1225 ‚
1463 1185 1590 1228 illisque
1617 1191 1792 1228 perpetuae

1044 1245 1075 1272 et
1095 1238 1287 1271 inviolabilis
1307 1238 1468 1271 firmitatis
1488 1238 1589 1270 robur
1608 1238 1788 1279 adiicimus,

1045 1303 1080 1325 ac
1098 1302 1210 1325 omnes
1230 1297 1261 1325 et
1280 1291 1424 1333 singulos
1444 1297 1508 1324 tam
1530 1291 1608 1323 iuris
1629 1302 1725 1334 quam
1747 1292 1792 1324 sa-

1044 1345 1084 1378 cti
1111 1345 1273 1385 desectus,
1298 1344 1394 1377 etiam
1415 1344 1661 1384 substantiales,
1685 1344 1711 1377 si
1737 1345 1791 1388 qui

1045 1400 1184 1442 desuper
1203 1398 1434 1431 intervenerint
1454 1397 1485 1430 in
1507 1398 1639 1437 eisdem,
1663 1398 1792 1441 supple-

1045 1464 1126 1485 mus.
1142 1453 1257 1496 Sieque
1277 1463 1335 1495 per
1359 1462 1583 1495 quoscumque
1603 1451 1725 1484 iudices
1739 1462 1790 1484 or-

1045 1506 1187 1539 dinarios
1215 1511 1270 1538 aut
1294 1505 1478 1547 delegatos,
1502 1505 1598 1537 etiam
1619 1515 1790 1538 causarum

1044 1559 1154 1602 palatii
1172 1558 1339 1602 apostolici
1358 1558 1522 1591 auditores
1539 1563 1570 1591 et
1582 1558 1716 1591 Sanctae
1729 1558 1791 1591 Ro-

1045 1622 1159 1644 manae
1184 1612 1344 1645 Ecclesiae
1371 1611 1571 1651 cardinaleS,
1595 1612 1720 1644 sublata
1745 1611 1791 1644 eis

1045 1670 1076 1698 et
1097 1675 1209 1697 eorum
1231 1665 1363 1697 cuilibet
1383 1664 1493 1708 quavis
1513 1664 1607 1697 aliter
1626 1664 1790 1697 iudicandi

1045 1723 1074 1750 et
1097 1718 1329 1761 interpretandi
1352 1718 1501 1750 facultate
1523 1723 1553 1750 et
1573 1717 1787 1757 auctoritate,

1045 1772 1165 1815 ubique
1183 1771 1318 1804 iudicari
1333 1777 1364 1804 et
1376 1770 1504 1803 definiri
1522 1770 1652 1810 debere,
1665 1770 1791 1803 irritum

1045 1837 1175 1870 quoque
1211 1831 1242 1859 et,
1273 1827 1368 1859 inane
1400 1826 1426 1859 si
1453 1836 1544 1859 secus
1570 1836 1668 1868 super
1696 1825 1745 1857 his
1775 1836 1792 1858 a

1045 1890 1222 1923 quoquam,
1239 1879 1350 1923 quavis
1371 1879 1574 1919 auctoritate,
1591 1878 1729 1911 scienter
1741 1879 1790 1911 vel

1046 1934 1242 1976 ignoranter,
1267 1933 1441 1975 contigerit
1458 1932 1619 1965 attentari,

1090 1989 1106 2029 ξ
1128 1986 1158 2019 5.
1183 1986 1338 2019 Volumus
1358 1993 1466 2019 autem
1491 1991 1522 2018 et
1542 1985 1732 2025 statuimus,
1756 1992 1791 2017 ut

1046 2040 1077 2072 in
1098 2039 1272 2073 reddendis
1292 2050 1349 2072 seu
1376 2038 1570 2082 recipiendis
1594 2043 1625 2071 et
1651 2038 1792 2071 solidan-

1046 2093 1094 2126 dis
1115 2093 1274 2136 computis
1299 2099 1329 2126 et
1349 2092 1528 2125 rationibus
1552 2091 1628 2124 dieti
1648 2091 1692 2134 pii
1713 2101 1792 2134 ope-

1046 2147 1100 2188 ris,
1123 2147 1218 2179 simul
1243 2157 1315 2179 eum
1346 2146 1607 2179 adn‘tinistratore
1626 2144 1792 2188 praedicto

1046 2211 1105 2244 pro
1125 2200 1300 2233 venerabili
1322 2200 1419 2232 fratre
1441 2198 1685 2242 archiepiscopo
1702 2198 1793 2231 Tole-

1048 2259 1122 2286 tano
1131 2253 1313 2293 Ordinario,
1329 2263 1457 2296 semper
1472 2251 1665 2285 intervenire
1678 2251 1795 2284 debeat

1047 2307 1115 2340 eius
1135 2306 1167 2339 in
1187 2306 1408 2350 spiritualibus
1429 2305 1565 2337 vicarius
1582 2304 1741 2346 generalis
1761 2304 1794 2336 in

1048 2360 1116 2404 ipso
1147 2360 1268 2403 oppido
1296 2359 1419 2393 Madriti
1450 2359 1616 2399 residens,
1640 2358 1705 2391 sive
1732 2358 1795 2391 alia

1046 2423 1185 2457 persona
1199 2413 1238 2445 ab
1251 2414 1366 2446 eodem
1381 2412 1625 2456 archiepiscopo
1639 2422 1698 2455 pro
1712 2417 1793 2445 tem-

1046 2477 1125 2510 pore
1150 2466 1346 2509 deputanda.

1092 2521 1108 2562 g
1129 2518 1159 2552 6.
1188 2519 1257 2552 Non
1282 2519 1484 2552 obstantibus
1511 2518 1795 2551 constitutionibus

1047 2579 1079 2606 et
1105 2573 1363 2606 ordinationibus
1393 2572 1594 2617 apostolicis,
1618 2583 1655 2605 ae
1680 2572 1795 2605 domus

1047 2632 1079 2660 et
1097 2625 1224 2661 Ordinis
1244 2626 1484 2670 praedictorum
1502 2625 1697 2667 iuramento,
1716 2636 1794 2659 con-

1833 1992 1913 2012 Statnit
1921 1993 1992 2012 autem

1806 2021 1905 2044 computa
1945 2018 1991 2038 retl-

1806 2045 1875 2065 denda
1894 2051 1940 2065 esse
1956 2050 1991 2064 co·

1806 2078 1849 2092 ram
1860 2071 1992 2091 administra-

1807 2100 1851 2118 tore
1871 2100 1891 2118 et
1913 2098 1993 2118 vicario

1807 2124 1992 2150 generatiarchie-

1807 2150 1993 2177 piscopiToletani.

1810 2522 1920 2544 Contraria
1935 2523 1994 2543 toltit.
