2253 3195
46 249 96 276 An.
113 249 142 275 C.
166 249 232 276 1598

63 1521 180 1545 clausulae.

70 2055 141 2075 Fului-1
167 2056 219 2076 Pon-

11 2090 13 2096 <
34 2082 96 2102 tiliois
134 2083 219 2102 elei-lir-

35 2115 81 2128 nain
95 2109 174 2130 ticinae
190 2110 218 2129 l‘n-

35 2135 130 2155 ciinnlam
173 2142 219 2157 esse

12 2163 13 2172 ³
34 2162 117 2183 statuit.

858 248 1006 272 CLEMENS
1025 249 1083 272 Vlll
1104 249 1153 272 ΓΡ.

244 296 395 330 dientiam
426 302 598 340 propterea
618 297 851 340 relinquimus,
876 297 983 329 illam-

243 361 305 393 que
331 349 515 393 relinquere
546 355 657 383 tenore
690 350 906 393 praesentium
933 350 986 383 de-

242 403 562 441 cla1·amus,ideirco
595 403 764 443 videlicet,
791 409 825 436 ut
856 403 880 436 si
914 409 986 436 ante

242 462 386 489 nostrum
409 456 547 489 reditum
566 457 597 489 in
610 457 746 490 Domino
764 456 981 489 obdormieri-

242 520 322 547 mus,
347 510 461 542 electio
483 509 580 542 suturi
606 509 742 542 Romani
767 509 932 542 Pontificis
953 509 984 541 in

242 563 309 606 ipsa
328 563 408 596 urbe
430 563 548 602 Roma,
573 572 637 595 non
662 567 769 594 autem
796 562 827 593 in
859 562 984 595 civitate

241 616 407 649 Ferrariae
428 616 474 648 vel
493 615 667 655 Bononiae,
692 625 797 658 neque
818 614 904 654 alibi,
928 615 983 647 ubi

242 675 385 712 tempore
406 668 511 701 obitus
531 668 630 701 nostri
652 679 724 700 cum
754 674 863 701 nostra
890 668 984 702 Curia

240 723 359 756 erimus
374 748 381 762 ,
405 721 561 754 celebrari
590 721 726 761 debeat,
750 721 859 754 habita
888 732 984 765 super

239 775 288 807 bis
316 785 390 807 eum
419 774 657 807 venerabililms
687 774 838 807 fratribus
866 774 983 807 nostris

238 828 268 862 S.
292 828 328 861 R.
349 828 382 861 Ε.
404 827 623 860 cardinalibus
650 827 683 860 in
715 827 905 861 consistorio
926 838 984 861 no-

238 887 304 915 stro
321 886 445 915 secreto
466 886 592 914 matura
612 881 845 914 deliberatione
864 887 894 914 et
912 881 984 915 dili-

238 935 324 976 genti
345 935 513 975 examine,
545 935 584 968 de
612 934 756 978 ipsorum
786 935 922 968 consilio
951 940 982 968 et

238 987 383 1020 unanimi
401 997 543 1026 assensu,
564 998 733 1020 causarum
754 993 785 1021 et
805 988 982 1021 litterarum

237 1040 486 1084 apostolicarum
526 1041 746 1081 audientiam,
779 1041 875 1074 etiam
910 1048 982 1085 post

237 1099 383 1126 nostrum
399 1093 584 1133 discessum,
606 1093 638 1126 in
659 1094 772 1127 eadem
789 1094 869 1127 urbe
881 1095 982 1128 Roma

237 1156 417 1186 remanere,
433 1157 492 1179 nec
512 1157 570 1190 per
590 1147 775 1190 aliquorum
795 1147 981 1181 officialium

237 1205 267 1232 et
287 1199 391 1232 dictae
411 1199 604 1240 audientiae,
628 1211 709 1243 quos
729 1200 899 1234 nobiscum
919 1202 982 1234 sor-

236 1262 292 1286 san
312 1253 482 1286 adducturi
502 1264 628 1293 sumus,
652 1253 831 1286 absentiam
845 1281 852 1294 ,
877 1254 980 1298 ipsam

237 1317 407 1339 causarum
426 1312 456 1339 et
469 1306 646 1339 litterarum
662 1307 911 1350 apostolicarum
926 1318 981 1341 au-

238 1359 393 1392 dientiam
415 1359 502 1400 alibi,
519 1370 615 1403 quam
638 1359 669 1392 in
683 1360 763 1393 urbe
783 1361 886 1397 Roma
899 1371 978 1401 esse,

239 1411 302 1445 dici
323 1417 378 1445 aut
402 1412 524 1445 censeri
544 1423 649 1456 posse.

281 1464 350 1507 5⁰2.
378 1465 493 1508 Sicque
519 1476 577 1509 per
606 1476 829 1510 quoscumque
859 1467 982 1501 iudices

237 1518 419 1552 ordinarios
443 1524 474 1551 et
493 1519 667 1561 delegatos,
684 1511 779 1552 etiam
811 1530 980 1553 causarum

238 1571 348 1615 palatii
369 1571 537 1615 apostolici
562 1573 744 1613 auditores,
766 1584 802 1606 ae
822 1573 852 1606 S.
881 1574 916 1607 R.
944 1574 977 1607 E.

236 1626 425 1666 cardinales,
439 1626 533 1659 etiam
547 1627 693 1660 delatere
708 1628 841 1670 legatos,
856 1628 982 1661 sublata

236 1680 282 1713 eis
302 1686 332 1713 et
357 1691 470 1713 eorum
491 1681 620 1714 cuilibet
647 1682 758 1725 quavis
779 1683 872 1715 aliter
891 1682 978 1716 iudi<

235 1735 329 1767 candi
350 1741 381 1767 et.
401 1735 636 1778 interpretandi
657 1736 806 1770 facultate
824 1742 854 1769 et
872 1743 981 1770 aucto-

235 1788 339 1829 ritate,
364 1789 498 1821 iudicari
524 1794 554 1822 et
577 1790 704 1823 definiri
726 1791 855 1831 debere,
879 1801 916 1824 ac
936 1791 980 1823 ir-

235 1842 331 1875 ritum
354 1847 384 1875 et
404 1842 499 1875 inane
524 1843 683 1886 quidquid
704 1854 795 1877 secus
815 1855 912 1888 super
932 1844 981 1878 bis

234 1907 252 1928 a
272 1907 455 1940 quoquam,
484 1897 594 1940 quavis
615 1898 820 1939 auctoritate,
844 1898 981 1932 scienter

235 1951 281 1983 vel
304 1950 499 1992 ignoranter,
524 1951 695 1994 contigerit
712 1952 872 1985 attentari.

279 2003 294 2046 ξ
312 2002 342 2036 3.
367 2004 401 2036 Et
423 2005 599 2037 successive
621 2005 720 2038 futuri
740 2006 876 2039 Romani
895 2006 979 2039 Pon-

235 2056 328 2089 tificis
353 2057 543 2090 electionem
570 2058 601 2090 in
627 2059 739 2091 eadem
765 2059 845 2092 urbe
863 2060 976 2101 Roma,

235 2109 266 2142 in
288 2110 407 2153 palatio
432 2116 542 2143 nostro
567 2111 765 2154 apostolico,
790 2113 876 2155 apud
905 2123 979 2145 san-

235 2168 321 2196 ctum
343 2164 472 2196 Petrum
487 2191 494 2203 ,
519 2169 549 2196 et
576 2174 640 2197 non
667 2165 699 2196 in
720 2165 845 2198 civitate
865 2166 979 2198 Ferra-

234 2215 300 2249 riae
329 2222 384 2249 aut
408 2217 582 2257 Bononiae,
609 2217 655 2249 vel
676 2217 771 2258 alibi,
795 2218 850 2250 ubi
872 2218 978 2251 forsan

234 2269 423 2303 obiierimus
444 2270 599 2303 celebrari
618 2271 751 2304 debere:
773 2271 976 2304 constitutio-

233 2332 289 2354 nes
317 2328 423 2356 autem
457 2323 556 2356 felicis
582 2323 816 2357 recordationis
842 2324 978 2357 Alexan-

234 2376 283 2408 dri
305 2377 408 2419 Papae
429 2378 487 2417 ΙΙΙ,
511 2388 593 2420 quae
615 2377 742 2420 incipit:
767 2377 855 2410 Licet
876 2377 914 2409 cle
933 2378 980 2410 vi-

235 2429 356 2469 tanda,
385 2435 415 2462 et
444 2430 624 2473 praedictas
653 2430 798 2472 Gregorii
828 2430 933 2473 Papae
954 2431 979 2463 X

234 2481 265 2514 in
284 2482 500 2524 Lugdunensi,
518 2494 600 2526 quae
615 2483 744 2527 incipit:
766 2483 826 2516 Ubi·
844 2483 975 2526 pericu-

235 2535 314 2575 lum,
343 2541 374 2567 et.
395 2536 565 2569 Clementis
586 2537 690 2580 Papae
711 2537 733 2569 V
755 2537 786 2569 in
808 2536 977 2570 Viennensi

233 2588 393 2629 Conciliis,
417 2600 500 2632 quac
521 2589 647 2633 incipit:
671 2590 719 2623 Ne
740 2590 895 2630 Romani,
920 2600 979 2622 nec

234 2651 299 2675 non
320 2641 366 2675 Pii
388 2642 491 2686 Papae
520 2643 556 2676 lV
570 2670 577 2683 ,
601 2643 885 2686 praedecessorum
918 2652 977 2675 no—

1020 302 1173 337 strorum,
1190 307 1273 340 quim
1289 297 1412 340 incipit:
1434 297 1475 330 In
1488 297 1657 340 eliqemlis,
1677 297 1763 330 eirca

1021 350 1211 382 electionem
1246 350 1381 383 Romani
1417 350 1580 383 Pontificis
1609 351 1762 383 haetenus

1020 403 1140 441 editas,
1165 413 1301 446 quarum
1332 403 1478 436 omnium
1499 409 1647 443 tenores,
1671 414 1763 447 prae-

1019 456 1162 489 sentibus
1180 467 1238 500 pro
1259 457 1416 500 expressis
1436 463 1467 490 et
1487 457 1527 490 ad
1547 457 1679 490 verbum
1708 458 1759 490 in-

1018 509 1110 541 sertis
1130 509 1242 541 baberi
1264 510 1421 550 volumus,
1446 510 1553 553 quoad
1574 510 1698 554 reliqua
1722 521 1759 543 o-

1019 561 1105 592 nmia
1125 566 1153 593 et
1175 561 1300 603 singula
1325 562 1356 594 in
1378 563 1423 596 eis
1441 568 1602 603 contenta,
1627 569 1657 596 et
1677 563 1763 596 iuxta

1018 624 1128 647 earum
1150 615 1383 648 declarationes
1410 621 1441 648 et
1459 626 1554 649 usum
1574 616 1606 648 in
1627 627 1684 649 suo
1704 627 1759 649 ro-

1017 667 1095 699 bore
1117 678 1318 710 permanere,
1335 674 1366 700 et
1385 669 1562 712 respective
1582 669 1621 701 ab
1642 669 1761 702 eisdem

1017 720 1151 754 Sanctae
1172 721 1336 754 Romanae
1351 722 1509 754 Ecclesiae
1530 722 1758 760 cardinalibus,

1017 774 1153 818 aliisque
1173 774 1335 815 omnibus,
1363 775 1404 808 ad
1428 785 1508 818 quos
1529 781 1685 819 spectant,
1709 776 1759 808 in-

1018 827 1209 860 violabiliter
1233 827 1395 860 observari
1419 828 1548 869 debere,
1573 829 1762 862 auctoritate

1018 886 1127 913 nostra
1148 880 1338 923 apostolica,
1375 886 1486 914 tenore
1515 881 1756 925 praesentium,

1017 934 1185 967 statuimus
1201 962 1208 975 ,
1239 934 1462 976 decernimus,
1490 935 1707 979 praecipimus
1733 941 1763 969 et

1017 987 1217 1021 ordinamus.

1061 1042 1076 1084 ἓ
1095 1041 1126 1074 4.
1151 1042 1316 1075 Caeterum
1338 1041 1541 1083 electionem,
1558 1043 1584 1075 si
1598 1042 1673 1075 alibi
1686 1053 1761 1076 con-

1017 1100 1063 1127 tra
1083 1094 1303 1138 praesentium
1321 1100 1505 1128 nostrarum
1520 1095 1701 1128 litterarum
1718 1102 1761 1129 te-

1015 1158 1129 1181 norem
1149 1158 1207 1191 per
1232 1148 1362 1180 eosdem
1388 1148 1568 1181 cardinales
1587 1149 1659 1189 fiat,
1683 1149 1758 1181 nul-

1016 1202 1079 1234 lam
1101 1207 1128 1234 et
1153 1201 1273 1233 irritam
1297 1202 1381 1241 sore,
1411 1201 1562 1245 ipsosque
1583 1202 1762 1236 cardinales

1016 1255 1056 1288 ad
1076 1255 1172 1288 aliam
1194 1255 1385 1288 electionem
1407 1255 1439 1288 iu
1457 1255 1526 1299 ipsa
1545 1256 1626 1289 urbe
1646 1257 1758 1293 Roma,

1016 1308 1101 1340 iuxta
1129 1308 1318 1341 earumdem
1346 1308 1567 1352 praesentium
1599 1309 1757 1348 sormam,

1015 1363 1192 1406 procedere
1221 1363 1360 1403 debere,
1385 1368 1416 1396 et
1434 1374 1493 1407 per
1527 1373 1582 1396 eos
1612 1363 1644 1396 in
1669 1374 1761 1408 prae-

1016 1415 1131 1456 missis,
1155 1421 1210 1449 aut
1230 1422 1342 1449 eontra
1359 1426 1396 1449 ea
1416 1417 1600 1450 nullatenus
1624 1417 1757 1461 dispen-

1015 1468 1090 1505 sari,
1114 1469 1161 1501 vel
1183 1469 1305 1512 aliquid
1331 1469 1426 1503 statui
1447 1475 1478 1503 et
1509 1469 1637 1503 definiri
1667 1481 1760 1514 posse

1016 1522 1111 1555 etiam
1133 1523 1349 1556 decernimus.

1059 1576 1074 1619 ,ξ
1099 1575 1129 1608 5.
1150 1576 1305 1608 Volumus
1333 1575 1464 1619 insuper
1495 1581 1526 1609 et
1554 1577 1755 1617 mandamns,

1015 1634 1049 1662 ut
1069 1634 1156 1667 tune,
1180 1640 1253 1662 cum
1275 1635 1381 1662 certus
1405 1630 1536 1664 nuntius
1567 1630 1680 1664 mortis
1700 1642 1758 1664 no-

1014 1688 1099 1715 strae
1119 1683 1255 1715 Romam
1285 1683 1471 1723 advenerit,
1487 1694 1543 1716 seu
1564 1684 1678 1717 allatus
1692 1685 1760 1717 sue-

1015 1735 1067 1776 rit,
1092 1741 1146 1768 aut
1162 1735 1307 1769 eiusdem
1325 1736 1438 1769 mortis
1448 1736 1562 1770 notitia
1572 1737 1681 1769 habita
1694 1738 1760 1770 sue-

1015 1789 1065 1829 rit⁷
1089 1789 1194 1821 statim
1215 1789 1394 1823 cardinales
1415 1790 1448 1823 in
1468 1790 1553 1824 Urbe
1573 1797 1760 1834 praesentes

1014 1841 1221 1875 novendiales
1252 1843 1403 1886 exequias
1422 1853 1483 1886 pro
1514 1843 1622 1876 anima
1652 1849 1762 1877 nostra

1015 1896 1054 1928 de
1072 1906 1163 1928 more
1184 1889 1338 1929 inchoare
1362 1901 1393 1929 et
1417 1896 1592 1937 celebrare,
1621 1908 1657 1930 ac
1678 1908 1757 1930 con-

1015 1950 1112 1990 clave,
1137 1955 1167 1982 et
1192 1955 1317 1983 caetera
1337 1950 1518 1984 necessaria
1545 1956 1575 1984 et
1606 1957 1760 1984 consueta

1014 2003 1121 2047 parari
1139 2004 1254 2044 facere,
1279 2009 1375 2047 atque
1395 2004 1475 2037 alios
1502 2004 1682 2038 cardinales
1703 2005 1760 2037 ab-

1014 2062 1140 2097 sentes,
1172 2057 1258 2090 iuxta
1288 2063 1483 2090 memoratas
1515 2057 1760 2092 constitutiones

1013 2110 1159 2152 Gregorii
1180 2110 1205 2143 X
1233 2115 1264 2143 et
1284 2110 1330 2143 Pii
1353 2110 1403 2151 IV,
1431 2121 1489 2154 per
1509 2111 1620 2143 decem
1651 2110 1718 2144 <lies
1742 2122 1759 2143 a

1014 2163 1065 2196 die
1086 2164 1161 2197 dicti
1179 2163 1294 2204 nuntii,
1309 2174 1365 2197 seu
1386 2169 1492 2197 certae
1512 2164 1645 2197 notitiae
1667 2175 1760 2208 expe-

1014 2222 1120 2254 ctate,
1144 2217 1221 2260 ipsis
1242 2227 1316 2250 vero
1342 2218 1454 2250 decem
1483 2217 1595 2250 diebus
1622 2218 1755 2261 elapsis,

1013 2270 1159 2313 sequenti
1173 2270 1235 2311 die,
1256 2270 1321 2304 sive
1342 2271 1521 2304 cardinales
1542 2271 1688 2304 absentes
1708 2282 1760 2304 ve-

1013 2323 1117 2356 nerint
1139 2323 1202 2356 sive
1223 2334 1307 2364 non,
1335 2324 1389 2368 qui
1412 2329 1597 2368 praesentes
1618 2325 1755 2366 suerint,

1013 2376 1142 2409 missam
1164 2378 1203 2410 dc
1231 2378 1353 2421 Spiritu
1382 2378 1498 2411 Sancto
1523 2378 1698 2417 celebrare,
1728 2385 1759 2412 et

1013 2430 1117 2462 statim
1139 2430 1290 2464 conclave
1311 2431 1447 2472 ingredi,
1473 2437 1503 2464 et
1519 2431 1588 2464 sine
1606 2442 1696 2464 mora
1717 2433 1757 2465 ad

1013 2482 1178 2515 eles-nonis
1199 2483 1364 2525 negotium
1382 2484 1571 2526 procedere,
1586 2489 1682 2527 atque
1696 2485 1758 2518 alia

1014 2535 1044 2567 in
1066 2535 1158 2568 dictis
1178 2535 1462 2569 constitutionibus
1483 2539 1631 2580 expressa
1653 2537 1757 2570 facere

1013 2595 1041 2622 et
1063 2589 1175 2632 exequi
1197 2590 1332 2623 omnino
1354 2595 1532 2623 teneantur.

1056 2644 1072 2684 ξ
1094 2643 1124 2675 b'.
1153 2643 1222 2676 Non
1254 2643 1475 2684 obstantibus,
1497 2648 1656 2688 quatenus
1675 2654 1756 2690 opus

1664 238 1727 271 437
1776 247 1826 275 An.
1848 247 1876 275 c.
1893 249 1961 276 ¹598

1803 1054 1960 1079 Quamcumque

1777 1080 1900 1100 electionem
1911 1096 1914 1100 .
1943 1080 1959 1099 si

1776 1107 1827 1127 alibi
1836 1107 1878 1130 liat,
1885 1107 1960 1127 irritat.

1820 1587 1960 1607 Nomii-liuba

1775 1613 1848 1638 {1011th
1871 1615 1890 1633 ct
1911 1619 1959 1633 cun-

1774 1640 1960 1661 claveRomaeha-

1773 1666 1820 1687 beri
1836 1667 1884 1686 tull.
