2253 3195
246 235 294 261 An.
313 236 342 262 c..
363 234 427 263 t597
475 225 539 260 388

266 2311 400 2336 [nqnutorn

270 2345 299 2356 ·u-
322 2345 359 2357 uui.

239 2368 252 2384 'i
264 2372 300 2384 >un
312 2366 406 2390 »lqvutati

442 294 676 327 quaecumque,
694 283 823 315 illorum
845 282 990 315 omnium
1008 286 1137 314 tenores
1157 286 1187 314 et

442 337 572 374 formas,
593 336 692 372 datas,
716 335 846 368 effeetus
866 340 895 367 et
916 335 1047 367 decreta
1072 334 1104 366 in
1125 333 1187 366 illis

441 389 596 433 apposita,
613 399 649 421 ae
669 388 693 420 si
715 388 754 420 de
771 388 869 421 verbo
889 388 929 420 ad
949 388 1082 420 verbum
1103 387 1185 420 inse-

442 447 589 474 rerentur
609 447 639 474 et
659 441 691 473 in
722 440 771 473 his
791 446 894 473 essent
924 440 1062 480 inserta,
1091 450 1186 483 prae-

440 496 583 530 sentibus
600 506 658 539 pro
679 494 876 528 sufficienter
888 494 1045 538 expressis
1061 494 1185 527 haben-

440 555 503 589 tes,
528 549 611 581 dicta
631 548 823 581 auctoritate
843 548 1038 592 apostolica,
1073 553 1185 581 tenore

439 602 679 646 praesentium,
705 612 742 634 ex
771 607 857 634 certa
882 601 1016 634 scientia
1047 601 1101 644 (in
1136 600 1185 633 his

439 655 600 695 omnibus,
624 655 657 687 in
674 655 791 698 quibus
811 654 948 688 decretis
967 653 1100 688 Concilii
1118 653 1186 686 Tri-

440 707 562 741 dentini
580 718 645 741 non
666 708 887 747 adversentur,
903 707 997 740 salvis
1014 706 1110 740 etiam
1131 706 1186 739 de—

439 761 535 794 cretis
555 772 573 794 a
592 761 686 794 nobis
706 761 737 793 in
761 761 902 794 savorem
914 761 1062 793 Fratrum
1076 759 1182 792 Refor-

439 821 602 848 matorum
623 815 795 857 concessis)
815 815 1034 858 approbamus
1052 819 1081 847 et
1102 824 1182 846 con-

439 869 608 901 firmamus
627 879 664 901 ac
685 868 876 900 innovamus
891 895 898 907 ,
929 872 1185 911 perpetuamque

440 921 567 954 roboris
599 921 785 954 firmitatem
807 920 974 960 obtinere,
997 925 1028 953 et
1047 918 1186 952 firmiter

439 974 615 1015 observari,
629 985 689 1008 nec
704 984 769 1007 non
782 973 957 1007 Ordinibus
969 973 1118 1006 Fratrum
1131 972 1186 1006 Mi-

439 1038 554 1062 norum
576 1027 744 1070 Regularis
760 1027 986 1061 Observantiae
1004 1031 1036 1059 et
1051 1026 1186 1060 Sanctae

439 1082 563 1122 Clarae,
597 1092 634 1115 ac
652 1081 759 1115 Tertio
780 1082 819 1114 de
839 1080 1040 1114 Poenitentia
1060 1090 1185 1113 nuncu-

438 1135 540 1179 patis,
570 1135 666 1168 etiam
696 1135 728 1167 in
748 1133 1004 1177 Congregatione
1027 1133 1086 1166 suh
1107 1133 1185 1166 obe-

439 1189 560 1222 dientia
579 1189 727 1222 Fratrum
748 1188 907 1221 Minorum
928 1187 967 1220 de
978 1186 1185 1221 observantia

440 1242 626 1275 huiusmodi
647 1241 838 1284 degentibus
857 1240 1091 1284 superioribus,
1122 1240 1185 1273 sra-

440 1295 552 1335 tribus,
577 1294 788 1333 monialibus,
813 1294 909 1327 etiam
930 1293 1081 1327 tertiariis
1101 1304 1185 1326 nun-

439 1349 565 1392 cupatis
584 1348 762 1387 sororibus,
786 1347 944 1391 personis,
968 1347 1182 1388 monasteriis,

439 1403 590 1436 domibus
610 1408 639 1435 et
660 1401 803 1435 ecelesiis
831 1407 862 1434 et
889 1401 967 1434 loeis
997 1401 1182 1445 praedictis,

439 1457 547 1490 etiam·
567 1467 627 1501 per
658 1456 790 1489 modum
821 1454 1124 1488 communicationis
1155 1460 1185 1488 et

438 1509 632 1542 extensionis
653 1508 838 1542 huiusmodi
859 1507 1039 1550 suffragari,
1058 1507 1185 1551 illisque

437 1562 517 1602 frui,
541 1562 585 1595 uti
607 1568 637 1595 et
657 1563 818 1605 gaudere,
842 1562 973 1605 quando
998 1567 1029 1594 et
1060 1561 1185 1604 quoties

437 1626 518 1660 opus
550 1616 655 1656 suerit,
679 1626 772 1659 posse
792 1621 821 1648 ct
843 1615 973 1654 debere,
1002 1614 1034 1647 in
1064 1613 1184 1647 iudicio

437 1674 467 1702 et
487 1675 586 1709 extra,
603 1679 639 1702 ac
660 1668 757 1702 etiam
779 1668 810 1701 in
826 1669 895 1701 soro
909 1668 1135 1707 conscientiae,
1153 1667 1183 1701 in

437 1722 589 1756 omnibus
610 1729 640 1756 et
671 1733 729 1766 per
749 1721 877 1761 onmia,
901 1732 937 1754 ac
956 1721 981 1754 si
1002 1721 1185 1765 specialiter

437 1782 467 1810 et
487 1787 634 1820 expresse
655 1775 774 1808 eisdem
797 1776 944 1808 Fratrum
975 1775 1133 1808 Minorum
1154 1781 1185 1808 et

436 1829 571 1863 Sanctae
591 1829 712 1869 Clarae,
737 1834 765 1861 et
796 1828 904 1861 Tertio
925 1829 963 1861 de
984 1828 1184 1861 Poenitentia

436 1882 609 1916 Ordinibus
629 1893 687 1926 per
704 1892 761 1915 nos
782 1880 932 1915 concessa
953 1881 1098 1920 fuissent,
1122 1882 1181 1915 de-

437 1936 610 1969 cernimus.
635 1935 826 1979 Supplentcs
847 1945 958 1967 omnes
985 1940 1015 1967 et
1040 1934 1184 1977 singulos

437 1990 515 2023 iuris
535 1995 566 2022 et
583 1989 668 2029 sacti,
691 2000 727 2022 ae
748 1988 1000 2028 solemnitatum,
1026 1988 1122 2021 ctiam
1145 1989 1183 2021 de

438 2043 515 2076 iuris
537 2043 738 2082 necessitate,
763 2048 818 2075 aut
843 2041 921 2074 alias
939 2041 1184 2084 quomodolibet

437 2096 677 2140 requisiturum,
702 2097 808 2128 l'orsan
837 2094 1028 2128 omissurum
1054 2100 1085 2127 et
1104 2094 1183 2127 alios

437 2160 660 2194 quoscumque
678 2150 831 2189 desectus,
856 2148 937 2192 siqui
960 2149 1064 2180 l'orsan
1086 2147 1183 2181 inter—

438 2203 582 2235 venerint
604 2203 635 2235 in
656 2200 789 2235 eisdem.

482 2257 496 2298 ξ
516 2256 546 2289 lt.
561 2268 564 2271 ·
577 2255 733 2295 Quofflca
765 2255 1000 2288 venerabililuis
1032 2254 1183 2288 l'ratribus

401 2318 421 2356 ᾖξ’
437 2310 583 2343 Mantuae
603 2315 634 2342 et
651 2309 714 2353 Toy
735 2308 903 2352 episeopis,
925 2319 960 2341 ar
979 2308 1096 2341 dilecto
1116 2308 1183 2341 titio

418 2374 420 2380 ’
439 2374 607 2396 ι;;111>111·11111
630 2363 738 2395 entiae
752 2362 1116 2405 CauteraeApostolicae
1127 2373 1181 2403 ge-

439 2416 538 2448 nerali
572 2416 732 2456 auditori,
757 2427 813 2460 per
842 2416 969 2448 easdem
1000 2420 1183 2458 praesentes

438 2469 668 2502 ‹emmiuuuus
685 2475 713 2501 et
731 2469 932 2508 unnutamus,
953 2474 1110 2512 quatenus
1125 2468 1182 2512 ipsi

439 2524 484 2554 vel
500 2524 574 2561 «luo,
592 2530 642 2555 aut
660 2534 741 2556 unus
754 2533 878 2562 eorum,
894 2533 950 2566 per
962 2533 1006 2561 se,
1024 2522 1070 2554 vcl
1083 2521 1181 2554 alium

438 2587 492 2609 ,so-u
514 2577 604 2615 alios,
622 2577 738 2609 saciant
755 2576 944 2609 aiu-toritate
963 2582 1070 2609 nostra
1092 2586 1183 2619 prae-

439 2635 543 2663 sentes
558 2629 677 2663 litteras
695 2635 724 2663 et
746 2630 777 2663 in
791 2630 836 2663 eis
849 2634 998 2665 contenta
1009 2640 1183 2674 quaecum-

1030 233 1213 257 BULLARIUM
1233 233 1388 258 ROMANUM.

1221 291 1283 324 que
1308 281 1441 324 plenum
1471 291 1583 314 eorum
1607 281 1755 314 effectum
1775 282 1900 322 sortiri,
1924 281 1962 314 il-

1220 334 1323 378 lisque
1344 345 1468 375 omnes,
1492 345 1573 378 quos
1592 340 1802 375 concernunt,
1830 335 1964 379 pacifice

1221 387 1283 420 frui
1305 394 1334 421 et
1354 388 1507 430 gaudere.
1524 388 1595 420 Non
1607 387 1830 431 permittentes
1849 398 1963 431 quem-

1219 451 1315 484 quam
1337 441 1486 485 desuper,
1507 446 1620 474 contra
1631 441 1850 484 praesentium
1872 446 1963 475 teno-

1220 506 1299 536 rem,
1319 496 1379 528 suh
1393 495 1505 539 quovis
1517 501 1683 539 praetextu
1697 500 1728 528 et
1744 505 1850 536 causa,
1867 495 1963 528 etiam

1219 548 1345 582 defectu
1365 548 1552 582 intentionis
1565 554 1708 589 nostrae,
1722 559 1781 592 per
1793 558 1966 592 quoscum-

1219 613 1281 645 que
1294 602 1540 646 quomodolibet
1553 602 1695 635 indebite
1708 601 1883 642 molestari;
1895 601 1966 645 qui-

1218 655 1342 688 nimmo
1363 655 1517 699 quicquid
1537 655 1569 687 in
1591 655 1789 688 contrarium
1815 655 1965 688 attentari

1218 708 1267 740 vel
1288 707 1359 740 fieri
1380 707 1556 750 continget,
1577 707 1685 741 omnia
1705 718 1834 751 semper
1850 707 1884 740 in
1900 707 1966 751 pri-

1219 760 1338 794 stinum
1363 761 1488 804 reponi.
1519 761 1777 794 Contradictores
1804 761 1967 804 quoslibet

1219 820 1251 847 et
1280 814 1429 855 rebelles,
1453 814 1549 847 etiam
1579 824 1637 857 per
1663 824 1902 858 quascumque,
1926 815 1966 848 de

1219 868 1338 911 quibus
1357 868 1402 901 eis
1422 867 1599 908 videbitur,
1623 877 1775 901 censuras
1795 873 1827 900 et
1845 878 1966 911 poenas

1219 921 1462 962 ecclesiasticas,
1486 927 1517 954 et
1542 921 1604 954 alia
1633 911 1818 965 opportuna
1837 921 1916 954 iuris
1936 928 1967 955 et

1219 975 1294 1007 sacti
1323 974 1482 1015 remedia,
1516 974 1733 1018 appellatione
1761 984 1967 1018 quacumque

1219 1027 1407 1071 postposita,
1422 1027 1669 1071 compescendo,
1686 1037 1723 1060 ac
1741 1026 1892 1069 legitimis
1911 1037 1966 1060 su-

1219 1091 1278 1124 per
1306 1080 1355 1113 his
1386 1080 1544 1114 habendis
1582 1079 1715 1113 servatis
1743 1079 1962 1123 processibus,

1219 1134 1315 1168 etiam
1335 1134 1458 1167 iteratis
1488 1134 1612 1167 vicibus
1632 1134 1854 1177 aggravando,
1877 1133 1967 1168 invo-

1219 1193 1291 1221 cato
1312 1187 1408 1221 etiam
1429 1188 1469 1221 ad
1490 1187 1562 1227 hoc,
1583 1187 1608 1220 si
1629 1198 1710 1231 opus
1727 1187 1966 1227 suerit,auxilio

1219 1241 1342 1275 brachii
1363 1241 1546 1275 saecularis.
1576 1240 1692 1284 Sicque
1716 1251 1774 1284 per
1793 1251 1966 1284 quoscum-

1219 1305 1283 1339 que
1304 1295 1426 1328 iudices
1446 1299 1478 1327 et
1497 1294 1746 1334 commissarios,
1770 1305 1807 1327 ac
1825 1294 1856 1328 S.
1880 1294 1962 1327 ΚΕ.

1220 1348 1412 1388 cardinales,
1435 1358 1495 1381 nec
1519 1358 1584 1381 non
1605 1347 1686 1381 sacri
1707 1347 1817 1391 palatii
1837 1352 1967 1391 aposto-

1219 1401 1271 1435 lici
1292 1412 1461 1435 causarum
1482 1401 1656 1442 auditores,
1677 1401 1803 1434 sublata
1822 1401 1868 1434 eis
1887 1411 1967 1445 qua-

1220 1455 1265 1488 vis
1284 1455 1376 1488 aliter
1403 1455 1567 1488 iudicandi
1599 1460 1630 1488 et
1656 1454 1892 1498 interpretandi
1912 1454 1962 1488 sa-

1219 1508 1347 1547 cultate,
1371 1507 1506 1541 iudicari
1528 1513 1559 1541 et
1578 1507 1710 1541 diffiniri
1728 1507 1859 1541 debere.

1263 1562 1278 1605 ἓ
1291 1560 1321 1594 5.
1338 1562 1407 1594 Non
1421 1561 1625 1594 obstantibus
1637 1560 1831 1605 praemissis,
1842 1571 1879 1594 ac
1891 1560 1965 1604 piae

1220 1615 1396 1648 memoriae
1406 1613 1560 1648 Bonisacii
1570 1613 1860 1658 PapaeVllLetiam
1872 1624 1965 1658 prae-

1219 1669 1396 1702 decessoris
1410 1668 1521 1708 nostri,
1535 1668 1574 1702 de
1588 1678 1662 1709 una,
1675 1667 1748 1702 etin
1762 1667 1901 1702 concilio
1911 1677 1965 1710 ge-

1218 1721 1319 1755 nerali
1340 1722 1379 1755 de
1401 1721 1526 1755 duabus
1541 1721 1666 1762 diaetis,
1683 1721 1861 1754 dummodo
1880 1721 1966 1754 ultra

1219 1781 1282 1809 tres
1302 1775 1423 1808 diaetas
1435 1775 1551 1818 aliquis
1565 1774 1784 1818 praesentium
1798 1774 1906 1817 vigore
1924 1775 1964 1808 ad

1218 1827 1373 1860 iudicium
1394 1837 1459 1860 non
1480 1826 1637 1867 trabatur,
1654 1826 1789 1870 aliisque
1809 1826 1964 1870 apostoli-

1218 1881 1262 1914 cis
1282 1879 1582 1920 constitutionibus,
1606 1890 1643 1913 ac
1663 1879 1914 1923 provincialibus
1933 1885 1965 1913 et

1218 1933 1449 1977 capitularibus
1469 1933 1595 1966 statutis
1612 1938 1643 1965 et
1663 1932 1962 1974 consuetudinibus,

1218 1987 1313 2020 etiam
1335 1986 1530 2026 iuramento,
1552 1985 1800 2019 confirmatione
1829 1992 1961 2029 aposto-

1218 2040 1289 2080 lica,
1315 2041 1361 2073 vel
1383 2040 1494 2084 quavis
1515 2039 1665 2072 firmitate
1698 2039 1760 2073 alia
1790 2039 1962 2081 roboratis;

1218 2094 1392 2138 privilegiis
1403 2104 1544 2137 quoque,
1562 2092 1693 2126 indultis
1711 2097 1743 2126 et
1763 2092 1875 2126 litteris
1885 2103 1964 2137 apo-

1217 2147 1349 2187 stolicis,
1371 2146 1466 2180 etiam
1488 2147 1518 2179 in
1541 2147 1646 2179 forma
1666 2146 1770 2180 brevis
1791 2156 1849 2190 per
1868 2156 1965 2190 quos·

1218 2212 1356 2245 cunique
1368 2202 1530 2234 ltomanos
1548 2200 1719 2233 Pontifices
1739 2200 1964 2243 praedecesso—

1218 2267 1268 2288 res
1289 2262 1426 2294 nostros,
1441 2265 1477 2287 ac
1497 2254 1594 2287 etiam
1616 2263 1674 2286 nos
1694 2259 1725 2287 et
1744 2254 1858 2287 Scdem
1871 2263 1964 2297 prae-

1218 2309 1348 2347 dictam,
1371 2308 1468 2341 etiam
1491 2313 1580 2340 motu
1601 2306 1744 2351 proprio,
1765 2318 1801 2340 ac
1829 2306 1964 2340 scientia

1217 2367 1246 2395 et
1259 2361 1425 2405 potestatis
1438 2360 1638 2405 plenitudine
1651 2359 1821 2399 similibus,
1838 2370 1876 2393 ac
1889 2369 1961 2393 cum

1217 2415 1381 2459 quibusvis
1411 2413 1584 2451 irritativis,
1607 2412 1829 2453 annullativis,
1853 2423 1960 2446 cassa·

1218 2468 1297 2506 tivis,
1321 2467 1416 2500 etiam
1439 2465 1679 2510 privilegiorum
1698 2475 1811 2498 corum
1833 2475 1963 2499 revoca-

1218 2520 1298 2559 tivis,
1322 2519 1519 2558 restrictivis,
1544 2517 1755 2557 reservativis,
1777 2517 1958 2562 exceptivis,

1218 2574 1412 2613 restitutivis,
1436 2572 1648 2611 declarativis,
1672 2571 1787 2605 inentis
1806 2570 1961 2605 attestati-

1217 2627 1272 2669 vis,
1289 2639 1324 2661 ae
1338 2626 1615 2670 derogatoriarum
1637 2624 1859 2668 derogatoriis,
1875 2623 1960 2658 aliis-

1975 232 2157 264 Au.c.1597
2194 233 2198 237 ’
2237 246 2239 250 ·

2006 1565 2118 1588 clausulae
2127 1564 2164 1586 do·

1979 1593 2107 1620 rogator-iae.
2187 1600 2189 1603 v
