2253 3195
30 235 79 262 An.
97 234 126 261 C.
144 233 213 261 1595

55 665 98 686 Nun
109 664 210 685 obstanti-

28 692 67 714 bus
80 692 155 712 tium-is
172 691 212 711 Eu-

29 718 84 744 aonii
99 721 119 738 et
134 718 212 738 Leonis

28 745 151 766 Pontificum
171 744 212 765 Ro-

28 777 143 793 manorum.

853 229 999 254 CLEMENS
1019 229 1075 252 vm
1098 229 1147 251 1³1³.

224 281 297 315 stito
336 279 510 314 summarie
549 285 580 313 et
614 278 898 312 extraiudicialiter
931 279 969 311 de

225 344 289 367 non
316 339 382 366 tuto
404 333 443 366 ad
465 343 518 366 eos
539 344 686 373 accessu,
711 333 750 365 ad
772 331 969 365 satisfacien-

225 387 301 420 dum
328 387 367 420 de
388 396 500 419 corum
525 386 660 425 debitis,
685 392 712 418 et
739 385 968 429 praestandum

225 451 273 481 ea,
288 441 328 473 ad
346 451 427 484 quae
448 451 506 484 pro
528 446 673 483 tempore
694 440 890 472 tenebuntur
904 449 971 470 nto-

226 504 302 526 nere
331 499 360 526 et
390 493 500 527 citare.
532 494 575 526 Ac
604 493 725 525 litteras
750 502 972 536 quascumque

226 546 459 580 remissoriales
479 553 509 580 et
527 546 802 589 compulsoriales,
829 551 891 578 tam
913 555 969 587 gc-

227 602 353 635 nerales
380 610 476 644 quam
504 600 677 643 speciales,
704 599 759 632 ubi
790 605 820 632 et
848 598 973 642 quoties

228 666 309 699 opus
333 653 438 693 suerit,
463 653 596 686 arbitrio
618 658 672 686 tuo
702 653 887 686 decernere.
911 653 972 685 Nec

228 708 324 742 etiam
356 707 387 740 in
417 707 479 740 vim
506 707 744 740 constitutionis
770 705 973 748 Eugenianae

228 761 260 794 in
278 762 418 794 favorem
440 760 610 793 curialium
633 765 812 797 emanatae,
836 770 872 792 ae
894 759 973 791 Leo-

228 815 334 855 ninae,
358 820 389 848 et
415 814 647 857 cuiuscumque
667 814 752 847 illius
781 812 974 846 extensionis

227 868 386 902 inhibere.
401 869 445 901 Ac
456 867 640 907 monitoria,
655 867 822 900 citationes
842 873 870 899 ct
892 866 974 898 inhi-

227 922 366 956 bitiones
386 922 426 955 ad
446 926 553 965 partes
574 921 670 954 etiam
692 931 750 964 per
780 921 885 953 simile
906 920 973 953 edi-

228 982 314 1010 ctum
335 976 521 1014 decernere,
543 985 597 1008 eos
615 985 745 1018 quoque
765 980 924 1007 arrestare
945 980 973 1007 et

228 1039 405 1070 carcerare,
428 1039 464 1061 ac
482 1028 508 1061 si
528 1028 586 1061 tibi
603 1027 780 1067 videbitur,
804 1037 975 1070 quascum-

228 1094 291 1127 que
324 1093 445 1127 poenas
477 1093 513 1115 ac
544 1082 680 1115 mulctas
711 1081 807 1114 simili
840 1081 974 1114 arbitrio

229 1137 390 1170 dimittere
412 1141 443 1168 et
466 1135 620 1173 relaxare,
645 1145 681 1167 ae
701 1145 760 1178 pro
782 1135 974 1168 delictorum

229 1195 259 1223 et
271 1200 470 1229 excessuum,
487 1199 614 1222 necnon
632 1188 804 1221 criminum
819 1189 974 1232 qualitate

229 1243 274 1277 eis
294 1254 351 1287 per
377 1249 406 1276 te
431 1248 569 1286 tuosque
600 1243 856 1275 locumtenentes
885 1242 972 1274 inssi-

228 1306 305 1339 gere
325 1301 356 1329 et
376 1296 554 1340 imponere.
572 1296 703 1328 Necnon
724 1295 883 1338 quoslibet
908 1295 975 1328 ino-

174 1358 181 1361 ’
228 1349 394 1383 bedientes
424 1349 726 1389 excommunicare,
753 1354 783 1382 et
810 1359 828 1381 a
861 1348 976 1382 divinis

228 1402 427 1447 suspendere
442 1430 449 1443 ,
478 1402 673 1445 generaliter
709 1402 758 1435 vel
794 1402 977 1445 specialiter

230 1457 445 1496 interdicere,
476 1468 512 1490 ac
538 1456 735 1497 sententias,
764 1467 917 1490 censuras
948 1462 978 1489 et

229 1521 350 1555 poenas
371 1510 602 1544 ecclesiasticas
622 1521 681 1554 per
707 1516 737 1543 te
758 1516 789 1543 et
813 1511 974 1543 locumte-

229 1570 342 1597 nentes
358 1569 431 1597 tuos
451 1574 509 1608 pro
530 1569 676 1607 tempore
696 1563 787 1603 latas,
803 1563 900 1596 etiam
921 1563 978 1597 ite-

230 1617 307 1651 ratis
326 1617 449 1650 vicibus
463 1627 648 1659 aggravare.
673 1617 708 1649 Et
728 1617 815 1660 quod
836 1627 853 1649 a
873 1622 912 1657 te,
930 1618 977 1650 vel

231 1670 526 1704 locumtenentibus
546 1669 719 1714 praedictis
745 1680 805 1714 pro
832 1676 978 1714 tempore

231 1723 518 1764 excommunicati,
543 1734 599 1757 seu
621 1724 714 1756 aliter
734 1724 895 1757 censurati
910 1752 917 1764 ,
939 1724 977 1757 ab

231 1778 312 1819 aliis,
327 1788 423 1821 quam
436 1788 453 1810 a
473 1783 501 1810 te
518 1777 567 1811 vel
580 1777 876 1810 locumtenentibus
887 1788 979 1821 prae—

232 1831 335 1872 dictis,
360 1830 456 1863 etiam
478 1830 517 1863 de
534 1830 675 1874 partium
694 1841 863 1869 consensu,
888 1842 978 1874 prae-

232 1890 378 1928 terquam
411 1884 443 1917 in
475 1883 588 1917 mortis
618 1884 754 1917 articulo
789 1884 952 1917 constituti
969 1912 975 1922 ,

233 1937 354 1971 absolvi
380 1947 444 1970 non
466 1937 611 1981 possint,
635 1937 676 1970 ad
696 1937 882 1970 evitandum
915 1938 980 1970 col-

233 1990 374 2024 lusiones
395 1995 545 2023 statuere.
567 1990 693 2023 Etcum
711 1989 769 2023 tihi
790 1990 892 2023 visum
913 1991 980 2024 fue-

233 2044 275 2078 rit
288 2044 449 2088 expedire,
466 2044 727 2085 communitates,
743 2044 977 2085 universitates,

234 2098 385 2140 collegia,
410 2097 549 2141 capitula
570 2103 601 2130 et
626 2108 781 2141 personas
802 2108 978 2141 quoscum-

234 2163 297 2196 que
312 2179 319 2192 ,
343 2163 361 2184 a
381 2151 546 2195 quibusvis
570 2151 756 2191 sententiis,
784 2151 928 2185 censuris
952 2158 980 2184 et

234 2205 347 2250 poenis
362 2232 369 2245 ,
399 2215 435 2237 ac
467 2204 594 2237 mulctis
615 2204 859 2243 ecclesiasticis,
883 2205 979 2248 spiri-

235 2258 374 2291 tualibus
396 2258 445 2291 vel
471 2257 704 2301 temporalibus
723 2268 781 2301 per
798 2257 877 2290 alios
897 2257 983 2290 vide-

235 2311 322 2352 licet,
346 2322 443 2355 quam
465 2322 522 2354 per
550 2317 579 2343 te
606 2317 638 2344 et
664 2317 751 2343 tuam
780 2311 903 2344 curiam
934 2311 982 2343 in-

236 2364 340 2405 ssictis,
364 2364 396 2397 in
418 2364 531 2397 diebus
554 2364 760 2408 paschalibus
781 2370 811 2397 et
831 2364 983 2397 natalitiis

237 2428 310 2451 cum
325 2418 537 2452 reincidentia
556 2419 732 2459 absolvere,
749 2429 807 2452 nec
828 2428 892 2451 non
913 2429 984 2451 sen-

237 2471 363 2512 tentias,
387 2482 538 2505 censuras
559 2477 590 2505 et
609 2482 751 2516 poenas,
776 2483 812 2505 ac
845 2472 982 2505 mulctas

237 2525 435 2567 huiusmodi,
452 2531 483 2558 et
502 2537 728 2570 quaecumque
749 2525 921 2559 interdicta
933 2537 985 2559 su-

237 2579 406 2623 spendere,
430 2580 544 2613 tollere
564 2585 595 2612 et
615 2579 660 2613 eis
680 2580 833 2613 relaxare.
854 2580 985 2612 Necnon

238 2632 452 2676 obligationes
472 2633 504 2666 in
523 2633 627 2667 forma
643 2633 805 2673 Gamerae,
820 2633 916 2667 etiam
929 2643 986 2677 per

1005 283 1141 310 mortem
1164 275 1330 313 debitoris,
1355 275 1460 318 quoad
1487 273 1571 306 illius
1592 273 1678 305 bona
1700 279 1747 304 ta-

1007 341 1078 363 men
1098 330 1193 363 etiam
1208 340 1266 372 per
1286 328 1369 361 viam
1391 326 1630 361 confiscationis
1652 325 1750 358 debiti

1006 395 1063 427 per
1083 384 1223 426 aliquem
1244 394 1279 414 ex
1304 380 1569 425 procuratoribus
1590 379 1621 412 in
1644 379 1749 423 quali-

1007 438 1056 470 bet
1090 437 1287 477 obligatione
1319 434 1500 469 constitutis
1539 445 1628 467 more
1658 434 1752 467 solito

1008 490 1164 529 facienda,
1189 496 1219 522 et
1243 490 1436 522 haeredibus
1463 488 1606 531 legitime
1628 488 1750 525 citatis,

1008 555 1063 577 seu
1084 543 1161 576 alias
1182 543 1316 576 arbitrio
1335 549 1388 575 tuo
1407 542 1540 586 exequi,
1564 547 1595 575 et
1614 553 1755 585 exequu-

1009 597 1086 630 tioni
1123 597 1311 630 demandari
1343 597 1456 629 facere.
1490 596 1525 628 Et
1558 595 1754 637 generaliter

990 669 992 677 =
1009 650 1116 683 onmia
1136 656 1165 683 et
1184 650 1319 692 singula,
1341 660 1423 692 quae
1442 650 1481 682 ad
1502 648 1643 681 officium
1665 649 1755 681 audi-

1009 704 1086 737 toris
1107 714 1275 737 causarum
1293 703 1405 736 Curiae
1418 703 1602 735 huiusmodi
1615 703 1653 736 de
1672 702 1751 741 iure,

990 802 992 810 Α
1009 758 1056 791 vel
1078 769 1113 790 ex
1132 757 1313 801 privilegio,
1337 762 1392 790 aut
1410 768 1481 794 usu,
1505 767 1561 789 seu
1582 756 1707 794 litteris,
1725 762 1752 788 et

1009 811 1240 844 consuetudine
1262 810 1434 853 praedictis
1454 809 1531 842 olim
1553 810 1752 853 spectabant,

1009 870 1039 897 ct
1060 875 1141 908 quae
1165 864 1220 902 illi,
1236 864 1289 907 qui
1303 874 1360 907 pro
1377 869 1521 907 tempore
1539 864 1668 896 suerunt
1682 874 1756 895 cau-

1008 929 1115 951 sarum
1148 917 1260 950 Curiae
1290 917 1476 950 huiusmodi
1506 916 1691 955 auditores,
1721 927 1756 949 ex

1010 972 1169 1005 concessis
1197 972 1242 1004 eis
1270 971 1475 1004 facultatibus
1501 971 1606 1004 faeere
1638 976 1669 1003 et
1695 971 1753 1003 de-

1010 1036 1154 1063 cernere,
1179 1025 1344 1063 mandare,
1369 1030 1521 1063 statuere,
1547 1024 1698 1057 ordinare
1727 1029 1756 1056 et

1010 1078 1123 1121 exequi
1145 1078 1390 1121 quomodolibet
1412 1082 1572 1121 poterant,
1596 1088 1652 1110 seu
1674 1087 1754 1109 con-

1010 1137 1189 1169 sueverant,
1214 1133 1332 1171 lacere,
1358 1131 1476 1170 dicere,
1501 1130 1666 1169 mandare,
1690 1136 1755 1163 sta-

1012 1191 1118 1225 tuere,
1147 1185 1299 1218 ordinare
1321 1191 1351 1218 et
1375 1184 1489 1228 exequi
1511 1184 1636 1221 valeas,
1660 1184 1755 1216 habi-

1012 1239 1073 1272 turi
1094 1244 1180 1272 ratos
1207 1245 1239 1272 et
1258 1243 1367 1280 gratos
1387 1248 1556 1281 processus
1580 1243 1609 1269 et
1631 1242 1759 1269 senten-

1013 1293 1080 1333 tias,
1105 1302 1184 1335 quas
1205 1297 1238 1324 tu
1264 1296 1294 1324 et
1325 1291 1582 1324 locumtenentes
1604 1289 1648 1322 tui
1666 1300 1760 1333 prac-

1012 1345 1086 1379 dicti
1108 1355 1166 1389 pro
1190 1351 1335 1388 tempore
1365 1344 1539 1377 habuerint
1563 1348 1593 1376 et
1616 1343 1757 1382 tulerint,

1011 1411 1047 1432 ac
1072 1399 1198 1443 reliqua
1218 1398 1338 1439 omnia,
1359 1408 1442 1441 quae
1463 1397 1495 1430 in
1516 1397 1714 1441 praemissis,
1733 1402 1762 1429 et

1012 1453 1097 1486 circa
1117 1464 1164 1493 ea,
1193 1458 1247 1485 aut
1271 1451 1439 1495 quodlibet
1464 1461 1577 1484 eorum
1604 1451 1758 1491 fecerint,

994 1507 1168 1547 -dixerint,
1193 1506 1439 1543 mandaverint,
1464 1505 1635 1538 statuerint
1656 1510 1686 1538 et
1707 1515 1760 1538 or-

1013 1560 1204 1600 dinaverint,
1225 1571 1261 1593 ac
1281 1559 1397 1592 facturi
1422 1569 1459 1591 ea
1479 1558 1605 1599 omnia,
1630 1564 1762 1592 auctore

1013 1614 1160 1653 Domino,
1176 1614 1214 1646 ab
1230 1613 1380 1646 omnibus
1394 1623 1495 1656 usque
1514 1612 1553 1645 ad
1568 1612 1759 1645 satisfactio-

1014 1679 1087 1701 nem
1108 1667 1303 1710 condignam
1325 1666 1555 1699 inviolabiliter
1580 1666 1758 1699 observari.

1058 1723 1074 1764 ἓ
1096 1721 1126 1754 4.
1147 1722 1292 1764 Insuper,
1310 1720 1431 1753 eisdem
1446 1719 1637 1753 auctoritate
1659 1725 1689 1753 et.
1706 1730 1763 1763 po—

1014 1775 1134 1809 testatis
1154 1774 1372 1819 plenitudine,
1396 1780 1461 1806 tam
1487 1773 1601 1806 litteris
1621 1773 1693 1806 Iulii
1714 1774 1758 1811 11,
1778 1782 1833 1823 t'tss'f

1014 1829 1127 1862 Leonis
1140 1829 1174 1869 X,
1185 1828 1390 1871 aliorumque
1404 1827 1690 1871 praedecessorum
1704 1827 1763 1859 hu-
1778 1837 1797 1877 ις’
1807 1836 1810 1841 ·
1820 1819 1845 1877 {3
1870 1836 1891 1875 δι

1015 1883 1166 1921 iusmodi,
1191 1893 1286 1926 quam
1309 1881 1418 1916 onmia
1436 1887 1465 1915 et
1487 1881 1613 1924 singula
1633 1881 1764 1925 privile-
1780 1891 1796 1904 ²¹¹
1825 1900 1828 1903 -

1014 1938 1076 1980 gia,
1098 1937 1237 1976 indulta,
1262 1936 1446 1976 facultates,
1471 1935 1710 1968 iurisdictiones
1735 1940 1765 1967 et

1015 1992 1135 2034 gratias
1155 1990 1262 2024 officio
1283 1990 1484 2023 auditoratus
1505 1994 1533 2022 et
1562 1988 1764 2022 auditoribus

1015 2044 1186 2089 praedictis
1207 2043 1453 2088 quomodolibet
1465 2052 1627 2081 concessa,
1642 2053 1678 2075 ac
1689 2053 1762 2075 cum

1016 2098 1168 2132 omnibus
1189 2103 1220 2130 et
1240 2096 1376 2139 singulis
1391 2096 1422 2129 in
1436 2096 1481 2129 eis
1503 2095 1661 2128 contentis
1678 2095 1764 2128 clau-

1016 2152 1105 2191 sulis,
1126 2151 1268 2194 singulas
1282 2150 1422 2193 denique
1443 2150 1583 2193 desuper
1603 2149 1766 2182 confectas

1016 2205 1151 2242 litteras,
1176 2214 1316 2247 quorum
1341 2202 1487 2236 omnium
1510 2208 1541 2235 et.
1566 2201 1766 2243 singularum

1018 2258 1199 2290 litterarum
1218 2257 1458 2301 praedictarum
1470 2254 1656 2288 huiusmodi
1677 2260 1768 2288 teno-

1018 2322 1079 2352 res,
1097 2322 1132 2343 ac
1146 2311 1171 2343 si
1190 2311 1229 2343 de
1250 2311 1349 2343 verbo
1370 2310 1409 2342 ad
1430 2309 1563 2342 verbum
1586 2309 1767 2341 insereren-

1021 2371 1082 2406 tur,
1106 2364 1228 2408 pariter
1248 2363 1472 2408 praesentibus
1493 2362 1605 2396 haberi
1619 2362 1768 2395 volumus

1018 2429 1077 2462 pro
1099 2418 1266 2462 expressis,
1282 2412 1479 2451 'auctoritate
1500 2422 1530 2449 ct
1550 2421 1662 2449 tenore
1673 2426 1767 2460 prae-

1019 2472 1123 2511 dictis,
1148 2472 1378 2515 approbamus,
1402 2470 1634 2503 confirmamus
1656 2475 1687 2502 et
1711 2469 1762 2502 in-

1019 2536 1185 2566 novamus,
1215 2536 1251 2558 ac
1272 2530 1448 2568 perpetuae
1478 2523 1639 2556 firmitatis
1667 2523 1768 2556 robur

1019 2579 1187 2617 obtinere,
1212 2584 1241 2611 et
1264 2578 1492 2611 inviolabiliter
1516 2576 1680 2610 observari
1710 2577 1766 2609 de-

1020 2634 1096 2666 bere
1118 2632 1344 2673 decernimus,
1369 2632 1488 2676 illaque
1515 2631 1624 2665 omnia
1645 2637 1676 2664 et
1700 2631 1766 2664 sin-

1655 213 1720 246 0285
1766 222 1815 248 An.
1833 222 1860 248 o.
1884 223 1951 250 ¹50ss

1810 1721 1962 1741 l'rttztuleinmstt.
