2253 3195
239 201 292 227 An.
308 201 336 228 c.
359 200 428 229 1595
472 191 538 224 ⁶234
1023 201 1207 225 nuLLARmM
1222 201 1376 226 Romnum

1974 203 2023 230 ΛΠ.
2039 202 2162 236 C.¹5¹1*'4

439 249 660 284 Tirasonensis
677 249 839 282 civitatum
861 254 892 282 et
911 249 1094 282 dioecesum
1108 259 1182 292 per·
1216 249 1377 293 principio
1405 250 1549 284 ecclesiis
1562 278 1569 291 ,
1606 251 1809 285 monasteriis
1837 256 1869 284 et
1888 251 1967 302 aliis.
2130 247 2150 252 ”

269 1322 350 1343 Causae
361 1319 434 1348 ineun-

249 1351 271 1372 di
289 1347 433 1369 concordiam.

440 305 578 337 solutum
602 303 721 339 suisset,
739 301 864 345 illisque
884 301 1048 345 perpetuis
1069 301 1184 334 suturis

441 356 641 400 temporibus
652 355 787 398 singulis
799 355 891 387 annis
903 354 1086 398 persolutis,
1106 365 1183 396 aug-

442 415 585 441 mentum
601 408 798 440 decimarum
814 413 845 440 et
856 407 1084 450 primitiarum,
1097 408 1182 451 quod

442 468 505 494 tam
525 472 558 494 ex
581 461 743 493 fructuum
761 461 1087 504 superexcrescentia,
1111 471 1184 504 pro-

442 520 513 558 pter
542 520 701 546 terrarum
734 513 955 556 irrigationem
973 513 1182 552 huiusmodi,

443 578 539 610 quam
562 577 598 599 ex
618 567 797 605 novalibus,
821 577 904 609 quae
933 577 970 599 ex
988 566 1185 599 derivatione

444 627 474 653 et
491 620 679 663 irrigatione
692 631 848 664 aquarum
867 620 1051 653 huiusmodi
1070 631 1186 664 prove-

443 673 600 713 venirent,
636 679 689 706 :tut
716 679 887 717 propterea
907 674 946 706 ad
974 674 1132 707 culturam
1157 680 1183 706 et

444 726 570 768 singem
605 726 809 769 pinguiorem
842 726 1067 768 redigerentur
1085 754 1092 765 ‚
1127 736 1186 770 pro

444 785 588 822 tempore
614 779 748 820 fierent,
779 780 883 813 eidem
908 779 1022 813 Carolo
1049 779 1188 823 impera-

446 833 506 866 tori
525 839 555 865 et
573 833 652 876 regi,
676 833 826 877 illiusque
847 834 878 866 in
893 834 978 866 dicto
996 844 1096 876 regno
1110 835 1188 867 Ara-

445 897 565 928 gonum
585 887 835 927 successoribus,
859 897 931 920 cum
947 887 1088 930 primum
1105 898 1188 931 aqua

446 939 588 972 fluminis
609 939 794 973 huiusmodi
816 951 874 983 per
895 940 1000 973 foveas
1020 939 1086 973 sive
1106 940 1190 973 rivu-

447 993 495 1026 los
515 993 554 1025 ad
583 999 683 1026 terras
709 993 889 1033 irrigandas
919 993 1186 1037 perducerentur,

447 1046 522 1079 licet
533 1046 572 1079 ad
588 1046 683 1079 tinem
697 1046 871 1090 perductae
884 1057 949 1080 non
968 1047 1082 1087 forent,
1093 1047 1187 1080 etiam

447 1099 540 1132 annis
559 1099 694 1143 singulis
714 1100 963 1143 persolvendum
983 1111 1051 1133 esse
1080 1100 1190 1133 decet·—

448 1160 572 1192 nerent,
596 1159 692 1197 prout
716 1153 746 1185 in
767 1153 901 1195 singulis
927 1153 1041 1186 litteris
1061 1154 1189 1197 praedi-

449 1206 506 1239 ctis
531 1207 658 1250 plenius
677 1207 870 1240 continetur.

494 1262 509 1302 ἓ
529 1258 558 1292 2.
579 1260 655 1294 Cum
676 1267 795 1300 autem,
823 1261 914 1294 sicuti
933 1261 1044 1295 eadem
1067 1262 1190 1305 exposi-

450 1313 493 1346 tio
513 1313 740 1355 subiungebat,
775 1314 958 1348 informatio
979 1326 996 1347 a
1016 1315 1186 1359 principio,

451 1373 606 1410 quantum
626 1367 767 1414 quolibet
790 1378 887 1408 anno,
910 1378 928 1400 a
949 1374 1023 1401 tune
1045 1369 1189 1412 proximo

449 1420 633 1463 praeteritis
659 1421 759 1453 tribus
777 1421 878 1459 annis,
911 1421 1005 1454 fertili
1032 1433 1104 1455 cum
1123 1427 1187 1455 ste-

449 1473 498 1504 rili
519 1471 737 1516 compensato‚
762 1484 819 1517 pro
841 1474 973 1507 decimis
993 1481 1023 1508 et
1044 1475 1191 1519 primitiis

450 1525 624 1568 praedictis
655 1526 816 1566 ecclesiis,
845 1527 1049 1561 monasteriis
1081 1534 1110 1561 et
1131 1528 1191 1572 piis

448 1579 527 1612 locis
541 1579 738 1623 persolutum
760 1579 880 1620 suisset,
897 1580 982 1613 iuxta
1003 1582 1189 1615 earumdem

450 1632 628 1666 litterarum
656 1633 804 1673 formam,
829 1634 910 1667 sacta
930 1645 993 1668 non
1016 1635 1119 1674 suerit,
1136 1636 1190 1669 sed

450 1692 619 1729 postquam
642 1680 744 1730 a'quae
758 1697 817 1730 pto
839 1687 1010 1729 irrigandis
1032 1688 1193 1722 terrishu-

451 1739 588 1772 iusmodi
603 1750 659 1783 per
679 1741 784 1773 foveas
803 1747 833 1774 et
855 1741 971 1774 rivulos
981 1736 1053 1774 cum
1069 1743 1193 1785 magnis

451 1793 596 1835 expensis
615 1793 717 1826 dietus
743 1794 873 1827 Carolus
895 1794 1070 1838 imperator
1090 1802 1120 1828 et
1139 1807 1191 1829 rex

452 1845 566 1878 deduci
601 1846 743 1886 fecisset,
775 1853 803 1879 et
826 1847 940 1880 exinde
961 1839 1194 1882 habitatoribus

452 1900 638 1933 earumdvm
670 1900 808 1944 partium
836 1901 955 1933 utilitas
973 1907 1003 1934 et
1023 1903 1193 1935 commoda

452 1963 515 1985 non
539 1963 633 1995 parva
656 1953 887 1996 provenissenh
911 1965 1196 1998 superexcrescen-

455 2006 496 2038 tia
521 2005 719 2039 decimarum
746 2012 776 2039 et
802 2006 1015 2050 primitiarum
1038 2013 1065 2040 et
1093 2019 1192 2041 nora—

453 2059 529 2091 lium
550 2059 662 2092 Carolo
678 2060 861 2103 imperatori
875 2066 905 2092 et
919 2060 996 2101 regi,
1013 2071 1049 2093 ac
1063 2072 1191 2094 succes-

453 2112 516 2145 sive
530 2113 633 2145 eidem
650 2113 796 2157 Philippo
815 2113 896 2155 regi,
918 2113 985 2146 eius
1005 2115 1192 2152 successori,

454 2176 516 2198 non
548 2166 631 2199 iuxta
664 2167 840 2199 litterarum
866 2167 1102 2210 praedictarum
1135 2170 1197 2201 l'or-

455 2231 552 2258 mam,
575 2221 629 2253 sed
656 2221 740 2253 iuxta
761 2220 1013 2259 extimationem,
1039 2229 1194 2265 quantum

1217 302 1296 335 locis
1315 303 1489 346 praedictis
1518 303 1779 346 assignationem,
1800 304 1886 338 iuxta
1907 315 1960 338 ea-

1219 356 1367 389 rumdem
1393 356 1574 390 litterarum
1607 357 1857 400 apostolicarum
1890 358 1957 391 fot·-

1220 419 1316 442 mam.
1340 409 1462 448 Quibus
1473 410 1624 443 omnibus
1637 421 1695 454 per
1711 410 1895 454 Philippum
1909 421 1960 443 re-

1219 472 1309 504 gem,
1334 467 1364 495 et
1387 462 1669 506 archiepiscopum
1697 463 1963 506 Caesaraugusta-

1220 525 1372 554 nensem,
1400 526 1437 548 ac
1463 515 1616 549 interesse
1642 516 1814 554 habentes,
1838 521 1963 548 mature

1221 568 1441 609 consideratis,
1456 568 1629 612 auditaque
1642 569 1820 612 peritorum
1830 568 1862 600 in
1872 578 1964 612 prae-

1223 622 1325 656 missis
1344 623 1512 663 sententia‚
1536 634 1572 656 ac
1585 623 1694 656 habita
1708 623 1843 662 ratione,
1861 633 1963 666 quan-

1223 682 1289 708 tum
1310 677 1488 716 annuatim,
1506 676 1590 710 dicta
1607 676 1777 720 posteriori
1792 676 1896 709 forma
1907 685 1965 719 per

1223 739 1288 768 eos,
1306 729 1543 773 uipraesertur,
1564 735 1698 770 servata,
1722 728 1876 768 ecclesiis,
1895 738 1965 762 mo-

1223 782 1371 815 nasteriis
1388 788 1419 815 et
1435 783 1514 816 loeis
1532 783 1705 826 praedictis
1725 782 1903 823 obvenerit,
1924 781 1964 814 ab

1223 845 1308 868 anno
1338 846 1471 869 mnvan
1492 836 1533 868 ad
1553 846 1672 868 annum
1693 845 1830 875 noxum,
1860 845 1878 867 a
1897 844 1963 878 quo

1225 895 1370 932 tempore
1390 894 1495 922 terrae
1507 889 1784 933 infrascriptorum
1803 889 1962 928 locorum,

1227 942 1409 984 irrigantur,
1443 947 1476 975 ut
1507 953 1544 975 ex
1573 942 1778 986 processibus
1809 947 1963 986 apparet,
2003 966 2009 968 -

1225 996 1414 1028 eorumdem
1435 995 1614 1039 peritorum
1643 994 1788 1028 adhibito
1816 994 1963 1034 oonsilio,

1225 1048 1442 1091 omnibusque
1462 1048 1522 1081 rite
1543 1054 1574 1081 et
1590 1055 1678 1082 recte
1694 1059 1731 1081 ac
1749 1054 1875 1081 mature
1895 1058 1968 1081 exa-

1227 1101 1354 1135 minatis
1367 1102 1447 1135 inter
1460 1101 1642 1146 Philippum
1656 1112 1764 1144 regem
1788 1112 1825 1135 ac
1845 1101 1967 1135 dietum

1225 1155 1503 1199 archiepiscopum
1525 1161 1556 1188 et
1576 1155 1656 1188 alios
1676 1155 1829 1188 interesse
1846 1154 1969 1188 haben-

1227 1215 1283 1248 tes,
1307 1209 1345 1242 ad
1367 1209 1565 1249 huiusmodi,
1588 1209 1688 1242 verbo
1705 1209 1752 1242 vel
1775 1209 1805 1242 in
1827 1208 1965 1252 scriptis,

1225 1263 1396 1311 deventum
1412 1262 1470 1295 fuit
1483 1262 1703 1301 concordiam,
1713 1262 1870 1296 videlieet:
1880 1262 1968 1306 quod

1225 1315 1378 1354 ecclesiis,
1407 1316 1608 1349 monasteriis
1628 1321 1659 1349 et
1679 1315 1750 1349 aliis
1769 1314 1967 1349 beneficiatis

1227 1368 1410 1402 huiusmodi
1435 1369 1534 1402 semel
1556 1368 1735 1410 assignetur
1756 1368 1787 1402 id
1807 1367 1895 1411 quod
1912 1367 1965 1400 ha-

1227 1422 1300 1454 bere
1318 1428 1349 1454 et
1365 1421 1519 1465 consequi
1545 1422 1685 1462 debent,
1713 1431 1778 1454 non
1799 1427 1904 1454 autem
1927 1421 1968 1454 ad

1226 1475 1408 1515 arbitrium,
1424 1481 1454 1508 et.
1466 1480 1562 1519 prout
1580 1485 1777 1519 unoquoque
1791 1485 1876 1508 anno
1887 1474 1969 1518 pluit

1227 1533 1254 1561 et
1266 1528 1359 1561 aliter
1367 1527 1471 1571 campi
1483 1528 1669 1571 irrigantur,
1680 1527 1965 1569 sedindeBanuet,

1227 1581 1374 1614 videlicet
1394 1581 1538 1625 quinque
1559 1591 1595 1614 ex
1617 1591 1681 1621 sex,
1697 1587 1727 1614 et
1748 1581 1822 1614 inde
1848 1580 1964 1621 Comes,

1228 1635 1309 1668 duae
1339 1645 1374 1668 ex
1401 1635 1526 1674 tribus,
1559 1644 1684 1667 necnon
1706 1634 1780 1667 inde
1816 1633 1965 1675 Mollene,

1229 1694 1291 1722 tres
1307 1699 1342 1721 ex
1361 1688 1503 1732 quinque
1517 1687 1661 1732 partibus
1681 1687 1739 1731 ipsi
1754 1687 1902 1731 Philippo
1920 1697 1970 1720 re-

1228 1742 1270 1781 tsi,
1286 1742 1429 1786 reliquae
1441 1752 1516 1775 vcro
1537 1747 1642 1786 partes
1653 1741 1836 1780 Ordinario,
1853 1746 1884 1774 et
1899 1741 1970 1775 aliis

1230 1794 1381 1828 interesse
1404 1795 1607 1835 habentibus,
1630 1806 1667 1828 ac
1689 1795 1762 1828 inde
1785 1794 1903 1828 Gallae
1923 1795 1970 1828 lo-

1229 1847 1273 1881 cis
1289 1858 1345 1881 seu
1363 1847 1491 1891 oppidis
1507 1847 1866 1890 Caesaraugustanensis
1882 1847 1970 1881 dioe-

1229 1901 1320 1941 cesis,
1338 1901 1492 1935 medietas
1505 1901 1653 1945 Philippo
1668 1901 1745 1944 regi,
1761 1901 1887 1945 aliaque
1905 1911 1971 1935 me-

1231 1955 1330 1989 ‹lietas
1351 1955 1509 1988 fructuum
1532 1955 1738 1988 decimalium
1761 1960 1792 1988 et
1814 1954 1971 1999 primitia-

1232 2008 1307 2040 linm
1331 2014 1488 2041 terrarum
1507 2008 1545 2040 ab
1568 2008 1701 2051 antiqno
1720 2008 1780 2041 coli
1803 2007 1968 2041 solitarum

1231 2061 1334 2095 eidem
1355 2061 1526 2095 Ordinatio
1549 2068 1579 2094 et
1601 2061 1752 2095 interesse
1777 2060 1971 2094 habentibus

1233 2114 1403 2159 praedictis
1439 2115 1609 2155 darentur,
1642 2115 1735 2148 salvis
1765 2114 1797 2148 in
1839 2112 1971 2158 reliquis

1232 2168 1355 2201 iuribus
1379 2168 1452 2201 dicti
1479 2168 1615 2212 Philippi
1646 2168 1730 2211 regis
1760 2178 1858 2212 super
1885 2168 1971 2203 deci-

1233 2222 1291 2254 mis
1308 2228 1334 2254 et
1351 2221 1502 2267 primitiis
1519 2222 1677 2255 dictarum
1703 2228 1872 2261 terrarum,
1887 2232 1971 2266 quae

2009 1315 2132 1347 eon-:orati
2165 1342 2168 1343 γ

1983 1359 2025 1380 qua
2034 1353 2054 1374 iu
2063 1349 2133 1373 rubri

455 2273 588 2312 singulis
609 2274 700 2306 annis
725 2274 869 2307 (laciniae
887 2280 913 2306 et
938 2274 1109 2318 primitizw,
1135 2275 1192 2308 ba-
1231 2276 1270 2307 al·
1291 2285 1375 2308 anno
1393 2285 1524 2309 tttnxtvtt
1539 2275 1643 2308 cultae
1658 2275 1796 2315 suerunt,
1817 2280 1847 2309 et
1865 2275 1971 2309 denuo

456 2326 519 2358 bita
543 2327 666 2360 ratione
693 2327 896 2371 pluviarum,
921 2334 1054 2371 propter
1085 2328 1195 2362 lntins-
1231 2329 1382 2362 coluntur
1401 2334 1433 2362 et
1458 2328 1642 2371 irrigantur,
1670 2334 1701 2361 ot
1720 2334 1812 2361 antea
1833 2339 1897 2362 non
1918 2338 1972 2362 co-

457 2380 542 2412 morli
565 2380 769 2421 irrigationes
789 2381 997 2419 excreverint,
1023 2382 1103 2414 sacta
1125 2382 1193 2422 snit;
1233 2382 1391 2422 lebantur,
1414 2392 1496 2426 quae
1532 2392 1644 2415 omncs
1664 2382 1703 2415 ad
1725 2382 1874 2415 outndent
1896 2381 1970 2415 Phi-

457 2438 485 2464 (τι
507 2433 580 2476 qnia
617 2435 718 2467 forma
745 2434 929 2467 huiusmodi
956 2435 1046 2467 valde
1076 2435 1197 2468 inconi—
1233 2435 1354 2478 lippum
1381 2445 1488 2475 regem
1509 2440 1662 2479 spectent.
1685 2434 1771 2474 Quae
1793 2445 1866 2469 vero
1891 2446 1909 2469 a
1929 2434 1972 2468 ri-

458 2487 552 2519 moda
573 2493 603 2518 οι
624 2488 839 2531 dispendiosa,
861 2499 896 2521 ae
915 2494 1040 2531 praeter
1060 2490 1195 2521 sormam
1213 2460 1215 2501 ⁴
1232 2489 1305 2522 vulo
1325 2499 1379 2522 seu
1401 2489 1490 2522 fovea
1510 2488 1628 2531 Zeqm'e
1655 2487 1780 2530 irrigari
1808 2499 1871 2523 non
1891 2499 1968 2533 pos-

458 2540 694 2583 p1·ae‹lict.'n·uni
734 2541 910 2574 litterarum
945 2541 1196 2586 apostolicarum
1213 2505 1216 2590 i
1231 2548 1315 2582 sunt,
1340 2552 1452 2575 omnes
1483 2541 1522 2575 ad
1543 2542 1692 2575 eumdem
1713 2541 1918 2576 Ordinarium
1940 2546 1971 2576 et

458 2592 561 2626 existit
581 2594 622 2626 ob
652 2605 715 2627 non
741 2596 855 2628 saetam
872 2622 879 2636 ‚
909 2600 941 2628 nt
965 2595 1156 2639 praefertur,
1180 2605 1197 2628 a
1214 2631 1215 2637 ,
1233 2595 1385 2629 interesse
1411 2595 1563 2629 habentes
1583 2601 1738 2639 spectent,
1759 2606 1818 2630 nec
1842 2594 1971 2630 subati-
