2253 3195
60 238 114 265 An.
130 237 160 264 G.
183 237 250 265 1598

260 285 408 327 dirigere,
422 291 562 319 statuere
583 292 613 319 et
632 286 672 319 de
692 296 774 319 novo
792 285 887 318 etiam
903 285 934 317 in
955 296 1005 318 ca-

259 338 346 371 sibus
366 339 397 371 in
420 339 536 382 quibus
557 339 729 382 oportebit,
752 344 783 372 et
802 344 835 372 tu
856 339 1005 382 expedire

259 392 469 432 indicaveris,
494 393 645 426 ordinare
673 393 793 436 possiS,
824 398 1005 436 opportune

258 445 428 488 providere
439 446 592 485 volentes,
602 446 686 478 ultra
696 456 916 489 quascumque
928 445 1005 478 alias

259 499 424 533 facultates
452 500 653 544 supradictas
680 500 843 543 (quarum
878 504 1005 531 tenores

258 554 480 596 praesentibus
505 564 565 597 pro
595 552 751 597 expressis
777 552 888 585 haberi
909 552 1001 584 volu-

259 617 346 647 mus,
374 617 517 650 quasque
544 616 672 649 semper
700 605 801 638 salvas
831 610 861 638 et
880 605 1006 637 illaesas

259 660 498 702 essevolumus)
517 658 797 702 circumspectioni
816 663 900 697 tuac,
915 658 1005 691 cuius

258 712 413 755 singulari
440 712 644 756 prudentiae,
667 712 742 745 fidei
764 716 795 745 et
821 711 1005 754 diligentiae

258 765 453 808 gravissimis
488 766 519 798 in
555 765 691 808 negotiis
723 765 815 798 toties
851 765 1005 809 probatae

257 820 352 863 plane
372 819 549 858 confidere,
574 830 610 852 ac
635 819 744 852 omnia
767 824 834 852 tuto
855 818 1003 851 commit-

259 878 324 906 tere
345 878 376 906 et
396 873 528 906 credere
549 884 730 917 possumus,
744 873 877 906 modum
896 878 927 905 et
943 877 1005 905 sta-

258 932 325 959 tum
346 926 527 959 officiorum
549 926 795 969 magistratuum
818 932 882 959 tam
914 926 1001 969 opti-

258 986 415 1021 matuum,
440 991 537 1024 quam
559 980 671 1024 populi
693 986 723 1013 et
747 979 896 1023 gubernii
918 985 1001 1012 tem-

258 1034 388 1077 poralis,
401 1045 437 1067 ac
451 1034 546 1067 etiam
561 1034 737 1073 custodiae,
751 1033 1005 1076 militiarurnque

259 1093 289 1119 et
314 1087 547 1131 praesidiorum
573 1092 637 1120 tam
670 1087 804 1120 civitatis
824 1086 1001 1126 Ferrariae,

258 1151 355 1184 quam
376 1140 512 1174 aliarum
532 1140 707 1179 civitatum,
722 1140 929 1184 oppidorum,
944 1146 1006 1173 ter-

258 1204 388 1234 rarum,
413 1199 592 1227 castrorum
627 1200 658 1227 et
689 1194 835 1227 locorum
862 1193 1004 1226 eiusdem

259 1247 403 1287 ducatus,
427 1252 525 1291 prout
545 1247 600 1280 tibi
630 1247 808 1288 videbitur,
833 1247 1005 1279 immutare

258 1311 295 1333 ac
309 1311 475 1341 renovare,
492 1311 529 1334 ac
548 1301 588 1334 ad
610 1301 746 1334 formam
765 1306 795 1334 et
815 1300 1005 1333 methodum

259 1353 425 1396 regiminis
445 1359 475 1387 et
495 1354 644 1397 gubernii
665 1354 799 1387 aliarum
825 1354 1006 1398 provincia-

257 1418 342 1448 rum,
367 1413 527 1440 terrarum
550 1413 581 1440 et
601 1408 748 1440 locorum
769 1407 914 1441 eiusdem
935 1408 1005 1441 Sta-

260 1466 309 1495 tus
329 1461 429 1494 nostri
447 1461 661 1494 Ecclesiastici
683 1461 841 1504 redigere,
854 1472 910 1494 seu
928 1461 1006 1494 alias

258 1514 345 1547 iuxta
365 1520 452 1548 tuam
472 1514 678 1558 prudentiam
699 1519 730 1547 et
749 1513 873 1547 arbitrii
894 1514 939 1547 tui
952 1525 1006 1548 vo-

259 1569 415 1601 luntatem
432 1574 495 1601 tam
509 1567 697 1612 praemissa,
711 1578 808 1611 quam
827 1568 922 1601 etiam
933 1569 1006 1602 red-

258 1622 342 1655 ditus
362 1628 393 1655 et
412 1628 588 1665 proventus
607 1621 758 1654 Gamerae
777 1627 906 1655 nostrae
919 1626 1005 1666 Apo-

258 1675 400 1715 stolicae,
425 1685 603 1719 eorumque
625 1674 806 1708 exactiones
834 1675 1005 1719 disponere

258 1735 289 1762 et
306 1729 467 1769 ordinare,
491 1739 528 1761 ac
548 1739 773 1772 quaecumque
793 1734 922 1770 statuta,
946 1740 1001 1762 or-

259 1782 439 1816 dinationes
466 1788 498 1815 et
521 1782 777 1823 constitutiones,
801 1782 887 1816 circa
906 1793 1002 1827 prae-

259 1837 355 1869 missa
376 1842 406 1869 et
426 1836 488 1869 alia
508 1846 744 1880 quaecumque,
767 1842 864 1879 prout
886 1843 917 1869 tu
939 1848 1006 1870 ma-

258 1890 305 1933 gis
325 1890 476 1933 expedire
496 1889 698 1930 iudicaveris,
719 1890 870 1931 condere,
893 1890 1002 1933 publi-

259 1954 333 1976 care
353 1949 383 1976 et
403 1943 566 1976 observari
588 1944 708 1983 facere,
732 1953 792 1976 nec
812 1954 876 1976 non
898 1944 1008 1977 onmia

260 2002 290 2030 et
302 1997 428 2039 singula
442 1997 481 2029 ad
494 2001 625 2037 statum,
642 1997 847 2039 gubernium,
863 1998 1006 2040 regimen

262 2056 290 2083 et
311 2049 624 2083 administrationem
645 2050 782 2083 civitatis
802 2060 833 2083 et
861 2051 1006 2092 ducatus,

260 2115 297 2137 ac
328 2104 531 2146 singulorum
552 2104 762 2148 oppidorum,
786 2111 947 2138 terrarum
980 2112 1010 2139 et

260 2158 421 2198 locorum,
435 2163 531 2201 atque
552 2157 731 2190 custodiam
750 2158 872 2191 arcium
894 2164 925 2191 et
945 2159 1010 2191 for-

263 2211 451 2252 talitiorum,
465 2221 523 2244 nec
544 2221 609 2243 non
630 2211 825 2254 populorum
846 2222 959 2255 pacem
980 2218 1011 2245 et

261 2265 414 2309 quietem,
439 2270 470 2297 et
493 2275 641 2298 annonae
670 2265 901 2298 abundantiam
931 2277 1006 2309 spe-

261 2318 400 2359 ctantia,
424 2329 461 2351 ac
481 2324 545 2351 tam
567 2318 702 2361 gratiam
731 2328 828 2362 quam
856 2318 1008 2351 iustitiam

262 2372 498 2413 concernentia,
522 2372 646 2405 etiamsi
674 2372 749 2405 talia
778 2373 902 2412 forent,
927 2383 1009 2415 quae

262 2426 321 2458 sub
342 2426 484 2468 generali
498 2426 671 2459 verborum
692 2425 927 2468 significatione
944 2436 1009 2459 non

262 2478 424 2520 venirent,
447 2480 503 2512 sed
523 2479 717 2523 specialibus
744 2479 926 2521 indigerent
954 2489 1009 2512 vo-

262 2532 396 2573 cabulis,
420 2543 457 2565 ac
488 2533 619 2576 speciali
648 2539 724 2566 nota
744 2533 860 2575 dignae
889 2537 1006 2572 essent,

263 2586 379 2626 facere,
403 2596 528 2628 gerere,
552 2586 715 2628 ordinare,
739 2591 895 2626 statuere,
919 2596 1010 2618 man-

263 2639 340 2672 dare
360 2644 392 2672 et
411 2639 524 2683 exequi
545 2640 660 2680 facere,
688 2639 821 2683 perinde
843 2639 874 2672 in
903 2639 1009 2672 omni-

884 237 1031 261 CLEMENS
1051 237 1109 261 VIII
1127 238 1176 261 PP.

1671 225 1734 258 4⁹20

1041 285 1099 317 luis
1112 291 1143 318 et
1163 296 1219 329 per
1236 285 1344 317 omnia
1362 284 1474 328 possis,
1491 284 1596 317 valeas
1608 294 1644 316 ac
1654 284 1782 323 debeas,

1040 349 1076 371 ac
1096 349 1154 371 nos
1175 338 1233 382 ipsi
1253 339 1368 379 facere,
1392 348 1515 380 gerere,
1539 337 1701 379 ordinare,
1721 344 1785 371 sta-

1041 398 1140 430 tuere,
1164 393 1319 425 mandare
1342 397 1373 425 et
1400 392 1512 436 exequi
1539 392 1643 425 facere
1675 403 1784 436 posse-

1040 455 1121 484 mus,
1139 445 1372 488 plenissimam,
1389 445 1621 489 amplissimam
1643 450 1674 478 et
1693 445 1785 478 abso-

1040 498 1136 530 lutam
1159 499 1357 539 facultatem,
1382 504 1572 542 potestatem
1594 504 1623 532 et
1644 499 1785 531 auctori-

1041 556 1147 587 tatem,
1161 551 1336 595 apostolica
1350 552 1550 592 auctoritate,
1567 552 1784 595 praesentium

1040 609 1162 643 tenore,
1187 604 1396 637 concedimus
1417 611 1447 637 et
1467 605 1683 648 impartimur.

1084 657 1099 700 g
1123 656 1153 689 02.
1177 657 1214 689 Et
1234 657 1447 690 nihilominus
1475 657 1500 689 si
1533 658 1641 701 aliqua
1669 669 1728 701 per
1756 664 1785 691 te
1814 670 1985 697 spon-ierqumn

1040 710 1120 749 fieri,
1149 711 1243 743 statui
1265 716 1296 743 et
1315 711 1458 744 ordinari
1488 712 1675 754 contigerit,
1703 698 1985 756 quaefi‘iiiiil‘fssiiiiiissiiissl

1041 764 1096 797 11111
1117 765 1175 797 sub
1196 764 1382 797 huiusmodi
1404 765 1546 807 generali
1566 766 1717 799 facultate
1728 767 1786 799 mi·
1801 751 1987 776 commagenum

1040 817 1125 850 nime
1147 818 1400 861 compraehendi
1420 817 1633 859 videbuntur,
1657 829 1695 851 ea
1714 830 1783 859 nos,

1039 877 1135 914 prout
1166 876 1198 903 tu
1229 871 1268 903 ad
1302 882 1360 903 nos
1392 871 1559 911 retuleris,
1595 872 1786 905 nominatim

1040 923 1148 956 omnia
1169 923 1435 957 ronsirnmbimus
1464 929 1495 957 et
1521 925 1783 968 approbabimus.

1084 977 1145 1019 §3-
1166 977 1335 1010 Praeterea
1355 982 1390 1010 ut
1410 977 1442 1010 in
1467 978 1562 1011 huius
1584 978 1628 1011 tui
1651 979 1783 1021 10311111-
1857 989 1986 1010 ramma„

1039 1031 1088 1064 nis
1109 1031 1200 1064 initio
1221 1042 1296 1074 erga
1313 1031 1396 1072 illos,
1413 1032 1514 1076 quise
1532 1032 1563 1065 in
1581 1042 1639 1066 nos
1659 1039 1690 1066 et
1704 1034 1788 1077 Apo-
1802 1018 1889 1063 E‘Zif'ms
1901 1017 1988 1037 “mam

1040 1084 1184 1118 stolicam
1206 1085 1321 1118 Sedem
1343 1086 1474 1119 devotos
1500 1091 1531 1119 et
1557 1086 1669 1120 fideles
1695 1087 1786 1119 exhi-

1039 1138 1190 1178 buerunt,
1214 1143 1323 1171 nostra
1344 1144 1375 1171 et
1395 1138 1539 1172 eiusdem
1554 1139 1644 1173 Sedis
1665 1140 1789 1173 benefi-

1041 1190 1189 1224 cientiam
1212 1190 1313 1230 massis
1334 1192 1515 1232 ostendere,
1540 1198 1635 1235 teque
1663 1198 1789 1235 gratum

1041 1249 1071 1277 et
1090 1244 1295 1283 benevolum,
1320 1250 1354 1276 ut
1381 1244 1491 1284 decet,
1515 1245 1652 1278 reddere
1673 1246 1787 1289 possis,

1040 1297 1222 1330 facultatem
1237 1296 1367 1330 creandi
1383 1297 1510 1341 aliquos
1531 1298 1631 1331 laicos
1648 1299 1787 1339 nobiles,

1040 1362 1142 1396 usque
1157 1352 1196 1384 ad
1210 1361 1383 1384 numerum
1405 1351 1607 1395 quindecim,
1628 1352 1660 1385 in
1680 1353 1791 1396 palatii

1041 1411 1072 1438 et
1091 1406 1184 1438 aulae
1201 1405 1424 1438 Lateranensis
1444 1405 1589 1447 comites,
1603 1411 1634 1439 et
1652 1407 1791 1440 Auratae

1040 1458 1171 1491 Militiae
1191 1458 1327 1501 equites,
1343 1469 1402 1502 per
1421 1458 1500 1491 alias
1520 1464 1647 1492 nostras
1667 1459 1791 1494 litteras

1042 1512 1098 1545 tibi
1130 1522 1332 1552 concessam,
1355 1522 1458 1556 usque
1480 1513 1519 1545 ad
1550 1523 1790 1557 quemcumque

1040 1578 1212 1601 numerum
1235 1567 1292 1601 tibi
1313 1567 1512 1609 benevisum,
1537 1569 1729 1602 auctoritate
1759 1576 1789 1603 et.

1041 1626 1151 1654 tenore
1182 1620 1376 1664 praedictiS,
1412 1621 1614 1655 extendimus
1650 1627 1682 1655 et
1712 1633 1784 1655 am-

1038 1676 1188 1720 pliamus.

1083 1730 1098 1773 ᾗ
1118 1729 1140 1762 4
1171 1729 1240 1763 Non
1261 1729 1463 1762 obstantibus
1483 1729 1648 1773 quibusvis
1667 1730 1785 1763 consti·
1802 1736 1914 1757 0101311114αι
1932 1736 1983 1756 ¹01¹ss

1040 1782 1217 1816 tutionibus
1237 1788 1269 1815 et
1299 1782 1558 1816 ordinationibus
1587 1783 1783 1826 apostolicis,

1040 1837 1240 1880 caeterisque
1261 1836 1433 1870 contrariis
1450 1837 1722 1881 quibuscumque.

1084 1891 1199 1923 Datum
1228 1890 1348 1923 Romae
1376 1890 1462 1934 apud
1487 1890 1517 1924 S.
1542 1891 1696 1931 Petrum,
1730 1891 1789 1923 sub

1042 1944 1162 1976 annulo
1173 1943 1355 1985 Piscatoris,
1368 1944 1419 1977 die
1430 1955 1471 1977 xx
1483 1944 1621 1977 ianuarii
1630 1954 1787 1985 becvul,

1797 235 1844 262 An.
1861 236 1890 262 C.
1913 236 1982 263 1598

1029 1996 1249 2041 ¹pontificatus
1265 1997 1366 2030 nostri
1391 2007 1476 2030 anno
1497 2008 1539 2030 Vl.

1079 2059 1137 2087 Dat.
1154 2060 1196 2087 die
1216 2060 1251 2087 20
1266 2060 1381 2087 ianuarii
1396 2061 1474 2093 1598,
1490 2060 1586 2095 pontifi
1607 2069 1651 2087 an.
1664 2068 1713 2087 vii.

1344 2220 1498 2253 CLXXXI.

1044 2317 1220 2350 [indultum
1237 2317 1396 2360 Philippo
1416 2316 1457 2349 II
1473 2316 1703 2359 Portuyalliac
1721 2318 1792 2360 reyi

1088 2371 1322 2414 subdeleqandi
1339 2371 1480 2403 iudicem
1491 2374 1744 2403 conservatorem
1756 2371 1792 2403 in

1088 2424 1194 2456 causis
1226 2424 1445 2467 spectantibus
1477 2423 1520 2456 ad
1551 2423 1692 2456 militias
1718 2424 1791 2456 Iesu

1091 2477 1224 2517 Christi,
1248 2477 1280 2509 S.
1297 2477 1408 2509 Iacob&
1427 2475 1465 2508 (lc
1489 2476 1615 2520 Spatlza
1633 2481 1662 2509 et
1679 2476 1710 2510 S.
1734 2477 1793 2509 Bc—

1088 2529 1210 2562 vedi'ctt'
1234 2530 1271 2562 de
1284 2530 1364 2563 Avis
1384 2530 1420 2562 in
1444 2530 1793 2574 codemPortu-cyathos!

1088 2584 1213 2627 rcyno‘.

1082 2649 1093 2673 1
1117 2646 1154 2673 Ex
1174 2646 1281 2682 Regest.
1303 2646 1329 2674 in
1345 2646 1446 2674 Secret.
1463 2646 1598 2674 Brevium.
