2253 3195
7 261 42 280 tn.
59 252 87 279 C.
112 251 173 278 ¹601

27 1693 100 1714 Ati-ma
118 1693 181 1714 sacul-

8 1706 42 1741 iite
47 1721 184 1741 subcollecto-

8 1753 35 1768 is
48 1747 169 1774 deputandi.

25 2383 137 2407 Renumto»
152 2392 185 2407 co-

25 2411 76 2433 endi.

809 247 955 272 CLEMENS
976 248 1032 271 vn!
1052 248 1101 270 FP.

191 298 317 332 loannis
327 297 618 342 Hiei'osolvmitani‚
630 308 686 330 uer
706 307 768 330 non
783 296 932 331 fratribus

190 351 454 392 Mendicantihus,
478 363 513 383 ac
535 350 933 384 beneficiisecclesiasticis

191 405 302 438 Officio
331 404 548 448 Inquisitionis
572 405 748 437 haereticae
775 403 933 446 pravitatis

190 459 222 491 in
244 459 328 491 dicto
349 457 492 491 dominio
513 457 658 490 instituto
677 457 785 493 unitis,
804 457 934 489 annexis

190 518 220 546 et
241 511 407 555 applicatis
435 511 528 554 (quos
554 510 673 544 scilicet
699 510 878 543 cardinales
898 521 933 543 ac

192 567 318 599 Fratres
337 565 508 607 Hospitalis
529 564 716 608 supradicti,
734 569 763 597 et
780 563 933 596 beneficia

191 617 388 661 inquisitioni
408 617 585 650 haereticae
605 616 768 660 pravitatis
784 616 882 656 unita7
904 615 935 648 in

193 677 293 705 totum
310 699 317 712 ,
357 672 483 704 Fratres
516 681 590 704 vero
621 670 838 703 Mendieantcs
878 679 935 713 pro

193 725 361 759 medietate
379 726 542 758 dumtaxat
560 724 598 756 ab
619 723 730 758 eodem
749 723 891 756 subsidio
907 728 934 755 et

192 778 276 812 illius
290 778 447 811 solutione
458 778 616 811 immunes
634 788 668 811 ac
682 783 844 822 exemptos
854 787 934 816 esse,

192 831 277 864 iuxta
304 831 536 875 exemptionem
569 831 601 863 in
622 830 784 874 praedicta
806 829 936 873 imposi-

193 886 278 918 tione
298 884 494 917 deeimarum
520 883 623 917 eidem
641 883 783 916 dominio
802 883 936 916 Veneto-

194 1045 380 1079 earumdem
408 1054 636 1089 personarum,
675 1049 710 1076 ut
743 1043 933 1086 praefertur:

194 1104 398 1143 exceptarum
422 1098 562 1140 factam)
599 1097 745 1130 volumus
774 1103 804 1129 et
829 1096 938 1129 decer-

193 1153 427 1195 nimuspetere‚
441 1151 564 1194 exigere
583 1156 614 1183 et
638 1150 800 1193 colligere,
827 1149 937 1192 eisque

194 1210 257 1238 tam
274 1204 307 1236 in
324 1213 440 1248 genere
457 1213 553 1246 quam
570 1203 602 1235 in
621 1203 738 1247 specie,
758 1207 793 1234 ut
817 1202 935 1235 dictum

194 1257 372 1292 subsidium
390 1267 462 1289 cum
487 1255 601 1291 effectu
627 1256 762 1296 solvant⁷
789 1255 848 1288 sub
874 1254 937 1299 pri-

194 1311 327 1346 vationis
335 1310 566 1344 beneficiorum
577 1309 867 1343 ecclesiastieorum
883 1319 939 1352 per

194 1376 248 1399 eos
272 1365 498 1403 obtentorum,
518 1363 651 1407 aliisque
667 1392 674 1404 ‚
702 1362 835 1397 arbitrio
860 1368 934 1405 tuo,

181 1419 397 1462 imponendis
421 1418 544 1462 poenis,
564 1418 659 1451 etiam
678 1417 885 1461 pecuniariis,
902 1428 938 1451 ac

195 1473 324 1506 demum
349 1482 406 1515 per
430 1471 601 1505 sententias
613 1476 643 1503 et
658 1480 809 1504 censuras
833 1472 940 1504 eccle-

196 1525 348 1567 siasticas,
364 1525 459 1558 etiarn
469 1525 595 1568 saepius
608 1524 836 1568 aggravandas,
853 1535 941 1558 man-
956 1545 958 1554 .

196 1579 271 1613 dare
294 1583 323 1612 et
342 1578 515 1623 percipere.

241 1632 304 1675 §ln
333 1633 375 1666 :lc
400 1642 457 1676 pro
482 1631 616 1665 faciliori
631 1631 940 1665 dietisubsidiiexa—

198 1687 315 1726 ctione,
343 1697 443 1719 unum
468 1687 516 1718 vel
540 1686 647 1728 plures
672 1685 938 1725 subcollectores‚

199 1751 271 1773 cum
285 1739 353 1784 pari
367 1740 413 1773 vel
429 1738 567 1772 limitata
584 1738 783 1782 potestatem
796 1749 939 1782 unaqua-

199 1805 261 1838 que
286 1793 422 1834 civitate,
442 1792 560 1826 diocesi
577 1798 608 1826 et
631 1793 701 1826 loco
726 1793 867 1826 eiusdem
886 1792 940 1825 do-

199 1847 305 1880 miniis
314 1846 523 1890 perlocorum
531 1845 716 1879 Ordinarios
731 1845 939 1890 deputandos,

198 1899 394 1944 approbare:
421 1905 452 1932 et
476 1899 500 1932 si
526 1899 581 1943 qui
610 1910 646 1932 ex
670 1899 815 1932 locorum
841 1898 937 1932 Ordi-

198 1954 311 1994 nariis,
337 1954 420 1987 intra
444 1953 583 1996 aliquem
612 1952 739 1987 brevem
767 1952 939 1986 terminum

198 2008 329 2042 arbitrio
344 2013 399 2042 tuo
417 2007 669 2051 praefigendum,
697 2006 783 2040 viros
808 2006 940 2040 idoneos

198 2061 237 2094 ad
264 2061 295 2094 id
321 2061 474 2105 deputare
509 2060 717 2105 neglexerint,
744 2065 791 2099 tu,
813 2060 880 2093 sine
906 2059 940 2091 il-

199 2116 305 2149 lorum
330 2114 426 2148 etiam
452 2122 621 2154 consensu,
641 2114 711 2147 illos
729 2114 860 2147 arbitrio
886 2119 940 2148 tuo

200 2169 299 2203 libere
333 2168 500 2210 deputare,
527 2167 671 2212 aliosque
701 2178 812 2200 eorum
849 2168 938 2207 loco,

200 2222 327 2265 quoties
351 2221 406 2255 tibi
434 2221 599 2265 placuerit,
619 2221 811 2256 substituere
829 2226 859 2254 et
873 2231 942 2254 sur-

201 2286 323 2319 rogare.

245 2330 260 2372 g
284 2329 314 2362 5.
343 2330 385 2362 Ae
408 2328 530 2362 solvere
555 2334 738 2362 recusantes
767 2329 812 2361 vel
846 2328 943 2362 diffe-

201 2388 317 2423 rentes
344 2393 379 2415 ac
403 2382 594 2425 generaliter
619 2391 840 2425 quoscumque
864 2382 961 2416 alios*

201 2436 450 2471 contradictores
474 2442 505 2470 et
529 2437 678 2477 rebelles}
706 2446 741 2468 ac
766 2446 806 2469 ne
835 2434 961 2468 subsi-,

201 2489 289 2522 dium
315 2488 499 2523 huiusmodi
518 2488 705 2532 exigaturct
731 2488 940 2531 persolvatur.

202 2542 505 2586 quomodocumque
523 2541 692 2575 suadentes
705 2541 752 2575 vel
766 2540 944 2584 impedien-

204 2600 249 2628 tes
274 2596 394 2631 directe
418 2596 463 2628 vel
490 2594 657 2636 indirecte,
686 2605 742 2638 per
766 2593 944 2638 praedictas

203 2659 320 2692 poenas
337 2655 368 2683 et
389 2659 539 2683 censuras
553 2648 797 2688 ecclesiasticas,
816 2647 943 2692 aliaque

967 300 1146 339 opportuna
1170 295 1246 328 iuris
1271 300 1301 327 et
1325 295 1397 327 sacti
1424 292 1576 332 remedia,
1595 293 1705 335 appel-

967 349 1085 382 latione
1096 348 1284 393 postposita⁷
1312 357 1527 391 compescere,
1543 345 1708 378 auxilium-

967 414 1030 445 que
1047 401 1168 435 brachii
1182 401 1352 435 saecularis
1365 405 1534 446 propterea
1549 399 1706 438 invocare,

967 461 996 488 et
1008 456 1137 488 demum
1148 455 1180 487 in
1191 455 1356 488 exactione
1370 453 1502 487 subsidii
1512 452 1706 491 huiusmodi,

969 514 1064 551 prout
1078 507 1155 540 alias
1169 508 1199 540 in
1215 508 1379 540 exactione
1390 506 1604 546 decimarum,
1625 505 1710 538 dieto
1732 497 1735 499 ’

969 562 1126 601 dominio,
1149 567 1181 594 ut
1204 562 1394 604 praefertur,
1416 559 1634 603 quinquennio
1649 559 1709 591 iam

969 615 1094 658 elapso,
1125 625 1348 648 concessarum
1373 613 1441 648 fieri
1473 613 1654 653 consuevit,
1682 618 1712 646 et

971 669 1054 701 iuxta
1073 674 1176 701 taxam
1195 668 1227 700 in
1246 668 1371 701 illarum
1384 667 1546 700 exactione
1559 667 1712 699 haetenus

971 723 1132 755 observari
1147 721 1386 761 solitam,salvis
1400 720 1593 764 praemissis,
1606 719 1711 763 quoad

971 777 1192 819 exceptionem
1211 775 1469 819 supradictarum
1480 773 1709 817 Congregatio-

971 840 1048 863 num
1059 835 1087 863 et
1100 829 1233 862 aliarum
1244 838 1466 872 personarum,
1478 833 1513 860 ut
1523 828 1710 871 praefertur,

953 913 955 927 ,
971 889 1175 926 exceptarum
1193 881 1385 926 procedere:
1413 881 1569 914 solventes
1584 891 1656 914 vero
1674 881 1712 913 de

193 949 281 979 rum,
308 937 471 982 praedicto
492 936 713 981 quinquennio
734 937 795 969 iam
816 937 935 980 elapso⁷
953 929 955 986 Ξ

193 1003 249 1036 per
262 1002 320 1025 nos
331 1001 566 1032 concessarum,
579 991 732 1024 hactenus
746 990 784 1022 ad
799 991 936 1022 favorem
953 990 955 1026 ξ

972 936 1083 969 solutis
1108 937 1256 979 quietare
1281 941 1311 968 et
1329 934 1475 975 liberare,
1504 946 1573 967 aea
1595 944 1709 967 censu-

972 990 1016 1023 ris
1041 996 1071 1023 et
1095 989 1216 1033 poenis,
1230 999 1309 1032 quas
1335 989 1417 1022 dicta
1436 988 1475 1022 de
1493 998 1586 1022 causa
1610 988 1714 1021 incur-

972 1042 1087 1083 rerint,
1116 1042 1301 1081 absolvere,
1329 1053 1364 1074 ac
1396 1042 1503 1075 omnia
1534 1046 1565 1074 et
1589 1040 1714 1083 singula

972 1096 1031 1128 alia
1055 1096 1088 1128 in
1113 1095 1294 1139 praemissis
1313 1101 1343 1128 et
1368 1094 1450 1128 circa
1476 1105 1511 1127 ea
1536 1094 1714 1128 necessaria

972 1155 1003 1182 et
1012 1154 1192 1193 opportuna
1207 1149 1322 1188 facere,
1334 1148 1496 1188 mandare,
1507 1153 1537 1181 et
1549 1148 1713 1187 ordinare,

971 1208 1002 1235 et
1020 1202 1133 1245 exequi
1148 1202 1340 1236 auctoritate
1365 1207 1471 1234 nostra
1490 1211 1582 1234 eures
1594 1207 1625 1234 et
1642 1211 1715 1234 cum

972 1256 1086 1290 effectu
1121 1255 1231 1289 l'acias:
1252 1266 1311 1289 nos
1336 1255 1421 1289 enim
1458 1254 1514 1287 tibi
1544 1266 1640 1298 super
1664 1255 1716 1287 liis

972 1311 1122 1344 omnibus
1153 1316 1184 1343 et
1222 1309 1358 1353 singulis
1387 1309 1534 1352 plenam,
1562 1308 1713 1349 liberam,
1739 1322 1742 1323 ⁷

973 1365 1110 1408 amplam
1136 1370 1166 1398 et.
1190 1364 1370 1397 universam
1397 1363 1579 1396 facultatem
1605 1362 1716 1395 tribui-

974 1428 1045 1450 mus
1070 1423 1100 1450 et
1114 1417 1327 1462 impertinmr.

1019 1474 1035 1513 ξ
1061 1471 1093 1504 6.
1111 1471 1149 1503 Et
1166 1470 1298 1504 ulterius
1311 1498 1318 1511 ⁷

974 1576 1153 1610 subsidium
1167 1576 1351 1610 huiusmodi
1366 1576 1525 1619 integrum
1536 1581 1564 1609 et
1579 1576 1716 1609 liberum

974 1631 1012 1663 ab
1041 1630 1126 1663 omni
1164 1635 1191 1662 et
1227 1640 1434 1673 quocumque
1466 1630 1527 1663 alio
1559 1639 1655 1663 onere
1686 1635 1717 1662 et

975 1684 1169 1727 gravamine,
1197 1694 1254 1716 nec
1280 1693 1341 1716 non
1372 1683 1466 1716 etiam
1495 1683 1535 1715 ab
1561 1683 1716 1716 universis

975 1738 1208 1782 provisionibus
1236 1742 1266 1770 et
1289 1737 1434 1780 expensis
1456 1736 1663 1771 collectorum
1687 1743 1717 1770 et,

975 1791 1257 1829 subcollectorum‚
1276 1791 1324 1824 vel
1341 1790 1478 1823 aliorum
1498 1791 1716 1824 ministrorum

975 1845 1005 1877 in
1037 1844 1179 1878 eiusdem
1212 1843 1347 1877 subsidii
1381 1843 1545 1877 exactione
1574 1834 1717 1877 interve—

975 1897 1144 1937 nientium,
1161 1907 1442 1940 quorumcumque
1459 1907 1526 1930 esse
1544 1897 1671 1937 debere,
1688 1903 1718 1930 et

975 1951 1013 1985 ad
1040 1950 1124 1984 illius
1155 1950 1427 1984 contributionem
1452 1960 1718 1993 unumquemque

974 2005 1194 2050 supradictum
1216 2015 1273 2048 pro
1299 2009 1367 2037 rata
1393 2004 1555 2037 fructuum
1579 2009 1609 2036 et
1634 2003 1718 2036 redi-

975 2065 1065 2093 tuum
1083 2068 1227 2095 suorum,
1248 2056 1426 2089 seeundum
1446 2067 1554 2089 verum
1573 2066 1718 2089 annuum

977 2113 1141 2151 valorem;
1175 2121 1233 2145 nee
1268 2120 1333 2144 non
1371 2120 1592 2153 quoscumque
1623 2110 1718 2143 etiam

975 2166 1195 2211 pensionarios
1226 2176 1284 2209 pro
1318 2170 1384 2197 rata
1409 2164 1599 2207 pensionum
1624 2174 1720 2207 super

975 2220 1146 2260 fructibus,
1164 2219 1318 2253 reditibus
1343 2224 1373 2251 et
1399 2217 1621 2251 emolumentis
1641 2229 1720 2261 qua—

977 2284 1190 2317 rumcumque
1208 2272 1421 2306 Ecclesiarum
1440 2276 1469 2303 et
1487 2270 1718 2304 beneficiorum

977 2327 1237 2371 supradictorum
1262 2325 1301 2358 ad
1328 2325 1470 2368 ipsorum
1495 2325 1635 2358 savorem
1664 2335 1716 2358 re—

977 2386 1183 2420 servatamm,
1194 2379 1289 2412 ctiam
1304 2377 1508 2421 quantumvis
1527 2389 1544 2409 a
1564 2377 1720 2411 similibus

977 2433 1139 2474 subsidiis,
1159 2433 1205 2466 vel
1222 2433 1291 2465 aliis
1317 2432 1468 2465 oneribus
1485 2437 1716 2475 exemptarum,

977 2498 1059 2531 quae
1084 2493 1150 2520 rata
1163 2487 1194 2519 in
1212 2485 1369 2520 solutione
1391 2485 1581 2528 pensionum
1596 2484 1719 2517 detrahi

978 2540 1104 2579 debeat,
1124 2545 1155 2573 et
1171 2538 1319 2571 similiter
1344 2537 1566 2571 reservatarios
1590 2547 1719 2571 eorum-

978 2593 1050 2626 dem
1064 2593 1241 2634 fructuum,
1263 2592 1423 2626 redituum
1438 2598 1469 2625 et
1488 2591 1721 2624 emolumento-

978 2658 1048 2681 rum
1069 2657 1360 2690 quorumcumque,
1383 2645 1502 2690 pariter
1515 2655 1572 2690 pro
1591 2644 1719 2679 illorum

1615 233 1677 265 709
1724 241 1773 267 An,
1795 241 1823 267 C.
1842 240 1903 267 tssot

1346 1471 1534 1504 almioritate
1551 1476 1582 1504 et
1607 1476 1715 1504 tenore
1732 1498 1735 1501 .
1753 1469 1827 1516 {¹⁰³3}
1843 1469 1862 1490 ¹¹¹
1878 1468 1916 1510 ¹¹¹¹}

1702 1514 1707 1518 2
1731 1504 1797 1518 losum
1815 1503 1821 1517 Ι
1866 1502 1904 1516 (³13

974 1524 1166 1568 praemissis,
1207 1523 1410 1557 decernimus
1435 1529 1465 1557 et
1490 1523 1712 1564 declaramus,
1731 1525 1800 1572 ffiss‘jffl
1830 1528 1915 1543 ⁵²¹'''²²¹¹·
