2253 3195
46 232 94 260 An.
110 231 139 259 C.
163 231 230 258 1596

77 925 100 945 Si
116 912 142 945 de
157 925 225 950 pretio

42 951 92 978 quid
113 950 226 980 supererit..

12 997 15 1022 !
41 978 167 1026 ffigestiatur
204 980 226 998 ut.

63 2512 136 2533 Castra
147 2518 184 2542 per
194 2512 232 2533 Ca-

153 2544 184 2559 sic
212 2545 233 2560 e-

50 2565 171 2587 mendanon
178 2572 232 2587 com-

51 2591 154 2617 prehendi
196 2599 234 2619 per

54 2617 163 2640 “imum
194 2619 233 2641 ⁸⁰¹³
249 2620 448 2665 acquirenda
464 2649 471 2663 ,
495 2621 527 2655 in
548 2622 774 2656 constitutione
809 2621 909 2656 felicis
929 2633 981 2656 re-

49 2543 127 2560 moram

855 232 1002 257 CLEMENS
1020 233 1076 257 V111
1097 233 1146 257 Pr.

241 289 330 320 num,
353 284 534 323 pactorum,
561 279 795 321 donationum,
825 290 975 319 nexuum,

240 342 387 372 onerum,
409 332 623 373 vinculorum,
643 333 906 377 hypothecarum,
923 333 979 367 ob-

240 384 446 427 ligationum,
463 386 510 419 vel
531 386 782 427 successionum,
800 392 863 419 tam
884 397 919 419 ex
934 392 978 419 te-

239 443 398 472 stamento
419 449 515 482 quam
540 439 579 472 ab
603 439 773 479 intestato,
798 444 974 483 emptores,

239 491 370 526 Camera
389 496 421 525 et
444 502 644 525 successores
663 491 818 535 praedicti
833 518 840 532 ,
871 492 975 524 mole-

239 543 337 585 stari,
371 554 427 578 seu
451 543 622 587 inquietari
642 543 888 587 quomodolibet
906 554 976 587 pos-

239 597 312 638 sint,
336 597 428 630 salvis
457 603 563 630 tamen
582 597 857 641 responsionibus,
881 608 978 631 cano-

239 650 345 691 nibus,
369 650 527 691 censibus,
550 650 675 683 ratione
695 650 808 684 directi
829 650 975 690 dominii,

239 713 296 736 seu
317 702 487 736 cuiuslibet
506 703 637 736 alterius
659 703 903 748 superioritatis,
927 714 980 737 oc-

241 756 368 790 casione
388 756 550 790 dictorum
571 756 755 799 bonorum,
790 757 892 791 eidem
922 757 978 791 Ca-

240 820 349 843 merae
369 809 495 844 debitis.

285 864 302 905 ἓ
335 862 388 896 13.
424 863 590 897 Caeterum
621 863 768 897 volumus
783 891 790 904 ,
824 869 855 897 et
875 863 978 897 eidem

240 916 481 959 congregationi
494 916 615 960 pariter
629 916 834 958 mandamus,
850 922 886 950 ut
897 917 922 950 si
943 928 980 951 ex

239 970 344 1014 pretio
365 970 524 1003 bonorum
545 970 655 1012 vigore
668 970 887 1014 praesentium
905 981 980 1004 ven-

241 1023 436 1063 dendorum,
459 1023 592 1067 aliquid,
608 1023 720 1056 solutis
740 1023 865 1064 debitis,
886 1034 980 1067 supe-

241 1076 328 1117 rerit,
340 1076 372 1109 id
386 1076 473 1119 quod
486 1075 689 1120 superfuerit,
705 1076 731 1109 si
747 1076 833 1109 bona
852 1076 979 1109 vendita

239 1129 335 1163 alicui
357 1128 618 1170 fideicommisso‚
632 1129 913 1173 prohibitioni,vel
935 1130 980 1163 al-

241 1182 300 1216 teri
320 1182 513 1226 cuicumque
539 1182 653 1223 oneri,
681 1193 737 1216 seu
756 1182 885 1216 vinculo
905 1183 979 1216 sub-

239 1235 321 1269 iecta
338 1246 406 1269 esse
422 1235 600 1269 constiterit
613 1262 621 1276 ,
641 1235 674 1269 in
706 1235 844 1269 aliorum
871 1236 975 1269 bono-

240 1299 312 1322 rum
332 1288 508 1330 stabilium,
523 1289 573 1322 vel
585 1289 732 1337 locorum
746 1289 901 1322 Montium
913 1299 978 1323 non

239 1342 429 1375 vacabilium
445 1369 452 1382 ,
484 1353 567 1386 quae
587 1342 692 1376 eidem
712 1341 975 1384 fideicommisso,

240 1395 470 1439 prohibitioni,
498 1396 589 1429 oneri
620 1402 651 1429 et
670 1396 799 1430 vinculo
819 1396 851 1429 in
871 1397 978 1430 locum

240 1449 400 1482 bonorum
414 1450 618 1483 venditorum
631 1450 765 1483 omnino
778 1449 975 1491 subiaceant,

240 1502 382 1535 converti
402 1509 515 1536 curent
532 1508 563 1536 et
575 1503 702 1544 faciant,
719 1514 896 1548 eorumque
914 1504 976 1537 fru-

241 1560 309 1588 ctus
335 1555 469 1598 singulis
499 1556 590 1590 annis
610 1556 642 1589 in
663 1556 800 1590 aliorum
826 1556 978 1590 similium

241 1609 414 1650 bonorum,
437 1609 485 1642 vel
505 1609 650 1643 locorum
668 1610 822 1643 Montium
841 1610 979 1654 emptio-

241 1672 315 1696 nem
336 1662 476 1696 investiri
497 1662 615 1696 debere
646 1663 826 1704 declarent,
854 1669 885 1696 et
906 1674 978 1696 cum

241 1714 355 1748 effectu
381 1715 523 1748 investiri
544 1716 662 1749 saciant
676 1743 683 1757 ,
711 1717 814 1749 donec
834 1717 873 1749 ad
894 1717 980 1749 valo-

242 1779 309 1802 rem
338 1774 369 1802 et
391 1779 550 1802 summam
583 1769 745 1803 bonorum
776 1769 979 1803 venditorum

242 1822 463 1863 ascenderint,
493 1833 575 1866 quae
606 1823 727 1867 pariter
751 1823 860 1856 omnia
890 1824 981 1857 fidei-

242 1875 425 1917 commisso‚
448 1876 670 1920 prohibitioni,
686 1876 775 1910 oneri
798 1887 834 1910 ac
855 1876 980 1911 vinculo

242 1928 452 1970 huiusmodi,
480 1929 512 1962 in
540 1929 691 1963 omnibus
721 1936 752 1963 et
775 1941 833 1974 per
857 1930 977 1972 omnia,

242 1988 339 2026 prout
348 1982 432 2016 bona
439 1982 567 2016 vendita
577 1983 762 2017 huiusmodi
774 1989 867 2017 antea
876 1990 977 2025 erant,

243 2035 387 2068 subiecta
418 2035 562 2069 existant.
595 2036 625 2069 Si
650 2046 725 2069 vero
751 2037 837 2070 bona
868 2038 980 2070 eadem

243 2088 371 2122 vendita
390 2089 469 2122 nulli
482 2089 744 2131 fideicommisso,
756 2090 978 2134 prohibitioni,

243 2153 298 2175 seu
330 2141 421 2175 oneri
450 2148 481 2175 et
506 2142 633 2175 vinculo
665 2142 803 2176 obnoxia
832 2143 950 2176 fuerint
970 2171 978 2183 ,

243 2195 451 2238 congregatio
474 2195 542 2239 ipsa
562 2200 697 2239 partem,
719 2206 801 2240 quae
825 2197 983 2240 supererit

243 2259 280 2282 ex
304 2249 409 2293 pretio
440 2249 637 2290 huiusmodi,
658 2249 769 2282 solutis
790 2250 925 2290 debitis,
949 2256 983 2283 ut

243 2302 444 2346 praefertur,
477 2302 552 2346 ipsis
582 2302 799 2346 principibus,
833 2303 979 2343 ducibus,

244 2355 496 2397 marchionibus,
524 2356 700 2389 baronibus
729 2356 979 2397 et.d0micellis,

245 2407 323 2441 solvi
345 2413 376 2441 et
394 2408 577 2452 consignari
597 2409 699 2442 saciat.
744 2439 745 2443 ,

291 2461 308 2503 S
337 2460 388 2493 14.
417 2461 563 2495 Civitates
580 2472 667 2503 vero,
696 2468 806 2502 terras,
831 2467 934 2495 castra
954 2468 985 2496 et

247 2514 318 2547 loca
345 2514 611 2549 iurisdictionalia
630 2526 688 2560 per
708 2515 872 2550 Cameram
894 2516 981 2560 Apo-

247 2567 391 2601 stolicam
412 2567 445 2601 in
465 2568 527 2602 vim
559 2569 777 2613 praesentium
795 2569 931 2603 emenda
955 2575 986 2602 et

1659 222 1722 254 ⁹275
1769 232 1816 257 Λιι,
1840 232 1867 257 C.
1886 232 1953 258 15196

1015 280 1209 314 cordationis
1241 280 1286 314 Pii
1311 280 1415 324 Papae
1436 280 1470 317 V,
1495 279 1752 323 praedecessoris
1769 292 1823 312 nutu
1841 293 1870 312 v„
1891 293 1905 312 v
1925 294 1950 312 a„

1014 333 1134 373 nostri,
1159 334 1198 366 de
1223 332 1425 373 civitatibus,
1460 332 1563 372 torris,
1592 332 1702 365 castris
1723 337 1750 364 et
1768 320 1951 365 {312⁰1..1¹,',¹.i‘.'¹'‘¹‘¹'¹'

1014 385 1092 419 locis
1112 386 1246 419 Sanctae
1266 386 1429 419 Romanae
1449 385 1607 419 Ecclesiae
1626 395 1690 417 non
1704 385 1752 416 in-

1014 437 1192 478 feudandis,
1217 448 1274 481 per
1292 438 1479 477 triennium,
1504 449 1521 471 a
1552 438 1603 471 die
1626 437 1751 470 illarum

1013 491 1233 523 venditionum
1242 492 1508 535 computandum,
1522 491 1654 524 minime
1666 501 1754 524 com-

1014 544 1191 588 praehendi
1211 545 1330 578 debere
1350 545 1561 579 declaramus.

1059 599 1075 640 S
1097 598 1148 632 15.
1170 599 1383 632 Decernentes
1404 599 1449 633 sic
1469 605 1496 632 et
1520 610 1583 633 non
1605 600 1698 633 aliter
1722 600 1752 633 in
1796 610 1892 630 cimam·
1906 610 1952 629 atil»-

1014 651 1197 695 praemissis
1217 652 1368 685 omnibus
1384 658 1415 685 et
1438 652 1571 695 singulis
1589 664 1645 697 per
1659 663 1754 696 quos·
1769 638 1818 658 '³¹³‘

1014 714 1153 748 cumque
1174 703 1296 737 iudices
1319 704 1500 738 ordinarios
1520 710 1549 738 ct
1570 705 1750 747 delegatos,

1014 756 1110 790 etiam
1137 767 1307 790 causarum
1339 757 1448 801 palatii
1475 757 1641 801 apostolici
1664 757 1754 790 audi-

1014 816 1109 851 tores,
1126 816 1156 843 et
1168 810 1319 844 Gamerae
1333 810 1517 854 praedictae
1535 811 1755 854 praesidentes

1015 863 1148 897 clericos
1177 869 1209 897 et
1238 864 1372 897 Sanctae
1400 864 1564 897 Romanae
1594 864 1754 897 Ecclesiae

1015 917 1219 957 camerarios,
1243 927 1369 950 necnon
1381 916 1523 950 eiusdem
1545 917 1755 950 SanctaeRo-

1015 980 1128 1003 manae
1148 970 1307 1003 Ecclesiae
1328 969 1518 1009 cardinales,
1542 970 1638 1002 etiam
1658 969 1697 1002 de
1711 969 1756 1002 la·

1015 1023 1082 1056 tere
1103 1024 1235 1065 legatos,
1255 1023 1381 1056 sublata
1405 1023 1450 1056 eis
1470 1029 1501 1056 et
1523 1033 1635 1056 eorum
1656 1022 1751 1056 cuili-

1014 1076 1066 1111 bet
1087 1076 1197 1120 quavis
1228 1076 1320 1108 aliter
1355 1075 1518 1109 iudicandi
1539 1081 1570 1109 et
1599 1076 1756 1119 interpre-

1015 1128 1102 1161 tandi
1123 1128 1272 1162 facultate
1289 1134 1320 1162 et
1343 1128 1547 1169 auctoritate,
1572 1129 1706 1162 iudicari
1726 1135 1757 1162 et

1015 1181 1141 1215 definiri
1160 1182 1289 1223 debere,
1311 1193 1347 1215 ac
1367 1182 1493 1215 irritum
1508 1188 1538 1215 et
1556 1182 1651 1216 inane
1665 1182 1754 1226 quic-

1014 1235 1092 1279 quid
1112 1246 1202 1268 secus
1223 1246 1320 1279 super
1340 1235 1389 1269 his
1410 1246 1428 1268 a
1448 1246 1623 1279 quoquam,
1645 1236 1756 1279 quavis

1014 1288 1214 1330 auctoritate,
1238 1289 1376 1322 scienter
1389 1289 1437 1322 vel
1456 1288 1654 1331 ignoranter,
1679 1300 1755 1322 con-

1014 1342 1121 1386 tigerit
1141 1342 1300 1376 attentari.

1059 1398 1076 1439 ξ
1101 1396 1153 1429 16.
1181 1396 1250 1430 Νοῐ]
1273 1396 1475 1430 obstantibus
1495 1396 1754 1440 quibuscumque

1015 1449 1298 1483 constitutionibus
1325 1456 1356 1483 et
1382 1449 1643 1483 ordinationibns
1668 1444 1752 1493 apo-

1014 1503 1146 1544 stolicis,
1174 1514 1211 1537 ac
1231 1503 1356 1546 legibus
1378 1503 1626 1547 municipalibus
1646 1503 1752 1543 Urbis,

1014 1567 1140 1590 necnon
1163 1556 1339 1597 civitatum,
1365 1562 1536 1597 terrarum,
1561 1562 1752 1597 castrorum,

1015 1615 1045 1642 et
1063 1610 1211 1643 locorum
1240 1609 1520 1654 supradictorum,
1545 1610 1641 1643 etiam
1664 1610 1752 1643 iura-

1015 1668 1135 1703 mento,
1156 1663 1404 1696 confirmatione
1418 1662 1605 1706 apostolica,
1618 1663 1666 1696 vel
1678 1675 1757 1707 qua·
1771 1707 1773 1709 ι

1014 1716 1060 1749 vis
1071 1716 1133 1749 alia
1149 1716 1301 1750 firmitate
1314 1716 1485 1756 roboratis,
1499 1716 1623 1750 statutis
1641 1723 1671 1749 et
1682 1727 1757 1749 eon-

1015 1769 1250 1810 suetudinibus,
1267 1769 1441 1813 privilegiis
1459 1779 1599 1813 quoque,
1624 1770 1758 1803 indultis

1016 1828 1047 1856 et
1057 1822 1171 1856 litteris
1180 1822 1376 1866 apostolicis,
1392 1833 1428 1856 ac
1438 1822 1645 1863 investituris,
1659 1823 1756 1856 etiam

1016 1876 1047 1908 in
1070 1877 1366 1910 remunerationem
1383 1904 1390 1917 ,
1423 1883 1478 1909 aut
1506 1887 1543 1910 ex
1561 1877 1672 1920 quavis
1695 1877 1757 1910 alia

1016 1940 1111 1963 causa
1130 1941 1277 1972 onerosa,
1299 1936 1354 1964 aut
1367 1941 1404 1963 ex
1417 1935 1596 1969 contractu,
1621 1930 1757 1964 erectio-

1016 1983 1110 2017 nibus
1128 1984 1331 2027 dignitatum,
1355 1983 1490 2027 aliisque
1503 1984 1666 2027 quibusvis
1679 1994 1756 2017 con-

1017 2037 1236 2077 cessionibus,
1258 2037 1350 2070 dictis
1370 2036 1580 2081 principibus,
1608 2037 1754 2078 ducibus,

1017 2090 1279 2131 marchionibus,
1308 2090 1500 2131 comitibus,
1531 2090 1707 2123 baronibus
1727 2095 1758 2124 et

1017 2143 1207 2184 domicellis,
1232 2143 1291 2177 sub
1306 2143 1564 2187 quibuscumque
1584 2144 1755 2176 verborum

1017 2196 1127 2229 formis
1147 2202 1178 2230 et
1199 2197 1364 2230 tenoribus
1378 2224 1385 2237 ,
1416 2207 1452 2230 ac
1473 2207 1545 2229 eum
1567 2196 1732 2240 quibusvis
1747 2225 1754 2237 ,

1018 2249 1113 2283 etiam
1135 2250 1412 2292 derogatoriarum
1434 2249 1656 2292 derogatoriis,
1673 2249 1758 2282 aliis-

1018 2313 1080 2346 que
1101 2302 1333 2336 efficacioribus
1353 2309 1384 2336 et
1403 2303 1538 2336 insolitis
1559 2302 1708 2335 clausulis
1728 2309 1760 2336 et

1019 2355 1220 2389 irritantibus
1233 2367 1270 2389 ac
1281 2355 1351 2389 aliis=
1365 2355 1501 2388 decretis
1513 2355 1544 2388 in
1559 2355 1758 2389 eontrarium

1019 2408 1268 2452 praemissorum
1302 2408 1547 2452 quomodolibet
1575 2409 1755 2449 concessis,
1785 2426 1788 2429 ·

1019 2461 1228 2502 confirmatis,
1253 2461 1436 2505 approbatis
1457 2467 1487 2494 et
1508 2461 1676 2503 innovatis,
1700 2473 1760 2496 nee

1019 2526 1083 2549 non
1102 2515 1369 2555 fideicommissis,
1385 2525 1422 2548 ac
1443 2515 1564 2548 ultimis
1583 2515 1756 2549 voluntati-

1020 2568 1090 2607 bus,
1113 2568 1353 2608 donationibus,
1375 2568 1475 2612 pactis
1488 2568 1756 2612 quibuscumque,

1020 2620 1155 2666 aliisque
1177 2621 1372 2666 praemissis.
1406 2621 1527 2662 Quibus
1559 2622 1709 2656 omnibus
1729 2628 1760 2656 et

1783 1406 1894 1427 Clausulae
1905 1411 1953 1426 con-

1770 1433 1882 1454 trariorum
1893 1432 1953 1453 dero-

1771 1462 1873 1485 galeriae.
