2253 3195
214 229 284 257 ,Am
306 229 334 258 c.
353 229 422 257 1596
466 219 531 254 254

261 288 308 313 lpse
327 287 420 308 clemens
434 284 507 322 post
526 278 586 311 hac
609 282 765 322 perpetuo
787 280 993 309 conservetur
1006 301 1014 314 ‚
1042 284 1102 307 nos
1123 283 1178 307 eas

235 314 421 388 ᾖῗῑῗὲεὲἕίἕῗῖξῖ
435 337 537 364 vestes
557 341 637 364 auro
654 335 683 364 et
700 329 803 364 serico
823 327 965 361 coerulei
985 327 1103 360 coloris
1123 326 1174 359 in-

244 374 274 386 0.
413 379 420 382 .

237 395 342 419 cautoque
358 394 420 414 inter·
435 389 587 418 tertextas
607 389 638 416 et
665 381 882 415 eminentibus
911 380 987 414 hinc
1007 380 1083 413 inde
1102 379 1178 413 liliis

236 422 304 440 textas
323 420 342 440 ei
364 420 420 441 dono

263 1238 382 1260 clamatae.

251 1766 365 1793 verozano
375 1772 423 1788 con-

236 1794 357 1815 uariorum.

278 2243 422 2268 [ramumpto-

242 2275 285 2289 mm
301 2269 357 2289 fidu.

261 2602 371 2621 Ctuuutn
379 2606 428 2627 poo-

244 2630 308 2648 nllus,

436 447 515 470 auro
526 435 674 469 similiter
688 434 808 467 intorto
821 444 878 467 seu
888 433 980 473 rici0‚
1001 438 1037 466 ut
1050 438 1174 473 vocant,

435 495 573 529 ornatas,
607 487 724 522 confici
743 487 906 526 iussimus,
940 486 1076 530 illasque
1104 497 1176 519 cum

433 541 597 575 nonnullis
608 540 717 574 altaris
730 539 940 580 ornamentis,
963 549 1090 573 necnon
1103 549 1176 572 cum

434 595 515 629 stola
536 600 603 627 tum
625 585 751 627 minore
771 599 839 626 tum
860 592 995 633 maiore,
1019 602 1099 636 quas
1115 592 1178 626 Pe·

437 648 590 681 trochilos
607 653 638 680 et
652 646 1039 691 Omophorz'aappellatis,
1055 656 1092 679 ae
1103 656 1175 678 cum

434 702 504 735 aliis
523 701 665 734 vestibus
685 700 903 740 inferioribus,
921 699 1038 744 quihus
1057 710 1118 743 pro
1133 699 1178 732 al-

433 755 482 789 bis
510 754 660 794 utimini,
692 765 728 787 ex
757 754 858 788 serico
890 753 1030 787 coerulei
1059 753 1177 786 coloris

434 808 601 847 confectis,
624 808 824 851 floribusque
844 807 950 842 aureis
967 812 999 840 et
1017 806 1178 849 argenteis

435 861 606 901 decoratis,
629 861 726 894 simili
745 866 835 894 motu
856 865 887 894 et
906 860 1108 900 auctoritate,
1134 859 1178 893 ei-

435 916 506 949 dem
529 914 719 948 fraternitati
739 920 810 947 tuae
835 924 872 946 ac
896 913 958 947 tuis
978 912 1174 946 successori-

434 968 494 1002 bus
511 967 674 1012 praefatis,
689 967 828 1010 gratiose
846 966 1036 1000 donavimus
1052 972 1083 999 et
1096 967 1178 999 elar-

435 1021 493 1064 giti
506 1031 628 1060 sumuS‚
645 1026 742 1064 prout
757 1020 875 1059 denuo,
899 1019 1088 1053 auctoritate
1102 1029 1179 1063 apo-

435 1074 549 1108 stolica
578 1080 691 1107 tenore
709 1073 941 1118 praesentium,
966 1073 1126 1106 donamus
1147 1079 1178 1106 et

436 1127 622 1169 elargimur.

481 1182 498 1223 5
518 1180 548 1213 4.
572 1181 786 1214 Deeernentes
806 1179 852 1214 sic
872 1186 903 1214 et
922 1190 987 1214 non
1012 1180 1105 1213 aliter
1121 1190 1179 1224 per

436 1241 659 1275 quoscumque
697 1230 818 1264 iudices
851 1235 882 1264 et
912 1230 1175 1271 commissarios,

436 1294 642 1329 quacumque
667 1284 858 1318 auctoritate
875 1290 907 1317 et
927 1283 1080 1327 dignitate
1100 1283 1176 1317 fun-

436 1344 557 1381 gentes,
573 1338 700 1371 suhlata
719 1337 764 1370 eis
777 1343 808 1371 et
827 1347 940 1371 eorum
955 1337 1086 1370 cuilibet
1099 1347 1179 1380 qua-

435 1391 481 1425 vis
500 1391 593 1424 aliter
622 1391 785 1424 iudicandi
811 1396 842 1424 et
865 1391 1098 1434 interpretandi
1128 1392 1176 1423 l'a-

436 1444 555 1477 cultate
576 1449 606 1477 et
626 1443 827 1483 auctoritate,
851 1443 986 1477 iudicari
1004 1449 1035 1477 et
1052 1443 1178 1477 definiri

436 1497 566 1536 debere,
590 1497 715 1530 irritum
730 1507 859 1541 quoque
873 1502 903 1530 et
921 1496 1027 1537 inane,
1043 1497 1068 1530 si
1088 1507 1180 1530 secus

436 1561 534 1595 super
558 1550 606 1584 his
620 1561 637 1583 a
654 1560 830 1594 quoquam,
848 1550 959 1593 quavis
976 1550 1176 1590 auctoritate,

436 1603 575 1637 scienter
595 1603 643 1636 vel
664 1603 864 1645 ignoranter,
887 1603 1059 1645 contigerit
1077 1609 1179 1636 atten-

440 1657 510 1690 tari.

482 1712 499 1753 ξ
520 1710 550 1743 5.
575 1710 644 1743 Non
657 1709 860 1743 obstantibus
878 1710 1043 1753 quibusvis
1062 1711 1180 1744 consti-

439 1762 617 1797 tutionibus
638 1768 669 1796 et
697 1762 956 1796 ordinationibus
980 1763 1176 1806 apostolicis,

437 1824 474 1848 ac
495 1814 525 1846 in
551 1813 803 1857 provincialibus
823 1819 852 1846 et
873 1814 1081 1858 synodalibus
1104 1825 1180 1847 con-

437 1867 519 1900 ciliis
543 1866 637 1900 editis
662 1866 868 1907 generalibus
893 1867 939 1900 vel
967 1867 1176 1910 specialibus,

437 1919 646 1953 ecclesiarum
668 1918 940 1952 Wlodimiriensis
954 1925 984 1952 et
1005 1920 1179 1954 Brestensis

437 1973 652 2017 praesetarum
673 1971 799 2005 statutis
819 1978 849 2005 et
877 1973 1176 2012 consuetudinibus,

438 2026 549 2070 quavis
573 2025 668 2058 etiam
699 2025 875 2068 apostolica
906 2026 1096 2059 auctoritate
1121 2037 1176 2060 ro-

438 2079 579 2118 boratis,
613 2077 811 2122 caeterisque
836 2078 1006 2111 contrariis
1041 2079 1176 2122 quibus-

439 2142 588 2176 cumque.

483 2188 499 2228 ς
520 2187 550 2219 6.
583 2186 737 2219 Volumus
757 2191 876 2225 autem,
904 2191 939 2218 ut
963 2185 1178 2230 praesentium

439 2240 603 2284 exemplis,
627 2239 722 2272 etiam
745 2239 1046 2283 impressi-samarii
1061 2239 1179 2283 publici

440 2304 536 2326 manu
554 2292 753 2336 subscriptis,
789 2298 819 2325 et
840 2292 945 2333 sigillo
967 2303 1123 2336 personae
1150 2293 1179 2326 in

440 2346 593 2387 (lignitate
625 2345 840 2379 ecclesiastica
872 2345 1063 2378 constitutae
1094 2346 1180 2379 obsi-

440 2398 553 2439 gnatis,
582 2399 693 2431 eadem
716 2409 829 2442 prosus
856 2399 935 2431 tides
954 2398 984 2431 in
1012 2398 1130 2432 iudicio
1151 2405 1181 2431 et

440 2456 524 2482 extra
560 2451 638 2483 illud
670 2451 789 2494 ubique
822 2451 966 2485 locorum
996 2451 1153 2485 habeatur
1171 2478 1178 2491 ,

442 2514 523 2547 quae
545 2503 718 2536 ltalwrutm·
746 2504 866 2537 eisdem
888 2504 1127 2548 praesentibus,
1156 2504 1181 2537 si

443 2562 547 2589 essent
567 2557 725 2590 exhibitae
743 2558 790 2589 vel
809 2563 967 2590 ostensae.

489 2611 505 2652 ς
527 2609 556 2642 7.
572 2610 655 2643 Nulli
672 2620 761 2652 ergo,
777 2615 832 2643 etc.
849 2611 880 2644 Si
898 2611 970 2654 quis
988 2616 1108 2651 autem,
1124 2614 1180 2643 etc.
1217 2618 1242 2644 in
1259 2618 1316 2645 loco
1329 2617 1373 2644 cii.
1392 2617 1417 2644 in
1433 2616 1550 2644 rubi-ica.

1017 225 1200 251 BULLARIUM
1219 224 1374 250 ROMANUM

1196 2173 1199 2179 .
1217 2141 1384 2164 manorum
1396 2130 1586 2164 Pontificum
1602 2130 1885 2174 praedecessorum
1899 2140 1956 2164 no-

1687 251 1690 253 s
1968 221 2017 250 An.
2038 222 2152 252 &1590
2178 231 2182 233 ’
2230 222 2232 249 ἶ

1255 273 1370 306 Datum
1391 272 1513 306 Romae
1543 272 1629 316 apud
1654 271 1684 306 S.
1707 271 1849 312 Petrum,
1868 281 1953 306 anno
2178 268 2184 272 ⁷
2208 262 2232 271 Η

1212 325 1445 359 lncarnationis
1468 324 1654 359 Dominicae
1683 334 1803 359 unxcvl
1817 352 1825 366 ,
1847 335 1879 360 ιν
1899 323 1954 358 ka-

1212 379 1324 413 lendas
1337 378 1456 419 martii,
1472 377 1680 422 pontssficatus
1696 378 1798 411 nostri
1815 388 1900 413 anno
1918 389 1948 412 v.

1247 440 1306 467 Dat.
1327 439 1371 467 die
1385 439 1420 467 26
1436 439 1567 466 februarii
1582 438 1661 474 1596,
1677 438 1771 475 pontif.
1787 447 1831 466 an.
1847 446 1873 468 V.

1512 600 1652 635 CXXVII.

1211 698 1391 733 Moderatio
1407 697 1516 731 bullae
1538 697 1628 732 sixti
1650 697 1677 730 V
1693 701 1807 730 contra
1824 697 1954 732 clericos

1255 761 1341 794 male
1359 764 1520 804 promotos
1539 764 1568 794 et
1587 770 1637 793 eos
1651 764 1872 804 promoventes
1887 760 1954 794 edi-

1257 828 1317 864 tae,
1331 834 1405 857 cum
1422 824 1684 867 praeservatione
1699 833 1880 867 poenarum
1892 823 1954 856 ibi-

1256 887 1329 919 dem
1347 885 1525 919 simoniace
1543 885 1705 919 ordinatis
1721 889 1751 918 et
1770 884 1955 925 ordinanti-

1258 948 1315 981 bus
1338 948 1399 990 insl
1405 948 1544 981 ictorum
1567 947 1587 980 ¹.

1240 1040 1372 1067 Clemens
1388 1039 1560 1073 episcopus,
1584 1045 1690 1065 servus
1706 1044 1861 1065 servorum
1874 1037 1936 1070 Del.

1340 1093 1376 1120 ad
1391 1094 1569 1126 perpetuam
1583 1090 1628 1119 rei
1643 1091 1826 1118 memoriam.

1257 1173 1437 1206 Romanum
1458 1170 1649 1204 Pontificem
1669 1170 1782 1211 decet,
1805 1180 1844 1204 ea
1871 1180 1960 1215 quae
1995 1184 2115 1207 uxot-aim.

1213 1226 1255 1260 oh
1276 1225 1375 1259 iustas
1392 1235 1503 1258 causas
1523 1224 1685 1257 interdum
1709 1228 1829 1258 statuta
1856 1229 1952 1265 sunt,

1214 1288 1286 1312 cum
1308 1278 1376 1322 ipsa
1401 1287 1508 1310 rerum
1530 1276 1727 1320 experientia
1746 1277 1869 1317 suadet,
1884 1286 1954 1310 mo-

1215 1332 1321 1366 derari
1342 1337 1373 1364 et
1394 1331 1576 1370 immutare,
1596 1329 1738 1374 proutin
1754 1329 1891 1364 Domino
1904 1340 1955 1364 sa-

1215 1385 1349 1418 lubriter
1366 1383 1522 1427 conspicit
1541 1382 1700 1426 expedire.

1258 1438 1273 1480 g
1293 1437 1323 1470 1.
1347 1436 1433 1470 Alias
1460 1446 1536 1469 sane
1556 1441 1748 1469 emanarunt
1766 1435 1892 1469 litterae
1911 1435 1956 1470 se-

1214 1491 1283 1525 licis
1306 1489 1541 1524 recordationis
1561 1489 1638 1523 Sixti
1659 1489 1717 1523 PP.
1742 1488 1784 1530 V,
1812 1490 1954 1534 praede-

1214 1545 1349 1578 cessoris
1366 1543 1478 1584 nostri,
1499 1548 1612 1577 contra
1631 1542 1765 1577 clericos
1785 1543 1868 1577 male
1880 1553 1956 1588 pro-

1216 1604 1330 1638 motos,
1354 1607 1391 1631 ac
1410 1598 1442 1630 in
1463 1596 1632 1641 episcopos
1651 1596 1684 1629 in
1708 1596 1860 1630 ordinum
1891 1597 1957 1631 col-

1215 1652 1333 1685 latione
1350 1656 1519 1695 peccantes
1539 1649 1660 1683 tenoris
1676 1649 1880 1694 infrascripti,
1906 1650 1954 1684 vi-

1215 1705 1351 1738 delieet:
1379 1704 1485 1737 Sixtus
1511 1702 1698 1747 episcopus,
1721 1713 1832 1736 servus
1851 1713 1957 1738 servo-

1215 1768 1285 1792 rum
1306 1758 1373 1797 Dei,
1387 1757 1428 1791 ad
1445 1763 1648 1802 perpetuam,
1665 1760 1737 1797 ecc„
1761 1756 1912 1791 Sanctum
1927 1762 1958 1792 et

1213 1812 1353 1846 salutare
1372 1815 1394 1844 ³.

1259 1867 1275 1908 ς
1293 1865 1324 1898 2.
1347 1865 1411 1898 Nos
1430 1864 1721 1898 animadvertentes
1740 1864 1772 1898 in
1793 1864 1885 1898 dietis
1904 1865 1956 1899 lit·
1997 1872 2162 1911 nocer-uocis

1216 1918 1290 1952 teris
1310 1917 1388 1950 nibil
1411 1918 1487 1956 sere,
1515 1927 1579 1961 quo
1599 1917 1640 1950 ad
1666 1927 1721 1954 ea.
1745 1927 1828 1960 quae
1853 1917 1884 1950 in
1905 1927 1957 1951 or·
1970 1900 2162 1948 iii'sii'fl'ir'aeiiss
2212 1914 2213 1920 ’

1948 1970 1954 1979 ,
1971 1957 2013 1979 quo
2021 1951 2154 1974 reducito-d
2171 1955 2173 1958 “
2213 1956 2215 1959 ’

1215 1971 1325 2005 ‹linum
1347 1970 1519 2003 collatione
1538 1970 1693 2003 servanda
1713 1976 1805 2010 sunt,
1829 1969 1956 2014 disponi
1971 1978 2155 2030 {Efflfi'ss-,Q'ussssffi

1216 2025 1297 2058 ultra
1319 2025 1360 2063 id,
1385 2024 1470 2067 quod
1492 2023 1524 2057 in
1544 2023 1642 2057 sacris
1662 2023 1850 2064 canonibus,
1873 2029 1905 2058 et
1924 2024 1956 2058 in
1970 2031 2155 2080 ggggoffldghu
2207 2041 2211 2069 3

1214 2077 1531 2112 ConciliiTridentini
1545 2077 1692 2117 decretiS,
1702 2087 1739 2111 ac
1747 2077 1884 2110 aliorum
1895 2077 1956 2112 Ro·
2029 2073 2034 2079 ”
2136 2072 2142 2079 “

1997 1448 2051 1470 Sixti
2067 1447 2083 1468 v
2097 1447 2155 1472 butt·

1971 1477 2004 1497 ost
2017 1475 2053 1497 hic
2066 1475 2140 1497 eitun.

1215 2191 1354 2218 strorum
1374 2183 1657 2217 constitutionibus
1676 2183 1865 2228 dispositum
1885 2183 1952 2225 suit,

1215 2238 1269 2271 sed
1296 2248 1415 2281 poenas
1435 2237 1600 2270 dumtaxat
1619 2236 1731 2277 varias,
1756 2241 1818 2269 tam
1839 2246 1953 2270 saecu-

1217 2291 1309 2331 lares,
1331 2301 1427 2334 quam
1449 2289 1588 2323 cuiusvis
1607 2288 1746 2328 Ordinis,
1770 2288 1906 2322 instituti
1926 2295 1958 2324 et

1217 2343 1349 2377 militiae
1370 2342 1534 2385 regulares
1554 2341 1636 2375 male
1657 2347 1823 2385 promotos
1840 2341 1956 2375 consti-

1217 2397 1272 2437 tui,
1295 2396 1597 2440 absolutionemque
1626 2401 1654 2429 et
1685 2395 1955 2439 dispensationem

1250 2486 1261 2511 1
1282 2484 1352 2511 llaec
1366 2483 1534 2517 constitutio,
1550 2491 1619 2519 quae
1634 2483 1728 2518 incipit
1748 2483 1900 2518 Sanctum,
1917 2482 1957 2511 le-

1215 2531 1287 2565 gitur
1307 2533 1370 2556 tom.
1391 2537 1427 2560 tx,
1444 2537 1504 2564 pag.
1521 2528 1565 2554 (33.

1251 2574 1268 2600 ‘2
1281 2573 1418 2600 Omittitur
1429 2572 1538 2599 insertio
1550 2571 1650 2606 bullae,
1661 2571 1788 2607 quoniam
1798 2579 1858 2599 eain
1872 2569 1956 2598 hubo·
