2253 3195
33 267 79 295 An.
96 265 122 294 C.
146 265 206 292 1601

841 266 986 289 mitent-ms
1007 266 1060 288 vul
1083 266 1130 288 I‘l'.

227 313 324 353 tione,
349 314 388 346 de
417 314 547 347 illorum
566 314 700 347 consilio
722 320 748 346 et
772 313 986 386 apostolieae]

224 366 390 410 potestatis
419 366 637 410 plenitudine,
663 377 719 410 per
743 367 820 398 alias
842 371 985 442 nostras¹

39 434 209 458 aoutinaeastro-
226 420 346 453 litteras
367 420 521 463 oppidum
543 420 641 453 Castri
669 420 782 458 Plebis,
807 426 910 452 castra
931 431 966 452 ac

31 460 180 485 ruu1‚vitlar1un
190 461 210 479 et
367 473 372 478 .
570 473 587 478 ..
687 473 691 477 .
750 472 755 477 .
889 472 895 478 .
945 473 949 477 .

24 489 120 511 *lucorum
135 492 209 507 not-„nn
226 478 335 509 terras,
347 474 435 505 villas
453 473 600 513 Plagaru,
619 474 784 509 Panis-fahs.
806 473 962 509 Pacciam,

31 514 140 536 dioecesim
150 512 209 533 etto·-

31 540 135 564 manlium.

224 526 429 569 Mungiovini,
454 526 727 565 Tavernellarum,
751 526 845 558 Collis
860 526 965 558 Sancti

224 580 303 620 Doti,
327 580 550 617 Moutalaesae,
564 579 632 621 agri
651 579 808 618 Perusini,
824 579 962 617 Laviani,

224 633 360 671 Puteoli,
380 633 521 666 Gioellae
541 639 566 665 et
582 632 788 665 Panicarolae
809 643 880 665 cuin
897 643 966 665 cae-

226 685 301 718 teris
322 685 402 718 locis·
423 685 454 717 in
477 685 626 717 universo
649 685 874 717 marchionatu
896 685 983 717 Clu-¹

225 739 272 779 sii,
297 749 422 771 necnon
436 738 586 778 Triviam,
610 738 724 771 Montis
744 738 858 771 Leonis
873 745 898 771 et
912 739 965 771 Sa-

224 791 293 824 licis
320 792 351 824 in
381 792 536 825 comitatu
565 797 592 824 et
620 791 766 824 districtu
788 789 983 824 l'rl‘ieveta-'

224 845 315 879 nensi
333 845 551 883 consistentia,
584 855 620 878 ac
641 845 876 888 Cainporsevoli
903 856 963 878 no·
982 880 983 896 χ

224 904 308 932 strae
329 905 357 931 et
379 898 685 942 Sedis-'Apostolieae
707 898 821 931 ditioni
844 898 983 942 tempo-l

225 952 282 985 rali
302 952 486 984 immediate
498 958 527 984 et
543 952 680 984 mediate
701 947 983 998 1·espe=1·tive'sub-

224 1005 324 1045 iecta,
354 1005 487 1038 Sanctae
516 1006 629 1037 Florae
667 1010 738 1037 tuuc
773 1005 983 1038 Clusinensis'

224 1059 379 1092 dioecesis
408 1069 480 1091 euin
507 1058 636 1091 illorum
659 1058 839 1097 territoriis,
864 1052 983 1098 cleto]

224 1112 356 1155 populo,
377 1111 524 1154 personis
545 1111 777 1148 ecclesiasticis,
800 1117 960 1143 monaste-

225 1164 290 1205 riis,
314 1164 641 1203 confraternitatiluts,
666 1163 761 1196 etiam
794 1164 962 1204 laieorum,
982 1181 983 1208 ἰ

225 1223 255 1251 et
273 1217 335 1261 piis
356 1217 454 1256 loeis,
490 1228 527 1250 ac
546 1216 714 1249 beneficiis
743 1210 984 1250 ecclesiasticisl

225 1282 297 1304 curn
319 1281 394 1304 eura
420 1276 450 1303 et
476 1270 544 1303 sine
569 1281 645 1303 cura
666 1270 911 1305 saeculariluis,
936 1276 965 1303 et

211 1324 413 1368 equorumviS
434 1324 588 1358 Ordinum
611 1323 824 1365 regularibus,
840 1334 965 1357 necnon

225 1378 483 1422 quibuscumque
496 1377 620 1410 iuribus
634 1383 662 1409 et
676 1377 869 1417 actionibus,
884 1388 966 1421 quae

224 1442 284 1475 pro
311 1437 454 1475 tempore
480 1431 649 1475 episcopus
676 1430 886 1471 Clusinensis,
911 1442 963 1463 ra-

225 1486 312 1519 tione
334 1485 564 1518 iurisdictionis
585 1491 613 1518 et
635 1485 713 1527 legis
734 1485 962 1522 dioecesanae,

225 1539 257 1571 in
276 1538 337 1571 illis
357 1539 495 1571 habebat
509 1545 539 1571 et
556 1539 765 1582 percipiebat,
791 1550 826 1571 ae
847 1538 966 1571 habere

226 1599 256 1625 et
275 1593 443 1636 percipere
464 1598 612 1636 poterat,
637 1593 675 1625 ab
706 1592 839 1625 eeclesia
866 1592 966 1625 Clusi-

226 1646 316 1679 nensi
331 1646 439 1689 (etiam
456 1652 532 1678 tunc
552 1656 610 1689 per
631 1646 755 1679 obitum
777 1642 880 1679 bonae
899 1657 966 1679 me-

226 1699 348 1733 moriae
368 1699 519 1732 Ludovici
540 1699 681 1742 episcopi
702 1699 894 1732 Clusinensis
908 1710 963 1731 ex—

226 1759 274 1786 tra
298 1753 478 1786 Romanam
505 1752 633 1785 Curiam
662 1753 817 1795 defuncti)
839 1758 966 1796 pastore

227 1812 366 1847 carente,
384 1817 400 1838 a
421 1806 505 1839 dicta
526 1806 665 1839 dioecesi
687 1811 843 1849 perpetuo
858 1805 966 1839 divisi-

227 1872 297 1893 mus
317 1865 348 1893 et
367 1859 597 1903 separavimus,
622 1859 731 1902 sicque
753 1859 852 1892 chrisa
875 1864 903 1892 et
919 1870 966 1892 se-

225 1920 334 1958 parata
356 1914 395 1946 ab
414 1913 500 1946 omni
522 1912 756 1953 iurisdictioney
785 1913 963 1956 superiori-

227 1972 307 2006 tate,
339 1966 541 2005 visitatione,
569 1966 793 2006 correctione,
821 1965 966 1999 dominio

226 2026 255 2053 et
282 2025 439 2064 potestate
471 2019 570 2063 ipsius
599 2019 741 2062 episcopi
774 2018 966 2052 Clusinensis

225 2085 284 2118 pro
305 2080 450 2117 tempore
472 2073 634 2106 existentis
655 2073 786 2116 eiusque
808 2073 915 2105 vicarii
938 2079 967 2105 et

225 2127 393 2167 officialis,
424 2137 459 2159 ae
495 2126 654 2159 solutione
686 2136 967 2169 quorumeumque

226 2181 344 2213 iurium
367 2179 470 2212 cidem
501 2179 653 2222 episcopo
687 2179 810 2211 ratione
840 2178 968 2211 iurisdi-

226 2234 356 2273 ctioniS,
373 2231 619 2276 superiorhads,
641 2231 843 2272 visitationis,
861 2242 968 2265 corre-

226 2287 355 2327 ctionis,
380 2286 515 2319 dominii
536 2290 565 2318 et
590 2285 756 2328 potestatis
783 2285 967 2318 huiusmodi

227 2340 473 2384 quomodolibet
494 2339 676 2372 debitorum
700 2339 795 2371 etiam
812 2344 968 2382 perpetuo

227 2393 404 2427 exemimus
422 2392 683 2432 etliberaviinus,
702 2391 890 2435 dictumque
905 2402 965 2434 op-

227 2447 338 2490 pidum
366 2445 464 2479 Castri
491 2445 596 2478 Plebis
624 2445 654 2477 in
684 2445 843 2477 civitatem
870 2445 967 2477 Castri

226 2500 330 2533 Plebis
345 2500 607 2543 nuncupandam,
624 2509 748 2531 necnon
763 2499 846 2530 illius
860 2509 969 2531 saecu-

228 2554 327 2586 larem
343 2559 373 2586 et
386 2553 587 2595 collegiatam
604 2552 770 2585 ecclesiam
785 2557 968 2584 sanctorum

227 2607 366 2640 Gervasii
394 2612 424 2639 et
454 2605 586 2639 Protasii
614 2606 643 2637 in
672 2605 889 2638 cathedralem
911 2605 968 2637 sub

229 2659 339 2693 eadem
364 2659 564 2692 invocatione
586 2669 657 2691 eum
677 2657 847 2701 (lignitate,
872 2657 967 2690 iuris-

1647 252 1703 285 7.t1

1003 312 1143 345 dictione
1157 317 1187 344 et
1204 322 1312 345 mensa
1335 311 1583 355 episcopalibus,
1607 310 1742 353 aliisque

1001 366 1239 399 cathedralibus
1264 365 1452 407 insigniluis,
1477 375 1602 398 necnon
1624 374 1738 408 praee-

1002 419 1175 457 minemus,
1207 419 1384 451 bonoribus
1405 424 1434 451 et
1456 417 1640 461 privilegiis,
1665 417 1739 460 qui-

1001 472 1058 504 bus
1084 472 1163 504 aliae
1196 472 1394 504 cathedrales
1428 471 1580 504 ecclesiae
1606 471 1645 503 de
1672 470 1741 503 iure

1001 526 1047 557 vcl
1067 525 1299 558 consuetudine
1326 525 1509 564 utebantur,
1534 524 1742 567 potiebantur

1001 585 1029 611 et
1048 579 1251 620 gaudebant,
1277 590 1310 610 ac
1339 579 1395 617 uti,
1419 578 1515 621 potiri
1540 583 1570 610 et
1602 578 1742 620 gaudere

1001 638 1146 675 poterant
1171 624 1418 675 quontodolibet
1440 632 1470 664 in
1504 632 1658 669 futurum,
1682 642 1742 674 pro

1001 695 1064 717 uno
1086 685 1237 728 epist-‹⁷›po
1258 685 1353 717 Castri
1385 684 1488 717 Plebis
1510 685 1738 727 nuncupando,

1756 262 1803 288 An.
1827 262 1854 288 C.
1874 261 1936 289 mol

982 735 1053 783 ani
1077 739 1179 771 eidem
1203 738 1354 771 certesiae
1376 738 1472 770 Castri
1495 737 1598 770 Plebis
1616 748 1742 781 praees-

1000 797 1057 828 set,
1079 791 1227 823 similiter
1247 796 1403 833 perpetuo
1425 790 1583 822 ereximus
1602 795 1631 822 et
1652 790 1742 822 insti-

1001 844 1130 882 tuimus,
1141 855 1176 877 ac
1188 844 1245 887 ipsi
1262 844 1414 876 ecclesiae
1427 844 1469 875 sle
1481 844 1510 875 in
1523 844 1740 876 cathedralem

1001 905 1126 931 erectae
1147 898 1306 931 civitatem
1339 898 1436 931 Castri
1459 898 1584 937 rtebis,
1610 897 1742 941 eiusque

1001 953 1121 985 incolas
1142 958 1172 985 et
1191 951 1389 984 habitatores
1410 961 1468 994 pro
1491 951 1615 983 civitate
1637 957 1667 983 et
1692 951 1739 983 ci-

1001 1006 1110 1044 vibus,
1135 1005 1196 1039 alia
1219 1016 1293 1039 vero
1326 1010 1440 1042 eastra,
1465 1011 1575 1045 terras,
1604 1005 1692 1037 villas
1713 1009 1743 1037 et

1002 1058 1069 1090 loca
1092 1058 1191 1091 divisa
1212 1064 1241 1091 et
1264 1064 1412 1102 separata
1431 1058 1575 1101 praefata
1596 1068 1654 1101 pro
1676 1057 1742 1090 eius

982 1111 1139 1144 *dioecesi
1156 1139 1163 1151 ,
1191 1122 1227 1144 ae
1255 1111 1485 1144 ecclesiasticas
1510 1122 1570 1155 pro
1591 1111 1688 1151 clero,
1713 1116 1743 1144 et

1001 1165 1180 1197 saeculares
1197 1175 1349 1208 personas
1371 1165 1402 1197 in
1423 1165 1543 1197 eisdem
1565 1165 1691 1197 civitate
1710 1170 1741 1197 et

1002 1217 1140 1250 dioecesi
1165 1218 1260 1251 Castri
1292 1218 1397 1251 Plebis
1431 1228 1488 1261 pro
1515 1223 1661 1261 tempore
1681 1218 1739 1251 de-

983 1276 1110 1312 gentes
1131 1281 1189 1314 pro
1210 1271 1331 1314 populo
1354 1271 1473 1314 parum·
1494 1277 1649 1314 perpetuo
1668 1282 1743 1304 eon-

1001 1324 1154 1357 cessimus
1174 1330 1202 1356 et
1222 1324 1468 1366 assignavimus,
1494 1325 1612 1367 illaque
1633 1324 1743 1357 onmia

1002 1383 1029 1409 et
1049 1377 1174 1419 singula
1187 1377 1339 1421 episcopo
1353 1378 1451 1410 Castri
1469 1377 1573 1410 Plebis
1591 1388 1649 1421 pro
1666 1383 1743 1410 tem-

1001 1441 1079 1474 pore
1100 1430 1246 1463 existenti
1268 1431 1374 1474 quoad
1393 1431 1495 1472 legem
1519 1430 1742 1463 dioecesanam

1001 1495 1036 1516 ac
1058 1484 1273 1528 episcopalem
1295 1511 1301 1524 ‚
1331 1489 1361 1516 et
1382 1484 1581 1517 ordinariam
1608 1484 1740 1517 iurisdi-

1002 1537 1153 1577 ctionem,
1182 1537 1351 1570 ecelesiam
1374 1543 1402 1569 et
1424 1547 1483 1580 pro
1505 1542 1650 1581 tempore
1672 1537 1740 1570 exi—

1001 1596 1136 1624 stentem
1167 1591 1352 1634 episcopum
1379 1590 1476 1623 Castri
1502 1590 1606 1623 Plebis
1625 1590 1740 1623 huius-

1003 1644 1088 1676 modi
1110 1644 1213 1677 dietae
1233 1643 1305 1677 Sedi
1321 1643 1507 1676 immediate
1533 1643 1740 1684 subiecimus,

1001 1708 1037 1730 ae
1061 1697 1120 1730 sub
1152 1697 1321 1729 beatorum
1342 1696 1426 1729 Petri
1453 1702 1481 1729 et
1502 1696 1590 1728 Pauli
1612 1702 1742 1739 aposto-

1002 1752 1105 1784 lorum
1143 1750 1311 1794 dictaeque
1352 1750 1442 1783 Sedis
1474 1750 1677 1793 protectione
1712 1755 1741 1782 et

1003 1805 1100 1837 tutela
1120 1804 1331 1847 suscepimus.

1046 1858 1060 1899 ,Ε
1082 1857 1110 1889 2.
1135 1857 1391 1900 Insuperomnia
1412 1862 1438 1889 et
1459 1857 1584 1899 singula
1606 1857 1739 1897 fruetus,
1759 1885 1904 1906 cannas-„atu
1921 1892 1943 1905 a·

1003 1912 1134 1947 reditus,
1162 1916 1334 1954 proventus
1357 1916 1387 1943 et
1407 1911 1492 1943 hona
1514 1921 1643 1943 mensae
1677 1911 1743 1954 epi-
1759 1912 1943 1958 [jjffhsdffpi'ffltffgj

1001 1964 1743 2008 scopalisdictaeICeclesiaeClusinensis(dem-
1766 1965 1809 2011 [3]ss
1849 1972 1854 1984 ²
1898 1998 1943 2010 'm

1002 2018 1063 2062 ptis
1084 2024 1115 2050 et
1135 2018 1376 2051 remanentibus
1396 2028 1455 2061 pro
1476 2028 1514 2050 ea
1534 2028 1569 2049 ae
1591 2017 1742 2060 episcopo
1766 2018 1868 2065 ggc'cjriw
1885 2024 1914 2063 ,ἐξ
1932 2024 1943 2053 ξῑ

1001 2071 1176 2106 Clusinensi
1206 2082 1265 2115 pro
1291 2077 1435 2115 tempore
1461 2071 1614 2104 existento
1642 2076 1687 2103 tot
1707 2081 1742 2103 ex
1813 2072 1913 2096 1³¹⁵⁵¹2¹²
1937 2081 1944 2084 ·

1002 2119 1077 2169 ipsis
1099 2125 1265 2165 fructibus,
1289 2125 1462 2161 reditibus,
1486 2124 1693 2168 proventibus
1714 2130 1745 2157 et

1003 2179 1095 2212 bonis
1126 2189 1183 2222 per
1210 2177 1467 2210 commissarium
1490 2177 1528 2209 ad
1561 2177 1590 2209 id
1621 2188 1637 2209 a
1663 2177 1743 2209 Sede

1003 2232 1167 2276 praedicta
1187 2231 1407 2275 deputandum
1427 2230 1633 2272 designandis
1651 2235 1681 2262 et
1694 2240 1744 2263 as-

1002 2285 1177 2326 signandis,
1192 2290 1269 2327 quot
1284 2284 1411 2316 illorum
1420 2284 1509 2316 valor
1524 2284 1561 2315 ad
1583 2293 1743 2315 summam

1004 2338 1089 2371 mille
1108 2343 1270 2371 scutorum
1286 2336 1611 2369 monetaeanmiatim
1624 2336 1744 2368 iudicio

1004 2391 1077 2423 dicti
1097 2389 1308 2423 commissarii
1338 2389 1543 2431 ascemlerit),
1567 2389 1606 2421 ab
1632 2389 1744 2422 eadem

1005 2454 1112 2476 mensa
1134 2442 1308 2486 episcopali
1337 2442 1515 2475 Clusinensi
1536 2442 1645 2475 itidem
1665 2454 1742 2486 per-

1004 2503 1100 2541 petuo
1134 2496 1438 2529 dismarum-avitinis
1456 2502 1485 2528 et
1506 2496 1742 2540 separavimus:

1004 2551 1113 2594 sicque
1142 2550 1371 2583 dismembrata
1399 2556 1425 2583 et
1459 2556 1607 2594 separata
1642 2550 1745 2583 dictae

1006 2614 1133 2637 mensae
1156 2604 1329 2647 episcopali
1350 2603 1446 2637 Castri
1474 2603 1578 2637 Plebis
1596 2614 1654 2647 pro
1676 2604 1745 2636 cius

1005 2657 1089 2698 dote,
1114 2667 1149 2690 ac
1171 2657 1311 2701 episcopi
1334 2657 1431 2691 Castri
1460 2657 1564 2690 Plebis
1585 2667 1643 2701 pro
1665 2662 1744 2689 tem-

1787 1859 1862 1879 bats-m
1879 1859 1943 1878 etiam
