2253 3195
289 261 339 288 An.
361 262 389 289 C.
410 263 476 290 1599

300 325 388 350 Atiaque
397 324 422 344 ad
432 330 475 345 rem

291 353 476 378 opportuneprae-

291 379 349 404 cipit,

521 253 585 287 470

489 312 611 355 ligandi
635 318 731 356 atque
762 311 905 345 solvendi
937 316 1111 356 potestate,
1135 321 1232 355 quam

489 366 572 399 Deus
595 365 699 405 nobis,
722 365 796 398 licet
818 365 968 407 indignis,
992 365 1137 405 contulit,
1163 364 1232 397 the-

490 428 601 451 sauros
629 417 808 458 Ecclesiae,
831 428 971 461 quorum
997 418 1233 462 dispensatores

491 471 558 504 eius
576 470 774 512 benignitate
794 471 866 504 sacti
880 482 1001 510 sumus,
1017 471 1146 514 copiose
1160 482 1234 515 ape·
1251 489 1252 503 1

491 524 620 565 rientes,
643 524 800 557 universis
820 530 851 557 et
875 525 1008 568 singulis
1039 525 1230 569 praedictis,
1251 538 1253 555 i

491 577 545 620 qui
567 577 743 621 praemissa
774 577 872 611 modo
894 584 923 611 et
944 579 1048 611 forma
1078 578 1253 622 praescri-⁴

490 632 552 676 ptis
570 632 703 665 fecerint
729 637 759 665 et
776 632 991 676 impleverint,
1014 632 1233 676 plenissimam

491 685 637 718 omnium
670 691 878 729 peccatorum
903 696 1037 719 suorum
1058 686 1232 728 indulgen-

491 739 567 771 tiam
581 766 588 779 ,
616 739 741 772 veniam
763 745 793 772 et
813 739 1061 779 remissionem,
1097 739 1179 772 sicut
1204 739 1234 772 in

492 802 577 825 anno
598 792 731 825 lubilaei
751 792 954 825 visitantibus
974 798 1076 825 certas
1089 792 1237 825 basilicas

491 845 576 878 intra
597 851 627 878 et
651 851 738 879 extra
762 846 881 879 [rbem
903 845 1036 878 concedi
1058 845 1233 886 consuevit,

492 904 605 932 tenore
626 899 845 942 praesentium
859 926 866 939 ,
891 898 1100 932 concedimus
1121 904 1151 931 et
1171 898 1234 931 im-

491 952 660 996 pertimur.
677 953 741 986 Nec
757 963 822 986 non
840 952 954 985 iisdem
973 952 1237 985 christifidelibus

491 1005 660 1049 utriusque
684 1016 788 1041 sexus.
814 1010 879 1038 tam
901 1005 989 1039 laicis
1012 1016 1108 1049 quam
1130 1006 1236 1038 eccle-

492 1058 627 1091 siasticis
642 1086 649 1099 ,
672 1059 736 1092 sive
757 1059 991 1098 saecularibus,
1015 1059 1079 1092 sive
1101 1059 1239 1092 cuiusvis

493 1111 620 1146 Ordinis
653 1118 683 1145 et
714 1113 979 1156 Congregationis
1014 1124 1071 1146 seu
1103 1113 1239 1146 instituti

493 1166 696 1209 regularibus
727 1166 951 1209 indulgemus,
975 1171 1010 1199 ut
1036 1166 1097 1199 sibi
1121 1166 1240 1209 eligere

495 1219 618 1264 possint
647 1230 886 1264 quemcumque
914 1220 1135 1264 presbyterum
1157 1230 1237 1253 con-

494 1273 672 1313 fessarium,
697 1279 760 1306 tam
780 1273 958 1306 secularem
985 1283 1082 1316 quam
1103 1273 1241 1306 cuiusvis

495 1325 622 1359 Ordinis
642 1326 689 1359 vel
711 1325 845 1359 instituti
864 1326 1046 1368 regularem
1061 1336 1096 1359 ex
1117 1337 1237 1370 appro-

496 1379 578 1412 batis
591 1379 630 1411 ab
640 1378 816 1413 Ordiuariis
830 1379 988 1420 locorum,
1000 1385 1031 1412 ut
1045 1380 1238 1422 praefertur,

497 1433 551 1476 qui
573 1443 627 1465 eos
652 1433 691 1465 ab
712 1433 863 1466 omnibus
884 1432 1238 1473 excommunicationis,

497 1486 716 1530 suspensionis
733 1492 764 1519 et
785 1486 957 1526 interdicti,
979 1486 1113 1531 aliisque
1134 1487 1239 1520 ecclc—

498 1539 634 1573 siasticis
654 1540 818 1573 sententiis
836 1546 865 1573 et
887 1540 1044 1580 censuris,
1068 1551 1086 1573 a
1106 1540 1175 1573 iure
1194 1541 1242 1573 vel

498 1593 537 1626 ab
567 1593 698 1626 homine
713 1620 720 1633 ,
744 1593 856 1637 quovis
884 1594 981 1627 modo
1002 1599 1033 1627 et
1057 1604 1152 1627 causa
1173 1594 1243 1627 latis

498 1657 553 1680 seu
573 1646 712 1685 inflictis,
726 1657 856 1680 necnon
869 1647 909 1679 ab
927 1647 1077 1680 omnibus
1091 1647 1240 1691 peccatis,

498 1700 691 1739 excessibus,
717 1700 907 1733 criminibus
927 1707 957 1734 et
978 1701 1112 1741 delictis,
1136 1711 1241 1745 quan-

499 1754 615 1787 tumvis
636 1754 786 1796 gravibus
807 1760 835 1787 et
857 1755 1063 1794 enormibus,
1088 1755 1182 1788 etiam
1213 1755 1244 1787 in
1262 1750 1263 1759 ¹

499 1807 624 1841 casibus
645 1814 708 1840 tam
735 1808 880 1841 locorum
913 1807 1107 1848 Ordinariis‚
1147 1801 1263 1852 quami

499 1861 592 1894 nobis
609 1867 639 1894 et
659 1861 732 1894 Sedi
745 1861 959 1904 Apostolicae,
976 1861 1071 1894 ctiam
1083 1861 1112 1894 in
1133 1861 1245 1895 litteris
1262 1872 1263 1877 ¹

500 1914 550 1947 die
573 1914 694 1948 Coenae
708 1914 842 1947 Domini
863 1914 924 1955 legi
945 1914 1124 1954 consuetis,
1149 1920 1245 1958 atque

501 1967 578 2000 alias
604 1967 699 1999 ctiam
726 1977 783 2010 per
803 1977 1024 2010 quascumque
1045 1973 1180 2006 nostras,
1197 1968 1243 2000 vel

516 2025 722 2054 {omanorum
746 2021 937 2054 Pontificum
961 2021 1244 2064 praedecessorum

501 2082 684 2108 nostrorum
700 2075 1101 2118 constitutiones,quarum
1119 2081 1246 2107 tenores
1262 2070 1263 2075 ¹

500 2129 841 2174 praiz—seutibuslialieri
853 2129 999 2161 volumus
1010 2139 1066 2172 pro
1076 2129 1242 2172 expressis,

1074 262 1257 287 BULLARIUM
1278 262 1431 286 ROMANUM

1262 1754 1462 1799 ispecialiter
1489 1754 1677 1794 declaratis,
1709 1764 1764 1787 seu
1785 1753 2018 1794 condemnatis,

1262 1967 1396 2011 ¹quibus
1418 1967 1603 2001 absolvendi
1626 1967 1758 2000 facultas
1780 1967 1811 2000 in
1833 1967 1927 2001 certis
1948 1973 2023 2001 tunc

2023 261 2073 288 An.
2095 261 2122 288 C.
2140 261 2207 290 1599

1266 315 1394 343 sanctae
1412 310 1614 344 obedientiae
1626 310 2008 355 districtepraecipientes
2039 324 2161 354 aui-‚nuqua
2169 323 2206 354 013-

1267 363 1418 397 omnibus
1428 363 1663 397 venerabilibus
1675 364 1824 397 fratribus
1834 364 2004 408 episcopis,
2022 350 2208 406 {tssssfflis‘l'ffilss

1268 423 1299 450 et
1316 417 1386 450 aliis
1407 417 1665 460 quibuscumque
1684 418 1830 450 locorum
1851 417 1925 450 dicti
1954 418 2005 451 di·
2023 403 2208 460 {iiisseni'agssngssil

1268 471 1396 504 strictus
1415 470 1602 519 Ordinariis,
1620 477 1650 504 et
1663 471 1732 505 aliis
1752 472 1954 515 supradictis,
1969 473 2010 505 ad
2024 462 2112 477 ”mmuh

1269 535 1349 568 quos
1374 524 1587 568 pertinuerit,
1622 530 1657 558 ut
1687 536 1760 558 cum
1792 526 2010 568 praesentium

1269 578 1449 611 litterarum
1468 584 1669 623 transumpta
1686 584 1741 611 aut
1754 579 1901 622 exempla
1921 589 2011 612 acce-

1269 632 1385 676 perint,
1410 631 1464 664 itta
1484 632 1589 665 statim
1610 643 1668 676 per
1687 642 1760 665 suas
1777 631 1937 672 ecclesias,
1962 631 2009 665 ci-

1269 685 1380 718 vitates
1395 713 1402 726 ,
1430 686 1566 729 oppida,
1590 691 1712 725 terras,
1736 686 1825 725 loca,
1849 685 2013 719 dioeceses

1270 739 1436 782 publicent
1457 744 1486 772 et
1503 739 1721 782 promulgent,
1746 745 1777 771 et
1796 738 1955 782 publicari
1976 750 2013 772 ac

1270 792 1470 835 promulgari
1496 792 1632 833 saciant,
1656 793 1808 835 cleroque
1833 797 1865 825 et
1892 792 2014 835 populo

1271 844 1330 878 sibi
1362 845 1506 878 subiecto
1539 845 1700 879 solemnes
1730 844 1954 888 processiones
1984 851 2015 878 et

1271 898 1524 943 supplicationes
1538 898 1682 932 indicant
1698 904 1729 932 et
1749 898 1913 932 celebrent

1317 953 1333 993 ξ
1354 950 1407 984 10.
1424 952 1484 984 Per
1500 957 1686 996 praesentes
1702 957 1809 984 autem
1830 962 1895 985 non
1912 951 2015 985 inten-
2055 959 2214 1007 i³⁰1⁵¹¹'i⁰‘³⁰s‘²'

1273 1005 1379 1038 dimus
1395 1016 1492 1049 super
1512 1005 1621 1049 aliqua
1635 1005 1872 1047 irregularitate
1885 1005 2015 1049 publiea
2029 989 2217 1034 &Xrffsssssissttssil

1272 1059 1321 1091 vel
1342 1059 1478 1099 occulta,
1503 1064 1579 1091 nota
1592 1086 1599 1099 ,
1620 1058 1745 1092 defectu
1761 1086 1768 1099 ,
1791 1058 2014 1102 incapacitate,
2031 1046 2083 1061 ’ω’

1273 1117 1328 1145 aut
1347 1111 1549 1145 inhabilitate
1566 1122 1697 1156 quoquo
1719 1112 1816 1145 modo
1837 1117 2014 1152 contracta,

1275 1166 1417 1209 aliquam
1439 1166 1623 1199 facultatem
1644 1166 1785 1199 tribuere
1813 1165 2020 1210 dispensandi

1274 1230 1330 1252 seu
1351 1219 1553 1260 habilitandi,
1581 1224 1636 1252 aut
1655 1219 1687 1251 in
1708 1219 1880 1263 pristinum
1901 1224 2019 1252 statum

1275 1273 1487 1313 restituendi,
1522 1273 1617 1306 etiam
1639 1273 1671 1306 in
1693 1273 1763 1306 soro
1789 1272 2016 1306 conscientiae.

1275 1328 1384 1370 Neque
1397 1326 1491 1359 etiam
1507 1325 1544 1359 iis
1558 1331 1742 1370 praesentes
1751 1325 2018 1366 nostraslitteras,

1275 1379 1330 1424 qui
1351 1380 1389 1412 ab
1404 1379 1512 1423 aliquo
1533 1379 1639 1412 iudice
1660 1378 1941 1418 excommunicati,
1965 1389 2019 1412 su-

1276 1433 1382 1477 spensi
1397 1433 1445 1465 vel
1464 1432 1636 1471 interdicti,
1648 1442 1703 1465 seu
1718 1432 1836 1465 aliasin
1847 1431 2021 1466 sententias

1277 1493 1308 1520 ct
1327 1496 1479 1520 censuras
1512 1485 1662 1519 incidisse
1693 1485 1868 1526 declarati,
1891 1486 1940 1519 vel
1962 1496 2020 1530 pu-

1277 1540 1359 1573 blice
1378 1540 1562 1574 denunciati
1577 1539 1706 1579 suerint,
1717 1539 1777 1573 nisi
1798 1540 1882 1573 intra
1895 1545 2021 1584 tempus

1278 1594 1504 1628 celebrationis
1524 1593 1711 1627 huiusmodi
1732 1593 1865 1627 lubilaei
1892 1592 2019 1627 satisfe-

1278 1647 1392 1687 cerint,
1408 1653 1463 1681 aut
1483 1657 1555 1680 cum
1577 1647 1722 1691 partibus
1743 1646 2019 1687 concordaverint,

1279 1711 1383 1744 neque
1404 1701 1524 1744 pariter
1547 1700 1718 1734 haereticis
1738 1705 1793 1733 aut
1811 1699 2022 1733 schismaticis

1279 1808 1344 1841 ullo
1360 1808 1457 1842 modo
1478 1807 1645 1850 suffragari
1664 1817 1757 1851 posse
1770 1812 1825 1840 aut
1843 1807 1973 1840 debere.

1324 1862 1339 1903 g
1362 1860 1413 1894 li.
1438 1861 1506 1895 Non
1520 1861 1722 1894 obstantibus
1740 1860 2022 1894 constitutionibus
2049 1864 2223 1894 ⁰⁶5022U0002·

2035 1893 2156 1912 (rariorum.

1279 1920 1310 1947 et
1329 1913 1587 1947 ordinationibus
1607 1914 1803 1956 apostolicis,
1828 1913 2020 1958 praesertim

1279 2020 1436 2064 expressis
1457 2020 1594 2059 casibus,
1633 2020 1674 2054 ita
1706 2021 1850 2054 Romano
1875 2020 2021 2054 Pontifici

1281 2085 1337 2118 pro
1360 2080 1503 2118 tompore
1526 2073 1671 2107 existenti
1694 2080 1892 2113 reservatur,
1912 2079 1947 2106 ut
1964 2084 2024 2108 nec

1280 2128 1375 2161 etiam
1397 2127 1529 2166 similes,
1553 2127 1600 2160 vel
1622 2127 1793 2160 dissimiles
1813 2127 1956 2166 lubilaei,
1974 2127 2022 2160 iu-

501 2183 745 2226 quomodolibet
767 2182 952 2221 reservatis,
979 2182 1007 2214 iu
1031 2183 1100 2215 t'oro
1123 2188 1244 2215 tantum
1263 2175 1264 2215 l
1281 2181 1531 2222 dulueutiarum,
1556 2186 1610 2214 aut
1631 2181 1817 2214 facultatum
1839 2180 2023 2214 huiusmodi

502 2237 739 2275 conscientiae,
762 2236 819 2268 lia«-
841 2235 906 2267 ris-‹-
928 2236 1031 2267 solum
1058 2236 1242 2270 absolvere:
1263 2219 1514 2295 [concessiones.
1529 2234 1588 2266 uisi
1605 2234 1643 2267 de
1658 2233 2021 2277 illisexpressamcutio,

502 2296 532 2322 ct
554 2290 684 2332 iusuper
711 2295 780 2321 vota
813 2300 1037 2332 quam-umque
1067 2289 1246 2329 <religionis
1263 2320 1265 2337 ‚
1281 2295 1333 2321 aut
1355 2288 1502 2332 specialis
1520 2287 1686 2329 derogatio
1702 2288 1767 2326 liat,
1785 2287 1935 2330 cuiquam
1957 2287 2022 2320 sus-

503 2349 530 2375 et
553 2343 706 2374 vastitatis
721 2343 883 2374 dumtaxat
898 2342 1048 2385 exceptis)
1069 2343 1097 2374 iu
1120 2342 1180 2374 alia
1196 2342 1247 2386 pia
1263 2344 1265 2354 ¹
1283 2341 1398 2382 t'rag‘ari
1421 2346 1536 2384 queant
1553 2352 1560 2378 ·,
1581 2351 1638 2373 uec
1654 2351 1716 2373 uou
1733 2340 1843 2380 regula
1864 2345 1972 2373 nostra
1987 2339 2026 2373 do

1263 2367 1345 2431 ,iunii
1368 2394 1584 2427 concedendis
1607 2393 1814 2433 indulgentiis
1843 2393 1881 2425 ad
1912 2393 2022 2433 instar,

505 2457 610 2482 tauicu
633 2450 677 2482 eis
699 2456 725 2482 vt
742 2449 992 2482 ‹·‹›1-un·‹·uitit···t
1013 2449 1247 2493 iusupradictis
1264 2438 1266 2487 l
1282 2460 1317 2482 ac
1339 2459 1620 2491 quorumcuiuth
1645 2446 1814 2484 (lriliuuut,
1838 2452 1865 2479 et
1888 2447 2027 2487 Congre-

504 2504 653 2536 ‹unuitms
675 2503 800 2535 casibus
823 2503 1018 2546 poenitentia
1038 2503 1190 2540 salutari,
1212 2514 1248 2534 ac
1264 2494 1266 2513 ³
1285 2502 1464 2542 cationum,
1488 2500 1552 2532 sivi*
1572 2500 1790 2532 institutorum
1814 2499 2024 2539 regularium,

505 2557 572 2588 aliis
598 2558 665 2589 vius
687 2558 819 2590 arbitrio
842 2557 1057 2596 iniungi-uilis,
1082 2556 1249 2601 possiutvt
1265 2544 1266 2563 ¹
1284 2555 1474 2592 iurauwuto,
1504 2553 1750 2585 coniti-inniionn
1771 2551 1956 2596 apostolica,
1978 2551 2025 2583 vel

508 2611 641 2643 valeant.
1282 2608 1393 2652 quavis
1415 2607 1567 2640 tirmitatc
1582 2607 1643 2639 alia
1664 2605 1823 2639 roboratis
1844 2604 1971 2638 statutis
1997 2610 2027 2637 ct

552 2665 567 2703 ξ,
589 2666 618 2695 u.
637 2663 821 2696 Mandant-:s
837 2670 1020 2707 propterea,
1038 2669 1064 2695 vt
1090 2664 1119 2696 iu
1135 2663 1249 2696 virtute
1265 2687 1268 2702 ,
1284 2661 1582 2701 consuettuliuilms,
1605 2659 1777 2704 privilegiis
1798 2669 1944 2702 quoquc,
1973 2657 2022 2690 iu-

503 2403 530 2428 ‹·t
550 2397 702 2429 salutaria
723 2407 821 2439 opi-ra
850 2403 1072 2433 ruiuiiiutare,
1106 2396 1247 2429 iuiuurta
