2253 3195
0 263 1 269 ¹
35 269 80 296 An.
105 268 131 294 11.
153 268 218 295 111011

849 268 995 292 (ΖΒΕΜΕΝΒ
1016 268 1072 290 Vlll
1093 268 1141 290 ΓΡ.

232 327 267 349 ex
300 327 383 353 nna,
419 327 544 349 necnon
578 317 776 350 Vincentium
802 316 974 353 Caraffam,

231 369 372 413 priorem
395 370 555 413 prioratus
569 371 749 411 llungariae
771 370 846 403 dieti
867 369 974 413 hospi-

232 423 312 461 talis,
330 434 365 455 ex
386 424 485 456 altera
506 424 667 467 partibus,
691 434 787 467 super
808 433 863 459 cO,
888 423 973 467 quod

233 477 298 521 ipse
319 477 504 510 Vincentius
526 477 557 510 in
578 477 641 510 vim
664 477 863 510 diversarum
884 477 970 510 litte-

232 541 340 563 rarum
362 530 392 563 in
415 531 516 563 forma
537 530 640 564 brevis
661 531 688 564 ei
714 531 852 574 desuper
872 541 889 563 a
910 541 970 563 no-

232 584 280 616 bis
300 594 527 617 concessarum
548 584 771 627 praetenderet
803 584 947 617 obtinere
964 611 970 623 ‚

231 643 260 670 et
281 637 435 681 consequi
455 648 548 681 posse
569 643 598 670 et
620 638 737 670 debere
763 643 835 670 ante
853 637 972 670 dictum

230 690 433 730 Micliaelem‚
462 690 607 733 aliosque
636 690 916 724 commendatores
944 696 974 723 et

231 742 347 776 milites
368 743 507 785 Linguae
529 743 714 786 praedictae
735 743 882 776 antianos
899 753 974 776 suos

229 807 468 840 quemcumque
494 797 672 840 prioratum
706 803 737 829 et
766 796 972 829 baiulivatum

230 850 372 883 eiusdem
394 849 534 892 Linguae
554 860 612 894 per
632 850 714 883 viam
735 850 875 894 optionis
895 861 970 893 per-

230 903 396 944 mutando,
418 908 449 936 ct
468 903 683 947 relinquendo
702 903 734 936 in
756 903 888 947 optione
906 903 974 946 ipsa

229 956 350 989 dictum
379 955 558 1000 prioratum
591 957 773 999 IIungariae
798 957 837 990 ad
862 956 974 990 smuti-

234 1009 354 1042 tionem
372 1010 378 1025 ¹
400 1015 431 1042 et
452 1009 668 1052 provisionem
690 1010 788 1053 ipsius
809 1009 970 1052 Linguae,

230 1073 294 1096 non
320 1063 467 1097 obstante
494 1064 582 1107 quod
602 1064 788 1107 praedictus
812 1064 974 1107 prioratus

229 1117 422 1159 Ilungariae,
452 1122 517 1150 tum
540 1117 648 1159 vigore
669 1123 880 1157 statutorum,
905 1123 972 1151 tum

230 1170 326 1203 etiam
347 1170 538 1203 auctoritate
564 1176 592 1203 et
623 1171 751 1203 decreto
782 1171 973 1214 praeterito-

229 1234 302 1256 rum
330 1223 546 1267 capitulorum
578 1224 778 1266 generalium
803 1224 879 1257 dicti
909 1225 971 1257 lio-

229 1276 350 1321 spitalis
386 1287 450 1309 una
481 1287 555 1310 eum
589 1277 798 1319 dignitatibus
834 1277 974 1320 Linguae

230 1332 437 1365 Alemanniae
458 1332 685 1376 incorporatus
698 1332 910 1376 reperiretur,
928 1332 974 1365 di-

230 1386 303 1419 lecti
323 1386 381 1418 filii
403 1397 538 1429 magnus
559 1386 711 1429 magister
731 1386 807 1419 dicti
825 1386 970 1430 hospita-

230 1440 268 1473 lis
282 1467 289 1479 ‚
313 1440 447 1483 eiusque
468 1440 638 1473 consilium
655 1468 661 1481 ‚
686 1451 725 1473 ne
746 1440 860 1474 litteris
880 1451 974 1484 prae-

230 1493 322 1526 dictis
346 1493 633 1537 praeiudicaretur‚
659 1493 691 1526 in
711 1493 823 1537 primis
852 1500 882 1527 et
902 1499 974 1527 ante

229 1547 339 1579 omnia
363 1546 601 1590 expeditionem
622 1547 801 1580 litterarum
830 1547 972 1580 antiani-

230 1600 302 1634 tatis
314 1601 474 1643 generalis
494 1602 534 1634 ad
554 1601 716 1644 prioratus
736 1601 976 1634 acbaiulivatus

229 1654 371 1696 Linguae
390 1654 499 1688 Italiae
520 1654 707 1687 huiusmodi
728 1655 893 1698 praedicto
913 1655 972 1688 Mi-

230 1708 332 1741 chaeli
353 1708 520 1742 Admirato
546 1713 710 1752 tamquam
731 1708 871 1742 baiulivo
892 1719 971 1742 con-

228 1762 385 1802 ventuali,
409 1761 495 1794 iuxta
519 1762 655 1795 formam
678 1767 708 1795 et
729 1762 973 1806 dispositionem

228 1815 520 1849 stabilimentorum
540 1815 684 1849 eiusdem
705 1816 881 1860 hospitalis,
897 1827 974 1850 eon-

229 1879 335 1901 cessac
355 1869 507 1913 suspendi
526 1869 723 1910 curaverint;
739 1880 848 1902 verum
864 1875 975 1913 postea

229 1923 428 1956 attendentes
448 1923 547 1967 quod,
571 1929 703 1967 praeter
723 1934 820 1965 grave
841 1924 972 1967 praeiu-

229 1975 350 2008 dicium
370 1975 470 2019 ipsius
487 1976 648 2009 Michaelis
665 1976 821 2009 Admirati
840 1988 876 2010 ae
897 1977 974 2011 alio-

230 2040 301 2061 rum
320 2029 525 2062 antianorum
541 2029 685 2062 eiusdem
696 2029 838 2072 Linguae
852 2030 971 2070 ltaliae,

230 2093 346 2125 magna
366 2082 462 2115 etiam
483 2083 629 2115 alteratio
651 2089 681 2116 ct
698 2083 898 2126 perturbatio
920 2084 971 2116 in-

229 2136 381 2178 surgebat
400 2135 583 2179 praedictae
596 2135 738 2177 Linguae
752 2136 971 2178 Alemanniae,

230 2199 302 2221 eum
324 2188 355 2221 in
376 2188 564 2222 huiusmodi
594 2188 731 2231 negocio
763 2195 915 2232 ageretur
935 2191 974 2224 de

229 2242 409 2286 separanda
433 2247 463 2275 et
488 2243 688 2284 segreganda
708 2243 747 2275 ab
766 2242 833 2286 ipsa
854 2243 975 2286 Lingua

230 2295 438 2329 Alemanniae
454 2295 529 2328 dicti
550 2287 714 2339 prioratus
734 2296 973 2338 llungariaeilli

230 2349 309 2382 uniti
331 2354 362 2382 et
386 2349 583 2393 incorporati
601 2349 768 2392 dignitate,
792 2355 823 2383 et
842 2350 886 2383 sic
903 2350 971 2383 fru-

230 2403 361 2436 strando
374 2403 463 2436 omni
484 2403 552 2436 iure
573 2409 604 2436 et
624 2414 679 2447 spe
693 2404 824 2436 fratrem
840 2403 973 2437 militem

231 2456 321 2489 illum
342 2457 556 2490 Alemannum
570 2485 577 2498 ,
602 2457 652 2489 eui
679 2456 850 2490 antianitas
871 2462 902 2490 et
922 2468 974 2490 ex-

231 2509 387 2552 pectativa
406 2519 504 2553 super
524 2509 609 2543 dieto
630 2510 775 2554 prioratu
792 2510 975 2552 Ilungariae

269 2590 277 2615 1
302 2589 452 2623 Smucitio,
465 2589 622 2624 nominatim
640 2589 798 2624 declaratio,
816 2598 831 2617 a
850 2593 976 2618 smatare

231 2633 326 2661 eodem
341 2641 433 2660 sensu.
448 2633 485 2661 lta
500 2642 530 2661 ex
544 2634 696 2668 noemam,
709 2634 753 2670 qui
768 2634 800 2661 ad
815 2643 872 2662 rem
884 2643 975 2662 exem-

232 2677 276 2712 pla
294 2677 378 2706 refert
392 2686 423 2706 ex
432 2679 507 2706 Stat.
517 2679 585 2707 0νά.
602 2679 632 2706 S.
644 2679 726 2707 Ιοαη.
737 2679 974 2715 ΙΙίενοεοῑ.(11,Τ,).

1658 253 1721 285 37),

1010 326 1081 348 cum
1104 315 1216 348 litteris
1238 313 1402 355 religionis
1432 313 1508 346 alias
1540 323 1690 345 concessa
1720 316 1750 344 et

1010 370 1156 413 expedita
1189 369 1301 401 suerat.
1334 368 1491 411 Quodque
1524 366 1688 400 contentio
1720 371 1749 399 et

1009 422 1227 455 controversia
1248 422 1398 465 partium,
1422 427 1452 454 et
1472 420 1646 464 praecipue
1666 420 1747 452 dua-

1009 486 1079 508 rum
1101 476 1296 516 Linguarum
1318 474 1501 507 huiusmodi
1522 473 1554 505 in
1575 472 1642 506 dies
1662 472 1750 505 inva-

1009 529 1158 568 lescebat,
1183 528 1353 572 expediens
1379 528 1445 560 sore
1472 525 1694 566 iudicaverint,
1719 531 1752 558 ut

1001 578 1106 625 'aliqui
1128 592 1163 614 ex
1192 581 1354 625 primariis
1383 581 1526 613 eiusdem
1548 579 1672 613 consilii
1694 590 1751 612 ne-

1008 635 1135 678 gocium
1149 635 1333 668 huiusmodi
1352 634 1563 668 ai‘nicabiliter
1585 633 1751 667 tractando

1009 689 1149 732 aliquam
1171 689 1412 722 convenientem
1446 689 1583 721 sormam
1612 697 1748 720 concor--

1009 742 1079 775 diae
1100 743 1183 775 inter
1208 747 1330 786 partes,
1359 753 1395 775 ac
1415 742 1552 783 Linguas
1573 741 1753 784 praedictas

1009 795 1189 839 reperirent
1210 807 1245 829 ac
1272 795 1513 829 constituerent.

1053 851 1070 892 g
1091 849 1121 882 ⁶2.
1139 850 1175 882 Et
1194 854 1364 893 propterea
1383 848 1491 881 habito
1506 849 1643 891 desuper
1656 849 1752 890 longo

1009 910 1039 936 et
1061 909 1188 936 maturo
1211 908 1357 941 tractatu,
1382 903 1511 935 demum
1540 902 1603 934 sere
1626 911 1749 940 omnes,

1009 956 1063 1000 qui
1085 957 1124 990 (le
1144 956 1204 989 hac
1224 967 1257 989 re
1279 956 1362 989 inter
1382 961 1487 999 partes
1508 956 1656 998 agebant,
1680 965 1753 987 cen-

1009 1011 1131 1044 suerint
1162 1021 1274 1043 omnes
1306 1009 1531 1043 altercationes
1560 1014 1588 1041 et
1617 1014 1749 1041 contro-

1010 1064 1316 1107 versiaspraedictas
1328 1063 1469 1106 extingui
1484 1073 1577 1107 posse
1591 1062 1753 1095 mediante

1009 1118 1182 1151 concordia.
1211 1123 1242 1150 et
1274 1117 1489 1150 transactione
1515 1115 1749 1159 infrascriptis,

1009 1182 1140 1215 nempe:
1159 1172 1245 1215 quod
1260 1181 1372 1203 omnes
1385 1170 1509 1203 litterae
1522 1175 1651 1202 nostrae
1662 1180 1754 1213 prae-

1009 1224 1124 1265 dictae,
1140 1235 1176 1257 ac
1196 1224 1259 1257 alia
1280 1224 1431 1267 rescripta
1453 1233 1677 1266 quaecumque
1697 1223 1754 1255 ob-

1010 1283 1095 1310 tenta
1113 1287 1150 1311 eo
1172 1288 1289 1321 usque,
1313 1287 1368 1310 seu
1398 1287 1480 1319 quae
1511 1276 1542 1308 in
1572 1276 1714 1308 futurum
1737 1286 1754 1308 a

1009 1331 1154 1376 partibus
1174 1330 1367 1375 supradictis
1388 1329 1627 1373 expedirentur,
1646 1329 1755 1370 vigore

1009 1385 1246 1429 praesentium,
1271 1385 1311 1417 ad
1334 1383 1489 1416 terminos
1510 1382 1705 1416 concordiae
1726 1387 1756 1415 et

1011 1438 1235 1472 transactionis
1267 1437 1453 1471 huiusmodi
1485 1437 1704 1476 reducantur,
1726 1441 1756 1469 ct

1010 1493 1169 1536 generalis
1189 1491 1360 1525 antianitas
1381 1492 1420 1524 ad
1441 1491 1613 1533 dignitates
1631 1491 1756 1534 priora-

1010 1552 1101 1580 tuum
1120 1552 1149 1580 et
1170 1545 1404 1579 baiulivatuum
1425 1544 1546 1585 Italiae,
1562 1554 1644 1587 quae
1661 1555 1755 1587 prae-

1011 1601 1095 1634 dicto
1108 1600 1254 1633 Michaeli
1272 1599 1437 1633 Admirato
1452 1599 1491 1632 de
1504 1598 1635 1632 licentia
1648 1598 1756 1641 magni

1011 1654 1155 1697 magistri
1191 1659 1221 1686 et
1250 1653 1320 1686 eius
1350 1652 1496 1693 consilii,
1532 1663 1569 1685 ac
1598 1663 1756 1685 consensu

1010 1707 1167 1741 Vincentii
1199 1706 1440 1751 praedictorum
1467 1706 1634 1749 expedita,
1659 1706 1755 1739 etiam

1011 1761 1127 1794 tradita
1148 1761 1218 1801 suit,
1243 1760 1376 1794 omnino
1398 1760 1596 1799 observetur,
1620 1770 1680 1793 nec
1701 1760 1757 1792 ali-

1010 1826 1074 1858 quo
1095 1820 1188 1858 pacto
1218 1813 1401 1858 impugnari
1423 1818 1539 1857 queat,
1563 1823 1668 1856 neque
1690 1813 1757 1856 ipse

1010 1869 1139 1902 Miehael
1159 1868 1198 1900 ab
1217 1867 1286 1911 ipso
1304 1867 1482 1905 Vincentio,
1507 1877 1612 1910 neque
1630 1867 1669 1899 ab
1690 1867 1756 1899 ullo

1010 1922 1073 1955 alio
1104 1932 1237 1955 suorum
1266 1921 1408 1954 filiorum
1436 1921 1672 1961 Arnaldormm
1696 1921 1755 1953 sub

1010 1976 1122 2020 quovis
1142 1980 1340 2019 ¹praetextu,
1364 1980 1590 2018 praeterquam
1618 1974 1659 2007 ob
1690 1985 1754 2007 non

1010 2030 1090 2062 sacta
1112 2028 1375 2067 melioramenta,
1405 2029 1452 2061 vel
1474 2027 1642 2061 occasione
1663 2027 1755 2060 debi-

1011 2088 1117 2116 torum
1138 2081 1321 2115 eommunis
1341 2081 1468 2121 aerarii,
1498 2080 1661 2114 molestari
1683 2092 1756 2124 pos-

1009 2136 1049 2169 sit
1069 2136 1101 2169 in
1122 2135 1282 2169 effectuali
1301 2135 1529 2169 consecutione
1550 2140 1623 2167 ante
1644 2145 1756 2167 omnes

1010 2195 1040 2222 et
1077 2200 1300 2233 quoscumque
1346 2189 1430 2221 illius
1470 2188 1662 2221 lmiulivatus
1699 2199 1755 2221 seu

1009 2243 1171 2287 prioratus
1199 2244 1302 2276 dictae
1328 2243 1468 2284 Linguae
1500 2242 1626 2283 Italiae,
1658 2253 1754 2286 quem

1009 2307 1068 2340 pro
1090 2302 1235 2340 tempore
1257 2302 1423 2329 vacantem
1446 2296 1555 2338 vigore
1577 2295 1676 2339 ipsius
1696 2306 1753 2337 ge-

1009 2351 1127 2384 neralis
1162 2351 1359 2384 antianitatis
1392 2357 1560 2394 acceptare
1593 2351 1752 2391 voluerit,

1010 2404 1178 2448 (prioratu
1198 2404 1325 2448 Capuae
1347 2404 1571 2437 tantummodo
1593 2405 1753 2448 excepto);

1010 2463 1040 2491 et
1057 2457 1144 2501 quod
1163 2458 1203 2490 ad
1232 2458 1360 2490 finalem
1392 2457 1628 2501 expeditionem
1655 2458 1757 2491 dedu-

1010 2516 1124 2544 cantur
1141 2515 1286 2544 caeterae
1306 2510 1511 2543 antianitates
1531 2511 1570 2543 ad
1585 2510 1756 2553 dignitates

1010 2563 1200 2607 praedictas⁷
1217 2575 1300 2607 quae
1317 2564 1508 2597 auctoritate
1526 2564 1684 2607 generalis
1705 2575 1756 2598 ca-

1010 2617 1101 2661 pituli
1134 2617 1248 2650 ultimo
1282 2618 1354 2650 loco
1386 2618 1562 2658 celebrati,
1591 2617 1755 2661 primariis

1010 2671 1147 2705 antianis
1168 2671 1312 2705 ciusdem
1327 2671 1467 2714 Linguae
1481 2671 1587 2705 ltaliae
1601 2671 1663 2704 iam
1679 2682 1755 2705 con-

1769 263 1814 287 Aa.
1834 262 1862 287 t).
1885 261 1949 287 ttttttt

1795 697 1921 718 Gonfflrdia.
