2253 3195
45 260 91 287 Αη.
108 257 134 284 C.
159 255 225 284 1602

202 983 207 987 ῃ
240 941 359 976 ctoriae
378 952 565 974 concessum
580 953 653 975 cum
671 941 872 985 obligatione
888 941 985 974 fabri-

227 2622 229 2624 .
249 2602 303 2625 sex
326 2591 432 2631 libras,
449 2589 693 2634 quatuordecim
712 2589 832 2622 solidos
854 2594 885 2622 et
902 2587 994 2631 quin-

858 255 1005 279 CLEMENS
1022 255 1080 278 vm
1098 255 1148 278 PP.

239 308 420 347 separatum
447 309 477 336 et
502 303 766 337 dismembratum
789 302 828 335 ab
853 303 985 336 ecclesia

239 357 412 390 cathedrali
438 363 466 390 et
494 357 665 400 parochiali
690 357 928 399 Segobricensi‚
956 362 986 389 et

240 410 272 443 in
298 421 336 443 eo
360 410 551 454 parochialis
577 410 710 443 ecclesia
734 414 837 442 erecta
855 409 914 442 sub
931 409 986 442 in-

239 465 404 497 vocatione
439 463 546 496 Sancti
585 464 712 496 Ioannis
754 463 927 506 Baptistae,
955 469 984 496 et

240 516 347 550 dotata
384 517 422 549 de
449 516 588 559 [triginta
627 515 715 549 libris
741 516 772 548 in
803 515 981 555 reditibus,

240 569 426 612 quindecim
452 569 610 610 videlicet,
639 580 718 612 quas
744 569 807 602 dux
826 570 984 611 praefatus

239 621 278 656 de
304 623 431 666 Sogorb
457 633 552 666 super
577 623 670 655 certis
694 629 722 656 et
749 622 867 655 securis
895 622 981 655 redi-

240 675 327 709 tibus
353 676 589 719 consignandas
614 676 760 715 solveret,
788 681 818 708 et
842 675 981 718 quinde-

239 729 300 762 cim
326 740 363 762 ex
388 730 519 762 decimis
545 735 575 763 et
599 729 747 773 primitiis
772 728 849 762 dieti
875 728 983 772 oppidi

239 781 464 823 desumendis‚
504 788 535 815 et
571 782 644 815 duci
681 783 823 825 praefato
855 782 1002 815 suerunt*

239 835 418 877 consignati
445 835 566 868 reditus
604 835 643 867 ad
677 835 871 878 mesquitam
907 835 983 867 olim

239 887 454 931 pertinentes,
475 894 507 922 et
531 888 773 932 iuspatronatus
797 887 903 921 dictae
928 898 980 920 re-

241 1006 310 1028 cam
335 1001 366 1029 et.
390 1001 578 1028 ornamenta
603 988 745 1038 praefata
770 995 980 1028 sustentandi.

240 1048 301 1081 Sed
326 1049 384 1081 ista
402 1048 522 1081 dotatio
539 1058 706 1091 nunquam
723 1049 835 1081 sortita
848 1054 895 1082 est
911 1048 985 1081 effe-

241 1107 340 1142 ctum,
360 1112 433 1134 cum
448 1101 563 1134 ducem
578 1102 756 1144 praefatum
773 1112 832 1134 nec
849 1102 984 1145 quinde-
1001 1114 1003 1125 ¹

241 1155 303 1187 cim
327 1154 424 1187 libras
449 1154 665 1197 consignasse,
693 1165 749 1187 nec
774 1154 927 1187 fabricam
955 1160 986 1187 et

241 1213 428 1240 ornamenta
448 1207 595 1240 refecisse
614 1213 750 1240 constat.
771 1207 862 1240 Nunc
879 1214 985 1240 autem

242 1261 409 1304 presbyter
434 1256 648 1293 mercenarius
673 1261 712 1292 ab
737 1260 907 1293 Ordinatio
932 1259 986 1292 de—

242 1319 372 1357 putatus
398 1312 510 1347 diebus
536 1313 707 1346 dominicis
741 1320 772 1346 et
804 1313 921 1347 festivis
947 1313 985 1346 ad

243 1367 398 1411 oppidum
416 1368 600 1411 praefatum.
618 1378 650 1401 se
686 1369 831 1405 confert,
857 1367 942 1410 quod
969 1378 985 1399 a

244 1421 369 1454 civitate
394 1420 615 1464 Segobricensi
642 1422 731 1454 leuca
748 1420 911 1454 dimidiata
934 1421 986 1453 di-

243 1479 314 1516 stat,
331 1474 440 1517 ibique
456 1474 583 1507 missam
598 1473 750 1514 celebrat,
763 1479 791 1507 et
808 1473 985 1507 doctrinam

243 1527 448 1560 christianam
475 1528 585 1560 recitat
610 1527 838 1570 parochianis,
874 1533 905 1560 et
928 1537 987 1570 pro

243 1581 359 1614 salario
385 1581 561 1614 oblationes
579 1587 609 1614 et
627 1581 843 1615 emolumenta
857 1592 893 1614 ex
907 1581 987 1624 pede
1004 1601 1005 1614 i

243 1634 351 1667 altaris
374 1633 488 1674 habet,
516 1644 568 1666 sex
593 1634 668 1666 item
695 1633 801 1674 libras,
826 1644 904 1677 quas
919 1634 988 1666 uni-

243 1687 374 1720 versitas
391 1686 468 1720 dicti
485 1686 596 1730 oppidi
609 1687 701 1720 solvit
715 1698 722 1727 3
738 1693 865 1730 oportet
879 1686 987 1729 igitur,
1004 1695 1006 1705 ¹

244 1741 331 1784 quod
357 1740 442 1774 dieta
467 1740 657 1784 parochialis
678 1740 811 1773 ecelesia
832 1740 870 1773 de
888 1740 1006 1779 Heldo<¹

244 1794 373 1828 dotetur
408 1795 447 1827 de
479 1800 605 1827 centum
641 1793 731 1826 libris
764 1794 796 1826 in
834 1793 988 1826 reditibus

244 1847 391 1891 quolibet
415 1858 510 1888 anno,
530 1848 590 1880 boc
609 1847 758 1879 videlicet
776 1848 883 1887 modo,
903 1848 988 1889 quod
1005 1855 1006 1872 t

243 1901 362 1935 fabrica
385 1901 539 1934 ecelesiae
553 1900 747 1934 cathedralis
760 1906 790 1933 et
801 1900 989 1943 parochialis

245 1953 482 1998 Segobricensis
500 1954 599 1986 solvat
619 1953 789 1987 tresdecim
809 1953 919 1994 libras,
937 1963 989 1985 sex
1005 1961 1007 1975 t

245 2008 362 2041 solidos
386 2014 417 2041 et
440 2013 512 2041 octo
537 2007 708 2047 denarios,
737 2007 859 2039 ratione
891 2006 989 2050 partis

245 2061 486 2104 primitiarum,
524 2072 620 2104 quam
654 2072 691 2094 ex
727 2062 839 2094 eodem
872 2061 990 2104 oppido

245 2115 369 2158 recipit,
390 2124 472 2158 quac
491 2114 601 2147 eadem
628 2115 804 2158 quantitate
829 2114 991 2147 aestimata

246 2174 304 2202 est.
325 2169 430 2201 Mensa
447 2168 635 2212 episcopalis
659 2167 898 2210 Segobricensis
922 2167 988 2199 sol-

245 2227 294 2255 vat
323 2221 432 2264 viginti
458 2226 530 2255 octo
560 2221 673 2261 libras,
702 2220 845 2264 quinque
873 2220 1009 2272 solidos¹

246 2280 277 2307 ct
301 2278 420 2317 septem
454 2273 622 2315 denarios,
651 2273 774 2306 ratione
800 2273 899 2316 partis
926 2273 992 2305 fru-

247 2333 357 2360 ctuum
409 2326 632 2370 primitialium
679 2331 709 2359 et
757 2325 962 2359 decimalium
982 2352 989 2365 ,

247 2390 343 2423 quam
368 2391 404 2413 ex
429 2390 466 2413 eo
491 2380 575 2423 capit
600 2379 745 2422 oppido,
778 2378 992 2421 quadraginta

247 2432 349 2473 libris,
376 2439 449 2467 octo
473 2432 584 2465 solidis
601 2438 628 2465 et
648 2442 712 2465 uno
736 2430 887 2471 denario,
911 2430 1010 2478 sacta}

248 2485 390 2528 legitima
425 2485 653 2528 liquidatione,
678 2484 891 2517 aestimatam.
930 2479 1010 2514 Ar-¹

249 2538 455 2572 cliidiaconus
490 2537 595 2570 maior
619 2536 859 2579 Segobricensis
896 2536 994 2568 solvat

250 2656 312 2688 quc
330 2644 492 2685 denarios,
512 2643 670 2681 videlicet,
699 2643 779 2676 duas
797 2642 909 2682 libras,
926 2652 994 2675 sex-
1010 2660 1012 2683 t

288 2707 367 2734 Bttll.
386 2707 468 2734 Rom.
493 2706 550 2733 Vol.
572 2705 605 2731 X.
778 2705 827 2732 103

1020 303 1123 336 decim
1142 302 1260 335 solidos
1276 308 1305 336 et
1319 307 1440 346 septem
1455 303 1616 342 denarios,
1634 303 1759 335 ratione

1021 357 1163 389 undenae
1189 356 1286 399 partis
1308 356 1505 389 decimarum
1532 357 1570 389 ad
1596 367 1686 389 suam
1712 356 1758 389 di-

1019 409 1171 452 gnitatem
1197 410 1404 453 pertinentis,
1430 416 1459 442 et
1484 410 1759 453 treslibras,sep-

1019 462 1176 495 tendecim
1217 463 1336 495 solidos
1375 469 1405 496 et.
1442 465 1552 496 decem
1587 463 1755 504 denarios,

1019 516 1142 548 ratione
1178 516 1309 549 alterius
1352 517 1449 559 partis
1481 517 1693 560 primitiarum
1730 523 1760 549 ct

1019 569 1215 602 decimarum
1254 570 1291 601 ad
1328 569 1516 612 dignitatem
1550 570 1758 613 pertinentis,

1001 633 1099 663 uuae
1124 628 1226 665 partes
1252 622 1380 655 insimul
1411 623 1525 655 valoris
1550 628 1623 655 sunt
1648 633 1760 655 novem

1001 675 1185 715 {librarunn
1212 676 1362 708 undecim
1388 676 1574 715 solidorum,
1599 682 1627 709 et
1654 677 1757 709 unde-

1019 727 1080 760 cim
1117 729 1335 762 denariorum.
1384 730 1584 762 Tliesaurarii
1621 730 1761 769 dignitas

1019 780 1258 822 Segobricensis
1278 782 1430 814 ecclesiae
1449 783 1549 815 solvat
1572 789 1636 815 tres
1651 782 1758 822 libras,

1018 834 1235 876 septendecim
1261 834 1394 874 solidos,¹
1420 841 1448 867 et
1476 836 1586 868 decem
1613 835 1761 868 denarios

1019 887 1141 920 ratione
1157 888 1254 930 partis
1273 888 1472 920 decimarum
1488 895 1518 921 et
1532 888 1758 932 primitiarum,

1019 951 1115 983 quam
1141 952 1176 973 ex
1202 941 1314 974 eodem
1339 941 1458 984 oppido
1477 941 1599 984 recipit,
1619 942 1763 984 quinque

1019 993 1129 1033 libris,
1154 995 1306 1028 undecim
1341 995 1450 1028 solidis
1483 1001 1513 1028 et
1546 1005 1608 1027 uno
1634 995 1763 1029 denario

1019 1047 1215 1080 aestimatae.
1236 1048 1304 1080 Duo
1329 1058 1404 1081 vero
1426 1048 1570 1080 canonici
1595 1048 1695 1080 curati
1711 1047 1763 1079 Se-

1019 1100 1224 1143 gobricenses
1249 1101 1372 1134 solvant
1397 1107 1517 1144 septem
1544 1101 1764 1144 libras,quin—

1020 1154 1125 1187 decim
1150 1154 1267 1187 solidos
1296 1160 1326 1187 et
1350 1165 1403 1187 sex
1436 1155 1583 1187 denarios
1608 1166 1665 1198 pro
1692 1166 1760 1188 me-

1020 1207 1137 1240 dietate
1162 1207 1297 1250 quilibet
1321 1218 1447 1246 eorum,
1474 1207 1621 1240 videlicet
1642 1214 1705 1240 tres
1720 1208 1759 1240 li-

1020 1261 1105 1299 bras,
1126 1261 1234 1293 decem
1252 1266 1280 1293 et
1312 1266 1432 1303 septem
1464 1260 1581 1293 solidos
1599 1267 1627 1293 et
1647 1271 1762 1293 novem

1021 1314 1170 1346 denarios
1186 1340 1193 1353 ,
1220 1314 1342 1346 ratione
1368 1313 1466 1356 partis
1491 1313 1707 1356 primitiarum
1734 1320 1764 1346 et

1021 1366 1232 1407 decimarum,
1246 1377 1343 1409 quam
1357 1377 1393 1398 ex
1410 1377 1447 1399 eo
1464 1366 1582 1409 oppido
1597 1366 1764 1409 recipiunt,

1021 1431 1101 1463 quae
1126 1419 1275 1453 undecim
1302 1419 1410 1459 libris,
1439 1420 1564 1451 dnobus
1597 1419 1705 1451 solidis
1734 1425 1765 1452 et

1022 1474 1123 1507 tribus
1148 1473 1285 1506 denariis
1311 1473 1475 1506 aestimata
1501 1478 1557 1506 est.
1586 1472 1761 1516 Applican-

1022 1531 1072 1559 tur
1097 1532 1261 1569 praeterea
1286 1525 1399 1569 viginti
1433 1525 1531 1557 librae
1556 1535 1593 1557 ex
1623 1525 1765 1558 oblatio-

1020 1580 1116 1613 nibus
1152 1585 1181 1612 et
1214 1579 1438 1611 emolumentis
1474 1589 1509 1611 ex
1542 1578 1622 1621 pede
1657 1578 1766 1610 altaris

1022 1633 1290 1677 provenientibus.
1330 1632 1522 1664 Universitas
1555 1642 1630 1664 vero
1655 1631 1765 1674 oppidi

1023 1687 1061 1719 de
1086 1685 1187 1720 Heldo
1216 1686 1313 1718 solvat
1347 1685 1456 1728 viginti
1487 1685 1584 1717 libras
1621 1690 1766 1717 monetae

1023 1738 1255 1772 Valentinensis
1280 1749 1338 1781 pro
1360 1738 1471 1770 eadem
1490 1737 1582 1778 dote,
1615 1748 1763 1781 compre-

1022 1793 1126 1825 hensis
1151 1792 1213 1825 illis
1239 1803 1291 1825 sex
1308 1791 1416 1831 libris,
1444 1801 1523 1834 quas
1542 1797 1634 1824 antea
1661 1790 1765 1824 eidem

1023 1845 1137 1879 rectori
1168 1845 1329 1883 solvebat,
1355 1856 1391 1878 ex
1423 1855 1460 1877 eo
1492 1845 1578 1887 quod
1608 1844 1767 1888 primitiae

1023 1906 1053 1933 et
1078 1899 1219 1932 decimae
1241 1898 1347 1941 oppidi
1365 1898 1496 1940 praefati
1511 1899 1548 1930 ad
1568 1902 1766 1941 praesentem

1024 1953 1220 1985 dotationem
1245 1962 1310 1984 non
1328 1951 1509 1991 sufficiunt,
1529 1961 1586 1982 nce
1611 1951 1650 1983 ad
1677 1950 1763 1984 valo-

1023 2017 1090 2039 rem
1109 2011 1238 2039 centum
1259 2005 1413 2038 librarum
1426 2004 1612 2044 ascendunt,
1636 2005 1674 2036 ad
1689 2014 1767 2046 quas

1024 2059 1133 2103 viginti
1166 2058 1263 2091 libras
1298 2057 1412 2091 rectori
1450 2057 1591 2100 praefato
1624 2056 1768 2099 quolibet

1025 2123 1107 2145 anno
1143 2111 1309 2144 solvendas
1344 2110 1532 2143 universitas
1568 2111 1707 2154 praefata
1737 2116 1768 2143 et

1007 2166 1123 2210 'iurati
1156 2176 1187 2198 se
1221 2164 1425 2207 obligarunt,
1452 2169 1525 2196 actu
1556 2169 1683 2207 recepto
1712 2173 1769 2206 per

1024 2218 1186 2251 notarium
1202 2216 1450 2260 infrascriptum,
1464 2215 1513 2248 die
1530 2225 1629 2248 xxvni
1652 2214 1769 2247 mensis

1026 2271 1105 2311 iuni,
1133 2281 1217 2303 anno
1235 2278 1361 2302 iinxcvi.
1391 2268 1476 2306 Quae
1495 2278 1606 2301 omnes
1623 2278 1767 2301 summae

1025 2324 1123 2356 libras
1148 2329 1276 2356 centum
1303 2321 1461 2360 efficiunt,
1488 2326 1517 2353 et
1544 2331 1601 2363 pro
1626 2320 1698 2353 dote
1724 2321 1770 2353 di-

1026 2383 1093 2410 ctae
1106 2376 1296 2421 parochialis
1311 2376 1348 2408 de
1367 2374 1465 2406 thino
1483 2373 1617 2416 eiusque
1635 2374 1769 2407 rectoris

1027 2436 1180 2472 perpetuo
1218 2439 1275 2471 per
1311 2430 1467 2471 praefatos
1506 2426 1768 2467 contribuentes,

1027 2482 1171 2525 quolibet
1194 2492 1277 2513 anno
1304 2481 1480 2524 respective
1507 2480 1685 2517 solvendae,
1710 2491 1768 2524 ap-

1028 2536 1205 2578 plicantur,
1233 2541 1264 2567 tet
1290 2535 1319 2567 in
1346 2534 1403 2567 bae
1429 2533 1592 2566 dotatione
1621 2534 1771 2567 dominus

1028 2588 1215 2631 temporalis
1230 2597 1287 2631 pro
1303 2597 1360 2620 sua
1375 2586 1465 2620 tertia
1476 2591 1563 2630 parte
1574 2586 1770 2619 decimarum

1028 2652 1093 2674 non
1111 2640 1296 2674 contribuit.
1326 2640 1358 2671 ln
1384 2639 1524 2673 Ecclesia
1548 2638 1692 2672 sacristia
1721 2650 1771 2672 ae-

1659 244 1722 277 817
1770 254 1817 281 An.
1841 254 1870 281 c.
1890 231 1956 282 i602
