<?xml version="1.0" encoding="UTF-8"?>
<!DOCTYPE html PUBLIC "-//W3C//DTD XHTML 1.0 Transitional//EN"
    "http://www.w3.org/TR/xhtml1/DTD/xhtml1-transitional.dtd">
<html xmlns="http://www.w3.org/1999/xhtml" xml:lang="en" lang="en">
 <head>
  <title>
</title>
<meta http-equiv="Content-Type" content="text/html;charset=utf-8" />
  <meta name='ocr-system' content='tesseract 3.04.00' />
  <meta name='ocr-capabilities' content='ocr_page ocr_carea ocr_par ocr_line ocrx_word'/>
</head>
<body>
  <div class='ocr_page' id='page_1' title='image "./bullarumdiplomat10cath_0283.png"; bbox 0 0 2253 3195; ppageno 0'>
   <div class='ocr_carea' id='block_1_1' title="bbox 1 212 200 254">
    <p class='ocr_par' dir='ltr' id='par_1_1' title="bbox 1 212 200 254">
     <span class='ocr_line' id='line_1_1' title="bbox 1 212 200 254; baseline 0.005 -15"><span class='ocrx_word' id='word_1_1' title='bbox 1 248 3 254; x_wconf 18' lang='grc' dir='ltr'>ἲ</span> <span class='ocrx_word' id='word_1_2' title='bbox 18 213 66 240; x_wconf 78' lang='lat' dir='ltr'>An.</span> <span class='ocrx_word' id='word_1_3' title='bbox 82 213 108 241; x_wconf 72' lang='grc' dir='ltr'>(ἶ.</span> <span class='ocrx_word' id='word_1_4' title='bbox 134 212 200 241; x_wconf 79' lang='lat'>1595</span> 
     </span>
    </p>
   </div>
   <div class='ocr_carea' id='block_1_2' title="bbox 0 89 11 1156">
    <p class='ocr_par' dir='ltr' id='par_1_2' title="bbox 0 89 11 1156">
     <span class='ocr_line' id='line_1_2' title="bbox 0 89 11 1156; baseline 0 0"><span class='ocrx_word' id='word_1_5' title='bbox 0 89 11 1156; x_wconf 95' lang='lat' dir='ltr'> </span> 
     </span>
    </p>
   </div>
   <div class='ocr_carea' id='block_1_3' title="bbox 7 2125 189 2202">
    <p class='ocr_par' dir='ltr' id='par_1_3' title="bbox 7 2125 189 2202">
     <span class='ocr_line' id='line_1_3' title="bbox 32 2125 188 2148; baseline 0.006 -1"><span class='ocrx_word' id='word_1_6' title='bbox 32 2125 134 2148; x_wconf 57' lang='lat' dir='ltr'>Admissi-³</span> <span class='ocrx_word' id='word_1_7' title='bbox 148 2127 188 2148; x_wconf 79' lang='lat' dir='ltr'>Ru-</span> 
     </span>
     <span class='ocr_line' id='line_1_4' title="bbox 7 2151 189 2180; baseline 0.005 -7"><span class='ocrx_word' id='word_1_8' title='bbox 7 2151 114 2174; x_wconf 69' lang='lat' dir='ltr'>thenorum</span> <span class='ocrx_word' id='word_1_9' title='bbox 121 2154 146 2174; x_wconf 79' lang='lat' dir='ltr'>ad</span> <span class='ocrx_word' id='word_1_10' title='bbox 153 2160 189 2180; x_wconf 86' lang='lat' dir='ltr'>pe-</span> 
     </span>
     <span class='ocr_line' id='line_1_5' title="bbox 7 2179 179 2202; baseline 0.012 -3"><span class='ocrx_word' id='word_1_11' title='bbox 7 2179 65 2200; x_wconf 74' lang='lat' dir='ltr'>titan·</span> <span class='ocrx_word' id='word_1_12' title='bbox 75 2181 179 2202; x_wconf 79' lang='lat' dir='ltr'>unionem.</span> 
     </span>
    </p>
   </div>
   <div class='ocr_carea' id='block_1_4' title="bbox 829 214 1124 239">
    <p class='ocr_par' dir='ltr' id='par_1_4' title="bbox 829 214 1124 239">
     <span class='ocr_line' id='line_1_6' title="bbox 829 214 1124 239; baseline 0 -1"><span class='ocrx_word' id='word_1_13' title='bbox 829 214 975 239; x_wconf 85' lang='lat' dir='ltr'>CLEMENS</span> <span class='ocrx_word' id='word_1_14' title='bbox 996 216 1054 239; x_wconf 80' lang='lat' dir='ltr'>VIII</span> <span class='ocrx_word' id='word_1_15' title='bbox 1074 216 1124 239; x_wconf 86' lang='lat' dir='ltr'>PP.</span> 
     </span>
    </p>
   </div>
   <div class='ocr_carea' id='block_1_5' title="bbox 213 261 957 415">
    <p class='ocr_par' dir='ltr' id='par_1_5' title="bbox 213 261 957 415">
     <span class='ocr_line' id='line_1_7' title="bbox 213 261 957 305; baseline 0.003 -11"><span class='ocrx_word' id='word_1_16' title='bbox 213 261 273 295; x_wconf 85' lang='lat' dir='ltr'>cite</span> <span class='ocrx_word' id='word_1_17' title='bbox 295 262 420 305; x_wconf 82' lang='lat' dir='ltr'>possint</span> <span class='ocrx_word' id='word_1_18' title='bbox 441 267 472 295; x_wconf 84' lang='lat' dir='ltr'>et</span> <span class='ocrx_word' id='word_1_19' title='bbox 491 263 637 303; x_wconf 87' lang='lat' dir='ltr'>valeant,</span> <span class='ocrx_word' id='word_1_20' title='bbox 659 263 744 296; x_wconf 86' lang='lat' dir='ltr'>dicta</span> <span class='ocrx_word' id='word_1_21' title='bbox 767 263 957 296; x_wconf 87' lang='lat' dir='ltr'>auctoritate</span> 
     </span>
     <span class='ocr_line' id='line_1_8' title="bbox 213 315 385 358; baseline 0 -11"><span class='ocrx_word' id='word_1_22' title='bbox 213 315 385 358; x_wconf 71' lang='lat' dir='ltr'>dispenset.</span> 
     </span>
     <span class='ocr_line' id='line_1_9' title="bbox 257 368 952 415; baseline 0.001 -14"><span class='ocrx_word' id='word_1_23' title='bbox 257 369 272 411; x_wconf 64' lang='grc' dir='ltr'><strong>ξ</strong></span> <span class='ocrx_word' id='word_1_24' title='bbox 292 368 322 402; x_wconf 81' lang='grc'>9.</span> <span class='ocrx_word' id='word_1_25' title='bbox 346 369 424 412; x_wconf 82' lang='lat' dir='ltr'>Ipsis</span> <span class='ocrx_word' id='word_1_26' title='bbox 445 380 520 402; x_wconf 82' lang='lat' dir='ltr'>vero</span> <span class='ocrx_word' id='word_1_27' title='bbox 541 370 675 414; x_wconf 86' lang='lat' dir='ltr'>Hypatio</span> <span class='ocrx_word' id='word_1_28' title='bbox 697 377 727 403; x_wconf 82' lang='lat' dir='ltr'>et</span> <span class='ocrx_word' id='word_1_29' title='bbox 747 370 862 415; x_wconf 69' lang='lat' dir='ltr'>Cyrillo</span> <span class='ocrx_word' id='word_1_30' title='bbox 883 370 952 413; x_wconf 87' lang='lat' dir='ltr'>epi-</span> 
     </span>
    </p>
   </div>
   <div class='ocr_carea' id='block_1_6' title="bbox 0 418 955 557">
    <p class='ocr_par' dir='ltr' id='par_1_6' title="bbox 0 418 955 557">
     <span class='ocr_line' id='line_1_10' title="bbox 0 418 955 477; baseline 0 -22"><span class='ocrx_word' id='word_1_31' title='bbox 0 418 2 441; x_wconf 62' lang='grc'>”</span> <span class='ocrx_word' id='word_1_32' title='bbox 31 429 197 477; x_wconf 43' lang='lat' dir='ltr'>{tiffijjvr&#39;ogu-</span> <span class='ocrx_word' id='word_1_33' title='bbox 213 422 317 466; x_wconf 83' lang='lat' dir='ltr'>scopis</span> <span class='ocrx_word' id='word_1_34' title='bbox 330 427 360 455; x_wconf 86' lang='lat' dir='ltr'>et</span> <span class='ocrx_word' id='word_1_35' title='bbox 374 423 556 456; x_wconf 85' lang='lat' dir='ltr'>oratoribus</span> <span class='ocrx_word' id='word_1_36' title='bbox 570 424 753 456; x_wconf 74' lang='lat' dir='ltr'>facultatem</span> <span class='ocrx_word' id='word_1_37' title='bbox 769 429 799 456; x_wconf 89' lang='lat' dir='ltr'>et</span> <span class='ocrx_word' id='word_1_38' title='bbox 817 429 955 466; x_wconf 79' lang='lat' dir='ltr'>potesta-</span> 
     </span>
     <span class='ocr_line' id='line_1_11' title="bbox 0 462 955 530; baseline 0.002 -24"><span class='ocrx_word' id='word_1_39' title='bbox 0 462 198 530; x_wconf 45' lang='grc' dir='ltr'>’ἓξοῠιῖῖξεεςῖέιδὲἐιέ</span> <span class='ocrx_word' id='word_1_40' title='bbox 215 481 277 508; x_wconf 88' lang='lat' dir='ltr'>tem</span> <span class='ocrx_word' id='word_1_41' title='bbox 299 476 457 515; x_wconf 81' lang='lat' dir='ltr'>dedimus,</span> <span class='ocrx_word' id='word_1_42' title='bbox 473 487 544 508; x_wconf 84' lang='lat' dir='ltr'>cun]</span> <span class='ocrx_word' id='word_1_43' title='bbox 564 476 596 508; x_wconf 92' lang='lat' dir='ltr'>in</span> <span class='ocrx_word' id='word_1_44' title='bbox 616 476 728 509; x_wconf 88' lang='lat' dir='ltr'>Russia</span> <span class='ocrx_word' id='word_1_45' title='bbox 750 476 877 515; x_wconf 80' lang='lat' dir='ltr'>fuerint,</span> <span class='ocrx_word' id='word_1_46' title='bbox 900 476 955 508; x_wconf 86' lang='lat' dir='ltr'>ab-</span> 
     </span>
     <span class='ocr_line' id='line_1_12' title="bbox 0 537 177 557; baseline 0.006 -1"><span class='ocrx_word' id='word_1_47' title='bbox 0 543 1 547; x_wconf 56' lang='lat'><em>*</em></span> <span class='ocrx_word' id='word_1_48' title='bbox 15 541 64 557; x_wconf 82' lang='lat' dir='ltr'>suae</span> <span class='ocrx_word' id='word_1_49' title='bbox 79 537 177 557; x_wconf 79' lang='lat' dir='ltr'>nationis.</span> 
     </span>
    </p>
   </div>
   <div class='ocr_carea' id='block_1_7' title="bbox 198 529 955 2598">
    <p class='ocr_par' dir='ltr' id='par_1_7' title="bbox 198 529 955 2598">
     <span class='ocr_line' id='line_1_13' title="bbox 212 529 955 572; baseline 0.001 -12"><span class='ocrx_word' id='word_1_50' title='bbox 212 529 366 569; x_wconf 84' lang='lat' dir='ltr'>solvendi,</span> <span class='ocrx_word' id='word_1_51' title='bbox 391 530 501 562; x_wconf 85' lang='lat' dir='ltr'>cadem</span> <span class='ocrx_word' id='word_1_52' title='bbox 524 535 631 562; x_wconf 87' lang='lat' dir='ltr'>nostra</span> <span class='ocrx_word' id='word_1_53' title='bbox 651 529 826 572; x_wconf 82' lang='lat' dir='ltr'>apostolica</span> <span class='ocrx_word' id='word_1_54' title='bbox 847 534 955 561; x_wconf 81' lang='lat' dir='ltr'>aucto-</span> 
     </span>
     <span class='ocr_line' id='line_1_14' title="bbox 212 581 955 621; baseline 0 -8"><span class='ocrx_word' id='word_1_55' title='bbox 212 581 315 621; x_wconf 89' lang='lat' dir='ltr'>ritate,</span> <span class='ocrx_word' id='word_1_56' title='bbox 334 583 448 615; x_wconf 88' lang='lat' dir='ltr'>eodem</span> <span class='ocrx_word' id='word_1_57' title='bbox 470 583 567 615; x_wconf 90' lang='lat' dir='ltr'>modo</span> <span class='ocrx_word' id='word_1_58' title='bbox 589 582 627 615; x_wconf 92' lang='lat' dir='ltr'>ab</span> <span class='ocrx_word' id='word_1_59' title='bbox 649 581 955 615; x_wconf 73' lang='lat' dir='ltr'>excommunicatio-</span> 
     </span>
     <span class='ocr_line' id='line_1_15' title="bbox 211 635 950 679; baseline -0.001 -11"><span class='ocrx_word' id='word_1_60' title='bbox 211 635 271 676; x_wconf 85' lang='lat' dir='ltr'>nis,</span> <span class='ocrx_word' id='word_1_61' title='bbox 296 636 513 679; x_wconf 80' lang='lat' dir='ltr'>suspensionis</span> <span class='ocrx_word' id='word_1_62' title='bbox 534 641 563 668; x_wconf 87' lang='lat' dir='ltr'>et</span> <span class='ocrx_word' id='word_1_63' title='bbox 586 636 746 668; x_wconf 88' lang='lat' dir='ltr'>interdicti</span> <span class='ocrx_word' id='word_1_64' title='bbox 767 635 950 676; x_wconf 82' lang='lat' dir='ltr'>sententiis,</span> 
     </span>
     <span class='ocr_line' id='line_1_16' title="bbox 211 688 953 732; baseline -0.001 -11"><span class='ocrx_word' id='word_1_65' title='bbox 211 688 354 721; x_wconf 82' lang='lat' dir='ltr'>censuris</span> <span class='ocrx_word' id='word_1_66' title='bbox 383 694 413 721; x_wconf 91' lang='lat' dir='ltr'>et</span> <span class='ocrx_word' id='word_1_67' title='bbox 440 688 553 732; x_wconf 89' lang='lat' dir='ltr'>poenis</span> <span class='ocrx_word' id='word_1_68' title='bbox 582 689 768 721; x_wconf 84' lang='lat' dir='ltr'>Michaelem</span> <span class='ocrx_word' id='word_1_69' title='bbox 794 688 953 731; x_wconf 83' lang='lat' dir='ltr'>archiepi-</span> 
     </span>
     <span class='ocr_line' id='line_1_17' title="bbox 210 741 950 785; baseline -0.003 -10"><span class='ocrx_word' id='word_1_70' title='bbox 210 752 344 785; x_wconf 80' lang='lat' dir='ltr'>scopum</span> <span class='ocrx_word' id='word_1_71' title='bbox 377 748 407 775; x_wconf 89' lang='lat' dir='ltr'>et</span> <span class='ocrx_word' id='word_1_72' title='bbox 435 749 578 775; x_wconf 84' lang='lat' dir='ltr'>caeteros</span> <span class='ocrx_word' id='word_1_73' title='bbox 603 742 770 785; x_wconf 78' lang='lat' dir='ltr'>episcopos</span> <span class='ocrx_word' id='word_1_74' title='bbox 801 741 950 785; x_wconf 86' lang='lat' dir='ltr'>supradi-</span> 
     </span>
     <span class='ocr_line' id='line_1_18' title="bbox 210 794 953 838; baseline -0.003 -10"><span class='ocrx_word' id='word_1_75' title='bbox 210 800 287 828; x_wconf 84' lang='lat' dir='ltr'>ctos.</span> <span class='ocrx_word' id='word_1_76' title='bbox 311 796 356 828; x_wconf 86' lang='lat' dir='ltr'>Ac</span> <span class='ocrx_word' id='word_1_77' title='bbox 381 794 621 827; x_wconf 74' lang='lat' dir='ltr'>similitercum</span> <span class='ocrx_word' id='word_1_78' title='bbox 649 794 799 838; x_wconf 77' lang='lat' dir='ltr'>praefatis</span> <span class='ocrx_word' id='word_1_79' title='bbox 830 794 953 827; x_wconf 85' lang='lat' dir='ltr'>archie-</span> 
     </span>
     <span class='ocr_line' id='line_1_19' title="bbox 209 847 951 892; baseline -0.001 -11"><span class='ocrx_word' id='word_1_80' title='bbox 209 847 341 892; x_wconf 90' lang='lat' dir='ltr'>piscopo</span> <span class='ocrx_word' id='word_1_81' title='bbox 359 854 390 881; x_wconf 88' lang='lat' dir='ltr'>et</span> <span class='ocrx_word' id='word_1_82' title='bbox 407 848 565 892; x_wconf 84' lang='lat' dir='ltr'>episcopis</span> <span class='ocrx_word' id='word_1_83' title='bbox 585 860 683 892; x_wconf 88' lang='lat' dir='ltr'>super</span> <span class='ocrx_word' id='word_1_84' title='bbox 703 848 887 881; x_wconf 87' lang='lat' dir='ltr'>huiusmodi</span> <span class='ocrx_word' id='word_1_85' title='bbox 908 848 951 880; x_wconf 89' lang='lat' dir='ltr'>ir-</span> 
     </span>
     <span class='ocr_line' id='line_1_20' title="bbox 210 902 954 946; baseline 0 -12"><span class='ocrx_word' id='word_1_86' title='bbox 210 902 416 944; x_wconf 74' lang='lat' dir='ltr'>regularitate</span> <span class='ocrx_word' id='word_1_87' title='bbox 439 903 690 946; x_wconf 88' lang='lat' dir='ltr'>praemissorum</span> <span class='ocrx_word' id='word_1_88' title='bbox 710 902 878 936; x_wconf 75' lang='lat' dir='ltr'>occasione</span> <span class='ocrx_word' id='word_1_89' title='bbox 896 912 954 945; x_wconf 86' lang='lat' dir='ltr'>per</span> 
     </span>
     <span class='ocr_line' id='line_1_21' title="bbox 208 956 951 1001; baseline -0.001 -12"><span class='ocrx_word' id='word_1_90' title='bbox 208 966 263 989; x_wconf 88' lang='lat' dir='ltr'>eos</span> <span class='ocrx_word' id='word_1_91' title='bbox 282 957 413 989; x_wconf 83' lang='lat' dir='ltr'>sortasse</span> <span class='ocrx_word' id='word_1_92' title='bbox 431 962 596 990; x_wconf 83' lang='lat' dir='ltr'>contracta</span> <span class='ocrx_word' id='word_1_93' title='bbox 614 956 830 1001; x_wconf 87' lang='lat' dir='ltr'>dispensandi.</span> <span class='ocrx_word' id='word_1_94' title='bbox 848 957 892 989; x_wconf 81' lang='lat' dir='ltr'>Ac</span> <span class='ocrx_word' id='word_1_95' title='bbox 906 956 951 988; x_wconf 92' lang='lat' dir='ltr'>in-</span> 
     </span>
     <span class='ocr_line' id='line_1_22' title="bbox 208 1008 951 1054; baseline -0.001 -13"><span class='ocrx_word' id='word_1_96' title='bbox 208 1020 315 1053; x_wconf 83' lang='lat' dir='ltr'>super,</span> <span class='ocrx_word' id='word_1_97' title='bbox 331 1015 365 1042; x_wconf 87' lang='lat' dir='ltr'>ut</span> <span class='ocrx_word' id='word_1_98' title='bbox 379 1009 476 1043; x_wconf 91' lang='lat' dir='ltr'>iidem</span> <span class='ocrx_word' id='word_1_99' title='bbox 491 1010 753 1054; x_wconf 81' lang='lat' dir='ltr'>archiepiscopus</span> <span class='ocrx_word' id='word_1_100' title='bbox 767 1015 797 1042; x_wconf 91' lang='lat' dir='ltr'>et</span> <span class='ocrx_word' id='word_1_101' title='bbox 810 1008 951 1052; x_wconf 83' lang='lat' dir='ltr'>episcopi</span> 
     </span>
     <span class='ocr_line' id='line_1_23' title="bbox 207 1062 952 1106; baseline -0.001 -11"><span class='ocrx_word' id='word_1_102' title='bbox 207 1063 381 1105; x_wconf 78' lang='lat' dir='ltr'>supradicti</span> <span class='ocrx_word' id='word_1_103' title='bbox 399 1062 444 1096; x_wconf 87' lang='lat' dir='ltr'>sic</span> <span class='ocrx_word' id='word_1_104' title='bbox 461 1063 610 1103; x_wconf 89' lang='lat' dir='ltr'>absoluti,</span> <span class='ocrx_word' id='word_1_105' title='bbox 627 1068 656 1096; x_wconf 89' lang='lat' dir='ltr'>et</span> <span class='ocrx_word' id='word_1_106' title='bbox 679 1074 750 1095; x_wconf 78' lang='lat' dir='ltr'>cum</span> <span class='ocrx_word' id='word_1_107' title='bbox 773 1062 900 1106; x_wconf 80' lang='lat' dir='ltr'>quibus,</span> <span class='ocrx_word' id='word_1_108' title='bbox 918 1068 952 1095; x_wconf 90' lang='lat' dir='ltr'>ut</span> 
     </span>
     <span class='ocr_line' id='line_1_24' title="bbox 206 1116 948 1160; baseline 0.001 -12"><span class='ocrx_word' id='word_1_109' title='bbox 206 1116 380 1159; x_wconf 77' lang='lat' dir='ltr'>praefatur,</span> <span class='ocrx_word' id='word_1_110' title='bbox 403 1116 497 1149; x_wconf 90' lang='lat' dir='ltr'>fuerit</span> <span class='ocrx_word' id='word_1_111' title='bbox 517 1116 749 1160; x_wconf 86' lang='lat' dir='ltr'>dispensatum,</span> <span class='ocrx_word' id='word_1_112' title='bbox 773 1116 948 1160; x_wconf 89' lang='lat' dir='ltr'>unusquis-</span> 
     </span>
     <span class='ocr_line' id='line_1_25' title="bbox 206 1169 950 1214; baseline 0 -13"><span class='ocrx_word' id='word_1_113' title='bbox 206 1179 268 1212; x_wconf 88' lang='lat' dir='ltr'>que</span> <span class='ocrx_word' id='word_1_114' title='bbox 289 1169 321 1202; x_wconf 91' lang='lat' dir='ltr'>in</span> <span class='ocrx_word' id='word_1_115' title='bbox 342 1169 474 1214; x_wconf 86' lang='lat' dir='ltr'>propria</span> <span class='ocrx_word' id='word_1_116' title='bbox 491 1169 619 1202; x_wconf 91' lang='lat' dir='ltr'>civitate</span> <span class='ocrx_word' id='word_1_117' title='bbox 640 1176 670 1202; x_wconf 90' lang='lat' dir='ltr'>et</span> <span class='ocrx_word' id='word_1_118' title='bbox 690 1169 841 1209; x_wconf 85' lang='lat' dir='ltr'>dioecesi,</span> <span class='ocrx_word' id='word_1_119' title='bbox 857 1169 905 1202; x_wconf 72' lang='lat' dir='ltr'>vel</span> <span class='ocrx_word' id='word_1_120' title='bbox 919 1169 950 1201; x_wconf 92' lang='lat' dir='ltr'>in</span> 
     </span>
     <span class='ocr_line' id='line_1_26' title="bbox 206 1221 950 1264; baseline 0 -10"><span class='ocrx_word' id='word_1_121' title='bbox 206 1232 262 1254; x_wconf 86' lang='lat' dir='ltr'>sua</span> <span class='ocrx_word' id='word_1_122' title='bbox 284 1221 506 1255; x_wconf 87' lang='lat' dir='ltr'>iurisdictione</span> <span class='ocrx_word' id='word_1_123' title='bbox 526 1233 639 1256; x_wconf 87' lang='lat' dir='ltr'>omnes</span> <span class='ocrx_word' id='word_1_124' title='bbox 660 1228 690 1256; x_wconf 91' lang='lat' dir='ltr'>et</span> <span class='ocrx_word' id='word_1_125' title='bbox 717 1222 860 1264; x_wconf 87' lang='lat' dir='ltr'>singulos</span> <span class='ocrx_word' id='word_1_126' title='bbox 886 1227 950 1255; x_wconf 90' lang='lat' dir='ltr'>tam</span> 
     </span>
     <span class='ocr_line' id='line_1_27' title="bbox 205 1275 947 1320; baseline 0.001 -13"><span class='ocrx_word' id='word_1_127' title='bbox 205 1275 408 1319; x_wconf 76' lang='lat' dir='ltr'>presbyteros</span> <span class='ocrx_word' id='word_1_128' title='bbox 428 1281 458 1308; x_wconf 89' lang='lat' dir='ltr'>et</span> <span class='ocrx_word' id='word_1_129' title='bbox 477 1276 623 1316; x_wconf 84' lang='lat' dir='ltr'>clericos,</span> <span class='ocrx_word' id='word_1_130' title='bbox 640 1286 737 1320; x_wconf 89' lang='lat' dir='ltr'>quam</span> <span class='ocrx_word' id='word_1_131' title='bbox 752 1276 830 1308; x_wconf 88' lang='lat' dir='ltr'>alias</span> <span class='ocrx_word' id='word_1_132' title='bbox 849 1286 947 1319; x_wconf 85' lang='lat' dir='ltr'>quas-</span> 
     </span>
     <span class='ocr_line' id='line_1_28' title="bbox 198 1329 951 1373; baseline 0.001 -12"><span class='ocrx_word' id='word_1_133' title='bbox 198 1339 344 1373; x_wconf 75' lang='lat' dir='ltr'>cumque</span> <span class='ocrx_word' id='word_1_134' title='bbox 365 1329 460 1362; x_wconf 90' lang='lat' dir='ltr'>etiam</span> <span class='ocrx_word' id='word_1_135' title='bbox 480 1329 576 1361; x_wconf 83' lang='lat' dir='ltr'>laicas</span> <span class='ocrx_word' id='word_1_136' title='bbox 594 1329 763 1373; x_wconf 89' lang='lat' dir='ltr'>utriusque</span> <span class='ocrx_word' id='word_1_137' title='bbox 774 1340 866 1362; x_wconf 86' lang='lat' dir='ltr'>sexus</span> <span class='ocrx_word' id='word_1_138' title='bbox 879 1340 951 1373; x_wconf 89' lang='lat' dir='ltr'>per-</span> 
     </span>
     <span class='ocr_line' id='line_1_29' title="bbox 205 1383 951 1427; baseline 0 -12"><span class='ocrx_word' id='word_1_139' title='bbox 205 1392 309 1423; x_wconf 86' lang='lat' dir='ltr'>sonas,</span> <span class='ocrx_word' id='word_1_140' title='bbox 334 1383 407 1426; x_wconf 90' lang='lat' dir='ltr'>qui,</span> <span class='ocrx_word' id='word_1_141' title='bbox 430 1394 551 1427; x_wconf 86' lang='lat' dir='ltr'>quaeve</span> <span class='ocrx_word' id='word_1_142' title='bbox 572 1384 612 1417; x_wconf 87' lang='lat' dir='ltr'>ad</span> <span class='ocrx_word' id='word_1_143' title='bbox 633 1383 818 1417; x_wconf 87' lang='lat' dir='ltr'>huiusmodi</span> <span class='ocrx_word' id='word_1_144' title='bbox 847 1383 951 1416; x_wconf 87' lang='lat' dir='ltr'>unita-</span> 
     </span>
     <span class='ocr_line' id='line_1_30' title="bbox 206 1435 950 1479; baseline -0.001 -11"><span class='ocrx_word' id='word_1_145' title='bbox 206 1440 269 1468; x_wconf 83' lang='lat' dir='ltr'>tem</span> <span class='ocrx_word' id='word_1_146' title='bbox 290 1435 319 1468; x_wconf 88' lang='lat' dir='ltr'>S.</span> <span class='ocrx_word' id='word_1_147' title='bbox 346 1436 381 1469; x_wconf 86' lang='lat' dir='ltr'>R.</span> <span class='ocrx_word' id='word_1_148' title='bbox 404 1436 436 1469; x_wconf 93' lang='lat' dir='ltr'>E.</span> <span class='ocrx_word' id='word_1_149' title='bbox 461 1436 617 1476; x_wconf 74' lang='lat' dir='ltr'>venerint,</span> <span class='ocrx_word' id='word_1_150' title='bbox 641 1437 688 1469; x_wconf 76' lang='lat' dir='ltr'>vel</span> <span class='ocrx_word' id='word_1_151' title='bbox 714 1447 785 1469; x_wconf 87' lang='lat' dir='ltr'>eam</span> <span class='ocrx_word' id='word_1_152' title='bbox 813 1435 950 1479; x_wconf 80' lang='lat' dir='ltr'>amplexi</span> 
     </span>
     <span class='ocr_line' id='line_1_31' title="bbox 204 1488 950 1533; baseline 0.003 -13"><span class='ocrx_word' id='word_1_153' title='bbox 204 1488 334 1529; x_wconf 86' lang='lat' dir='ltr'>suerint,</span> <span class='ocrx_word' id='word_1_154' title='bbox 358 1488 390 1521; x_wconf 92' lang='lat' dir='ltr'>in</span> <span class='ocrx_word' id='word_1_155' title='bbox 407 1490 574 1533; x_wconf 83' lang='lat' dir='ltr'>praedicta</span> <span class='ocrx_word' id='word_1_156' title='bbox 596 1490 698 1522; x_wconf 82' lang='lat' dir='ltr'>forma</span> <span class='ocrx_word' id='word_1_157' title='bbox 719 1490 873 1523; x_wconf 85' lang='lat' dir='ltr'>ecclesiae</span> <span class='ocrx_word' id='word_1_158' title='bbox 893 1490 950 1522; x_wconf 88' lang='lat' dir='ltr'>ab·</span> 
     </span>
     <span class='ocr_line' id='line_1_32' title="bbox 204 1542 949 1588; baseline 0.003 -14"><span class='ocrx_word' id='word_1_159' title='bbox 204 1542 339 1583; x_wconf 89' lang='lat' dir='ltr'>solvere,</span> <span class='ocrx_word' id='word_1_160' title='bbox 362 1553 423 1576; x_wconf 85' lang='lat' dir='ltr'>nec</span> <span class='ocrx_word' id='word_1_161' title='bbox 440 1553 505 1576; x_wconf 93' lang='lat' dir='ltr'>non</span> <span class='ocrx_word' id='word_1_162' title='bbox 525 1554 598 1576; x_wconf 87' lang='lat' dir='ltr'>cum</span> <span class='ocrx_word' id='word_1_163' title='bbox 620 1543 814 1588; x_wconf 81' lang='lat' dir='ltr'>presbyteris</span> <span class='ocrx_word' id='word_1_164' title='bbox 835 1548 865 1576; x_wconf 92' lang='lat' dir='ltr'>et</span> <span class='ocrx_word' id='word_1_165' title='bbox 885 1544 949 1576; x_wconf 87' lang='lat' dir='ltr'>cle-</span> 
     </span>
     <span class='ocr_line' id='line_1_33' title="bbox 204 1595 951 1641; baseline 0.003 -13"><span class='ocrx_word' id='word_1_166' title='bbox 204 1595 278 1629; x_wconf 89' lang='lat' dir='ltr'>ricis</span> <span class='ocrx_word' id='word_1_167' title='bbox 298 1597 473 1640; x_wconf 87' lang='lat' dir='ltr'>praedictis</span> <span class='ocrx_word' id='word_1_168' title='bbox 503 1608 601 1641; x_wconf 91' lang='lat' dir='ltr'>super</span> <span class='ocrx_word' id='word_1_169' title='bbox 630 1597 867 1640; x_wconf 80' lang='lat' dir='ltr'>irregularitate</span> <span class='ocrx_word' id='word_1_170' title='bbox 892 1607 951 1640; x_wconf 88' lang='lat' dir='ltr'>per</span> 
     </span>
     <span class='ocr_line' id='line_1_34' title="bbox 204 1650 950 1694; baseline 0 -11"><span class='ocrx_word' id='word_1_171' title='bbox 204 1660 259 1683; x_wconf 88' lang='lat' dir='ltr'>eos</span> <span class='ocrx_word' id='word_1_172' title='bbox 280 1650 328 1683; x_wconf 92' lang='lat' dir='ltr'>vel</span> <span class='ocrx_word' id='word_1_173' title='bbox 353 1661 465 1684; x_wconf 89' lang='lat' dir='ltr'>eorum</span> <span class='ocrx_word' id='word_1_174' title='bbox 487 1650 639 1694; x_wconf 84' lang='lat' dir='ltr'>aliquem,</span> <span class='ocrx_word' id='word_1_175' title='bbox 663 1651 833 1684; x_wconf 71' lang='lat' dir='ltr'>occasione</span> <span class='ocrx_word' id='word_1_176' title='bbox 858 1661 950 1694; x_wconf 90' lang='lat' dir='ltr'>prae-</span> 
     </span>
     <span class='ocr_line' id='line_1_35' title="bbox 203 1703 949 1747; baseline 0 -11"><span class='ocrx_word' id='word_1_177' title='bbox 203 1703 388 1745; x_wconf 86' lang='lat' dir='ltr'>missorum,</span> <span class='ocrx_word' id='word_1_178' title='bbox 405 1704 651 1747; x_wconf 87' lang='lat' dir='ltr'>quomodolibet</span> <span class='ocrx_word' id='word_1_179' title='bbox 664 1710 829 1737; x_wconf 85' lang='lat' dir='ltr'>contracta</span> <span class='ocrx_word' id='word_1_180' title='bbox 843 1704 949 1747; x_wconf 89' lang='lat' dir='ltr'>quoad</span> 
     </span>
     <span class='ocr_line' id='line_1_36' title="bbox 202 1757 951 1801; baseline 0.001 -12"><span class='ocrx_word' id='word_1_181' title='bbox 202 1757 353 1791; x_wconf 87' lang='lat' dir='ltr'>ordinum</span> <span class='ocrx_word' id='word_1_182' title='bbox 378 1758 641 1801; x_wconf 80' lang='lat' dir='ltr'>exequutionem,</span> <span class='ocrx_word' id='word_1_183' title='bbox 666 1768 763 1801; x_wconf 88' lang='lat' dir='ltr'>quam</span> <span class='ocrx_word' id='word_1_184' title='bbox 795 1767 951 1800; x_wconf 91' lang='lat' dir='ltr'>quorum-</span> 
     </span>
     <span class='ocr_line' id='line_1_37' title="bbox 203 1811 949 1854; baseline 0 -11"><span class='ocrx_word' id='word_1_185' title='bbox 203 1821 342 1854; x_wconf 85' lang='lat' dir='ltr'>cumque</span> <span class='ocrx_word' id='word_1_186' title='bbox 353 1811 587 1845; x_wconf 84' lang='lat' dir='ltr'>beneficiorum</span> <span class='ocrx_word' id='word_1_187' title='bbox 597 1811 889 1844; x_wconf 86' lang='lat' dir='ltr'>ecclesiasticorum</span> <span class='ocrx_word' id='word_1_188' title='bbox 900 1821 949 1843; x_wconf 90' lang='lat' dir='ltr'>re-</span> 
     </span>
     <span class='ocr_line' id='line_1_38' title="bbox 202 1864 948 1908; baseline 0 -11"><span class='ocrx_word' id='word_1_189' title='bbox 202 1864 378 1897; x_wconf 87' lang='lat' dir='ltr'>tentionem</span> <span class='ocrx_word' id='word_1_190' title='bbox 398 1865 447 1897; x_wconf 89' lang='lat' dir='ltr'>vel</span> <span class='ocrx_word' id='word_1_191' title='bbox 467 1864 741 1908; x_wconf 86' lang='lat' dir='ltr'>assequutionem,</span> <span class='ocrx_word' id='word_1_192' title='bbox 763 1864 948 1907; x_wconf 84' lang='lat' dir='ltr'>dispensare</span> 
     </span>
     <span class='ocr_line' id='line_1_39' title="bbox 201 1917 948 1961; baseline 0.001 -11"><span class='ocrx_word' id='word_1_193' title='bbox 201 1917 421 1961; x_wconf 83' lang='lat' dir='ltr'>pariformiter</span> <span class='ocrx_word' id='word_1_194' title='bbox 460 1919 574 1951; x_wconf 89' lang='lat' dir='ltr'>eadem</span> <span class='ocrx_word' id='word_1_195' title='bbox 610 1923 721 1951; x_wconf 90' lang='lat' dir='ltr'>nostra</span> <span class='ocrx_word' id='word_1_196' title='bbox 756 1917 948 1951; x_wconf 84' lang='lat' dir='ltr'>auctoritate</span> 
     </span>
     <span class='ocr_line' id='line_1_40' title="bbox 201 1970 948 2014; baseline 0 -11"><span class='ocrx_word' id='word_1_197' title='bbox 201 1970 335 2014; x_wconf 83' lang='lat' dir='ltr'>possint,</span> <span class='ocrx_word' id='word_1_198' title='bbox 352 1971 627 2014; x_wconf 86' lang='lat' dir='ltr'>quemadmodum</span> <span class='ocrx_word' id='word_1_199' title='bbox 640 1971 736 2004; x_wconf 88' lang='lat' dir='ltr'>etiam</span> <span class='ocrx_word' id='word_1_200' title='bbox 751 1971 821 2003; x_wconf 87' lang='lat' dir='ltr'>aliis</span> <span class='ocrx_word' id='word_1_201' title='bbox 834 1971 948 2004; x_wconf 90' lang='lat' dir='ltr'>litteris</span> 
     </span>
     <span class='ocr_line' id='line_1_41' title="bbox 202 2022 919 2057; baseline 0.001 -2"><span class='ocrx_word' id='word_1_202' title='bbox 202 2022 320 2056; x_wconf 88' lang='lat' dir='ltr'>nostris</span> <span class='ocrx_word' id='word_1_203' title='bbox 334 2022 365 2055; x_wconf 93' lang='lat' dir='ltr'>in</span> <span class='ocrx_word' id='word_1_204' title='bbox 377 2023 482 2056; x_wconf 85' lang='lat' dir='ltr'>forma</span> <span class='ocrx_word' id='word_1_205' title='bbox 494 2024 598 2057; x_wconf 89' lang='lat' dir='ltr'>brevis</span> <span class='ocrx_word' id='word_1_206' title='bbox 616 2024 711 2057; x_wconf 89' lang='lat' dir='ltr'>latius</span> <span class='ocrx_word' id='word_1_207' title='bbox 725 2024 919 2057; x_wconf 87' lang='lat' dir='ltr'>continetur.</span> 
     </span>
     <span class='ocr_line' id='line_1_42' title="bbox 249 2074 948 2118; baseline 0.003 -10"><span class='ocrx_word' id='word_1_208' title='bbox 249 2077 264 2117; x_wconf 65' lang='lat' dir='ltr'>S</span> <span class='ocrx_word' id='word_1_209' title='bbox 285 2074 338 2108; x_wconf 80' lang='lat'>¹10.</span> <span class='ocrx_word' id='word_1_210' title='bbox 355 2076 395 2109; x_wconf 87' lang='lat' dir='ltr'>Ut</span> <span class='ocrx_word' id='word_1_211' title='bbox 406 2075 505 2118; x_wconf 82' lang='lat' dir='ltr'>igitur</span> <span class='ocrx_word' id='word_1_212' title='bbox 522 2077 561 2109; x_wconf 91' lang='lat' dir='ltr'>de</span> <span class='ocrx_word' id='word_1_213' title='bbox 581 2076 804 2109; x_wconf 88' lang='lat' dir='ltr'>Ruthenorum</span> <span class='ocrx_word' id='word_1_214' title='bbox 826 2077 866 2109; x_wconf 90' lang='lat' dir='ltr'>ad</span> <span class='ocrx_word' id='word_1_215' title='bbox 886 2077 948 2110; x_wconf 83' lang='lat' dir='ltr'>Ro-</span> 
     </span>
     <span class='ocr_line' id='line_1_43' title="bbox 204 2129 944 2163; baseline 0.003 -2"><span class='ocrx_word' id='word_1_216' title='bbox 204 2139 332 2162; x_wconf 81' lang='lat' dir='ltr'>manam</span> <span class='ocrx_word' id='word_1_217' title='bbox 354 2129 529 2162; x_wconf 81' lang='lat' dir='ltr'>Ecclesiam</span> <span class='ocrx_word' id='word_1_218' title='bbox 555 2130 660 2162; x_wconf 90' lang='lat' dir='ltr'>reditu</span> <span class='ocrx_word' id='word_1_219' title='bbox 691 2135 723 2163; x_wconf 89' lang='lat' dir='ltr'>et</span> <span class='ocrx_word' id='word_1_220' title='bbox 752 2131 944 2163; x_wconf 85' lang='lat' dir='ltr'>reconcilia-</span> 
     </span>
     <span class='ocr_line' id='line_1_44' title="bbox 203 2181 948 2226; baseline 0.001 -11"><span class='ocrx_word' id='word_1_221' title='bbox 203 2181 291 2215; x_wconf 88' lang='lat' dir='ltr'>tione</span> <span class='ocrx_word' id='word_1_222' title='bbox 311 2182 351 2215; x_wconf 90' lang='lat' dir='ltr'>ad</span> <span class='ocrx_word' id='word_1_223' title='bbox 382 2182 578 2226; x_wconf 88' lang='lat' dir='ltr'>posteritatis</span> <span class='ocrx_word' id='word_1_224' title='bbox 600 2182 789 2215; x_wconf 88' lang='lat' dir='ltr'>memoriam</span> <span class='ocrx_word' id='word_1_225' title='bbox 811 2188 898 2216; x_wconf 84' lang='lat' dir='ltr'>certa</span> <span class='ocrx_word' id='word_1_226' title='bbox 918 2189 948 2216; x_wconf 89' lang='lat' dir='ltr'>et</span> 
     </span>
     <span class='ocr_line' id='line_1_45' title="bbox 202 2235 948 2279; baseline 0 -11"><span class='ocrx_word' id='word_1_227' title='bbox 202 2240 359 2279; x_wconf 87' lang='lat' dir='ltr'>perpetua</span> <span class='ocrx_word' id='word_1_228' title='bbox 395 2240 478 2268; x_wconf 85' lang='lat' dir='ltr'>extet</span> <span class='ocrx_word' id='word_1_229' title='bbox 510 2235 714 2276; x_wconf 86' lang='lat' dir='ltr'>testificatio,</span> <span class='ocrx_word' id='word_1_230' title='bbox 749 2235 808 2268; x_wconf 85' lang='lat' dir='ltr'>hac</span> <span class='ocrx_word' id='word_1_231' title='bbox 838 2241 948 2268; x_wconf 92' lang='lat' dir='ltr'>nostra</span> 
     </span>
     <span class='ocr_line' id='line_1_46' title="bbox 202 2288 947 2332; baseline 0 -11"><span class='ocrx_word' id='word_1_232' title='bbox 202 2293 358 2332; x_wconf 86' lang='lat' dir='ltr'>perpetua</span> <span class='ocrx_word' id='word_1_233' title='bbox 367 2288 606 2321; x_wconf 88' lang='lat' dir='ltr'>constitutione¹</span> <span class='ocrx_word' id='word_1_234' title='bbox 621 2288 821 2321; x_wconf 86' lang='lat' dir='ltr'>venerabiles</span> <span class='ocrx_word' id='word_1_235' title='bbox 834 2288 947 2322; x_wconf 81' lang='lat' dir='ltr'>fratres</span> 
     </span>
     <span class='ocr_line' id='line_1_47' title="bbox 202 2340 944 2385; baseline -0.003 -11"><span class='ocrx_word' id='word_1_236' title='bbox 202 2340 388 2374; x_wconf 86' lang='lat' dir='ltr'>Michaelem</span> <span class='ocrx_word' id='word_1_237' title='bbox 400 2341 681 2385; x_wconf 84' lang='lat' dir='ltr'>archiepiscopum</span> <span class='ocrx_word' id='word_1_238' title='bbox 692 2341 944 2385; x_wconf 85' lang='lat' dir='ltr'>metropolitam,</span> 
     </span>
     <span class='ocr_line' id='line_1_48' title="bbox 202 2394 944 2438; baseline 0.001 -12"><span class='ocrx_word' id='word_1_239' title='bbox 202 2399 234 2427; x_wconf 91' lang='lat' dir='ltr'>et</span> <span class='ocrx_word' id='word_1_240' title='bbox 258 2399 402 2428; x_wconf 88' lang='lat' dir='ltr'>caeteros</span> <span class='ocrx_word' id='word_1_241' title='bbox 422 2394 591 2438; x_wconf 90' lang='lat' dir='ltr'>episcopos</span> <span class='ocrx_word' id='word_1_242' title='bbox 608 2394 773 2428; x_wconf 88' lang='lat' dir='ltr'>Ruthenos</span> <span class='ocrx_word' id='word_1_243' title='bbox 793 2394 944 2438; x_wconf 89' lang='lat' dir='ltr'>supradi-</span> 
     </span>
     <span class='ocr_line' id='line_1_49' title="bbox 202 2448 947 2491; baseline 0.001 -11"><span class='ocrx_word' id='word_1_244' title='bbox 202 2452 280 2488; x_wconf 90' lang='lat' dir='ltr'>ctos,</span> <span class='ocrx_word' id='word_1_245' title='bbox 297 2448 353 2491; x_wconf 87' lang='lat' dir='ltr'>qui</span> <span class='ocrx_word' id='word_1_246' title='bbox 374 2448 505 2481; x_wconf 87' lang='lat' dir='ltr'>decreto</span> <span class='ocrx_word' id='word_1_247' title='bbox 523 2454 767 2489; x_wconf 87' lang='lat' dir='ltr'>consenserunt,</span> <span class='ocrx_word' id='word_1_248' title='bbox 784 2454 815 2482; x_wconf 90' lang='lat' dir='ltr'>et</span> <span class='ocrx_word' id='word_1_249' title='bbox 834 2449 947 2482; x_wconf 86' lang='lat' dir='ltr'>litteris</span> 
     </span>
     <span class='ocr_line' id='line_1_50' title="bbox 202 2501 943 2546; baseline 0.003 -13"><span class='ocrx_word' id='word_1_250' title='bbox 202 2501 243 2534; x_wconf 92' lang='lat' dir='ltr'>ad</span> <span class='ocrx_word' id='word_1_251' title='bbox 262 2511 320 2534; x_wconf 90' lang='lat' dir='ltr'>nos</span> <span class='ocrx_word' id='word_1_252' title='bbox 338 2501 442 2534; x_wconf 91' lang='lat' dir='ltr'>missis</span> <span class='ocrx_word' id='word_1_253' title='bbox 462 2502 733 2546; x_wconf 89' lang='lat' dir='ltr'>subscripserunt,</span> <span class='ocrx_word' id='word_1_254' title='bbox 758 2508 822 2535; x_wconf 89' lang='lat' dir='ltr'>tam</span> <span class='ocrx_word' id='word_1_255' title='bbox 847 2513 943 2546; x_wconf 85' lang='lat' dir='ltr'>prae-</span> 
     </span>
     <span class='ocr_line' id='line_1_51' title="bbox 202 2555 945 2598; baseline 0 -10"><span class='ocrx_word' id='word_1_256' title='bbox 202 2559 307 2588; x_wconf 88' lang='lat' dir='ltr'>sentes</span> <span class='ocrx_word' id='word_1_257' title='bbox 337 2565 434 2598; x_wconf 83' lang='lat' dir='ltr'>quam</span> <span class='ocrx_word' id='word_1_258' title='bbox 460 2555 629 2596; x_wconf 80' lang='lat' dir='ltr'>absentes,</span> <span class='ocrx_word' id='word_1_259' title='bbox 659 2566 724 2589; x_wconf 91' lang='lat' dir='ltr'>una</span> <span class='ocrx_word' id='word_1_260' title='bbox 754 2566 828 2589; x_wconf 89' lang='lat' dir='ltr'>cum</span> <span class='ocrx_word' id='word_1_261' title='bbox 858 2556 945 2589; x_wconf 89' lang='lat' dir='ltr'>omni</span> 
     </span>
    </p>
   </div>
   <div class='ocr_carea' id='block_1_8' title="bbox 239 2616 945 2654">
    <p class='ocr_par' dir='ltr' id='par_1_8' title="bbox 239 2616 945 2654">
     <span class='ocr_line' id='line_1_52' title="bbox 239 2616 945 2654; baseline 0.003 -11"><span class='ocrx_word' id='word_1_262' title='bbox 239 2617 250 2643; x_wconf 78' lang='lat'><strong>1</strong></span> <span class='ocrx_word' id='word_1_263' title='bbox 264 2616 486 2652; x_wconf 73' lang='lat' dir='ltr'>Forteperpetuo</span> <span class='ocrx_word' id='word_1_264' title='bbox 496 2618 625 2646; x_wconf 78' lang='lat' dir='ltr'>valitura</span> <span class='ocrx_word' id='word_1_265' title='bbox 637 2618 841 2646; x_wconf 76' lang='lat' dir='ltr'>constitutione</span> <span class='ocrx_word' id='word_1_266' title='bbox 853 2618 945 2654; x_wconf 49' lang='lat' dir='ltr'>(ren).</span> 
     </span>
    </p>
   </div>
   <div class='ocr_carea' id='block_1_9' title="bbox 966 284 974 1725">
    <p class='ocr_par' dir='ltr' id='par_1_9' title="bbox 966 284 974 1725">
     <span class='ocr_line' id='line_1_53' title="bbox 966 284 974 1725; baseline 0 0"><span class='ocrx_word' id='word_1_267' title='bbox 966 284 974 1725; x_wconf 95' lang='lat' dir='ltr'> </span> 
     </span>
    </p>
   </div>
   <div class='ocr_carea' id='block_1_10' title="bbox 981 264 1736 2644">
    <p class='ocr_par' dir='ltr' id='par_1_10' title="bbox 985 264 1736 1585">
     <span class='ocr_line' id='line_1_54' title="bbox 992 264 1730 308; baseline -0.001 -11"><span class='ocrx_word' id='word_1_268' title='bbox 992 274 1105 297; x_wconf 79' lang='lat' dir='ltr'>eorum</span> <span class='ocrx_word' id='word_1_269' title='bbox 1121 264 1207 297; x_wconf 78' lang='lat' dir='ltr'>clero</span> <span class='ocrx_word' id='word_1_270' title='bbox 1222 270 1253 297; x_wconf 89' lang='lat' dir='ltr'>et</span> <span class='ocrx_word' id='word_1_271' title='bbox 1266 264 1388 308; x_wconf 90' lang='lat' dir='ltr'>populo</span> <span class='ocrx_word' id='word_1_272' title='bbox 1402 264 1541 297; x_wconf 88' lang='lat' dir='ltr'>nationis</span> <span class='ocrx_word' id='word_1_273' title='bbox 1562 264 1730 304; x_wconf 81' lang='lat' dir='ltr'>ruthenae,</span> 
     </span>
     <span class='ocr_line' id='line_1_55' title="bbox 991 317 1732 361; baseline 0 -12"><span class='ocrx_word' id='word_1_274' title='bbox 991 328 1045 350; x_wconf 77' lang='lat' dir='ltr'>seu</span> <span class='ocrx_word' id='word_1_275' title='bbox 1068 328 1186 355; x_wconf 82' lang='lat' dir='ltr'>russae,</span> <span class='ocrx_word' id='word_1_276' title='bbox 1204 328 1286 361; x_wconf 87' lang='lat' dir='ltr'>quae</span> <span class='ocrx_word' id='word_1_277' title='bbox 1305 318 1345 351; x_wconf 92' lang='lat' dir='ltr'>ad</span> <span class='ocrx_word' id='word_1_278' title='bbox 1359 318 1538 361; x_wconf 86' lang='lat' dir='ltr'>temporale</span> <span class='ocrx_word' id='word_1_279' title='bbox 1552 317 1732 350; x_wconf 91' lang='lat' dir='ltr'>dominium</span> 
     </span>
     <span class='ocr_line' id='line_1_56' title="bbox 991 370 1731 404; baseline 0 -1"><span class='ocrx_word' id='word_1_280' title='bbox 991 376 1019 403; x_wconf 84' lang='lat' dir='ltr'>et</span> <span class='ocrx_word' id='word_1_281' title='bbox 1053 370 1208 403; x_wconf 84' lang='lat' dir='ltr'>ditionem</span> <span class='ocrx_word' id='word_1_282' title='bbox 1245 371 1424 404; x_wconf 87' lang='lat' dir='ltr'>charissimi</span> <span class='ocrx_word' id='word_1_283' title='bbox 1456 371 1514 403; x_wconf 82' lang='lat' dir='ltr'>titii</span> <span class='ocrx_word' id='word_1_284' title='bbox 1547 370 1649 404; x_wconf 87' lang='lat' dir='ltr'>nostri</span> <span class='ocrx_word' id='word_1_285' title='bbox 1681 370 1731 404; x_wconf 88' lang='lat' dir='ltr'>Si-</span> 
     </span>
     <span class='ocr_line' id='line_1_57' title="bbox 990 423 1731 467; baseline 0.001 -12"><span class='ocrx_word' id='word_1_286' title='bbox 990 423 1151 464; x_wconf 72' lang='lat' dir='ltr'>gismundi</span> <span class='ocrx_word' id='word_1_287' title='bbox 1177 424 1329 457; x_wconf 84' lang='lat' dir='ltr'>Poloniae</span> <span class='ocrx_word' id='word_1_288' title='bbox 1354 430 1385 457; x_wconf 90' lang='lat' dir='ltr'>et</span> <span class='ocrx_word' id='word_1_289' title='bbox 1403 424 1531 458; x_wconf 79' lang='lat' dir='ltr'>Sveciae</span> <span class='ocrx_word' id='word_1_290' title='bbox 1553 424 1636 466; x_wconf 79' lang='lat' dir='ltr'>regis</span> <span class='ocrx_word' id='word_1_291' title='bbox 1656 435 1731 467; x_wconf 89' lang='lat' dir='ltr'>per-</span> 
     </span>
     <span class='ocr_line' id='line_1_58' title="bbox 991 476 1736 519; baseline 0.003 -11"><span class='ocrx_word' id='word_1_292' title='bbox 991 476 1079 514; x_wconf 81' lang='lat' dir='ltr'>tinet,</span> <span class='ocrx_word' id='word_1_293' title='bbox 1104 478 1143 509; x_wconf 82' lang='lat' dir='ltr'>ad</span> <span class='ocrx_word' id='word_1_294' title='bbox 1164 477 1292 510; x_wconf 88' lang='lat' dir='ltr'>laudem</span> <span class='ocrx_word' id='word_1_295' title='bbox 1325 484 1355 510; x_wconf 85' lang='lat' dir='ltr'>et</span> <span class='ocrx_word' id='word_1_296' title='bbox 1387 477 1523 519; x_wconf 78' lang='lat' dir='ltr'>gloriam</span> <span class='ocrx_word' id='word_1_297' title='bbox 1544 478 1678 511; x_wconf 84' lang='lat' dir='ltr'>Sanctae</span> <span class='ocrx_word' id='word_1_298' title='bbox 1704 482 1736 511; x_wconf 92' lang='lat' dir='ltr'>et</span> 
     </span>
     <span class='ocr_line' id='line_1_59' title="bbox 990 529 1731 575; baseline 0.003 -14"><span class='ocrx_word' id='word_1_299' title='bbox 990 529 1173 563; x_wconf 72' lang='lat' dir='ltr'>individuae</span> <span class='ocrx_word' id='word_1_300' title='bbox 1193 530 1365 569; x_wconf 86' lang='lat' dir='ltr'>Trinitatis,</span> <span class='ocrx_word' id='word_1_301' title='bbox 1382 531 1494 571; x_wconf 87' lang='lat' dir='ltr'>Patris,</span> <span class='ocrx_word' id='word_1_302' title='bbox 1518 531 1589 564; x_wconf 84' lang='lat' dir='ltr'>Filii</span> <span class='ocrx_word' id='word_1_303' title='bbox 1610 537 1641 564; x_wconf 88' lang='lat' dir='ltr'>et</span> <span class='ocrx_word' id='word_1_304' title='bbox 1658 531 1731 575; x_wconf 88' lang='lat' dir='ltr'>Spi-</span> 
     </span>
     <span class='ocr_line' id='line_1_60' title="bbox 991 583 1731 622; baseline 0.004 -8"><span class='ocrx_word' id='word_1_305' title='bbox 991 583 1070 615; x_wconf 78' lang='lat' dir='ltr'>ritus</span> <span class='ocrx_word' id='word_1_306' title='bbox 1090 584 1212 622; x_wconf 83' lang='lat' dir='ltr'>Sancti,</span> <span class='ocrx_word' id='word_1_307' title='bbox 1237 585 1276 617; x_wconf 91' lang='lat' dir='ltr'>ad</span> <span class='ocrx_word' id='word_1_308' title='bbox 1302 584 1537 617; x_wconf 81' lang='lat' dir='ltr'>incrementum</span> <span class='ocrx_word' id='word_1_309' title='bbox 1559 590 1590 617; x_wconf 86' lang='lat' dir='ltr'>ct</span> <span class='ocrx_word' id='word_1_310' title='bbox 1611 585 1731 618; x_wconf 84' lang='lat' dir='ltr'>exalta-</span> 
     </span>
     <span class='ocr_line' id='line_1_61' title="bbox 991 636 1733 680; baseline 0.003 -12"><span class='ocrx_word' id='word_1_311' title='bbox 991 636 1109 669; x_wconf 83' lang='lat' dir='ltr'>tionem</span> <span class='ocrx_word' id='word_1_312' title='bbox 1134 637 1209 669; x_wconf 77' lang='lat' dir='ltr'>{idei</span> <span class='ocrx_word' id='word_1_313' title='bbox 1231 637 1445 677; x_wconf 80' lang='lat' dir='ltr'>christianae,</span> <span class='ocrx_word' id='word_1_314' title='bbox 1471 638 1553 670; x_wconf 83' lang='lat' dir='ltr'>intra</span> <span class='ocrx_word' id='word_1_315' title='bbox 1573 638 1733 680; x_wconf 80' lang='lat' dir='ltr'>gremium</span> 
     </span>
     <span class='ocr_line' id='line_1_62' title="bbox 989 690 1730 731; baseline 0.003 -9"><span class='ocrx_word' id='word_1_316' title='bbox 989 690 1148 723; x_wconf 82' lang='lat' dir='ltr'>Ecclesiae</span> <span class='ocrx_word' id='word_1_317' title='bbox 1166 691 1357 731; x_wconf 84' lang='lat' dir='ltr'>Catholicae,</span> <span class='ocrx_word' id='word_1_318' title='bbox 1372 696 1400 723; x_wconf 89' lang='lat' dir='ltr'>et</span> <span class='ocrx_word' id='word_1_319' title='bbox 1417 691 1572 724; x_wconf 85' lang='lat' dir='ltr'>unitatem</span> <span class='ocrx_word' id='word_1_320' title='bbox 1586 691 1616 724; x_wconf 84' lang='lat' dir='ltr'>S.</span> <span class='ocrx_word' id='word_1_321' title='bbox 1629 692 1664 724; x_wconf 86' lang='lat' dir='ltr'>R.</span> <span class='ocrx_word' id='word_1_322' title='bbox 1682 692 1730 729; x_wconf 62' lang='lat' dir='ltr'>E„</span> 
     </span>
     <span class='ocr_line' id='line_1_63' title="bbox 989 743 1729 788; baseline 0.003 -13"><span class='ocrx_word' id='word_1_323' title='bbox 989 743 1034 775; x_wconf 91' lang='lat' dir='ltr'>uti</span> <span class='ocrx_word' id='word_1_324' title='bbox 1049 745 1194 776; x_wconf 86' lang='lat' dir='ltr'>membra</span> <span class='ocrx_word' id='word_1_325' title='bbox 1215 750 1325 777; x_wconf 84' lang='lat' dir='ltr'>nostra</span> <span class='ocrx_word' id='word_1_326' title='bbox 1347 745 1379 777; x_wconf 89' lang='lat' dir='ltr'>in</span> <span class='ocrx_word' id='word_1_327' title='bbox 1399 745 1523 778; x_wconf 89' lang='lat' dir='ltr'>Christo</span> <span class='ocrx_word' id='word_1_328' title='bbox 1545 745 1729 788; x_wconf 81' lang='lat' dir='ltr'>recipimus,</span> 
     </span>
     <span class='ocr_line' id='line_1_64' title="bbox 989 797 1733 840; baseline 0.003 -11"><span class='ocrx_word' id='word_1_329' title='bbox 989 797 1139 834; x_wconf 76' lang='lat' dir='ltr'>unimus,</span> <span class='ocrx_word' id='word_1_330' title='bbox 1164 798 1369 840; x_wconf 76' lang='lat' dir='ltr'>adiungimus</span> <span class='ocrx_word' id='word_1_331' title='bbox 1384 825 1391 838; x_wconf 84' lang='lat'>,</span> <span class='ocrx_word' id='word_1_332' title='bbox 1415 799 1617 831; x_wconf 84' lang='lat' dir='ltr'>annectimus</span> <span class='ocrx_word' id='word_1_333' title='bbox 1638 804 1668 831; x_wconf 87' lang='lat' dir='ltr'>et</span> <span class='ocrx_word' id='word_1_334' title='bbox 1685 798 1733 831; x_wconf 89' lang='lat' dir='ltr'>in-</span> 
     </span>
     <span class='ocr_line' id='line_1_65' title="bbox 988 851 1729 894; baseline 0.003 -13"><span class='ocrx_word' id='word_1_335' title='bbox 988 861 1210 893; x_wconf 83' lang='lat' dir='ltr'>corporamus,</span> <span class='ocrx_word' id='word_1_336' title='bbox 1231 856 1328 894; x_wconf 86' lang='lat' dir='ltr'>atque</span> <span class='ocrx_word' id='word_1_337' title='bbox 1348 852 1389 884; x_wconf 86' lang='lat' dir='ltr'>ad</span> <span class='ocrx_word' id='word_1_338' title='bbox 1410 851 1567 884; x_wconf 87' lang='lat' dir='ltr'>maiorem</span> <span class='ocrx_word' id='word_1_339' title='bbox 1589 851 1729 884; x_wconf 85' lang='lat' dir='ltr'>charita-</span> 
     </span>
     <span class='ocr_line' id='line_1_66' title="bbox 988 903 1729 947; baseline 0.003 -12"><span class='ocrx_word' id='word_1_340' title='bbox 988 903 1026 936; x_wconf 89' lang='lat' dir='ltr'>tis</span> <span class='ocrx_word' id='word_1_341' title='bbox 1055 908 1184 937; x_wconf 85' lang='lat' dir='ltr'>nostrae</span> <span class='ocrx_word' id='word_1_342' title='bbox 1216 914 1293 946; x_wconf 78' lang='lat' dir='ltr'>erga</span> <span class='ocrx_word' id='word_1_343' title='bbox 1323 904 1409 947; x_wconf 85' lang='lat' dir='ltr'>ipsos</span> <span class='ocrx_word' id='word_1_344' title='bbox 1435 904 1729 946; x_wconf 85' lang='lat' dir='ltr'>significationem,</span> 
     </span>
     <span class='ocr_line' id='line_1_67' title="bbox 987 957 1733 1000; baseline 0.001 -12"><span class='ocrx_word' id='word_1_345' title='bbox 987 966 1099 989; x_wconf 85' lang='lat' dir='ltr'>omnes</span> <span class='ocrx_word' id='word_1_346' title='bbox 1113 967 1221 989; x_wconf 77' lang='lat' dir='ltr'>sacros</span> <span class='ocrx_word' id='word_1_347' title='bbox 1234 957 1313 990; x_wconf 90' lang='lat' dir='ltr'>ritus</span> <span class='ocrx_word' id='word_1_348' title='bbox 1327 962 1358 990; x_wconf 85' lang='lat' dir='ltr'>et</span> <span class='ocrx_word' id='word_1_349' title='bbox 1370 957 1604 997; x_wconf 85' lang='lat' dir='ltr'>coeremonias,</span> <span class='ocrx_word' id='word_1_350' title='bbox 1615 957 1733 1000; x_wconf 87' lang='lat' dir='ltr'>quibus</span> 
     </span>
     <span class='ocr_line' id='line_1_68' title="bbox 986 1009 1730 1053; baseline 0.003 -12"><span class='ocrx_word' id='word_1_351' title='bbox 986 1009 1115 1041; x_wconf 87' lang='lat' dir='ltr'>rutheni</span> <span class='ocrx_word' id='word_1_352' title='bbox 1137 1010 1279 1053; x_wconf 84' lang='lat' dir='ltr'>episcopi</span> <span class='ocrx_word' id='word_1_353' title='bbox 1310 1016 1340 1043; x_wconf 88' lang='lat' dir='ltr'>et</span> <span class='ocrx_word' id='word_1_354' title='bbox 1368 1011 1472 1043; x_wconf 82' lang='lat' dir='ltr'>clerus</span> <span class='ocrx_word' id='word_1_355' title='bbox 1493 1010 1579 1043; x_wconf 86' lang='lat' dir='ltr'>iuxta</span> <span class='ocrx_word' id='word_1_356' title='bbox 1599 1015 1730 1043; x_wconf 88' lang='lat' dir='ltr'>sancto-</span> 
     </span>
     <span class='ocr_line' id='line_1_69' title="bbox 986 1062 1733 1096; baseline 0.001 -2"><span class='ocrx_word' id='word_1_357' title='bbox 986 1073 1058 1094; x_wconf 87' lang='lat' dir='ltr'>rum</span> <span class='ocrx_word' id='word_1_358' title='bbox 1083 1063 1213 1095; x_wconf 87' lang='lat' dir='ltr'>Patrum</span> <span class='ocrx_word' id='word_1_359' title='bbox 1247 1063 1445 1096; x_wconf 85' lang='lat' dir='ltr'>Graecorum</span> <span class='ocrx_word' id='word_1_360' title='bbox 1467 1063 1613 1096; x_wconf 83' lang='lat' dir='ltr'>instituta</span> <span class='ocrx_word' id='word_1_361' title='bbox 1633 1063 1665 1096; x_wconf 90' lang='lat' dir='ltr'>in</span> <span class='ocrx_word' id='word_1_362' title='bbox 1686 1062 1733 1096; x_wconf 92' lang='lat' dir='ltr'>di-</span> 
     </span>
     <span class='ocr_line' id='line_1_70' title="bbox 986 1115 1732 1156; baseline 0.004 -9"><span class='ocrx_word' id='word_1_363' title='bbox 986 1115 1067 1147; x_wconf 77' lang='lat' dir='ltr'>vinis</span> <span class='ocrx_word' id='word_1_364' title='bbox 1088 1116 1218 1156; x_wconf 82' lang='lat' dir='ltr'>officiis,</span> <span class='ocrx_word' id='word_1_365' title='bbox 1242 1122 1274 1149; x_wconf 90' lang='lat' dir='ltr'>et</span> <span class='ocrx_word' id='word_1_366' title='bbox 1302 1122 1524 1149; x_wconf 81' lang='lat' dir='ltr'>sacrosanctae</span> <span class='ocrx_word' id='word_1_367' title='bbox 1546 1117 1661 1150; x_wconf 86' lang='lat' dir='ltr'>missae</span> <span class='ocrx_word' id='word_1_368' title='bbox 1682 1127 1732 1150; x_wconf 89' lang='lat' dir='ltr'>sa-</span> 
     </span>
     <span class='ocr_line' id='line_1_71' title="bbox 986 1169 1732 1213; baseline 0.001 -12"><span class='ocrx_word' id='word_1_369' title='bbox 986 1169 1128 1206; x_wconf 84' lang='lat' dir='ltr'>crificio,</span> <span class='ocrx_word' id='word_1_370' title='bbox 1149 1175 1422 1213; x_wconf 84' lang='lat' dir='ltr'>caeterorumque</span> <span class='ocrx_word' id='word_1_371' title='bbox 1454 1176 1732 1203; x_wconf 82' lang='lat' dir='ltr'>sacramentorum</span> 
     </span>
     <span class='ocr_line' id='line_1_72' title="bbox 986 1222 1729 1263; baseline 0.003 -9"><span class='ocrx_word' id='word_1_372' title='bbox 986 1222 1275 1263; x_wconf 87' lang='lat' dir='ltr'>administratione,</span> <span class='ocrx_word' id='word_1_373' title='bbox 1300 1223 1409 1256; x_wconf 77' lang='lat' dir='ltr'>aliisve</span> <span class='ocrx_word' id='word_1_374' title='bbox 1434 1224 1532 1256; x_wconf 85' lang='lat' dir='ltr'>sacris</span> <span class='ocrx_word' id='word_1_375' title='bbox 1553 1223 1729 1256; x_wconf 83' lang='lat' dir='ltr'>functioni-</span> 
     </span>
     <span class='ocr_line' id='line_1_73' title="bbox 986 1275 1734 1317; baseline 0.001 -9"><span class='ocrx_word' id='word_1_376' title='bbox 986 1275 1046 1308; x_wconf 89' lang='lat' dir='ltr'>bus</span> <span class='ocrx_word' id='word_1_377' title='bbox 1078 1281 1231 1317; x_wconf 85' lang='lat' dir='ltr'>utuntur,</span> <span class='ocrx_word' id='word_1_378' title='bbox 1257 1276 1435 1309; x_wconf 90' lang='lat' dir='ltr'>dummodo</span> <span class='ocrx_word' id='word_1_379' title='bbox 1466 1276 1593 1309; x_wconf 70' lang='lat' dir='ltr'>veritati</span> <span class='ocrx_word' id='word_1_380' title='bbox 1621 1281 1652 1309; x_wconf 88' lang='lat' dir='ltr'>et</span> <span class='ocrx_word' id='word_1_381' title='bbox 1676 1277 1734 1310; x_wconf 92' lang='lat' dir='ltr'>do-</span> 
     </span>
     <span class='ocr_line' id='line_1_74' title="bbox 986 1328 1729 1371; baseline 0.003 -10"><span class='ocrx_word' id='word_1_382' title='bbox 986 1328 1108 1362; x_wconf 89' lang='lat' dir='ltr'>ctrinae</span> <span class='ocrx_word' id='word_1_383' title='bbox 1129 1329 1205 1362; x_wconf 82' lang='lat' dir='ltr'>fidei</span> <span class='ocrx_word' id='word_1_384' title='bbox 1226 1329 1404 1363; x_wconf 85' lang='lat' dir='ltr'>catholicae</span> <span class='ocrx_word' id='word_1_385' title='bbox 1422 1340 1487 1362; x_wconf 93' lang='lat' dir='ltr'>non</span> <span class='ocrx_word' id='word_1_386' title='bbox 1507 1330 1729 1371; x_wconf 75' lang='lat' dir='ltr'>adversentur,</span> 
     </span>
     <span class='ocr_line' id='line_1_75' title="bbox 986 1383 1733 1417; baseline 0.003 -2"><span class='ocrx_word' id='word_1_387' title='bbox 986 1388 1016 1415; x_wconf 85' lang='lat' dir='ltr'>et</span> <span class='ocrx_word' id='word_1_388' title='bbox 1036 1383 1301 1416; x_wconf 87' lang='lat' dir='ltr'>communionem</span> <span class='ocrx_word' id='word_1_389' title='bbox 1323 1393 1397 1416; x_wconf 88' lang='lat' dir='ltr'>cum</span> <span class='ocrx_word' id='word_1_390' title='bbox 1426 1384 1571 1416; x_wconf 85' lang='lat' dir='ltr'>Romana</span> <span class='ocrx_word' id='word_1_391' title='bbox 1592 1383 1733 1417; x_wconf 87' lang='lat' dir='ltr'>Ecclesia</span> 
     </span>
     <span class='ocr_line' id='line_1_76' title="bbox 986 1436 1729 1480; baseline 0.003 -12"><span class='ocrx_word' id='word_1_392' title='bbox 986 1446 1049 1468; x_wconf 86' lang='lat' dir='ltr'>non</span> <span class='ocrx_word' id='word_1_393' title='bbox 1071 1436 1258 1476; x_wconf 87' lang='lat' dir='ltr'>excludant,</span> <span class='ocrx_word' id='word_1_394' title='bbox 1283 1436 1404 1470; x_wconf 89' lang='lat' dir='ltr'>eisdem</span> <span class='ocrx_word' id='word_1_395' title='bbox 1433 1436 1581 1470; x_wconf 87' lang='lat' dir='ltr'>ruthenis</span> <span class='ocrx_word' id='word_1_396' title='bbox 1602 1437 1729 1480; x_wconf 88' lang='lat' dir='ltr'>episco-</span> 
     </span>
     <span class='ocr_line' id='line_1_77' title="bbox 985 1488 1730 1534; baseline 0.003 -13"><span class='ocrx_word' id='word_1_397' title='bbox 985 1488 1033 1532; x_wconf 86' lang='lat' dir='ltr'>pis</span> <span class='ocrx_word' id='word_1_398' title='bbox 1047 1495 1077 1521; x_wconf 88' lang='lat' dir='ltr'>et</span> <span class='ocrx_word' id='word_1_399' title='bbox 1091 1489 1177 1522; x_wconf 90' lang='lat' dir='ltr'>clero</span> <span class='ocrx_word' id='word_1_400' title='bbox 1198 1501 1235 1522; x_wconf 83' lang='lat' dir='ltr'>ex</span> <span class='ocrx_word' id='word_1_401' title='bbox 1255 1490 1434 1533; x_wconf 88' lang='lat' dir='ltr'>apostolica</span> <span class='ocrx_word' id='word_1_402' title='bbox 1446 1489 1645 1532; x_wconf 82' lang='lat' dir='ltr'>benignitate</span> <span class='ocrx_word' id='word_1_403' title='bbox 1656 1501 1730 1534; x_wconf 88' lang='lat' dir='ltr'>per-</span> 
     </span>
     <span class='ocr_line' id='line_1_78' title="bbox 985 1542 1682 1585; baseline 0.003 -11"><span class='ocrx_word' id='word_1_404' title='bbox 985 1542 1155 1581; x_wconf 88' lang='lat' dir='ltr'>mittimus,</span> <span class='ocrx_word' id='word_1_405' title='bbox 1180 1543 1386 1576; x_wconf 87' lang='lat' dir='ltr'>cen‹:edi1nus</span> <span class='ocrx_word' id='word_1_406' title='bbox 1412 1548 1443 1576; x_wconf 84' lang='lat' dir='ltr'>et</span> <span class='ocrx_word' id='word_1_407' title='bbox 1466 1543 1682 1585; x_wconf 84' lang='lat' dir='ltr'>indulgemus.</span> 
     </span>
    </p>

    <p class='ocr_par' dir='ltr' id='par_1_11' title="bbox 985 1595 1731 1745">
     <span class='ocr_line' id='line_1_79' title="bbox 1031 1595 1731 1638; baseline 0.001 -10"><span class='ocrx_word' id='word_1_408' title='bbox 1031 1597 1046 1638; x_wconf 63' lang='grc'>5</span> <span class='ocrx_word' id='word_1_409' title='bbox 1068 1595 1120 1628; x_wconf 85' lang='lat' dir='ltr'>ll.</span> <span class='ocrx_word' id='word_1_410' title='bbox 1136 1596 1205 1629; x_wconf 83' lang='lat' dir='ltr'>Non</span> <span class='ocrx_word' id='word_1_411' title='bbox 1223 1596 1426 1629; x_wconf 87' lang='lat' dir='ltr'>obstantibus</span> <span class='ocrx_word' id='word_1_412' title='bbox 1445 1596 1731 1630; x_wconf 88' lang='lat' dir='ltr'>constitutionibus</span> 
     </span>
     <span class='ocr_line' id='line_1_80' title="bbox 985 1649 1731 1694; baseline 0.001 -11"><span class='ocrx_word' id='word_1_413' title='bbox 985 1655 1015 1683; x_wconf 92' lang='lat' dir='ltr'>et</span> <span class='ocrx_word' id='word_1_414' title='bbox 1036 1649 1295 1682; x_wconf 87' lang='lat' dir='ltr'>ordinationibus</span> <span class='ocrx_word' id='word_1_415' title='bbox 1312 1649 1506 1693; x_wconf 87' lang='lat' dir='ltr'>apostolicis,</span> <span class='ocrx_word' id='word_1_416' title='bbox 1531 1650 1731 1694; x_wconf 86' lang='lat' dir='ltr'>caeterisque</span> 
     </span>
     <span class='ocr_line' id='line_1_81' title="bbox 985 1702 1451 1745; baseline 0 -11"><span class='ocrx_word' id='word_1_417' title='bbox 985 1702 1156 1735; x_wconf 86' lang='lat' dir='ltr'>contrariis</span> <span class='ocrx_word' id='word_1_418' title='bbox 1181 1702 1451 1745; x_wconf 80' lang='lat' dir='ltr'>quibuscumque.</span> 
     </span>
    </p>

    <p class='ocr_par' dir='ltr' id='par_1_12' title="bbox 981 1754 1731 2644">
     <span class='ocr_line' id='line_1_82' title="bbox 1029 1754 1731 1799; baseline 0 -12"><span class='ocrx_word' id='word_1_419' title='bbox 1029 1756 1043 1799; x_wconf 59' lang='grc' dir='ltr'>ξ</span> <span class='ocrx_word' id='word_1_420' title='bbox 1066 1754 1115 1787; x_wconf 58' lang='grc' dir='ltr'>ΓΖ.</span> <span class='ocrx_word' id='word_1_421' title='bbox 1140 1755 1258 1788; x_wconf 90' lang='lat' dir='ltr'>Omnes</span> <span class='ocrx_word' id='word_1_422' title='bbox 1278 1755 1377 1797; x_wconf 81' lang='lat' dir='ltr'>igitur</span> <span class='ocrx_word' id='word_1_423' title='bbox 1398 1755 1578 1796; x_wconf 89' lang='lat' dir='ltr'>unanimes,</span> <span class='ocrx_word' id='word_1_424' title='bbox 1593 1766 1658 1789; x_wconf 91' lang='lat' dir='ltr'>uno</span> <span class='ocrx_word' id='word_1_425' title='bbox 1668 1755 1731 1799; x_wconf 92' lang='lat' dir='ltr'>spi-</span> 
     </span>
     <span class='ocr_line' id='line_1_83' title="bbox 985 1808 1731 1852; baseline 0 -11"><span class='ocrx_word' id='word_1_426' title='bbox 985 1808 1059 1848; x_wconf 91' lang='lat' dir='ltr'>ritu,</span> <span class='ocrx_word' id='word_1_427' title='bbox 1082 1808 1312 1842; x_wconf 88' lang='lat' dir='ltr'>benedicamus</span> <span class='ocrx_word' id='word_1_428' title='bbox 1332 1809 1433 1845; x_wconf 84' lang='lat' dir='ltr'>Deum</span> <span class='ocrx_word' id='word_1_429' title='bbox 1455 1808 1535 1842; x_wconf 87' lang='lat' dir='ltr'>coeli</span> <span class='ocrx_word' id='word_1_430' title='bbox 1557 1814 1587 1842; x_wconf 90' lang='lat' dir='ltr'>et</span> <span class='ocrx_word' id='word_1_431' title='bbox 1606 1814 1731 1852; x_wconf 85' lang='lat' dir='ltr'>patrem</span> 
     </span>
     <span class='ocr_line' id='line_1_84' title="bbox 984 1862 1730 1907; baseline 0.001 -12"><span class='ocrx_word' id='word_1_432' title='bbox 984 1863 1293 1903; x_wconf 88' lang='lat' dir='ltr'>misericordiarum,</span> <span class='ocrx_word' id='word_1_433' title='bbox 1309 1863 1364 1907; x_wconf 89' lang='lat' dir='ltr'>qui</span> <span class='ocrx_word' id='word_1_434' title='bbox 1385 1863 1460 1896; x_wconf 87' lang='lat' dir='ltr'>facit</span> <span class='ocrx_word' id='word_1_435' title='bbox 1477 1862 1640 1896; x_wconf 87' lang='lat' dir='ltr'>mirabilia</span> <span class='ocrx_word' id='word_1_436' title='bbox 1662 1873 1730 1896; x_wconf 85' lang='lat' dir='ltr'>ma-</span> 
     </span>
     <span class='ocr_line' id='line_1_85' title="bbox 983 1916 1730 1960; baseline -0.001 -10"><span class='ocrx_word' id='word_1_437' title='bbox 983 1927 1045 1959; x_wconf 83' lang='lat' dir='ltr'>gna</span> <span class='ocrx_word' id='word_1_438' title='bbox 1065 1917 1152 1950; x_wconf 88' lang='lat' dir='ltr'>solus</span> <span class='ocrx_word' id='word_1_439' title='bbox 1172 1927 1190 1950; x_wconf 90' lang='lat' dir='ltr'>a</span> <span class='ocrx_word' id='word_1_440' title='bbox 1210 1917 1361 1957; x_wconf 89' lang='lat' dir='ltr'>saeculo,</span> <span class='ocrx_word' id='word_1_441' title='bbox 1387 1917 1442 1960; x_wconf 89' lang='lat' dir='ltr'>qui</span> <span class='ocrx_word' id='word_1_442' title='bbox 1468 1917 1566 1950; x_wconf 86' lang='lat' dir='ltr'>corda</span> <span class='ocrx_word' id='word_1_443' title='bbox 1586 1916 1730 1950; x_wconf 77' lang='lat' dir='ltr'>tiliorum</span> 
     </span>
     <span class='ocr_line' id='line_1_86' title="bbox 983 1969 1731 2014; baseline 0 -11"><span class='ocrx_word' id='word_1_444' title='bbox 983 1970 1023 2003; x_wconf 88' lang='lat' dir='ltr'>ad</span> <span class='ocrx_word' id='word_1_445' title='bbox 1043 1976 1168 2014; x_wconf 88' lang='lat' dir='ltr'>patrem</span> <span class='ocrx_word' id='word_1_446' title='bbox 1190 1969 1359 2009; x_wconf 84' lang='lat' dir='ltr'>convertit,</span> <span class='ocrx_word' id='word_1_447' title='bbox 1377 1981 1450 2003; x_wconf 81' lang='lat' dir='ltr'>oves</span> <span class='ocrx_word' id='word_1_448' title='bbox 1471 1970 1584 2004; x_wconf 87' lang='lat' dir='ltr'>Christi</span> <span class='ocrx_word' id='word_1_449' title='bbox 1597 1970 1636 2003; x_wconf 85' lang='lat' dir='ltr'>ad</span> <span class='ocrx_word' id='word_1_450' title='bbox 1648 1970 1731 2003; x_wconf 79' lang='lat' dir='ltr'>ovile</span> 
     </span>
     <span class='ocr_line' id='line_1_87' title="bbox 983 2023 1731 2067; baseline 0 -11"><span class='ocrx_word' id='word_1_451' title='bbox 983 2024 1119 2063; x_wconf 87' lang='lat' dir='ltr'>reduxit,</span> <span class='ocrx_word' id='word_1_452' title='bbox 1143 2024 1290 2057; x_wconf 87' lang='lat' dir='ltr'>membra</span> <span class='ocrx_word' id='word_1_453' title='bbox 1315 2023 1411 2067; x_wconf 88' lang='lat' dir='ltr'>capiti</span> <span class='ocrx_word' id='word_1_454' title='bbox 1431 2023 1549 2057; x_wconf 90' lang='lat' dir='ltr'>iterum</span> <span class='ocrx_word' id='word_1_455' title='bbox 1570 2023 1731 2066; x_wconf 84' lang='lat' dir='ltr'>congluti-</span> 
     </span>
     <span class='ocr_line' id='line_1_88' title="bbox 983 2077 1727 2120; baseline 0.001 -11"><span class='ocrx_word' id='word_1_456' title='bbox 983 2077 1078 2110; x_wconf 87' lang='lat' dir='ltr'>navit.</span> <span class='ocrx_word' id='word_1_457' title='bbox 1103 2077 1296 2110; x_wconf 88' lang='lat' dir='ltr'>Benedictus</span> <span class='ocrx_word' id='word_1_458' title='bbox 1315 2077 1417 2115; x_wconf 76' lang='lat' dir='ltr'>Deus,</span> <span class='ocrx_word' id='word_1_459' title='bbox 1442 2077 1497 2120; x_wconf 87' lang='lat' dir='ltr'>qui</span> <span class='ocrx_word' id='word_1_460' title='bbox 1522 2087 1650 2120; x_wconf 88' lang='lat' dir='ltr'>semper</span> <span class='ocrx_word' id='word_1_461' title='bbox 1670 2087 1727 2110; x_wconf 84' lang='lat' dir='ltr'>co-</span> 
     </span>
     <span class='ocr_line' id='line_1_89' title="bbox 982 2130 1730 2174; baseline 0 -11"><span class='ocrx_word' id='word_1_462' title='bbox 982 2130 1061 2172; x_wconf 85' lang='lat' dir='ltr'>gitat</span> <span class='ocrx_word' id='word_1_463' title='bbox 1084 2130 1296 2173; x_wconf 77' lang='lat' dir='ltr'>cogitationes</span> <span class='ocrx_word' id='word_1_464' title='bbox 1324 2130 1435 2174; x_wconf 86' lang='lat' dir='ltr'>pacis,</span> <span class='ocrx_word' id='word_1_465' title='bbox 1464 2135 1495 2162; x_wconf 90' lang='lat' dir='ltr'>et</span> <span class='ocrx_word' id='word_1_466' title='bbox 1524 2130 1591 2163; x_wconf 87' lang='lat' dir='ltr'>vult</span> <span class='ocrx_word' id='word_1_467' title='bbox 1618 2140 1730 2163; x_wconf 87' lang='lat' dir='ltr'>omnes</span> 
     </span>
     <span class='ocr_line' id='line_1_90' title="bbox 982 2183 1730 2238; baseline 0.001 -22"><span class='ocrx_word' id='word_1_468' title='bbox 982 2184 1084 2217; x_wconf 89' lang='lat' dir='ltr'>salvos</span> <span class='ocrx_word' id='word_1_469' title='bbox 1109 2184 1201 2224; x_wconf 87' lang='lat' dir='ltr'>fieri,</span> <span class='ocrx_word' id='word_1_470' title='bbox 1232 2189 1263 2217; x_wconf 91' lang='lat' dir='ltr'>et</span> <span class='ocrx_word' id='word_1_471' title='bbox 1287 2184 1327 2216; x_wconf 88' lang='lat' dir='ltr'>ad</span> <span class='ocrx_word' id='word_1_472' title='bbox 1358 2183 1557 2238; x_wconf 63' lang='lat' dir='ltr'>agnitionem</span> <span class='ocrx_word' id='word_1_473' title='bbox 1590 2183 1730 2217; x_wconf 88' lang='lat' dir='ltr'>veritatis</span> 
     </span>
     <span class='ocr_line' id='line_1_91' title="bbox 982 2237 1730 2271; baseline 0 -2"><span class='ocrx_word' id='word_1_474' title='bbox 982 2238 1100 2270; x_wconf 88' lang='lat' dir='ltr'>venire.</span> <span class='ocrx_word' id='word_1_475' title='bbox 1121 2237 1285 2271; x_wconf 86' lang='lat' dir='ltr'>Benedicti</span> <span class='ocrx_word' id='word_1_476' title='bbox 1307 2237 1370 2270; x_wconf 90' lang='lat' dir='ltr'>sint</span> <span class='ocrx_word' id='word_1_477' title='bbox 1398 2238 1512 2270; x_wconf 79' lang='lat' dir='ltr'>fratres</span> <span class='ocrx_word' id='word_1_478' title='bbox 1540 2237 1643 2270; x_wconf 88' lang='lat' dir='ltr'>nostri</span> <span class='ocrx_word' id='word_1_479' title='bbox 1675 2237 1730 2270; x_wconf 88' lang='lat' dir='ltr'>Mi-</span> 
     </span>
     <span class='ocr_line' id='line_1_92' title="bbox 982 2289 1729 2334; baseline 0.001 -12"><span class='ocrx_word' id='word_1_480' title='bbox 982 2289 1083 2330; x_wconf 85' lang='lat' dir='ltr'>chael‚</span> <span class='ocrx_word' id='word_1_481' title='bbox 1097 2290 1359 2334; x_wconf 83' lang='lat' dir='ltr'>archiepiscopus</span> <span class='ocrx_word' id='word_1_482' title='bbox 1376 2289 1593 2333; x_wconf 87' lang='lat' dir='ltr'>metropolita,</span> <span class='ocrx_word' id='word_1_483' title='bbox 1605 2295 1635 2323; x_wconf 88' lang='lat' dir='ltr'>et</span> <span class='ocrx_word' id='word_1_484' title='bbox 1656 2300 1729 2323; x_wconf 89' lang='lat' dir='ltr'>coe-</span> 
     </span>
     <span class='ocr_line' id='line_1_93' title="bbox 982 2342 1730 2386; baseline 0.001 -11"><span class='ocrx_word' id='word_1_485' title='bbox 982 2342 1105 2386; x_wconf 89' lang='lat' dir='ltr'>piscopi</span> <span class='ocrx_word' id='word_1_486' title='bbox 1124 2343 1192 2376; x_wconf 88' lang='lat' dir='ltr'>eius</span> <span class='ocrx_word' id='word_1_487' title='bbox 1213 2343 1353 2384; x_wconf 83' lang='lat' dir='ltr'>rutheni,</span> <span class='ocrx_word' id='word_1_488' title='bbox 1377 2343 1431 2386; x_wconf 90' lang='lat' dir='ltr'>qui</span> <span class='ocrx_word' id='word_1_489' title='bbox 1453 2353 1548 2376; x_wconf 87' lang='lat' dir='ltr'>aures</span> <span class='ocrx_word' id='word_1_490' title='bbox 1571 2353 1644 2376; x_wconf 84' lang='lat' dir='ltr'>suas</span> <span class='ocrx_word' id='word_1_491' title='bbox 1664 2353 1730 2377; x_wconf 92' lang='lat' dir='ltr'>non</span> 
     </span>
     <span class='ocr_line' id='line_1_94' title="bbox 982 2395 1729 2436; baseline 0.003 -9"><span class='ocrx_word' id='word_1_492' title='bbox 982 2395 1215 2428; x_wconf 88' lang='lat' dir='ltr'>obturaverunt</span> <span class='ocrx_word' id='word_1_493' title='bbox 1239 2397 1279 2429; x_wconf 91' lang='lat' dir='ltr'>ad</span> <span class='ocrx_word' id='word_1_494' title='bbox 1308 2406 1402 2429; x_wconf 75' lang='lat' dir='ltr'>voces</span> <span class='ocrx_word' id='word_1_495' title='bbox 1427 2395 1577 2436; x_wconf 89' lang='lat' dir='ltr'>Domini,</span> <span class='ocrx_word' id='word_1_496' title='bbox 1600 2396 1656 2429; x_wconf 91' lang='lat' dir='ltr'>sed</span> <span class='ocrx_word' id='word_1_497' title='bbox 1682 2396 1729 2429; x_wconf 89' lang='lat' dir='ltr'>illi</span> 
     </span>
     <span class='ocr_line' id='line_1_95' title="bbox 982 2448 1725 2493; baseline 0.001 -12"><span class='ocrx_word' id='word_1_498' title='bbox 982 2449 1021 2481; x_wconf 90' lang='lat' dir='ltr'>ad</span> <span class='ocrx_word' id='word_1_499' title='bbox 1042 2448 1160 2481; x_wconf 86' lang='lat' dir='ltr'>ostium</span> <span class='ocrx_word' id='word_1_500' title='bbox 1182 2449 1289 2482; x_wconf 89' lang='lat' dir='ltr'>cordis</span> <span class='ocrx_word' id='word_1_501' title='bbox 1313 2449 1408 2481; x_wconf 89' lang='lat' dir='ltr'>stanti</span> <span class='ocrx_word' id='word_1_502' title='bbox 1430 2454 1461 2481; x_wconf 89' lang='lat' dir='ltr'>et</span> <span class='ocrx_word' id='word_1_503' title='bbox 1484 2449 1626 2492; x_wconf 87' lang='lat' dir='ltr'>pulsanti</span> <span class='ocrx_word' id='word_1_504' title='bbox 1647 2460 1725 2493; x_wconf 90' lang='lat' dir='ltr'>ape-</span> 
     </span>
     <span class='ocr_line' id='line_1_96' title="bbox 981 2501 1726 2545; baseline 0.003 -11"><span class='ocrx_word' id='word_1_505' title='bbox 981 2507 1128 2541; x_wconf 84' lang='lat' dir='ltr'>ruerunt,</span> <span class='ocrx_word' id='word_1_506' title='bbox 1145 2512 1203 2545; x_wconf 91' lang='lat' dir='ltr'>per</span> <span class='ocrx_word' id='word_1_507' title='bbox 1224 2501 1324 2545; x_wconf 91' lang='lat' dir='ltr'>ipsius</span> <span class='ocrx_word' id='word_1_508' title='bbox 1335 2502 1484 2544; x_wconf 82' lang='lat' dir='ltr'>gratiam,</span> <span class='ocrx_word' id='word_1_509' title='bbox 1502 2501 1558 2545; x_wconf 91' lang='lat' dir='ltr'>qui</span> <span class='ocrx_word' id='word_1_510' title='bbox 1577 2502 1631 2535; x_wconf 88' lang='lat' dir='ltr'>dat</span> <span class='ocrx_word' id='word_1_511' title='bbox 1643 2503 1726 2536; x_wconf 84' lang='lat' dir='ltr'>velle</span> 
     </span>
     <span class='ocr_line' id='line_1_97' title="bbox 982 2556 1727 2600; baseline 0.001 -12"><span class='ocrx_word' id='word_1_512' title='bbox 982 2562 1012 2589; x_wconf 89' lang='lat' dir='ltr'>et</span> <span class='ocrx_word' id='word_1_513' title='bbox 1032 2556 1189 2600; x_wconf 83' lang='lat' dir='ltr'>perficere</span> <span class='ocrx_word' id='word_1_514' title='bbox 1209 2567 1268 2599; x_wconf 82' lang='lat' dir='ltr'>pro</span> <span class='ocrx_word' id='word_1_515' title='bbox 1288 2556 1373 2589; x_wconf 88' lang='lat' dir='ltr'>bona</span> <span class='ocrx_word' id='word_1_516' title='bbox 1394 2556 1567 2589; x_wconf 69' lang='lat' dir='ltr'>voluntate⁴</span> <span class='ocrx_word' id='word_1_517' title='bbox 1588 2556 1646 2589; x_wconf 90' lang='lat' dir='ltr'>Det</span> <span class='ocrx_word' id='word_1_518' title='bbox 1666 2556 1727 2589; x_wconf 90' lang='lat' dir='ltr'>illis</span> 
     </span>
     <span class='ocr_line' id='line_1_98' title="bbox 981 2609 1726 2644; baseline -0.001 -1"><span class='ocrx_word' id='word_1_519' title='bbox 981 2610 1063 2643; x_wconf 88' lang='lat' dir='ltr'>Deus</span> <span class='ocrx_word' id='word_1_520' title='bbox 1088 2609 1321 2643; x_wconf 86' lang='lat' dir='ltr'>abundantiam</span> <span class='ocrx_word' id='word_1_521' title='bbox 1349 2609 1536 2644; x_wconf 88' lang='lat' dir='ltr'>caelestium</span> <span class='ocrx_word' id='word_1_522' title='bbox 1565 2610 1726 2643; x_wconf 89' lang='lat' dir='ltr'>donorum</span> 
     </span>
    </p>
   </div>
   <div class='ocr_carea' id='block_1_11' title="bbox 1641 204 1935 243">
    <p class='ocr_par' dir='ltr' id='par_1_13' title="bbox 1641 204 1935 243">
     <span class='ocr_line' id='line_1_99' title="bbox 1641 204 1935 243; baseline 0.007 -2"><span class='ocrx_word' id='word_1_523' title='bbox 1641 204 1705 238; x_wconf 65' lang='grc'>245</span> <span class='ocrx_word' id='word_1_524' title='bbox 1751 213 1802 242; x_wconf 81' lang='lat' dir='ltr'>An.</span> <span class='ocrx_word' id='word_1_525' title='bbox 1818 214 1848 243; x_wconf 89' lang='lat' dir='ltr'>C.</span> <span class='ocrx_word' id='word_1_526' title='bbox 1866 214 1935 243; x_wconf 78' lang='lat'>1595</span> 
     </span>
    </p>
   </div>
   <div class='ocr_carea' id='block_1_12' title="bbox 1746 1550 1932 1603">
    <p class='ocr_par' dir='ltr' id='par_1_14' title="bbox 1746 1550 1932 1603">
     <span class='ocr_line' id='line_1_100' title="bbox 1765 1550 1932 1580; baseline 0 -9"><span class='ocrx_word' id='word_1_527' title='bbox 1765 1551 1863 1580; x_wconf 79' lang='lat' dir='ltr'>Clausala</span> <span class='ocrx_word' id='word_1_528' title='bbox 1872 1550 1932 1571; x_wconf 64' lang='lat' dir='ltr'>dero&lt;</span> 
     </span>
     <span class='ocr_line' id='line_1_101' title="bbox 1746 1580 1834 1603; baseline -0.011 -5"><span class='ocrx_word' id='word_1_529' title='bbox 1746 1580 1834 1603; x_wconf 82' lang='lat' dir='ltr'>gatoria.</span> 
     </span>
    </p>
   </div>
   <div class='ocr_carea' id='block_1_13' title="bbox 1746 1710 1930 1758">
    <p class='ocr_par' dir='ltr' id='par_1_15' title="bbox 1746 1710 1930 1758">
     <span class='ocr_line' id='line_1_102' title="bbox 1766 1710 1930 1739; baseline 0 -9"><span class='ocrx_word' id='word_1_530' title='bbox 1766 1710 1874 1739; x_wconf 76' lang='lat' dir='ltr'>Pontificis</span> <span class='ocrx_word' id='word_1_531' title='bbox 1884 1715 1930 1736; x_wconf 81' lang='lat' dir='ltr'>pre-</span> 
     </span>
     <span class='ocr_line' id='line_1_103' title="bbox 1746 1739 1811 1758; baseline 0 -1"><span class='ocrx_word' id='word_1_532' title='bbox 1746 1739 1811 1758; x_wconf 74' lang='lat' dir='ltr'>cauo.</span> 
     </span>
    </p>
   </div>
  </div>
 </body>
</html>
