2253 3195
43 255 88 281 An.
106 254 133 279 ¹3.
158 255 223 281 1597

7 1322 13 1334 f
55 1317 176 1339 Solutinnes
187 1321 225 1342 per

42 1344 108 1366 dictos
119 1343 225 1373 deposita·

41 1371 83 1393 rius
107 1376 132 1392 ex
153 1370 225 1391 huius-

41 1398 97 1420 modi
128 1396 224 1423 pecuniis

41 1423 158 1446 taciendao.

853 256 999 280 CLEMENS
1019 255 1076 279 VIII
1097 256 1147 278 PP.

239 302 332 336 stenti
350 303 382 335 in
407 303 491 336 dieta
512 304 638 337 civitate
650 303 842 337 Bononiensi
862 304 978 346 legato,

238 366 293 389 seu
325 356 392 389 eius
419 356 591 399 vicelegato
623 368 658 390 ac
688 357 916 399 gubernatori,
951 361 982 389 et

239 409 308 441 aliis
332 409 590 453 quibuscumque
616 410 806 443 officialibus
834 415 865 442 et
890 410 980 442 iusti-

238 462 299 495 tiae
318 462 472 495 ministris
489 463 705 506 praecipimus
722 474 758 495 ae
777 463 976 501 mandamus,

238 520 273 547 ut
293 525 413 558 poenas
433 515 617 548 huiusmodi
636 515 880 553 maleficiorum,
894 520 980 558 post-

239 567 306 600 hac·
318 568 349 600 in
371 569 517 601 manibus
538 569 670 608 vestris,
694 574 724 600 et
748 579 806 611 pro
836 573 981 611 tempore

239 621 441 653 existentium
477 621 580 654 dietae
611 622 761 654 Camerae
794 621 825 653 in
857 621 981 654 civitate

238 674 431 706 Bononiensi
457 674 726 717 depositariorum
751 674 916 707 dumtaxat
935 675 982 707 in-

239 732 326 768 tegre
346 727 482 769 persolvi
508 733 618 760 curent
647 733 675 760 et
703 728 841 765 saciant,
866 738 924 760 nec
945 728 981 759 il-

238 779 284 812 las
303 779 343 812 ad
369 790 482 812 manus
503 780 734 824 cuiuscumque
756 781 887 813 alterius
907 791 980 824 per-

238 842 346 872 sonae,
370 833 481 875 quovis
514 839 697 876 praetextu,
722 844 817 867 causa
838 840 868 867 et
888 844 981 867 ocea-

238 884 327 918 sione
339 886 487 919 devenire
501 887 686 930 permittant
698 893 751 920 aut
764 887 890 927 saciant,
904 888 982 920 alio-

238 938 316 981 quin
337 944 449 972 contra
469 939 553 983 ipsos
573 951 631 983 per
655 941 819 973 Cameram
841 943 979 984 Aposto-

237 990 332 1023 lIcam
342 992 381 1024 ad
394 992 625 1025 restitutionem
637 1004 747 1025 earum
757 993 978 1036 pecuniarum,

239 1054 317 1088 quas
348 1045 387 1077 ad
416 1045 553 1078 aliorum
575 1056 689 1078 manus
717 1046 866 1079 devenire
902 1047 982 1079 tece-

238 1097 302 1130 rint
321 1108 376 1131 seu
395 1099 610 1141 permiserint,
634 1100 692 1132 sub
713 1100 824 1143 poenis
846 1100 877 1132 in
899 1100 982 1133 dieta

239 1151 465 1185 constitutione
492 1152 568 1185 Sixti
596 1153 618 1184 V
645 1152 822 1192 contentis,
850 1154 981 1196 procedi

239 1204 346 1247 possit.

284 1259 298 1301 ἓ
323 1257 353 1291 3.
382 1259 551 1292 Praeterea
576 1260 666 1293 vobis
692 1260 926 1293 committimus
952 1266 983 1294 et

240 1312 442 1353 mandamus,
456 1319 489 1345 ut
511 1313 684 1355 exseisdem
706 1313 849 1357 pecuniis
864 1319 894 1346 et
913 1314 982 1347 aliis

240 1365 280 1398 ad
300 1365 465 1399 Cameram
483 1372 625 1399 nostram
648 1367 876 1410 spectantibus,
900 1379 981 1411 quae

239 1418 279 1450 ad
299 1429 412 1452 manus
432 1425 550 1452 vestras
573 1430 632 1463 pro
663 1426 808 1463 tempore
840 1421 979 1455 devene-

239 1471 321 1512 rint,
345 1472 521 1505 solutiones
546 1472 725 1505 ordinarias
749 1478 780 1505 et
804 1475 981 1507 extraordi-

239 1525 360 1565 narias,
384 1525 471 1558 iuxta
503 1526 645 1558 tabulam
674 1537 692 1558 a
721 1526 814 1559 nobis
840 1527 981 1560 subseri-

237 1584 337 1622 ptam,
353 1579 443 1611 cuius
460 1585 605 1612 tenorem
627 1579 759 1612 inferius
777 1581 915 1613 describi
928 1592 981 1614 vo-

238 1632 367 1672 luimus,
393 1633 538 1676 quolibet
555 1643 675 1673 mense,
692 1639 722 1666 et
746 1633 825 1666 infra
846 1645 977 1675 annum,

239 1686 334 1719 etiam
357 1687 396 1719 ad
416 1686 573 1730 simplicia
595 1687 689 1729 legati
715 1698 770 1720 seu
793 1688 977 1730 vicelegati,

239 1745 293 1773 aut
312 1740 535 1782 gubernatoris
560 1741 715 1784 praedicti
745 1752 804 1784 pro
837 1748 981 1786 tempore

239 1793 400 1827 existentis
424 1795 590 1835 mandata,
615 1794 747 1835 faciatis,
772 1806 850 1838 quas
871 1796 903 1828 in
928 1808 981 1829 ve-

238 1846 312 1880 stris
341 1847 517 1890 eomputis‚
548 1858 606 1890 per
633 1848 780 1880 eamdem
816 1849 980 1882 Cameram

240 1899 373 1943 eiusque
390 1899 555 1933 ministros
573 1901 662 1934 vobis
686 1902 787 1934 bonas
804 1901 874 1934 fieri
894 1903 983 1935 volu-

240 1963 311 1986 mus
336 1958 366 1986 et
386 1948 598 1994 mandamus,
622 1955 822 1987 declarantes
850 1955 894 1988 sic
919 1966 979 1988 no-

240 2011 323 2039 strae
340 2006 456 2039 mentis
477 2012 507 2039 et
525 2007 696 2040 voluntatis
717 2008 863 2047 existere,
887 2019 923 2041 ac
942 2009 983 2042 ita

240 2070 298 2103 per
333 2069 555 2102 quoscumque
587 2059 708 2093 iudices
743 2061 923 2094 ordinarios
955 2067 985 2095 et

241 2112 403 2154 delegatos
418 2140 425 2153 ,
449 2113 545 2145 etiam
571 2113 673 2146 dietae
694 2113 845 2147 Gamerae
865 2115 985 2158 praesi-

241 2167 363 2206 dentes,
378 2165 511 2199 clericos
531 2176 567 2199 ac
585 2166 819 2200 thesaurarium
838 2156 984 2201 nostrtitn

241 2220 436 2262 generalem,
465 2225 660 2263 sanctaeque
688 2220 852 2253 Romanae
879 2221 985 2254 Eccle-

241 2272 305 2306 siae
326 2273 559 2313 camerarium,
583 2274 708 2306 sublata
740 2273 785 2306 eis
817 2279 848 2306 et
873 2284 985 2306 eorum

242 2326 373 2360 cuilibet
393 2326 504 2370 quavis
525 2326 617 2359 aliter
642 2326 804 2359 iudicandi
832 2332 862 2359 et
888 2327 986 2360 inter-

241 2379 389 2424 pretandi
409 2380 558 2412 facultate
580 2385 610 2412 et
630 2380 829 2420 auctoritate,
851 2380 986 2413 iudicari

243 2438 274 2466 et
302 2432 430 2465 definiri
455 2433 589 2473 debere,
613 2443 650 2466 ac
675 2433 803 2466 irritum
834 2439 863 2466 et
893 2433 988 2465 inane

243 2486 401 2530 quidquid
434 2497 524 2519 secus
553 2497 649 2530 super
677 2487 726 2519 bis
755 2498 772 2518 a
802 2497 984 2530 quoquam,

245 2539 355 2583 quavis
372 2539 577 2580 auctoritate,
601 2539 739 2573 scienter
759 2540 808 2573 vel
836 2540 988 2582 ignoran-

246 2597 304 2633 ter,
328 2592 499 2634 contigerit
518 2593 677 2625 attentari.

1033 302 1155 335 Tabula
1175 306 1284 335 autem
1304 301 1504 333 solutionum
1520 298 1747 342 faciendarum

1216 354 1292 386 haec
1312 357 1367 392 est,
1391 352 1560 384 videlicet:

1060 410 1173 442 Tavola
1187 408 1426 451 ‹le'pagamenti
1436 407 1593 440 ordinarii
1608 407 1646 439 ed
1659 411 1757 439 estra—

1015 462 1169 495 ordinarii
1188 462 1245 494 elie
1269 462 1452 494 doveranno
1470 460 1558 493 farei
1573 459 1757 504 depositarii

1016 515 1099 547 della
1116 515 1248 547 Cainera
1269 514 1451 557 Apostolica
1471 514 1502 546 in
1520 514 1663 555 Bologna
1683 511 1757 554 ogni

1016 578 1102 600 mese
1122 578 1139 599 e
1161 568 1204 598 fra
1234 566 1353 606 l'anno,
1383 567 1547 599 conforme
1569 577 1586 598 a
1607 566 1693 598 detta
1713 570 1759 598 ta-

1017 621 1096 659 vola,
1121 631 1137 652 e
1155 630 1212 663 per
1231 618 1376 662 sempliei
1405 618 1546 651 mandati
1579 618 1610 651 di
1638 617 1754 660 legati,

1015 673 1178 715 vicelegati
1205 684 1223 706 o
1248 672 1451 715 governatori
1480 672 1509 705 di
1540 672 1683 713 Bologna
1699 681 1758 714 pro

1017 731 1165 769 tempore.

1060 780 1246 813 Atrlttustr.
1271 791 1287 812 e
1308 780 1381 812 Rev.
1413 779 1470 821 sig.
1495 778 1611 820 Legato
1641 778 1672 811 di
1700 779 1759 811 Bo-

1016 834 1121 875 logna,
1138 833 1212 875 ogni
1227 832 1387 876 principio
1410 832 1441 865 di
1462 842 1548 865 mese
1566 832 1590 864 si
1612 832 1759 864 debbano

1016 897 1133 929 pagare
1147 897 1204 930 per
1221 897 1279 919 sua
1296 885 1478 929 provisione
1496 885 1546 918 dal
1565 884 1759 927 depositario

1017 939 1100 971 della
1117 939 1190 972 Rev.
1215 939 1358 979 Camera,
1382 938 1441 970 lire
1462 936 1525 970 850
1547 948 1562 969 e
1584 937 1613 969 la
1635 937 1760 970 decima

1017 991 1048 1024 di
1069 996 1150 1024 tutto
1171 992 1279 1034 quello
1301 991 1359 1024 che
1379 991 1405 1023 si
1426 992 1497 1023 sara
1518 990 1716 1022 incamerato
1738 989 1758 1021 il

1017 1054 1104 1077 mese
1129 1044 1269 1076 innanzi.

1060 1098 1096 1131 Al
1116 1098 1305 1130 medicodel
1320 1098 1463 1130 Torrone
1484 1097 1502 1129 il
1526 1107 1613 1130 mese
1632 1096 1692 1129 lire
1703 1095 1755 1129 30.

1061 1152 1097 1184 Α1
1118 1157 1238 1184 mastro
1254 1151 1336 1184 delle
1354 1151 1447 1184 Poste
1462 1151 1482 1183 il
1496 1161 1582 1183 mese
1595 1150 1653 1183 lire
1666 1149 1756 1183 215.

1061 1206 1096 1238 Al
1122 1205 1306 1238 Monaldino
1331 1204 1528 1239 Cancellario
1553 1215 1571 1237 a
1602 1210 1697 1237 conto
1728 1204 1759 1238 di

1017 1269 1073 1291 sua
1090 1258 1284 1302 provisione,
1309 1269 1325 1290 e
1339 1268 1397 1301 per
1416 1262 1504 1290 carta
1525 1257 1563 1290 ed
1584 1256 1760 1289 inchiostro

1017 1323 1073 1355 per
1091 1313 1119 1344 la
1140 1312 1321 1354 Segreteria
1343 1312 1393 1344 del
1416 1311 1591 1353 vicelegato
1616 1321 1632 1342 e
1652 1321 1710 1354 per
1731 1310 1761 1342 la

1017 1365 1219 1405 cancellaria,
1241 1365 1261 1397 il
1282 1375 1367 1398 mese
1388 1364 1445 1397 lire
1467 1363 1556 1397 2115.

1061 1420 1096 1452 Al
1111 1419 1276 1462 capellano
1286 1419 1335 1451 del
1346 1419 1489 1451 Torrone
1503 1418 1523 1449 il
1538 1427 1623 1450 mese
1637 1417 1696 1450 lire
1705 1415 1757 1449 ΞΟ.

1061 1473 1096 1506 ΑΙ
1114 1472 1265 1505 barbiere
1287 1473 1337 1505 del
1357 1473 1503 1505 Torrone
1518 1471 1538 1503 il
1553 1482 1640 1504 mese
1654 1470 1713 1503 lire
1726 1469 1756 1503 8.

1060 1527 1096 1560 Al
1134 1527 1337 1569 guardaroba
1379 1526 1411 1559 di
1446 1526 1575 1558 Palazzo
1612 1525 1632 1557 il
1675 1535 1761 1558 mese

1016 1581 1074 1613 lire
1094 1580 1123 1613 8.
1142 1579 1194 1612 210.

1060 1633 1130 1666 Allo
1164 1638 1346 1676 spazzatore
1376 1631 1700 1675 dell'appartamento
1728 1631 1759 1663 di

1016 1697 1111 1730 sopra
1132 1686 1183 1719 del
1204 1686 1334 1718 Palazzo
1356 1685 1376 1717 il
1399 1695 1485 1718 mese
1505 1684 1563 1717 lire
1583 1684 1614 1716 4.

1060 1741 1120 1773 Per
1140 1750 1224 1778 cera,
1248 1739 1306 1771 che
1331 1739 1356 1771 si
1375 1737 1531 1779 abbrugia
1552 1748 1610 1780 per
1629 1737 1761 1770 servizio

1017 1795 1101 1828 della
1117 1793 1262 1837 cappella
1273 1793 1304 1826 di
1318 1793 1447 1825 Palazzo
1461 1791 1536 1834 ogni
1549 1802 1636 1824 mese
1655 1791 1713 1824 lire
1727 1790 1757 1824 8.

1061 1848 1084 1880 Ε
1104 1847 1283 1891 parimente
1301 1846 1329 1878 al
1351 1845 1540 1889 cappellano
1555 1845 1605 1877 del
1618 1845 1762 1878 Torrone

1017 1912 1075 1945 per
1091 1901 1198 1944 quella
1212 1900 1269 1932 che
1290 1899 1315 1932 si
1336 1898 1490 1931 abbrueia
1503 1908 1561 1942 per
1573 1898 1603 1930 la
1617 1897 1761 1941 cappella

1019 1955 1049 1988 di
1070 1955 1157 1987 detto
1177 1954 1320 1986 Torrone
1341 1952 1362 1984 il
1384 1963 1471 1985 mese
1494 1951 1552 1984 lire
1573 1950 1603 1983 3.

1062 2007 1122 2041 Alli
1144 2008 1207 2040 due
1228 2005 1455 2039 sottoauditori
1476 2005 1527 2037 del
1548 2005 1690 2037 Torrone
1707 2013 1764 2046 per

1018 2063 1088 2094 loro
1118 2060 1302 2104 provisione
1332 2059 1497 2092 ordinaria
1527 2069 1586 2101 per
1613 2057 1763 2090 ciascuno

1020 2115 1078 2147 lire
1102 2113 1154 2146 211.
1171 2113 1202 2146 5.

1267 2166 1363 2209 Infra
1385 2165 1505 2197 l’anno.

1064 2221 1111 2253 Ad
1141 2221 1215 2263 ogni
1247 2220 1357 2253 Natale
1385 2229 1443 2262 per
1471 2216 1701 2250 distribuzione
1732 2216 1765 2249 in

1021 2273 1197 2306 elemosina
1220 2272 1310 2305 scudi
1332 2270 1394 2304 100
1415 2271 1455 2304 da
1480 2269 1647 2311 bolognini
1672 2267 1714 2302 83
1734 2269 1765 2302 10

1021 2327 1131 2366 seudo,
1155 2326 1214 2358 lire
1238 2325 1313 2358 415.

1066 2381 1088 2413 ll
1110 2379 1287 2412 medesimo
1307 2389 1325 2411 a
1345 2378 1469 2421 Pasqua
1488 2377 1518 2410 di
1532 2375 1766 2410 Resurrezione

1022 2433 1080 2466 lire
1100 2431 1175 2464 415.

1066 2485 1101 2518 Di
1122 2484 1195 2526 ogni
1217 2483 1396 2526 giustiziato
1424 2483 1449 2515 si
1475 2492 1602 2525 pagano
1630 2482 1659 2514 al
1691 2482 1767 2515 Bar-

1023 2539 1106 2581 gello
1128 2537 1216 2570 seudi
1238 2537 1268 2577 5,
1292 2537 1321 2569 al
1343 2538 1430 2570 detto
1452 2536 1471 2568 il
1493 2536 1618 2578 viaggio
1639 2546 1656 2569 e
1676 2546 1768 2579 spese

1024 2592 1054 2625 di
1073 2591 1233 2624 conclurre
1246 2590 1316 2623 sino
1330 2590 1369 2623 ad
1383 2590 1483 2622 ltnola
1504 2589 1525 2621 li
1546 2588 1694 2622 destinati
1706 2588 1768 2622 alla

1026 2646 1144 2688 gatera,
1168 2644 1308 2678 secondo
1329 2643 1351 2676 il
1370 2643 1476 2676 solito.

1664 240 1727 274 347
1774 250 1823 277 An.
1840 250 1867 276 c.
1889 251 1955 278 1597
