2253 3195
3 271 29 290 n.
50 261 78 287 C.
96 259 159 287 160¹

783 259 929 284 CLEMENS

950 260 1006 283 VIII
1028 259 1077 283 1¹1².

3 324 162 370 cinnat-³013?
179 318 316 351 euinque
347 307 424 340 alias
453 307 571 341 litteras
592 308 796 351 apostolicas,
821 308 916 341 etiam
934 313 936 328 t
954 308 1072 341 tionem
1094 307 1227 340 omnino
1249 305 1410 350 impediri,
1431 314 1555 348 necque
1570 305 1694 338 ratione

2 356 69 372 '8080ss
80 355 121 370 Iun]
140 356 144 369 t
157 360 163 364 -

3 383 70 399 rarum
101 376 163 397 sii-nit-

5 407 32 425 ιο.

179 361 304 404 quasvis
325 361 491 401 generales
512 361 558 393 vel
577 361 742 404 speciales,
755 361 848 393 etiam
865 342 936 394 ded

178 414 414 455 rogatoriarum
436 414 665 455 derogatorias,
687 414 828 457 aliasque
846 414 916 446 effi·
935 440 937 451 .

179 467 321 500 caciores
333 473 363 499 et
377 467 519 500 insolitas
532 468 700 507 clausulas,
718 467 919 500 aeirritantia
936 454 937 505 i

179 527 208 553 et
229 521 290 554 alia
311 521 462 559 decreta,
486 520 544 552 sub
566 521 823 564 sptibusrinnque
845 531 917 553 ver·
936 513 938 549 l

179 574 293 607 borum
310 574 422 607 formis
436 580 592 617 concepta
613 574 644 606 in
666 586 698 605 sc
720 574 921 606 continentes
937 568 938 599 i

179 627 360 660 nullatenus
373 627 520 669 derogari
540 637 643 670 posse,
660 637 717 659 nec
732 627 919 667 derogatum
937 617 939 670 ξ

180 681 319 721 censeri,
348 681 406 713 nisi
429 681 616 714 earumdem
636 681 851 724 praesentium
879 680 939 712 to-¹

180 744 250 773 nor,
275 734 313 766 de
345 734 442 766 verbo
464 735 502 766 ad
530 734 664 766 verbum
694 733 773 765 nihil
796 730 940 776 penitus}

181 786 300 819 omisso
315 813 322 827 ‚
346 786 495 827 insertus,
519 797 555 818 ac
575 796 693 828 urgens
714 792 744 818 et
764 778 941 826 sufficiens]

182 850 277 872 causa
298 850 456 882 expressa,
471 850 507 872 ac
521 849 578 882 per
595 839 693 872 trinas
712 839 876 872 distinctas
892 838 923 871 in
940 863 942 877 .

183 893 286 926 forma
306 893 413 926 brevis
433 893 556 926 litteras
568 893 754 926 earumdem
774 881 943 936 p1*aesen-'

184 945 261 978 tium
289 951 433 979 tenorem
455 945 671 983 continentes,
695 945 794 978 tribus
816 945 943 978 distin-'

184 999 242 1032 ctis
261 1000 384 1032 vicibus
398 1009 470 1032 eum
492 999 587 1032 unius
608 999 725 1032 mensis
743 999 922 1038 intervallo,

183 1052 353 1086 ordinibus
381 1063 438 1086 seu
470 1053 630 1096 deputatis
661 1052 757 1085 trium
786 1058 925 1085 statuum

184 1105 370 1138 huiusmodi
388 1106 477 1149 prius
498 1105 639 1148 legitime
660 1106 806 1138 intimata
831 1112 861 1138 et
882 1105 928 1138 in-

183 1159 368 1199 sinuata,ac
389 1159 613 1201 derogationes
631 1159 718 1202 ipsae
738 1165 826 1191 motu
846 1169 925 1202 pro-

184 1212 255 1255 prio
277 1217 306 1245 et
324 1223 359 1245 ex
378 1218 463 1245 certa
483 1212 637 1252 seientia,
662 1223 697 1244 ac
715 1212 753 1245 de
775 1211 928 1255 apostoli·
945 1202 946 1215 ³

185 1276 240 1298 cae
258 1265 423 1309 potestatis
447 1265 647 1308 plenitudine
665 1265 930 1298 consistorialiter

186 1319 225 1352 de
247 1318 382 1352 Sanctae
408 1319 571 1352 Romanae
592 1318 752 1352 Ecclesiae
777 1318 926 1351 cardina-

185 1372 263 1404 lium
298 1383 357 1416 pro
390 1378 533 1416 ternpore
565 1372 765 1405 existentium
796 1371 929 1405 consilio
946 1391 948 1404 i

188 1425 290 1458 factae
308 1425 436 1462 fuerint,
461 1430 492 1458 et
513 1425 664 1458 ordinum
685 1436 741 1458 seu
762 1425 930 1469 deputato-

187 1489 259 1512 rum
285 1478 382 1511 trium
414 1484 553 1511 statuum
585 1478 770 1511 huiusmodi
802 1479 840 1511 ad
869 1478 930 1511 hor

189 1542 356 1576 expressus
365 1532 534 1564 accesserit
545 1542 701 1570 assensus,
714 1536 930 1575 appareatque
947 1556 949 1574 z

189 1585 369 1618 Romanurn
391 1584 580 1618 Pontificem
599 1585 659 1617 illis
672 1595 818 1628 expresse
839 1576 949 1617 dero-¹

190 1649 266 1681 gare
283 1639 432 1679 votuisse;
450 1644 481 1671 et
494 1638 586 1672 aliter
598 1639 695 1671 saetas
709 1638 932 1680 derogationes

191 1691 312 1724 nemini
327 1691 507 1734 suffragari,
525 1697 555 1724 et
565 1691 739 1724 clausulam
760 1691 933 1734 implicitae

192 1744 422 1787 derogationis,
447 1744 605 1781 videlieet,
630 1745 716 1788 quod
738 1754 862 1784 eorum,
886 1745 933 1777 vel

192 1807 314 1837 earum,
327 1808 383 1830 seu
393 1797 610 1841 praesentium
634 1803 761 1830 tenores
781 1797 935 1830 latissime

192 1850 330 1890 extendi,
346 1856 376 1883 et
395 1851 525 1884 eaedem
540 1856 735 1894 praesentes,
759 1861 935 1893 earumque

194 1909 319 1936 tenores
340 1904 519 1937 habeantur
539 1915 598 1948 pro
619 1904 793 1948 expressis,
821 1915 877 1937 seu
904 1904 935 1936 in

195 1961 272 1996 toto,
296 1956 343 1990 vel
361 1963 450 2001 parte
468 1957 603 2001 exprimi
621 1957 743 2002 possint
761 1957 791 1990 in
806 1957 937 2001 quibus-

194 2009 239 2042 vis
270 2010 542 2051 concessionibus,
575 2011 703 2053 gratiis,
728 2016 758 2044 et
785 2010 900 2044 litteris
919 2021 954 2043 ευ

194 2063 287 2096 nobis
301 2064 581 2097 etsuecessoribus
602 2064 719 2098 nostris
732 2075 792 2108 pro
815 2070 937 2108 tempo-

195 2128 229 2150 re
267 2119 423 2151 emanatis
458 2119 638 2163 appositam
655 2146 661 2159 ‚
696 2119 775 2151 nihil
812 2119 938 2162 penitus

196 2171 343 2214 operari;
365 2182 422 2204 nec
444 2172 475 2204 in
496 2171 608 2205 litteris
633 2172 817 2216 apostolicis
839 2173 934 2205 desu-

197 2235 254 2267 per
271 2224 490 2265 conficiendis,
514 2225 689 2269 quidquam
703 2226 786 2258 ultra
808 2225 838 2258 id
853 2226 939 2269 quod
955 2222 957 2235 '

199 2278 228 2310 in
265 2279 526 2311 concessionibus
558 2285 588 2312 et
615 2279 725 2321 gratiis
755 2279 958 2316 huiusmodi,

198 2331 346 2375 specifice
363 2332 457 2365 suerit
474 2343 669 2375 expressum,
690 2332 812 2365 narrari
833 2343 937 2376 posse,
956 2319 958 2331 Ι

199 2395 258 2417 nec
279 2395 473 2428 quemquam
493 2386 532 2418 ad
554 2386 732 2429 parendum
755 2386 867 2419 litteris
888 2387 959 2436 (le-¹

200 2438 370 2480 rogatoriis
391 2439 594 2477 huiusmodi,
625 2444 656 2472 et
681 2439 818 2472 decretis
846 2442 959 2484 super'

201 2489 262 2523 illis
273 2491 487 2534 processibus,
510 2502 545 2524 ac
561 2502 675 2525 eorum
691 2492 942 2535 exequutoribns
958 2503 959 2516 ¹

202 2542 562 2585 etsubexequutorilnis‚
580 2542 773 2586 illorumque
786 2543 943 2576 mandatis

203 2600 231 2627 et
257 2595 490 2628 munitionibus
513 2595 630 2635 teneri,
650 2595 704 2629 sed
726 2596 787 2629 illis
809 2596 944 2629 firmiter

204 2648 350 2681 resistere
365 2649 582 2682 etlitterarinn
602 2650 789 2682 earumdem
805 2660 962 2692 exequie>

952 361 1150 394 resistentiae
1171 360 1356 393 huiusmodi
1378 358 1538 402 aliquibus
1553 358 1695 391 censuris

953 415 999 447 vel
1024 414 1136 458 poenis
1154 413 1397 452 ecclesiasticis,
1421 423 1476 445 scu
1503 411 1696 455 pecuniariis

954 479 1010 512 per
1030 468 1159 501 eosdem
1179 473 1389 511 exequutores
1411 472 1440 499 el,
1461 466 1696 509 subexequuto-

954 532 1004 554 res
1023 521 1181 556 innodari:
1195 532 1252 553 nee
1264 520 1391 553 easdem
1403 525 1587 563 praesentes
1601 519 1695 551 ctiam

955 586 991 608 ex
1012 586 1050 608 eo
1071 575 1157 618 quod
1179 585 1304 614 causae,
1320 579 1452 617 propter
1470 584 1548 616 quas
1569 583 1698 605 emana-

955 634 1046 666 runt,
1071 638 1178 660 eoram
1208 627 1355 660 locorum
1377 626 1574 666 ordinariis,
1602 625 1696 658 etiam

957 687 1120 724 tamquam
1139 692 1157 713 a
1174 680 1254 713 Sede
1275 680 1439 723 praedicta
1458 679 1623 719 delegatis,
1652 679 1697 710 vel

957 734 1034 766 alias
1055 733 1301 777 quomodolibet
1320 732 1531 772 examinatae,
1549 731 1698 764 iustifica-

958 792 1019 825 tae,
1044 786 1243 826 verificatae,
1267 786 1457 830 purificatae
1486 791 1517 818 ct
1537 785 1699 829 approba—

960 845 1008 872 tae
1033 839 1157 883 ipsique
1188 839 1348 872 Ordinarii
1388 845 1417 871 et
1455 838 1507 871 alii
1535 838 1701 871 inferiores

959 893 1129 926 collatores
1150 899 1180 925 et
1201 892 1327 936 patroni
1349 903 1384 925 ac
1409 892 1620 934 alienigenae,
1644 902 1701 924 nee

960 956 1022 979 non
1045 946 1243 989 quicumque
1265 946 1417 978 interesse
1439 945 1595 978 babentes
1615 946 1654 978 ad
1671 945 1701 978 id

960 999 1100 1041 legitime
1122 999 1223 1032 vocati
1245 1009 1309 1032 non
1331 998 1459 1039 suerint,
1484 1009 1588 1042 neque
1609 1009 1702 1042 prae-

961 1051 1064 1085 missis
1078 1052 1308 1092 consenserint,
1329 1063 1384 1085 sen
1402 1052 1496 1085 etiam
1520 1052 1660 1084 enormis
1674 1057 1704 1084 et

962 1105 1205 1138 enormissimae
1226 1105 1387 1145 laesionis,
1404 1105 1450 1137 rel
1466 1104 1528 1137 alio
1549 1114 1705 1148 quocum—

945 1169 1025 1202 ,que
1045 1163 1232 1201 praetextu,
1257 1164 1311 1191 aut
1332 1169 1367 1191 ex
1388 1158 1449 1190 alia
1476 1158 1587 1202 quavis
1611 1169 1705 1190 causa

963 1210 1168 1254 quantumvis
1189 1210 1342 1253 legitima,
1362 1210 1488 1253 urgenti
1510 1216 1539 1243 et
1558 1210 1702 1247 iuridica.

964 1265 1002 1296 de
1024 1263 1241 1307 subreptionis
1259 1264 1307 1296 vel
1323 1263 1534 1307 obreptionis,
1546 1268 1598 1296 aut
1613 1263 1708 1295 nulli-

965 1317 1036 1350 tatis
1068 1317 1143 1350 vitio
1158 1345 1165 1356 ,
1196 1327 1251 1350 seu
1273 1316 1458 1350 intentionis
1478 1322 1629 1357 nostrae,
1659 1317 1706 1349 vel

964 1370 1076 1414 quovis
1097 1370 1160 1403 alio
1193 1371 1319 1403 defectu
1345 1370 1474 1410 notari,
1499 1370 1704 1413 impugnari,

964 1424 1145 1463 invalidari,
1178 1424 1364 1463 retractari,
1389 1423 1420 1456 in
1443 1423 1490 1456 ius
1510 1423 1557 1455 vel
1582 1429 1709 1456 contro-

964 1478 1099 1511 versiam
1125 1478 1287 1517 revocari,
1314 1477 1352 1510 ad
1376 1477 1532 1510 terminos
1555 1476 1633 1509 iuris
1654 1488 1706 1509 re-

966 1531 1050 1571 duci,
1067 1543 1122 1565 seu
1136 1532 1287 1564 adversus
1302 1542 1353 1564 eas
1374 1531 1603 1575 quodcumque
1618 1530 1706 1570 iuris,

966 1585 1013 1617 vel
1034 1584 1118 1625 facti,
1144 1585 1190 1617 vel
1205 1584 1325 1627 gratiae
1343 1584 1523 1617 remedium
1543 1584 1710 1628 impetrari

967 1648 1080 1680 posse,
1113 1648 1236 1681 necque
1265 1638 1323 1670 sub
1354 1637 1518 1681 quibusvis
1542 1637 1707 1676 similium,

967 1691 1227 1724 veldissiinilium
1247 1691 1420 1734 gratiarum
1440 1690 1707 1729 revocationibus,

968 1744 1249 1789 suspensionibus,
1272 1744 1520 1777 limitationibus
1536 1771 1542 1783 ,
1571 1749 1625 1776 aut
1642 1743 1711 1776 aliis

970 1798 1142 1831 contrariis
1153 1797 1416 1841 dispositionibus
1427 1806 1443 1830 a
1457 1797 1560 1837 nobis,
1574 1797 1622 1829 vel
1636 1797 1710 1840 qui-

970 1852 1169 1894 buscumque
1190 1851 1259 1883 aliis
1280 1850 1433 1883 Romanis
1444 1849 1712 1890 Pontificibus‚ae

971 1905 1054 1937 dicta
1074 1904 1166 1943 Sede,
1191 1904 1285 1936 etiam
1301 1909 1402 1943 motu,
1417 1903 1549 1936 scientia
1570 1908 1601 1936 et
1625 1909 1714 1946 pote-

970 1957 1058 1991 statis
1078 1956 1278 2000 plenitudine
1303 1956 1473 1994 similibus,
1491 1966 1549 1999 pro
1571 1961 1715 1999 tempore

971 2010 1126 2044 emanatis
1150 2009 1405 2054 comprehendi,
1439 2009 1494 2042 sed
1525 2020 1652 2052 semper
1676 2010 1714 2042 ab

971 2065 1032 2098 illis
1046 2070 1202 2108 exceptas,
1224 2070 1252 2097 et
1274 2064 1399 2108 quoties
1421 2063 1492 2096 illae
1506 2064 1712 2101 emanabimt,

973 2119 1065 2152 toties
1087 2118 1116 2150 in
1138 2118 1309 2162 pristinum
1341 2123 1369 2150 et
1392 2128 1464 2150 eum
1487 2117 1517 2150 in
1539 2128 1602 2160 quo
1624 2123 1717 2150 antea

973 2171 1217 2215 quomodolibet
1250 2177 1341 2204 erant
1365 2176 1505 2209 statum,
1531 2170 1713 2208 restitutas,

974 2226 1129 2269 repositas
1150 2231 1180 2258 et
1204 2225 1348 2268 plenarie
1372 2224 1596 2266 reintegratas,
1620 2234 1656 2257 ae
1679 2224 1716 2256 de

974 2289 1056 2312 novo
1077 2279 1172 2312 etiam
1187 2279 1245 2312 sub
1267 2279 1340 2311 data
1354 2277 1535 2321 posteriori,
1552 2287 1609 2320 per
1631 2277 1718 2310 ordi-

975 2343 1031 2365 nes
1050 2342 1106 2365 seu
1126 2332 1296 2375 deputatos
1318 2331 1412 2363 trium
1435 2335 1574 2362 statuum
1601 2329 1714 2363 buius-

976 2385 1063 2419 modi
1084 2385 1249 2427 eligenda,
1273 2393 1458 2421 concessas,
1483 2382 1666 2426 validasque
1688 2389 1719 2415 ct

976 2438 1119 2471 efficaces
1151 2438 1218 2470 sore
1239 2443 1266 2470 et
1290 2448 1380 2475 csse,
1419 2447 1455 2469 ac
1486 2436 1548 2468 vim
1577 2436 1671 2469 validi
1690 2443 1719 2469 et

976 2491 1113 2524 efficacis
1138 2496 1330 2527 contractus,
1355 2490 1438 2522 inter
1469 2499 1526 2522 nos
1550 2494 1580 2522 et
1601 2489 1718 2523 dietam

976 2544 1090 2577 Sedent
1116 2554 1150 2575 cx
1173 2553 1247 2581 una,
1269 2553 1304 2575 ac
1325 2542 1454 2575 ordines
1474 2553 1529 2575 seu
1552 2543 1720 2586 deputatos

978 2595 1073 2628 trium
1095 2600 1234 2628 statuum
1257 2595 1441 2628 huiusmodi
1468 2605 1503 2627 ex
1524 2595 1624 2628 altera
1650 2606 1722 2639 par-

980 2650 1077 2689 tibus,
1103 2655 1187 2681 recte
1216 2655 1243 2681 et
1277 2649 1335 2681 rite
1358 2648 1425 2681 initi
1448 2655 1476 2681 et
1508 2649 1661 2691 stipulati,
1686 2660 1720 2682 at:

1598 245 1661 279 (579
1708 256 1756 282 Λη.
1776 255 1805 283 e.
1824 256 1887 283 1001
