2253 3195
26 269 74 296 An.
91 267 119 295 C.
145 266 210 294 ¹602

839 265 986 290 CLEMENS
1004 266 1060 289 Vttl
1081 266 1130 289 Pr.

223 320 346 359 partem
368 320 529 359 praestare
544 320 683 358 possent,
707 314 872 358 possidere
886 314 981 347 rou—¹

221 368 350 411 stiterit)
376 368 530 401 alimenta
558 367 765 407 huiusmodi,
790 373 820 400 et.
841 367 903 399 alia
924 367 981 399 adt

222 421 341 455 vietum
363 427 394 454 et
413 421 561 454 vestitum
584 421 774 459 necessaria,
800 431 836 453 ex
857 420 961 459 bonis7

223 474 379 518 pecuniis,
404 475 500 507 rebus
518 480 545 507 et
568 474 818 518 proprietatibus
839 474 878 506 ad
898 483 965 505 eas-

224 528 363 561 (lemmet
382 528 505 571 puellas
525 533 577 560 aut
599 528 637 559 ad
664 538 772 560 earnm
793 532 940 570 parentes
956 554 962 564 ,
981 528 982 531 ’

224 592 280 614 seu
299 581 567 623 consanguineos,
596 581 713 624 quibus
735 581 861 613 illarum
889 590 965 612 cura

225 640 252 668 et
275 634 429 667 alimonia
454 635 531 667 alias
547 634 758 673 inrumberet,
783 634 965 677 quomodo—

224 688 299 721 libet
327 689 567 732 pertinentibus
588 694 614 721 et
637 688 867 731 spectantibus,
889 688 962 720 ubi-
982 710 984 726 ‚

225 753 364 786 cumque
383 742 600 778 existentibus„
619 748 646 774 et
662 742 692 774 in
707 741 966 785 quilmseumque

225 796 320 829 rebus
331 796 589 834 consistentibus,
601 806 779 838 eorumque
799 795 965 833 fructibus,

225 849 381 883 reditibus
412 856 441 882 et
468 849 698 893 proventibus,
732 855 759 882 et
785 848 967 881 introitibus

226 902 393 945 praedicto
408 903 617 939 monasterio,
633 903 707 935 dum
725 907 755 935 et
769 902 871 935 donee
883 901 967 945 ipsae

225 957 350 1000 puellae
372 956 403 988 in
431 956 485 989 illo
507 956 650 999 degerint
669 984 675 994 ‚
707 956 792 988 iuxta
818 956 964 988 declara-

226 1010 347 1044 tionem
366 1020 382 1042 a
406 1016 589 1054 protectore
610 1021 665 1042 seu
687 1010 830 1053 praelato
852 1015 882 1042 et
907 1009 965 1042 de-

224 1064 344 1108 putatis
356 1065 532 1108 praedietis
545 1064 615 1108 (qui
627 1064 826 1108 quantitatis.
847 1069 877 1096 et.
891 1074 969 1107 qua-

227 1117 323 1150 litatis
336 1118 497 1150 bonorum
506 1117 693 1150 huiusmodi
704 1123 731 1149 et
742 1127 965 1160 personarum,

227 1182 244 1204 a
264 1171 380 1215 quibus
394 1171 477 1203 dieta
491 1171 645 1203 alimenta
656 1170 849 1214 praestanda
862 1175 965 1207 erunt.

227 1225 384 1258 rationem
403 1224 583 1265 habebunt)
599 1223 791 1260 faciendam,
812 1223 967 1266 praestari

228 1283 257 1310 et
279 1277 518 1311 subministrari
539 1277 673 1309 omnino
695 1277 844 1315 debeant,
872 1287 909 1309 ae
929 1287 966 1309 o-

228 1331 352 1365 mnium
363 1331 550 1364 earumdem
564 1331 742 1374 puellarum
762 1341 815 1363 seu
832 1330 968 1363 aliorum

228 1384 470 1428 praedictorum
500 1385 586 1417 bona
601 1412 608 1421 ,
631 1395 681 1417 res
702 1390 731 1417 et
760 1384 971 1427 proprietates

230 1438 436 1478 huiusmodi,
472 1437 595 1471 etiamsi
625 1448 660 1470 ex
694 1437 802 1481 aliquo
833 1442 966 1477 statuto,

230 1493 447 1533 ordinatione,
462 1492 620 1534 legatovel
636 1496 827 1524 testamento
837 1491 989 1523 alienius

231 1546 353 1579 alibiet
375 1546 406 1579 in
427 1546 524 1578 alium
547 1556 652 1585 usum,
677 1545 770 1577 etiam
786 1545 846 1577 sub
867 1555 970 1588 poena

231 1599 426 1633 raducitatis
449 1600 497 1632 vel
525 1599 740 1632 devolutionis
769 1599 799 1631 in
822 1604 969 1631 eventum

232 1653 504 1686 contraventionis
517 1652 674 1686 destinata
689 1658 717 1685 et
731 1652 842 1685 relicta
854 1657 968 1688 essent,

232 1707 271 1739 ad
292 1707 324 1740 id
346 1707 487 1749 obligata
505 1712 533 1740 et
554 1706 768 1750 liypotheeata
788 1706 892 1738 sintet
906 1716 973 1737 esse

233 1766 424 1794 censeantur
448 1772 485 1794 ac
515 1766 718 1793 remaneant:
744 1760 787 1793 ita
805 1766 835 1792 et.
856 1759 970 1799 taliter,

233 1816 319 1859 quod
351 1815 532 1858 puellarum
565 1820 593 1847 et
621 1813 779 1856 virginum
808 1823 866 1856 pro
889 1820 971 1846 tem-

231 1879 310 1912 pore
328 1868 637 1901 introducendarum
652 1867 834 1909 genitrices,
851 1872 878 1899 et
893 1866 974 1898 aliae

231 1928 382 1965 parentes
406 1921 591 1954 huiusmodi
609 1948 615 1958 ,
648 1927 679 1953 et
699 1920 780 1952 aliae
801 1930 971 1963 personae,

231 1986 331 2019 penes
343 1986 422 2019 quas
430 1975 527 2015 bona,
543 1985 593 2007 res
607 1979 636 2007 et
657 1974 869 2018 proprietates
884 1983 975 2016 prae-

233 2029 319 2062 dicta
339 2028 555 2072 reperientur,
580 2033 609 2061 et
635 2038 716 2071 quae
743 2027 781 2060 ad
813 2026 972 2059 submini-

233 2083 399 2119 strandum
438 2082 558 2115 eisdem
595 2081 710 2125 puellis
742 2087 772 2113 et
801 2080 976 2120 virginibus

234 2135 401 2175 alimenta,
426 2135 553 2178 aliaque
579 2134 760 2167 necessaria
787 2133 864 2165 alias
888 2139 975 2165 tene-

236 2195 348 2223 rentur
367 2187 398 2222 et
415 2189 574 2231 obligatae
599 2188 768 2221 existerent
786 2214 792 2225 ,
816 2187 855 2219 ad
883 2197 975 2229 prae-

235 2243 385 2276 standum
412 2248 443 2275 et
460 2241 771 2275 subministrandum
794 2240 904 2273 eadem
921 2239 978 2272 ali-

237 2301 343 2329 menta
358 2323 365 2335 ‚
389 2295 507 2328 victum
530 2302 557 2328 et
588 2294 738 2327 vestitum
760 2299 789 2325 et
815 2292 976 2335 suppelle-

236 2349 333 2386 ctilia,
350 2359 405 2382 seu
419 2349 569 2381 acconm'a
587 2347 761 2390 vulgariter
778 2351 973 2389 nuncupata,

236 2414 273 2436 ac
299 2403 361 2435 alia
392 2402 432 2435 ad
458 2402 489 2434 id
519 2406 671 2434 consueta
704 2406 734 2433 et
772 2399 972 2439 necessaria,

236 2456 322 2489 iuxta
342 2455 533 2499 protectoris
553 2466 608 2488 seu
627 2454 758 2498 praelati
782 2458 812 2485 et
837 2453 973 2496 deputa-

236 2516 340 2544 torum
373 2510 614 2554 praedictorum
642 2507 892 2541 declarationem
919 2507 977 2539 bu—

237 2564 386 2605 iusmodi‚
417 2568 585 2597 teneantur
606 2568 636 2596 et
663 2562 823 2603 obligatae
840 2561 923 2597 sint,
948 2566 978 2593 et

236 2618 276 2651 ad
300 2617 331 2651 id
363 2627 422 2661 pro
443 2622 587 2660 tempore
613 2616 784 2649 existentes
809 2619 974 2657 protecto—

238 2683 304 2705 rem
326 2682 381 2705 seu
402 2671 580 2716 praelatum
603 2675 630 2703 et
653 2669 822 2712 deputatos
841 2678 976 2711 congre-

1644 253 1700 287 871

999 313 1135 355 gationis
1166 313 1359 356 praedictae,
1401 312 1518 356 quibus
1550 312 1679 356 plenam
1710 318 1741 345 et

998 367 1138 410 amplam
1154 367 1192 399 ad
1207 367 1385 410 praemissa
1407 372 1436 399 et
1457 366 1517 399 alia
1540 365 1741 409 infrascripta

999 420 1182 453 facultatem
1197 426 1227 453 et
1242 419 1464 453 aut-toritatem
1480 430 1538 463 per
1555 425 1742 463 praesentes

1001 473 1214 516 impertimur„
1233 473 1327 505 etiam
1342 472 1391 505 via
1405 472 1481 505 iuris
1491 478 1520 505 et
1531 482 1627 504 manu
1641 471 1738 513 regia,

1000 526 1086 559 omni
1122 537 1234 565 mora,
1266 526 1496 559 reclamatione
1526 531 1556 558 et
1588 525 1742 557 dilatione

1000 580 1207 623 postpositis,
1232 591 1268 612 ac
1298 590 1505 623 quocumque
1530 579 1591 612 alio
1617 578 1742 611 meliori

1001 633 1109 673 modo,
1133 633 1228 666 etiam
1247 633 1446 676 exequutive,
1464 632 1533 675 cogi
1546 638 1576 665 et
1593 631 1741 675 compelli

1001 697 1102 730 posse.

1045 742 1059 784 ξ
1079 741 1109 774 53.
1134 742 1303 775 Praeterea
1324 752 1363 774 ne
1384 742 1509 785 puellae
1530 751 1615 773 nune
1634 746 1663 773 et
1684 750 1742 784 pro

1003 801 1146 838 tempore
1168 796 1366 828 monasterio
1380 795 1566 828 huiusmodi
1580 800 1739 839 receptae,

1003 849 1203 883 introductae
1224 855 1255 882 et
1275 851 1427 891 degentes
1447 849 1556 893 aliquo
1575 848 1672 881 modo
1693 859 1743 881 se-

1003 902 1073 935 duei
1092 903 1228 942 valeant,
1249 903 1397 936 similiter
1415 902 1586 935 statuimus
1607 907 1638 935 et
1655 901 1743 935 ordi—

1003 966 1116 989 namus
1137 957 1224 999 quod
1245 956 1332 999 ipsae
1354 956 1491 999 puellae,
1512 965 1679 999 quousque
1700 955 1743 987 ibi

1004 1010 1189 1049 manserint,
1218 1020 1276 1053 per
1295 1021 1328 1042 se
1353 1010 1400 1042 vel
1424 1009 1645 1052 interpositam
1672 1018 1745 1052 per-

1003 1074 1126 1103 sonam,
1141 1063 1296 1101 debonis,
1320 1062 1582 1107 proprietatibus,
1608 1062 1742 1101 iuribus,

1003 1117 1183 1149 aetionibus
1215 1122 1241 1149 et
1273 1116 1342 1149 aliis
1372 1116 1468 1148 rebus
1495 1116 1534 1148 ad
1560 1126 1613 1148 eas
1634 1115 1746 1159 quovis

1005 1171 1101 1203 modo
1119 1170 1365 1213 pertinentibus,
1390 1169 1550 1213 perventis
1565 1174 1595 1202 et
1614 1180 1747 1212 perren-

1005 1223 1097 1263 turis,
1124 1234 1159 1256 ex
1190 1233 1413 1266 qnaeeumque
1438 1232 1549 1260 eausa,
1580 1221 1697 1254 intuitu
1718 1227 1746 1254 et

1005 1276 1172 1309 occasione
1198 1276 1444 1319 quomodolibet
1473 1275 1661 1319 disponere,
1694 1281 1745 1307 aut

1005 1341 1101 1374 super
1115 1330 1176 1363 illis
1190 1341 1298 1363 corant
1318 1340 1524 1373 quocumque
1543 1329 1680 1368 notario,
1700 1329 1745 1361 vel

1006 1385 1066 1416 alia
1098 1395 1234 1427 persona
1259 1384 1388 1427 publica
1408 1384 1455 1416 vel
1477 1383 1619 1426 privata,
1644 1382 1748 1415 ouius—

1006 1448 1144 1481 enmque
1166 1437 1342 1479 dignitatis,
1371 1436 1575 1475 conditionis,
1606 1435 1747 1468 auetori-

1007 1491 1076 1523 tatis
1102 1490 1349 1523 etexeellentiae
1371 1489 1535 1530 existente,
1557 1489 1748 1521 contrahere

1005 1545 1052 1576 vel
1086 1549 1284 1577 contractum
1316 1544 1454 1587 aliquem
1473 1571 1479 1581 ,
1514 1548 1569 1576 aut
1603 1542 1748 1586 quemvis

988 1620 989 1624 ,
1007 1598 1104 1630 alium
1125 1598 1261 1631 similem
1285 1597 1332 1629 vel
1353 1597 1539 1630 dissimilem
1561 1602 1667 1630 actum
1691 1607 1749 1639 pn-

1007 1652 1126 1685 blieum
1147 1652 1195 1683 vel
1227 1651 1384 1694 privatum
1418 1651 1532 1691 faeere,
1562 1650 1744 1694 requirere,

1008 1711 1061 1738 ant
1082 1705 1126 1737 illi
1159 1705 1340 1737 eonsentire
1366 1704 1411 1737 vel
1436 1714 1627 1737 eonsensum
1655 1714 1745 1736 sunm

1009 1764 1182 1802 praestare,
1217 1758 1352 1791 reddere
1374 1763 1403 1790 et
1423 1767 1585 1801 apponere
1601 1785 1608 1795 ,
1629 1762 1659 1789 et
1680 1757 1749 1800 qui-

1009 1822 1148 1855 cumque
1170 1812 1312 1845 notarius
1338 1812 1376 1845 de
1402 1810 1596 1855 praemissis,
1617 1815 1672 1843 aut
1692 1811 1749 1843 ali-

1010 1876 1073 1910 quo
1108 1865 1360 1909 praemissorum
1393 1876 1425 1898 se
1458 1875 1595 1907 rogare,
1628 1864 1687 1896 nisi
1720 1870 1751 1897 et

1010 1926 1166 1963 quatenus
1190 1919 1398 1952 commodum
1424 1925 1452 1951 et
1478 1918 1647 1951 utilitatem
1673 1917 1749 1950 dieti

1011 1973 1195 2007 monasterii
1224 1973 1419 2017 respiciant,
1443 1973 1564 2016 absque
1597 1971 1746 2009 licentia,

1010 2038 1178 2067 consensu,
1196 2027 1371 2066 voluntate,
1389 2026 1589 2062 auctoritate,
1607 2026 1746 2062 decreto,

1009 2091 1064 2114 seu
1097 2080 1275 2113 interventu
1311 2089 1369 2122 pro
1401 2076 1546 2121 tempore
1586 2077 1750 2110 existentis

1011 2134 1142 2178 praelati
1165 2132 1424 2175 congregationis
1445 2131 1644 2171 huiusmodi,
1660 2131 1749 2163 nullo

1011 2198 1164 2231 umquam
1187 2193 1332 2230 tempore
1350 2185 1454 2218 valide
1484 2185 1606 2228 possint
1627 2195 1684 2217 nec
1699 2195 1751 2217 va-

1012 2241 1106 2277 leant,
1133 2246 1161 2272 et
1181 2240 1258 2272 alias
1279 2250 1315 2271 ac.
1335 2239 1448 2275 aliter,
1471 2244 1697 2281 praeterquam
1720 2237 1749 2270 in

1012 2293 1219 2327 ‹tommodum
1239 2292 1451 2325 etutilitatem
1471 2291 1614 2324 eiusdem
1639 2302 1750 2324 mona-

1011 2347 1120 2383 sterii,
1156 2357 1214 2389 pro
1241 2352 1385 2389 tempore
1412 2346 1492 2378 saeta
1514 2345 1747 2382 instrumenta,

1010 2400 1198 2443 scripturae,
1231 2405 1310 2436 acta,
1335 2398 1557 2442 stipulationes
1575 2404 1605 2431 et
1624 2403 1752 2431 eontra-

1011 2460 1090 2491 ctus,
1111 2463 1166 2485 seu
1180 2462 1404 2496 quaecumque
1425 2451 1506 2484 aliae
1527 2451 1752 2495 dispositiones

1011 2512 1040 2539 et
1055 2505 1286 2543 ordinationes,
1303 2505 1422 2538 nullam
1440 2505 1469 2537 in
1486 2504 1604 2537 iudicio
1618 2510 1648 2538 et
1665 2511 1751 2538 extra

1012 2560 1108 2592 fidem
1124 2558 1255 2598 saciant,
1280 2569 1316 2591 ac
1336 2559 1435 2598 nulla,
1461 2558 1550 2592 irrita
1571 2563 1601 2591 et
1622 2558 1748 2600 insecta,

1012 2613 1195 2657 nulliusque
1210 2612 1335 2646 roboris
1347 2619 1377 2646 et
1389 2612 1520 2646 effectus
1532 2613 1581 2646 vel
1596 2613 1752 2647 momenti

1012 2677 1143 2710 prorsus
1164 2672 1191 2699 et
1211 2666 1344 2699 omnino
1362 2666 1434 2702 sint.
1456 2671 1484 2699 et
1510 2677 1568 2712 pro
1586 2666 1692 2702 nullis.
1711 2667 1752 2699 ir—

1755 264 1802 290 Λη.
1826 264 1940 291 01602

1771 749 1856 770 Puellae
1871 749 1942 770 inmo·

1758 777 1850 796 nasterio
1866 776 1943 801 degen-

1759 806 1796 827 tee,
1811 803 1867 823 nullo
1878 805 1942 828 pacto

1758 830 1839 855 absque
1855 829 1943 849 liventia

1758 856 1861 882 praelati.
1894 861 1943 876 con·

1758 883 1843 903 trabere
1856 882 1944 907 possint,

1759 912 1910 935 praeterquam
1924 909 1943 928 in

1759 936 1890 956 canuno-tum
1901 941 1944 955 mo-

1759 963 1853 983 uasti-rii.
