2253 3195
40 268 41 274 ,
56 241 104 269 An.
121 241 149 269 C.
172 240 238 268 1597

38 284 41 293 ’
255 290 324 323 eius
338 290 449 323 matris
463 291 592 334 sepeliri
615 291 645 323 in
667 291 802 324 ecclesia
822 291 852 324 S.
877 290 998 324 Nicolai

255 343 390 376 civitatis
408 344 613 381 Ba1·e11sis,a0
633 344 753 377 ibidem
774 344 870 377 etiam
891 344 998 387 sepul-

256 402 360 428 turam
383 407 598 429 marmoream
630 397 728 430 erexit
751 408 823 429 cum
844 396 999 429 sedilibus

256 449 444 482 marmoreis
476 460 534 492 pro
555 450 738 489 canonicis,
763 455 927 492 totamque
948 459 998 481 ca-

256 502 371 545 pellam
386 503 596 546 principalem
615 513 694 535 auro
712 508 742 535 ct
762 502 894 545 picturis
908 512 998 534 exor-

254 555 349 594 navit,
371 555 440 588 aliis
461 555 556 588 etiam
578 555 729 588 adhibitis
746 555 944 587 ornamentis
958 555 998 587 ad

256 609 429 641 maximum
461 609 565 642 dictae
597 608 750 641 ecclesiae
786 609 936 641 decorem
968 614 995 640 et

254 662 477 705 splendorem,
498 662 586 704 regia
612 661 852 703 magnificentia
872 661 995 703 dignis-

254 716 383 755 simum,
408 716 490 748 sacta
504 715 649 759 impensa
669 716 837 748 tresdecim
861 715 996 747 millium

254 769 444 801 ducatorum
467 775 495 802 et
521 770 622 804 ultra:
655 775 685 802 et
710 769 842 812 insuper
862 769 995 802 ordina-

254 821 315 862 vit,
340 828 375 854 ut
406 828 590 855 emerentur
618 833 732 855 census
764 822 911 865 perpetui
938 833 998 865 pro

254 875 356 918 trib-us
383 876 579 919 capellanis,
604 887 741 919 quorum
771 875 888 918 singuli
921 876 999 908 duas

255 929 369 962 missas
395 930 426 962 in
458 930 664 963 bebdomada
685 940 743 973 pro
764 929 871 962 anima
896 929 999 962 dictae

253 984 359 1016 Bonae
390 983 520 1025 reginae
553 984 592 1016 ad
624 983 724 1016 altare
761 983 864 1015 maius
895 983 998 1015 dictae

254 1036 418 1076 ecclesiae,
442 1046 459 1069 e
476 1036 608 1078 regione
626 1036 731 1069 dictae
751 1036 935 1079 sepulturae
956 1035 998 1068 si-

256 1095 333 1129 tum,
358 1089 525 1122 celebrare
547 1094 744 1122 tenerentur.

264 1163 277 1175 ,
299 1143 316 1184 g
334 1141 364 1174 ⁹2.
381 1142 458 1175 Cum
477 1147 595 1179 autem,
612 1142 694 1174 sicut
711 1142 824 1175 eadem
843 1142 999 1185 expositio

94 1207 239 1233 Sigismumtns
255 1195 480 1237 subiungebat,
504 1195 587 1228 dicta
613 1196 703 1228 Anna
728 1195 839 1237 regina
866 1195 898 1227 iu
924 1195 999 1228 vivis

54 1233 155 1255 roloniae
165 1239 209 1256 rex.
217 1236 241 1254 ut

55 1261 95 1282 hoc
115 1263 240 1290 exequatur
255 1259 323 1282 esse
359 1249 484 1283 desierit
522 1255 596 1282 aute
638 1251 752 1282 tactam
794 1249 999 1293 supradictae

54 1289 239 1360 ἒζὲιῗῆἷῆζιῳὲῗῖῗ
254 1313 330 1336 suae
350 1303 523 1335 voluntatis
555 1309 583 1335 ct
609 1303 822 1335 ordinationis
854 1313 996 1346 exequu-

54 1341 240 1418 Ξὲρῐέἐῖἓιὲὲἓῑ
255 1356 387 1396 tionem,
411 1361 442 1389 et
463 1356 565 1389 dictus
596 1356 819 1398 Sigisrnundus
844 1367 908 1397 rex,
933 1356 1000 1389 eius

30 799 31 802 Ἴ
107 774 180 800 lbique
197 776 238 794 tres

30 812 31 839 χ
55 801 108 830 erigi
147 801 238 826 caputm-

54 833 100 848 ntas
115 827 208 847 mandat.

253 1420 353 1453 nepos
377 1420 413 1442 ac
437 1409 567 1447 haeres,
591 1415 620 1442 et
642 1409 829 1442 donatarius
854 1410 999 1442 omnium

254 1464 415 1497 bonorum
448 1469 478 1496 et
509 1463 650 1503 iurium,
679 1474 761 1506 quae
792 1463 824 1495 in
855 1464 999 1506 praefato

253 1527 354 1559 regno
371 1517 583 1560 Neapolitano
602 1517 685 1550 dicta
698 1518 789 1549 Anna
804 1517 914 1559 regina
927 1528 1000 1560 pos-

253 1571 388 1612 sidebat⁷
413 1571 522 1604 volens
547 1570 633 1614 piam
664 1570 875 1603 intentionem
900 1570 1000 1614 ipsius

253 1625 363 1658 Annae
382 1624 513 1667 reginae
529 1624 570 1656 ad
587 1624 737 1656 effectum
759 1624 930 1664 deducere,
942 1635 1000 1667 per

252 1688 327 1711 suos
354 1678 518 1710 ministros
551 1677 742 1719 transegerit
772 1687 845 1709 cum
874 1677 998 1709 dilectis

253 1731 327 1764 filiis
347 1731 486 1776 syndicis
515 1736 546 1763 et
566 1730 798 1763 communitate
826 1730 929 1763 dictae
954 1730 998 1763 ci-

254 1785 367 1825 vitatis,
378 1790 413 1818 ut
425 1784 607 1828 acciperent
619 1790 682 1817 tres
695 1784 783 1817 mille
792 1788 823 1816 et
834 1789 1000 1817 sexcentos

253 1839 386 1872 ducatos
407 1844 574 1871 currentes
594 1837 832 1880 neapolitanos,
850 1847 923 1869 curu
945 1848 999 1880 pa-

253 1897 304 1925 cto
325 1892 365 1925 de
389 1891 660 1931 retrovendendo,
690 1896 717 1923 et
745 1901 782 1922 ex
811 1889 874 1922 illis
899 1891 999 1923 solve-

253 1951 324 1978 rent
348 1945 380 1977 in
401 1945 543 1987 singulos
564 1954 665 1977 annos
692 1943 784 1977 dictis
817 1944 919 1990 tribus
947 1955 999 1976 ca-

254 1998 389 2042 pellanis
409 1999 449 2031 ad
478 1998 637 2031 rationem
659 1998 850 2031 ducatorum
877 2004 999 2041 septem

254 2062 313 2096 pro
334 2051 481 2095 quolibet
501 2051 699 2091 centenario,
723 2061 795 2084 cum
814 2051 1000 2095 supradicto

255 2115 354 2138 onere
374 2105 511 2138 duarum
537 2104 720 2145 missarum,
741 2115 800 2147 pro
821 2104 955 2146 singulis
968 2105 1000 2137 in

256 2159 460 2192 hebdomada
491 2168 549 2202 pro
577 2158 684 2190 anima
704 2158 788 2191 dicta
814 2159 920 2191 Bonae
944 2169 997 2192 re-

58 2215 242 2268 rit-lilq‘ssssnatlliffii
257 2212 367 2255 ginae3
393 2211 565 2255 cupiatque
579 2211 738 2243 dictorum
760 2212 1000 2254 capellanorum

3 2295 7 2306 ,
29 2286 32 2297 .
58 2267 243 2293 Ρῡθῑῑῦοῡῦῑῐῃᾱτῑ-
258 2265 500 2308 deputationein
523 2265 562 2297 ad
583 2264 632 2297 sui
653 2269 766 2296 nutum
789 2263 881 2301 sieri;
910 2265 1002 2297 nobis

257 2324 429 2363 propterea
464 2318 628 2351 humiliter
658 2317 831 2361 supplicari
867 2318 998 2359 fecerit,

258 2377 418 2416 quatenus
442 2371 503 2404 sibi
539 2371 570 2403 in
604 2370 788 2414 praemissis
819 2376 1002 2414 opportune

258 2425 440 2468 providere,
456 2425 494 2458 de
515 2424 678 2466 begnitate
699 2423 875 2467 apostolica
892 2424 1003 2466 digna-

259 2489 379 2512 remur.

305 2532 365 2575 ΞΒ.
381 2533 445 2565 Nos
469 2532 578 2573 igitur,
606 2531 660 2575 qui
683 2531 885 2574 singulorum
910 2533 999 2572 votis,

260 2585 450 2630 praesertim
482 2585 521 2618 ad
561 2585 718 2618 honorem
749 2584 803 2618 Dei
839 2585 1000 2618 tendenti-

260 2639 330 2680 bus,
363 2643 518 2683 quantum
545 2648 619 2672 cum
649 2638 713 2672 Deo
738 2648 930 2682 possumus,
954 2639 1002 2672 sa-

89 2584 182 2606 clemens
197 2591 244 2607 con·

62 2611 136 2632 ttrmat.

871 243 1018 266 CLEMENS
1038 242 1096 265 VIII
1116 242 1165 265 PP.

1675 228 1739 261 379
1789 237 1839 263 An.
1859 236 1973 278 (2159,

1033 289 1218 323 vorabiliter
1232 288 1416 327 annuimus,
1434 287 1583 320 eumdem
1598 285 1775 328 Sigismun-

1033 344 1109 376 dum
1128 353 1236 384 regem
1246 341 1440 385 specialibus
1452 339 1612 373 favoribus
1625 344 1655 372 et
1666 338 1775 381 gratiis

1034 396 1183 439 prosequi
1197 396 1348 433 volentes,
1364 405 1422 427 ncc
1436 404 1500 426 uon
1515 404 1531 426 a
1545 392 1708 436 quibusvis
1722 403 1774 425 ex—

1033 449 1353 488 communicationis,
1377 447 1594 491 suspensionis
1615 452 1645 479 ct
1671 446 1772 479 inter-

1033 502 1130 539 dicti,
1166 502 1300 545 aliisque
1333 501 1555 534 ecclesiasticis
1586 499 1772 539 sententiis,

1032 555 1175 588 censuris
1196 561 1222 587 et
1248 555 1359 598 poenis
1380 566 1397 587 a
1415 554 1483 587 iure
1500 555 1548 586 vel
1566 554 1605 586 ab
1631 553 1772 590 bomine.

1032 608 1142 652 quavis
1163 608 1331 641 occasione
1352 608 1400 640 vel
1428 618 1522 640 causa
1547 607 1629 647 latis,
1653 607 1678 639 si
1704 606 1779 650 qui>

1032 662 1091 694 bus
1122 661 1368 704 quomodolibet
1393 660 1564 693 innodatus
1590 660 1712 699 existit,
1738 660 1777 692 ad

1032 716 1181 747 ellectum
1208 713 1424 757 praesentium
1455 714 1641 753 dumtaxat,
1666 713 1773 746 absol-

1032 775 1140 802 ventes
1160 774 1191 801 et
1211 769 1394 801 absolutum
1414 768 1481 800 sore
1502 773 1686 806 censentes,
1716 766 1776 798 hu-

1032 822 1172 855 iusmodi
1189 821 1478 865 supplicationibus
1496 820 1650 860 inclinati,
1666 820 1778 852 sunda-

1033 875 1152 908 tionem
1172 880 1199 907 et
1223 874 1420 907 dotationem
1443 884 1500 917 per
1514 873 1632 906 dictam
1652 874 1777 906 Annam

1032 929 1188 971 reginam,
1216 934 1251 961 ut
1274 927 1501 971 praemittitur,
1531 928 1628 959 factas
1653 931 1683 959 et
1703 926 1779 959 inde

1033 988 1184 1025 sequutas
1205 992 1439 1025 quaecumque,
1453 992 1489 1013 ac
1507 982 1613 1024 (prout
1632 980 1686 1012 illa
1703 989 1779 1012 con-

1034 1035 1183 1077 cernunt>
1204 1035 1314 1067 omnia
1331 1039 1362 1067 et
1379 1034 1504 1075 singula
1525 1033 1556 1065 in
1576 1033 1713 1077 publicis
1725 1033 1780 1066 de-

1033 1099 1130 1131 super
1162 1087 1317 1120 consectis
1353 1086 1574 1119 instrumentis
1604 1091 1776 1126 contenta,

1033 1141 1208 1185 apostolica
1229 1140 1430 1179 auctoritate,
1455 1145 1566 1172 tenore
1589 1139 1779 1172 earumdem

1033 1194 1273 1239 praesentium,
1297 1198 1455 1237 perpetuo
1485 1192 1717 1225 confirmamus
1750 1197 1781 1224 et

1034 1249 1262 1292 approbamus,
1288 1247 1414 1290 illisque
1439 1246 1602 1290 plenariae
1623 1251 1653 1278 et
1672 1245 1777 1278 invio-

1034 1302 1139 1335 labilis
1159 1301 1321 1334 firmitatis
1342 1300 1538 1344 apostolicae
1566 1300 1666 1332 robur
1695 1299 1777 1331 adii-

1034 1357 1153 1396 cimus,
1184 1365 1311 1388 necnon
1337 1364 1448 1387 omnes
1480 1358 1511 1386 et
1541 1353 1685 1395 singulos
1715 1359 1780 1385 tam

1034 1410 1112 1443 iuris
1133 1420 1230 1453 quam
1259 1408 1333 1441 sacti
1359 1408 1523 1447 desectus,
1552 1407 1577 1439 si
1598 1406 1652 1450 qui
1673 1407 1780 1439 forsan

1034 1462 1265 1495 intervenerint
1278 1462 1310 1494 in
1329 1462 1461 1500 eisdem,
1473 1461 1557 1493 dicta
1575 1460 1776 1500 auctoritate,

1034 1517 1234 1560 supplemus.

1078 1570 1093 1613 g
1113 1570 1143 1602 4.
1162 1570 1331 1602 Praeterea
1342 1568 1463 1601 eisdem
1478 1568 1684 1610 Sigismundo
1697 1567 1776 1609 regi,
1835 1575 1980 1605 >Sigismuntto

1034 1634 1070 1656 ac
1097 1623 1163 1655 suis
1190 1622 1431 1655 successoribus
1457 1621 1717 1664 quibuscumque
1747 1620 1779 1653 in
1795 1605 1878 1666 ζὲῗῖιιῖξ
1898 1607 1981 1649 ilt'scet‘lil

1033 1683 1242 1720 perpetuum,
1271 1681 1305 1708 ut
1324 1685 1382 1718 per
1406 1685 1457 1715 se,
1481 1675 1529 1707 vel
1550 1679 1780 1717 procuratores
1795 1656 1980 1708 ligitutcaiffil-lanm

1034 1740 1108 1763 suos
1128 1740 1187 1773 pro
1209 1729 1427 1762 celebratione
1441 1728 1612 1761 missarum
1633 1727 1780 1771 supradi-

1034 1790 1156 1817 ctarum
1191 1788 1253 1815 tres
1283 1782 1466 1815 sacerdotes
1498 1782 1602 1814 dictae
1627 1781 1781 1814 ecclesiae

1034 1836 1218 1876 canonicos,
1243 1836 1336 1868 toties
1357 1835 1483 1878 quoties
1511 1835 1571 1868 sibi
1596 1835 1776 1875 videbitur,

1034 1891 1151 1933 eligere
1172 1895 1203 1923 et
1223 1891 1390 1933 deputare,
1419 1894 1450 1922 et
1481 1889 1597 1922 deinde
1622 1889 1662 1922 ad
1687 1899 1779 1922 suum

1035 1951 1062 1977 et
1085 1953 1307 1977 successorum
1325 1952 1460 1975 suorum
1480 1948 1595 1974 nutum
1616 1952 1777 1981 amovere,

1034 2009 1070 2031 ac
1091 2007 1202 2030 eorum
1223 1997 1295 2029 loco
1316 1996 1394 2029 alios
1424 1995 1637 2035 substituere,
1662 1995 1781 2039 quibus

1035 2053 1074 2085 de
1103 2061 1201 2084 censu
1233 2060 1340 2083 annuo
1366 2049 1410 2082 sic
1437 2049 1600 2088 instituto,
1632 2059 1692 2092 pro
1713 2054 1781 2081 rata

1036 2103 1191 2147 temporis
1205 2109 1236 2136 et
1254 2102 1374 2136 servitii
1394 2113 1453 2146 per
1474 2112 1528 2135 eos
1548 2101 1703 2146 praestiti,
1724 2112 1778 2134 re-

1035 2157 1187 2201 sponderi
1208 2157 1333 2196 debeat,
1358 2156 1458 2189 libere
1479 2161 1507 2188 et
1530 2155 1614 2188 licite
1635 2155 1733 2198 possit
1751 2162 1781 2188 et

1035 2211 1148 2246 valeat,
1164 2210 1276 2243 eadem
1298 2209 1473 2253 apostolica
1487 2209 1687 2247 auctoritate,
1702 2218 1778 2251 per-

1036 2270 1131 2308 petuo
1157 2264 1365 2297 concedimus
1383 2269 1411 2296 et
1439 2263 1655 2304 indulgemus.

1081 2319 1097 2359 ξ
1123 2316 1153 2349 ἶ).
1178 2317 1214 2349 Et
1235 2317 1278 2350 ita
1297 2327 1355 2360 per
1373 2326 1595 2359 quoscumque
1617 2314 1737 2348 iudices
1751 2321 1782 2348 et
1796 2321 1930 2368 bubi'ffiffgffie
1943 2327 1981 2369 22⁰-

1037 2371 1296 2411 commissarios,
1332 2370 1427 2403 etiam
1465 2369 1575 2413 palatii
1612 2369 1781 2412 apostolici
1796 2364 1962 2396 runrfirmitate

1037 2434 1205 2457 causarum
1237 2423 1420 2461 auditores,
1445 2429 1474 2455 et
1498 2423 1528 2456 S.
1553 2423 1588 2456 R.
1613 2423 1645 2455 E.
1671 2422 1778 2455 cardi-

1037 2479 1143 2518 nales,
1168 2478 1263 2511 etiam
1290 2478 1328 2511 de
1353 2478 1452 2510 latere
1488 2477 1630 2519 legatos,
1657 2476 1782 2509 sublata

1038 2532 1082 2565 cis
1107 2537 1137 2565 ct
1162 2541 1274 2564 eorum
1296 2530 1422 2563 cuilibet
1451 2530 1561 2574 quavis
1581 2530 1674 2562 aliter
1693 2529 1778 2562 iudi-

1039 2585 1130 2618 candi
1153 2590 1182 2618 et
1205 2585 1436 2629 interpretandi
1451 2585 1601 2618 facultate
1622 2589 1653 2617 et
1672 2589 1782 2617 aucto-

1039 2639 1142 2680 ritate,
1172 2638 1307 2673 iudicari
1333 2644 1363 2672 et
1383 2638 1510 2672 definiri
1531 2638 1660 2680 debere,
1684 2649 1721 2672 ac
1741 2638 1782 2671 ir-
