2253 3195
57 275 110 303 An.
125 274 152 301 C.
175 273 243 302 ¹602

864 274 1010 299 CLEMENS
1031 275 1088 299 VIII
1109 275 1159 298 PP.

257 330 343 362 tum;
368 333 424 356 nos
449 323 480 355 in
513 323 696 366 praemissis
721 329 903 366 opportune
925 333 998 366 pro-

256 377 362 410 videre
391 377 549 414 volentes,
574 377 776 409 attendentes
803 376 898 409 etiam
921 376 998 408 alias

256 441 314 474 per
332 431 436 463 bonae
458 430 633 463 memoriae
654 430 828 463 Antonium
851 430 998 463 cardina-

257 490 320 517 tem
359 484 501 517 Carafam
541 490 761 528 nuncupatum
802 484 998 517 declaratum

258 537 375 577 fuisse,
406 544 436 570 et
468 549 484 570 a
522 537 620 571 felicis
650 537 882 570 reeordationis
913 537 999 570 Sixto

257 590 341 635 Papa
373 592 415 628 V,
446 592 694 634 praedecessore
725 596 858 627 nostro,
884 591 1000 623 confir-

257 651 394 683 matum,
419 645 584 687 quomodo
606 644 762 688 capellani
785 644 929 677 eiusdem
951 655 1000 677 ec-

258 698 393 736 clesiae,
418 698 463 730 illi
493 698 525 730 in
551 697 670 730 divinis
693 703 863 730 teneantur
894 698 997 730 deser-

256 751 333 791 vire,
354 756 385 784 et
405 751 542 794 qualiter
564 751 735 794 episcopus
766 756 795 783 ct
823 751 999 794 capitulum

258 804 361 837 dictae
375 804 528 837 ecclesiae
540 804 675 848 possint,
688 804 773 836 iuxta
788 804 908 837 litteras
920 804 1001 837 eius-

258 858 330 891 dem
352 857 427 892 sixti
448 858 482 895 V,
507 858 639 900 iungere
660 864 690 892 et
719 863 845 891 mutare
875 858 1000 891 servitia

258 912 361 945 dictae
389 911 560 952 ecclesiae,
595 917 685 945 motu
714 912 869 955 proprio,
905 918 933 944 et
966 923 1001 944 ex

258 970 345 998 certa
366 970 475 1018 nostra
495 964 639 1004 scientia,
664 976 699 998 ac
722 970 847 998 matura
875 965 998 998 delibe-

258 1017 394 1057 ratione,
416 1018 667 1051 declarationem
691 1018 766 1051 dicti
787 1018 917 1051 Antonii
934 1028 1001 1050 car-

259 1071 389 1111 dinalis,
410 1082 447 1104 ac
478 1071 601 1104 litteras
630 1071 714 1104 illius
747 1071 1002 1104 confirmationis

258 1124 333 1159 Sixti
360 1124 634 1167 praedecessoris,
658 1124 849 1157 auctoritate
877 1129 1001 1167 aposto-

259 1179 340 1217 lica,
365 1183 476 1211 tenore
507 1178 747 1221 praesentium,
772 1177 1004 1210 confirmamus

260 1236 291 1264 et
311 1231 540 1274 approbamus,
565 1230 691 1273 illisque
720 1236 848 1263 nostrae
876 1236 1004 1273 aposto-

259 1284 341 1318 licae
362 1283 620 1317 confirmationis
641 1284 742 1316 robur
762 1283 944 1323 adiicimus,
969 1295 1004 1317 ac

260 1349 373 1373 ornnes
393 1345 422 1372 et
444 1339 599 1380 singulos,
618 1344 680 1371 tam
703 1338 780 1371 iuris
798 1349 895 1382 quam
917 1338 1001 1377 sacti,

261 1392 415 1433 desectus,
439 1392 464 1425 si
486 1392 539 1436 qui
561 1392 790 1425 intervenerint
811 1391 843 1423 in
869 1391 1001 1432 eisdem,

261 1446 459 1489 supplemus.
484 1446 520 1479 Et
546 1445 769 1485 nihilominus,
793 1456 832 1477 ne
854 1455 889 1478 ex
910 1455 1005 1478 causa

262 1499 366 1532 dictae
386 1498 460 1539 litis,
484 1509 566 1542 quae
587 1504 631 1531 est
652 1499 734 1531 inter
755 1498 856 1531 dictos
876 1498 1006 1540 triginta

262 1558 293 1586 et
312 1562 412 1585 unum
439 1553 623 1597 capellanos
644 1564 679 1586 ex
706 1563 780 1592 una,
799 1558 829 1585 ct
849 1552 928 1585 alios
949 1563 1005 1585 no-

262 1617 333 1640 vem
353 1606 428 1639 item
451 1606 636 1650 capellanos
657 1618 693 1639 ex
716 1606 837 1643 altera,
863 1616 927 1638 non
952 1617 1007 1638 au-

263 1666 327 1694 tem
346 1661 427 1694 inter
445 1661 546 1694 dictos
567 1661 750 1704 capellanos
771 1666 801 1693 et
819 1660 1005 1704 episcopum

264 1718 294 1747 et
314 1713 508 1757 capitulum,
537 1713 671 1747 ecclesia
703 1713 867 1757 praedicta
893 1712 1007 1746 debitis

263 1767 430 1800 fraudetur
449 1767 624 1810 obsequiis,
648 1777 683 1799 ac
704 1766 846 1810 episcopi
873 1772 903 1799 et
923 1766 1008 1809 capi-

263 1821 321 1854 tuti
342 1821 485 1855 eiusdem
508 1821 662 1854 ecclesiae
682 1821 831 1853 mandata
844 1820 1008 1862 negligan-

264 1881 325 1915 tur,
351 1875 470 1908 eisdem
493 1874 645 1918 episcopo
667 1880 698 1907 et
715 1873 867 1918 capitulo⁷
892 1880 924 1907 ut
953 1875 1008 1907 do-

264 1927 373 1960 neclis
387 1927 574 1960 huiusmodi
597 1927 681 1960 inter
702 1927 805 1960 dictos
826 1927 1008 1970 capellanos

267 1980 467 2021 terminetur,
481 1980 549 2014 sine
569 1986 676 2013 tamen
699 1980 817 2012 iurium
840 1980 1009 2023 utriusque

264 2034 363 2078 partis
391 2034 550 2067 dictorum
580 2034 820 2077 capellanorum
848 2035 1007 2076 (quorum

265 2089 334 2121 iura
355 2088 386 2121 in
411 2088 595 2131 praemissis
625 2088 710 2121 salva
741 2099 808 2120 esse
840 2089 1008 2130 volumus)

266 2142 475 2186 praeiudicio,
486 2142 552 2185 ipse
563 2142 733 2186 episcopus
746 2148 785 2183 et,
798 2142 851 2175 illo
867 2142 1008 2181 absente,

267 2195 442 2240 capitulum
469 2196 611 2229 eiusdem
643 2195 797 2228 ecclesiae
827 2195 857 2227 iu
884 2195 1009 2227 casibus

266 2248 299 2281 in
319 2249 483 2292 praedicta
512 2249 729 2282 declaratione
757 2248 929 2281 cardinalis
955 2248 1010 2281 Ca-

267 2302 362 2341 rasae,
387 2313 422 2335 ac
443 2302 559 2334 tabella
581 2303 719 2345 desuper
741 2302 831 2340 sacta,
857 2306 883 2333 et
909 2301 937 2332 in
961 2301 1010 2333 lit-

268 2355 344 2388 teris
364 2355 440 2388 Sixti
462 2355 720 2399 praedecessoris
748 2354 920 2398 praedit-tis
941 2365 1010 2397 spc-

269 2409 417 2449 cificatis‚
442 2409 592 2442 omnibus
621 2415 649 2441 et
679 2408 811 2450 singulis
837 2407 1011 2451 capellanis

268 2461 440 2505 praedictis
461 2472 508 2500 ea,
533 2472 615 2505 quae
637 2471 695 2505 pro
716 2460 845 2493 sci-riti«)
867 2460 1009 2492 ciusdem

269 2515 421 2549 ecclesiae
439 2515 618 2548 necessaria
640 2520 744 2552 crunt,
775 2514 940 2555 iniungere
961 2524 1012 2546 va-

268 2569 364 2609 leant,
378 2568 567 2601 auctoritate
586 2574 613 2601 ct
631 2574 742 2601 tenore
754 2566 926 2610 praedictis
942 2576 1028 2601 coir,

269 2622 423 2655 cedimus.
437 2622 539 2666 thue
553 2621 649 2654 iidem
664 2620 821 2664 capellani
835 2620 893 2652 sub
906 2609 1029 2663 poenal

270 2675 301 2707 in
323 2675 439 2708 tabella
452 2675 616 2719 praedicta
630 2684 776 2718 expressa
797 2684 845 2715 ea,
860 2683 942 2717 quae
955 2684 1014 2717 per

1685 261 1748 295 845

1033 323 1220 366 episcopum
1243 327 1270 354 et
1294 322 1469 365 capitulum
1500 321 1681 365 praedictos
1703 320 1778 363 ipsis

1034 376 1254 417 iniungentur‚
1283 375 1415 407 omnino
1441 375 1618 418 adimplere
1640 379 1774 407 tenean-

1035 435 1094 468 tur,
1120 439 1178 461 nec
1198 429 1238 460 ab
1260 429 1388 460 illorum
1416 428 1641 471 exequutione,
1665 427 1775 460 cuius-

1034 481 1078 514 vis
1099 482 1351 521 consuetudinis,
1369 487 1423 514 aut
1440 481 1535 514 etiam
1557 481 1620 513 litis
1638 481 1779 524 penden-

1036 535 1072 568 tis
1093 535 1285 579 praedictae,
1304 536 1350 568 vel
1372 534 1561 579 praeiudicii
1580 538 1713 578 propter
1733 534 1780 567 di-

1035 594 1085 621 cta
1102 588 1230 621 servitia
1251 588 1327 632 ipsis
1348 588 1596 632 quomodolibet
1617 587 1706 628 illati,
1724 598 1780 620 scu

1035 642 1208 682 inserendi,
1234 642 1280 674 vel
1302 641 1364 674 alio
1384 646 1549 685 praetextu
1575 652 1608 674 se
1629 651 1780 674 excusare

1036 696 1170 735 valeant,
1187 695 1358 728 statuimus
1376 700 1403 727 ct
1419 695 1624 733 ordinamus3
1638 694 1781 727 irritum-

1035 761 1097 793 que
1116 757 1143 782 et
1165 750 1259 783 inane
1281 749 1486 782 decernimus
1512 749 1669 792 quidquid
1690 760 1780 782 secus

1035 815 1132 847 super
1152 803 1200 836 his
1220 814 1237 836 a
1258 814 1437 846 quoquam,
1451 803 1560 846 quavis
1574 803 1776 843 auctoritate,

1036 857 1172 890 scienter
1193 857 1239 889 vel
1261 856 1457 898 ignoranter,
1480 855 1650 898 contigerit
1674 861 1778 889 atten-

1039 909 1107 942 tari.
1126 910 1292 943 Caeterum
1318 915 1515 952 praesentes,
1539 915 1568 941 et
1590 909 1717 941 illarum
1739 909 1783 941 vi-

1037 974 1113 1007 gore
1141 964 1286 996 facienda
1311 969 1342 996 et
1372 963 1597 1006 adimplenda,
1623 963 1726 996 donec
1745 962 1783 995 lis

1037 1017 1202 1061 praedicta
1223 1017 1363 1057 finiatur,
1387 1016 1492 1050 neutri
1514 1016 1654 1060 partium
1676 1016 1708 1048 in
1730 1027 1783 1049 ea-

1038 1082 1107 1103 rum
1124 1071 1246 1103 iuribus
1260 1070 1482 1113 praeiudicare
1503 1069 1711 1107 intendimus,
1727 1070 1782 1102 sed

1038 1125 1108 1157 iura
1128 1124 1314 1157 huiusmodi
1335 1124 1503 1167 utriusque
1532 1123 1630 1167 partis
1651 1123 1736 1156 salva
1754 1130 1785 1155 et

1038 1178 1148 1211 illaesa
1162 1187 1330 1210 remanere
1341 1177 1555 1209 decernimus.
1569 1177 1638 1210 Non
1653 1177 1783 1209 obstan-

1040 1233 1123 1265 tibus
1155 1231 1437 1265 constitutionibus
1469 1236 1496 1263 et
1524 1230 1785 1263 ordinationibus

1039 1286 1238 1329 apostolicis,
1267 1291 1296 1318 et
1324 1285 1487 1328 quibusvis
1513 1284 1656 1317 ciusdem
1679 1285 1783 1317 eccle-

1039 1339 1104 1372 siae
1124 1339 1219 1372 etiam
1243 1339 1435 1378 iuramento,
1450 1338 1696 1371 confirmatione
1711 1348 1787 1381 apo-

1040 1393 1162 1431 stolica,
1186 1392 1234 1425 vel
1256 1391 1366 1436 quavis
1387 1392 1540 1424 firmitate
1565 1391 1627 1423 alia
1648 1391 1784 1424 robora-

1041 1447 1079 1479 tis
1099 1446 1223 1479 statutis
1244 1451 1274 1479 et
1294 1445 1593 1485 consuetudinibus,
1611 1444 1786 1488 privilegiis

1041 1499 1323 1544 quoque‚indultis
1344 1504 1373 1532 et
1391 1499 1504 1531 litteris
1525 1497 1709 1542 apostolicis
1729 1497 1788 1530 eis-

1041 1555 1113 1587 dem
1136 1553 1309 1597 capellanis
1343 1553 1374 1585 in
1400 1563 1519 1594 genere
1539 1552 1587 1584 vel
1608 1551 1639 1583 in
1667 1550 1784 1595 specie,

1042 1613 1094 1640 aut
1116 1607 1194 1640 alias
1215 1606 1459 1650 quomodolibet
1482 1605 1652 1645 concessis,
1670 1604 1787 1637 confir-

1043 1661 1135 1693 matis
1156 1665 1183 1692 et
1212 1659 1407 1703 approbatis.
1433 1658 1554 1697 Quibus
1579 1657 1730 1690 omnibus
1759 1663 1789 1690 et

1033 1713 1187 1756 singulis,
1213 1723 1324 1745 eorum
1347 1717 1475 1745 tenores
1496 1710 1718 1755 praesentibus
1730 1720 1788 1754 pro

1043 1766 1199 1810 expressis
1217 1766 1384 1805 habentes,
1408 1765 1447 1798 ad
1469 1764 1618 1797 effectum
1639 1774 1789 1807 praesen—

1043 1820 1120 1853 tium
1139 1820 1198 1852 hac
1215 1819 1281 1852 vice
1302 1819 1466 1851 dumtaxat
1483 1818 1667 1862 specialiter
1687 1823 1717 1850 et
1738 1828 1789 1850 ex-

1044 1884 1150 1918 presse
1171 1874 1377 1915 derogamus,
1402 1871 1601 1915 caeterisque
1619 1870 1789 1904 contrariis

1043 1927 1311 1970 quilutscun‘tque.
1332 1927 1399 1958 Dat.
1420 1926 1541 1958 Romae
1562 1924 1647 1968 apud
1661 1924 1691 1957 S.
1709 1924 1789 1956 Mar-

1044 1992 1114 2014 cum
1152 1981 1210 2013 sub
1243 1980 1363 2012 annulo
1399 1978 1568 2012 Piscatoris
1600 1978 1651 2010 die
1685 1988 1702 2010 x
1736 1977 1786 2009 iu-

1045 2034 1075 2067 lii
1097 2044 1183 2073 tinet,
1210 2033 1418 2076 pontificatus
1442 2032 1544 2065 nostri
1563 2041 1647 2064 anno
1669 2041 1697 2063 x.

1089 2087 1103 2130 ξ
1121 2086 1150 2119 2.
1168 2086 1243 2119 Cum
1266 2092 1373 2118 autem
1395 2090 1466 2129 post
1486 2091 1587 2124 tuum,
1606 2083 1703 2115 frater
1724 2082 1790 2126 epi-

1044 2151 1150 2183 scope,
1164 2140 1202 2171 ad
1218 2138 1386 2172 ecclesiam
1400 2144 1484 2170 tuam
1506 2137 1724 2170 Lucanensem
1740 2146 1791 2168 ac*

1045 2203 1180 2229 cessum,
1206 2202 1259 2225 vos
1280 2191 1476 2224 coniunctim
1498 2190 1607 2232 vigore
1633 2189 1790 2222 dictarum

1046 2248 1228 2280 litterarum
1255 2257 1313 2289 pro
1331 2245 1460 2278 servitio
1481 2243 1664 2288 praedictae
1684 2243 1788 2276 eccle-

1045 2302 1109 2334 siae
1143 2300 1298 2333 nonnulla
1333 2299 1460 2331 decreta
1490 2297 1646 2336 feceritis,
1676 2296 1793 2340 quibus

1046 2353 1230 2397 praedictae
1255 2352 1420 2395 ⁴‘ecclcsiae
1460 2351 1643 2394 capellanos
1681 2359 1793 2382 omnes

1047 2418 1102 2450 per
1123 2412 1234 2439 lnrnos
1255 2406 1294 2438 ad
1316 2405 1497 2437 functiones
1516 2404 1547 2436 in
1570 2403 1673 2435 missis
1694 2402 1788 2435 etdi-

1795 271 1846 297 An.
1862 271 1891 298 C.
1909 270 1976 297 1602

1821 2087 1937 2113 Epist-opus
1952 2086 1989 2107 liu-

1806 2113 1895 2133 iusmotlt
1903 2113 1990 2134 servitia

1805 2140 1910 2165 designat.

1046 2460 1125 2492 vinis
1144 2458 1256 2492 officiis
1274 2458 1416 2491 eiusdem
1437 2456 1590 2489 ecelesiae
1604 2458 1669 2497 (ne,
1687 2462 1721 2489 ut
1739 2466 1793 2488 an-
1828 2477 1833 2482 -

1048 2519 1096 2545 tea
1127 2523 1190 2545 uon
1223 2511 1289 2544 sine
1319 2511 1404 2553 gravi
1435 2510 1586 2543 scandalo
1617 2515 1788 2548 evenerat,

1047 2566 1172 2599 divinus
1191 2566 1293 2598 cultus
1315 2565 1344 2597 in
1368 2565 1479 2597 cadent
1502 2563 1634 2596 eta-lesia
1657 2563 1793 2596 sustine-

1049 2625 1095 2652 ret
1117 2618 1324 2660 detrimenta)
1347 2617 1446 2650 teneri
1469 2617 1686 2650 statuebatur:
1706 2622 1732 2649 et
1759 2616 1793 2648 li-

1048 2677 1097 2706 cet
1121 2671 1181 2716 ipsi
1202 2671 1379 2715 capellani,
1404 2670 1531 2715 praevia
1554 2676 1659 2704 tamen
1688 2675 1793 2714 prote-
