2253 3195
233 214 283 242 An.
304 214 334 241 c.
351 213 419 241 1597
465 203 530 238 330

260 430 369 452 Numerus.

251 1433 293 1454 Dos
301 1433 415 1460 unicuique

231 1460 309 1482 danda.

433 263 548 302 verint;
571 261 686 295 calceis
710 270 775 294 non
796 266 903 293 autern
923 259 1062 303 crepidis
1082 265 1175 292 uten-

433 321 497 357 tur,
513 316 569 349 sed
583 315 627 348 eis
647 325 684 347 ex
705 319 779 346 tunc
799 312 946 357 crepidas
959 318 991 346 et
1003 312 1174 346 clamidem

432 368 611 412 simplicem
629 365 805 410 supradicti
823 365 940 399 coloris
957 370 1083 408 gestare
1099 365 1174 398 lice-

431 421 488 454 bit.
505 422 541 455 Et
550 420 704 465 quamvis,
721 419 831 461 habita
843 419 967 453 ratione
981 419 1021 452 ad
1030 430 1173 452 annuum

432 474 594 508 redditum
614 475 776 507 bonorum
804 484 862 517 per
892 473 999 517 ipsum
1019 473 1173 506 loannem

431 528 636 561 fundatorem
656 527 855 567 relictorum,
875 532 1024 571 speretur
1040 526 1128 570 quod
1141 526 1173 559 in

431 581 491 613 isto
509 580 645 623 collegio
661 591 764 623 usque
777 580 818 613 ad
829 579 939 622 viginti
960 585 1100 624 quatuor
1111 579 1174 612 vir-

429 633 519 676 gines
543 633 584 666 ali
610 638 780 677 poterunt,
803 633 928 677 isteque
951 643 1108 667 numerus
1128 632 1173 666 ei-

430 686 504 719 dem
525 686 662 729 collegio
687 686 901 730 praefigatur3
930 692 1072 720 attamen
1098 686 1174 730 quia

429 750 489 783 pro
514 739 663 773 aedificio
683 739 830 782 collegii,
853 750 913 773 nec
932 750 998 773 non
1021 739 1173 773 ecclesiae

430 799 461 826 et
485 793 673 827 monasterii
698 793 838 836 eligendi
866 793 1055 827 huiusmodi
1084 803 1173 826 com-

428 846 538 889 plures
551 852 697 890 sumptus
718 846 854 879 faciendi
877 851 981 887 erunt,
998 846 1174 890 statuitpa-

429 899 508 932 riter
516 899 614 943 quod,
631 910 730 943 opere
743 899 882 933 aedificii
896 904 1098 940 consumam,
1112 904 1174 932 sta-

429 952 487 985 tim
508 953 548 986 ab
569 953 661 986 initio
680 963 783 996 usque
801 953 841 985 ad
862 959 1010 986 octavum
1031 963 1170 993 annum,

429 1005 487 1039 iste
517 1017 673 1039 numerus
699 1006 810 1049 viginti
834 1012 973 1050 quatuor
991 1007 1172 1050 puellarum

429 1069 494 1092 non
515 1059 768 1102 adimpleretur,
799 1059 855 1092 sed
887 1065 1012 1095 tantum
1037 1060 1174 1103 quinde-

430 1111 510 1152 cim,
531 1123 566 1145 ex
593 1112 711 1156 quibus
735 1122 788 1145 sex
812 1111 844 1144 in
870 1112 1027 1159 moniales
1056 1122 1172 1145 mona-

429 1165 518 1198 sterii
538 1166 682 1209 erigendi
699 1165 885 1199 huiusmodi
906 1166 1171 1206 destinabuntur;

429 1218 576 1262 reliquae
601 1230 678 1253 vero
707 1230 822 1253 novem
853 1219 980 1263 puellae
1007 1219 1050 1252 ita
1081 1226 1176 1253 erunt

430 1272 638 1306 matrimonio
670 1273 878 1306 collocandae
893 1300 900 1313 ,
932 1272 1081 1306 videlicet
1112 1278 1175 1306 tres

430 1325 554 1369 primae
572 1331 670 1367 sexto,
694 1326 775 1359 aliae
795 1337 872 1359 vero
892 1331 956 1359 tres
975 1326 1113 1370 septimo
1127 1337 1175 1360 se—

430 1379 563 1422 quenti,
592 1385 623 1412 et
653 1379 796 1423 reliquae
827 1379 923 1412 ctiam
943 1381 1014 1413 'tres
1049 1380 1175 1423 puellae

431 1437 544 1470 octavo
554 1432 646 1466 annis
659 1432 773 1476 nuptui
787 1433 966 1466 tradantur.
978 1433 1079 1466 Porro
1093 1433 1175 1466 elee-

430 1495 563 1530 mosyna
589 1486 647 1519 erit
677 1486 988 1530 quadringentarum
1020 1486 1174 1519 librarum

430 1539 533 1573 dictae
554 1545 714 1579 monetae,
739 1539 917 1573 dummodo
941 1545 1049 1572 tamen
1070 1540 1172 1573 colle-

428 1592 481 1635 gio
495 1598 525 1625 et
539 1593 734 1626 monasterio
755 1592 908 1635 erigendo
926 1593 1112 1626 huiusmodi
1123 1604 1175 1627 su—

429 1646 552 1689 persint
571 1646 716 1680 redditus
736 1646 776 1679 ad
803 1645 962 1689 virginum
992 1652 1022 1679 et
1052 1647 1175 1680 monia-

429 1699 507 1732 lium
526 1699 812 1733 substentationem
834 1699 1039 1741 sufficientes,
1057 1706 1087 1733 ct
1104 1700 1175 1733 uni-

430 1752 546 1796 cuique
567 1753 705 1796 puellae,
729 1753 794 1786 sive
816 1753 985 1786 contrahat
1006 1753 1173 1787 matrimo-

429 1805 537 1845 nium,
561 1806 626 1839 sive
646 1806 836 1848 religionem
858 1806 1066 1850 profiteatur,
1089 1806 1174 1840 dicta

430 1859 633 1903 eleemosyna
660 1859 876 1901 assignabitur
891 1887 898 1899 ,
921 1870 958 1893 ac
979 1859 1009 1892 in
1031 1859 1099 1903 ipsa
1119 1870 1170 1893 as-

429 1912 620 1953 signatione,
646 1912 728 1946 ratio
749 1912 949 1956 antiquitatis
977 1912 1109 1946 cuilibet
1125 1918 1173 1946 at-

431 1965 593 1999 tendenda
612 1965 691 2005 crit,
715 1965 774 1999 nisi
806 1973 836 1999 ct
863 1966 971 2010 aliqua
992 1976 1088 2000 causa
1115 1966 1174 1999 im-

429 2019 541 2063 pedire
561 2019 734 2059 videretur,
759 2025 793 2052 ut
813 2030 877 2052 una
907 2020 955 2053 vel
984 2021 1092 2063 plures
1112 2020 1174 2053 vir-

429 2073 538 2115 gines,
569 2079 670 2107 totum
698 2080 823 2118 tempus
852 2079 925 2107 octo
956 2084 1115 2108 annorum
1142 2074 1172 2107 in

430 2127 515 2160 dicto
536 2127 671 2170 collegio
692 2127 904 2171 adimpleant;
926 2132 1001 2160 tunc
1014 2127 1111 2167 enim,
1129 2128 1173 2161 eis

431 2180 664 2223 praetermissis
677 2208 684 2221 ,
717 2180 848 2224 reliquis
869 2180 983 2224 puellis
1003 2181 1172 2215 subvenire

431 2233 549 2273 licebit,
566 2234 743 2267 dummodo
764 2234 845 2267 ordo
863 2234 1104 2277 praerogativae
1117 2246 1171 2268 seu

430 2287 641 2321 successionis
665 2287 808 2331 alioquin
829 2292 985 2326 servetur,
1007 2287 1172 2331 liberaque

430 2340 581 2373 omnibus
594 2341 641 2373 sui
661 2345 788 2373 mancat
809 2346 946 2384 potestas
969 2340 1110 2373 nubendi
1126 2341 1172 2374 in-

432 2399 478 2425 tra
500 2399 626 2437 tempus
647 2405 723 2427 suae
751 2393 1000 2434 cottegtaiui·ac;
1034 2399 1062 2427 et
1093 2405 1172 2438 qno-

433 2446 500 2485 tics,
518 2447 559 2479 ob
572 2447 653 2480 lianc
674 2448 719 2480 vel
741 2447 818 2480 alias
830 2457 952 2486 causas,
968 2448 1036 2480 loca
1057 2447 1173 2480 admit-

433 2499 600 2532 tcndarum
620 2500 799 2543 puellarum
821 2500 979 2532 vacabunt
997 2511 1052 2532 scu
1074 2510 1172 2533 vacua

432 2551 567 2591 suerint,
600 2553 768 2585 rectoris-sa
799 2564 854 2586 scu
895 2552 1077 2597 praeposita
1114 2562 1172 2596 pro

1017 211 1203 236 BULLARIUH
1218 210 1374 236 ROMANUM

1209 257 1390 299 Ordinario‚
1406 258 1452 292 uti
1472 264 1621 303 patrono,
1645 259 1841 293 denunciare
1860 265 1949 293 tene-

1208 311 1311 353 bitur,
1331 312 1372 345 ad
1399 311 1461 345 hoc
1480 312 1628 346 videlicet
1641 339 1649 353 ,
1677 318 1713 346 ut
1731 323 1789 357 per
1808 313 1950 347 edictum

1208 366 1249 399 ad
1273 365 1427 399 ecclesiae
1457 365 1650 399 cathedralis
1677 370 1709 399 et
1728 365 1828 410 ipsius
1847 367 1947 400 colle-

1208 418 1252 461 gii
1272 419 1377 452 valvas
1397 419 1519 452 vacatio
1539 418 1690 452 omnibus
1710 418 1898 460 innotescat,
1921 426 1952 453 et

1207 478 1338 516 peracto
1370 472 1409 505 ab
1440 472 1513 506 inde
1541 472 1705 515 sexaginta
1731 472 1859 506 dierum
1890 478 1952 506 ter—

1207 525 1311 567 mino,
1335 536 1436 559 novae
1456 525 1594 568 virgines
1613 525 1646 558 in
1666 525 1839 569 collegium
1865 526 1952 559 iuxta

1207 578 1352 612 eiusdem
1365 578 1495 612 Ioannis
1507 578 1686 612 fundatoris
1703 578 1949 622 praescriptum,

1207 632 1308 677 recipi
1335 633 1469 677 possint.
1496 632 1626 665 Effluxis
1657 631 1755 675 igitur
1783 631 1850 665 istis
1878 637 1952 665 octo

1207 686 1311 727 annis,
1327 691 1391 720 tres
1403 697 1441 720 ex
1453 685 1625 730 praedictis
1637 685 1814 728 virginibus
1834 685 1867 719 in
1887 686 1952 719 col-

1207 739 1292 781 legio
1323 739 1514 782 degentibus
1544 739 1671 782 singulo
1702 749 1832 783 quoque
1866 748 1952 772 anno

1208 792 1417 825 matrimonio
1442 792 1697 833 collocabuntur,
1721 792 1770 825 vel
1793 792 1819 825 si
1850 791 1952 834 magis

1208 845 1253 879 eis
1273 855 1310 878 ex
1328 851 1402 878 voto
1422 845 1472 886 sit,
1500 845 1691 888 religionem
1715 844 1949 887 ingredientur,

1209 900 1370 942 assignata
1383 910 1494 933 earum
1508 899 1641 933 cuilibet
1653 900 1856 943 eleemosyna
1872 909 1953 942 qua-

1209 954 1452 996 dringentarum
1483 953 1658 994 librarum;
1697 963 1809 986 earum
1844 958 1952 986 autem

1209 1007 1381 1050 virginum,
1410 1017 1492 1050 quae
1512 1007 1652 1047 nubent,
1675 1006 1810 1039 maritus
1833 1006 1865 1039 in
1897 1006 1954 1040 do-

1210 1060 1263 1093 tali
1284 1060 1498 1093 instrumento
1518 1059 1577 1093 sub
1597 1060 1702 1092 forma
1722 1059 1800 1092 iuris
1814 1058 1954 1092 validam

1209 1113 1438 1156 obligationem
1457 1118 1620 1157 praestare
1640 1118 1787 1146 teneatur
1806 1112 1906 1156 quod,
1928 1111 1954 1146 si

1209 1166 1300 1208 virgo
1320 1166 1380 1199 sibi
1401 1171 1502 1210 nupta
1518 1165 1640 1209 absque
1660 1164 1734 1198 filiis
1758 1165 1950 1205 decesserit,

1210 1225 1309 1252 totam
1330 1219 1569 1263 eleemosynam
1589 1218 1726 1261 collegio
1745 1218 1908 1259 restituet;
1927 1218 1954 1252 si

1211 1278 1318 1306 tamen
1343 1272 1500 1311 eveniret,
1524 1277 1559 1305 ut
1585 1271 1693 1315 aliqua
1712 1281 1750 1304 ex
1774 1271 1866 1305 dictis
1890 1271 1954 1304 vir-

1210 1325 1338 1368 ginibus
1358 1326 1402 1359 sic
1423 1325 1603 1368 coniugatis
1630 1336 1667 1358 eo
1687 1325 1884 1369 paupertatis
1902 1335 1954 1358 re-

1211 1379 1305 1412 ducta
1318 1379 1410 1419 soret,
1426 1384 1461 1412 ut
1473 1383 1544 1422 post
1565 1378 1634 1411 eius
1654 1378 1777 1411 obitum
1797 1388 1863 1411 non
1880 1388 1956 1422 sup-

1210 1437 1345 1475 peteret,
1360 1431 1445 1465 unde
1458 1431 1604 1475 impensa
1620 1431 1688 1464 eius
1708 1430 1830 1464 funeris
1849 1430 1951 1472 fieret,

1211 1490 1285 1518 tunc
1306 1490 1337 1518 et
1364 1495 1402 1518 eo
1426 1495 1518 1526 casu,
1541 1485 1637 1518 liceat
1656 1484 1772 1518 marito
1792 1483 1954 1528 superstiti

1210 1549 1247 1572 ex
1273 1539 1476 1583 eleemosyna
1502 1549 1603 1583 usque
1634 1539 1675 1572 ad
1699 1543 1827 1572 centurn
1855 1538 1955 1572 libras

1211 1602 1248 1625 eo
1270 1592 1402 1625 nomine
1423 1593 1624 1636 expendere;
1647 1602 1706 1626 nec
1731 1592 1799 1636 ipse
1819 1591 1955 1625 maritus

1211 1651 1357 1679 teneatur
1374 1645 1478 1679 eidem
1504 1645 1640 1688 collegio
1669 1645 1754 1679 ultra
1782 1650 1955 1679 trescentas
1979 1638 1982 1641 ¹

1209 1699 1308 1733 libras
1336 1705 1541 1733 remanentes
1566 1699 1752 1739 restituere;
1773 1699 1860 1743 quod
1885 1698 1956 1743 qui-

1209 1753 1282 1786 dem
1304 1753 1400 1786 etiam
1421 1753 1507 1786 circa
1526 1752 1707 1797 praedictas
1727 1762 1842 1786 novem
1858 1751 1956 1795 virgi-

1210 1815 1276 1845 nes,
1299 1816 1382 1849 quae
1402 1806 1441 1839 ab
1462 1805 1554 1839 initio
1582 1805 1790 1839 matrimonio
1817 1805 1955 1839 colloca-

1209 1859 1346 1899 buntur,
1370 1859 1562 1892 servandum
1577 1886 1584 1898 ,
1608 1859 1650 1892 ita
1671 1864 1778 1892 tamen
1794 1885 1801 1899 ,
1824 1864 1859 1892 ut
1881 1859 1954 1892 uni-

1209 1912 1326 1956 cuique
1360 1923 1437 1946 suae
1475 1912 1652 1956 prioritatis
1690 1918 1722 1946 et
1756 1911 1955 1956 antiquitatis

1209 1965 1291 1999 ratio
1312 1966 1480 2007 habeatur,
1493 1971 1524 1999 et
1540 1966 1775 2010 subsequenter
1794 1965 1834 1999 ad
1852 1965 1954 1999 maio-

1208 2029 1276 2052 rem
1297 2019 1451 2063 oppidiet
1464 2019 1590 2062 collegii
1612 2019 1851 2063 praedictorum
1866 2028 1954 2052 com-

1209 2072 1397 2106 moditatem
1411 2078 1441 2106 et
1453 2072 1625 2106 utilitatem
1644 2072 1804 2116 praefatus
1816 2071 1953 2106 Didacus
1990 2076 1996 2082 '

1208 2126 1378 2170 episcopus
1404 2126 1499 2160 etiam
1526 2126 1637 2160 statuit
1660 2132 1712 2167 ut,
1735 2126 1819 2160 ultra
1839 2136 1952 2160 nume·
1966 2129 2109 2177 &gamm
2133 2137 2135 2171 j

1966 2183 2082 2204 mittantur.

1209 2190 1279 2212 rum
1301 2180 1538 2224 praedictarum
1561 2179 1720 2223 virginum
1741 2179 1878 2223 collegio
1897 2179 1953 2213 ad-

1207 2233 1412 2276 scripturum,
1428 2233 1551 2278 possint
1564 2233 1690 2267 admitti
1704 2239 1735 2267 ct
1756 2232 1854 2277 recipi
1871 2232 1952 2266 aliae

1207 2286 1344 2328 virgines
1358 2287 1522 2328 honestae,
1534 2296 1657 2331 quaese
1666 2285 1848 2320 educationi
1861 2295 1953 2330 prae-

1207 2339 1282 2372 dicti
1294 2339 1419 2382 collegii
1439 2340 1570 2373 credere
1584 2339 1756 2380 voluerint,
1771 2338 1950 2373 dummodo

1207 2403 1264 2437 pro
1285 2403 1395 2426 earum
1417 2393 1597 2433 alimentis,
1620 2392 1660 2426 ad
1685 2392 1854 2426 arbitrium
1875 2391 1952 2426 dicti

1206 2446 1379 2487 Ordinarii,
1407 2447 1494 2491 quod
1520 2446 1637 2480 iustum
1669 2446 1698 2479 ei
1728 2445 1829 2480 visum
1858 2445 1952 2479 suerit

1208 2500 1402 2543 persolvant;
1419 2510 1501 2544 quae
1515 2499 1645 2544 quidem
1667 2499 1816 2542 virgines,
1839 2508 1952 2543 quam-

1207 2553 1261 2585 ‹tiu
1291 2553 1467 2594 voluerint,
1503 2553 1534 2586 in
1567 2553 1635 2597 ipso
1667 2549 1803 2595 collegio
1835 2551 1951 2595 degere

433 2608 578 2647 tempore
609 2605 744 2638 existens
774 2606 900 2648 collegii
930 2605 1113 2639 huiusmodi
1141 2604 1172 2638 id
1207 2606 1346 2648 possint;
1371 2606 1523 2650 nullaque
1541 2605 1654 2640 aetatis
1667 2604 1883 2639 consideratio
1896 2603 1950 2637 ba·
