2253 3195
262 245 314 271 An.
332 245 360 273 c.
380 246 448 274 1599
492 237 557 271 492

263 308 448 329 correctissimum
463 306 678 340 personarum
699 296 872 329 salubriori
893 297 1084 339 directione,
1108 308 1206 341 quae-

264 336 359 356 condent}
365 336 377 356 i,

337 1807 452 1846 '¹',¹“·,‘„':,².¹l
469 1806 558 1827 scuni
586 1796 624 1827 de
654 1796 760 1835 Sales,

335 1862 346 1874 ι·
394 1858 451 1873 ὐ-’Ν-
468 1849 688 1882 Gelu-anensis
713 1850 742 1881 in
764 1850 868 1882 dictae
887 1851 1002 1882 donins
1021 1851 1066 1884 sic
1087 1857 1212 1884 erectae

465 360 604 392 cumque
623 355 740 382 statuta
761 355 789 382 et
811 350 1043 391 ordinationes,
1066 351 1154 384 licita
1175 357 1207 385 et

464 403 610 442 honesta,
633 403 798 447 sacrisque
820 404 998 438 canonibus
1017 415 1054 438 ac
1074 405 1206 439 Concilii

463 456 639 489 Tridentini
654 457 791 490 decretis
805 457 937 490 minime
952 459 1124 499 contraria,
1141 464 1205 492 tam

465 520 561 552 super
580 509 765 553 receptione
786 521 999 554 personarum
1026 512 1066 545 ad
1087 512 1206 546 dictam

465 563 597 595 domum
632 563 829 596 venientium
862 571 892 596 et
923 565 1203 608 recipiendarum,

465 625 562 659 quam
581 616 763 649 divinornm
778 616 869 658 inibi,
886 624 915 650 et
930 618 962 650 in
976 619 1107 652 annexis
1119 619 1208 663 prio-

466 669 587 702 ratibus
607 669 793 703 huiusmodi
811 671 1039 712 celebratione,
1056 683 1093 705 ac
1105 672 1208 706 scien-

465 721 581 754 tiarum
602 722 785 767 artiumque
805 724 990 757 liberalium
1011 731 1041 758 et
1072 726 1204 758 mecha-

463 775 609 808 nicarum
631 776 763 817 lectura,
788 777 933 810 doctrina
951 778 1204 820 ctinstitutione‚

465 835 494 862 ct
515 829 603 869 alias,
634 836 731 873 prout
751 830 871 864 eisdem
900 833 1062 875 praesecto
1084 838 1114 865 ct
1132 844 1207 876 pre-

464 883 599 927 sbyteris
619 884 817 925 benevisnm,
839 884 1008 929 dictaeque
1025 886 1141 919 domus
1158 897 1209 920 re-

465 936 578 979 gimini
598 943 626 970 et
657 937 930 970 administrationi
957 938 1059 980 magis
1079 939 1208 972 consul-

466 996 533 1023 tum
555 990 662 1030 suerit,
686 990 801 1024 iisdem
822 991 913 1035 prius
934 991 1019 1024 dicto
1052 991 1208 1025 cardinali

466 1043 641 1087 protectori
661 1044 797 1077 ostensis
815 1050 846 1077 et
857 1045 1115 1085 communicatis,
1133 1056 1208 1079 con-

467 1097 553 1137 dere,
577 1103 607 1130 et
627 1097 768 1138 condita,
786 1098 912 1141 quotics
926 1109 1008 1142 opus
1028 1099 1133 1140 suerit,
1150 1099 1209 1131 im-

469 1157 606 1191 mutare,
630 1151 768 1184 limitare
789 1158 820 1185 et
839 1152 1013 1195 corrigere,
1038 1164 1075 1186 ac
1094 1163 1209 1186 secun-

468 1206 544 1238 dum
565 1216 675 1238 rerum
696 1211 930 1249 et-temporum
951 1206 1138 1249 qualitatem
1159 1206 1209 1239 in-

470 1259 652 1302 terpretari,
677 1265 705 1292 et
728 1259 857 1292 illorum
879 1260 950 1292 loco
971 1260 1032 1292 alia
1052 1266 1168 1293 statuta
1181 1266 1209 1293 ct

469 1312 698 1353 ordinationes,
723 1313 848 1356 quoties
874 1313 918 1346 eis
936 1313 1091 1357 placuerit
1111 1320 1140 1347 et
1159 1314 1207 1346 vi—

469 1378 539 1398 sum
562 1366 667 1405 suerit,
691 1367 729 1399 de
751 1377 834 1399 novo
849 1367 944 1400 edere
957 1373 987 1399 et
1004 1368 1153 1408 condere,
1170 1368 1209 1400 ad

469 1430 607 1463 quornm
637 1420 892 1453 observationem
915 1421 1030 1463 singuli
1052 1421 1091 1454 de
1109 1421 1211 1455 dictae

469 1474 584 1506 domus
604 1474 728 1515 gremio
747 1473 915 1507 existentes
935 1474 1078 1507 adstricti
1099 1475 1161 1508 sint
1181 1481 1211 1508 ct

468 1538 535 1559 esse
554 1533 754 1567 censeantur,
779 1528 907 1571 plenam
934 1533 964 1561 et
988 1528 1210 1562 omnimodam

468 1580 705 1620 auctoritatem,
734 1586 923 1624 potestatem
946 1586 976 1614 ct
1001 1582 1184 1615 facultatem
1200 1609 1207 1622 ‚

468 1634 645 1677 apostolica
665 1634 856 1668 anctoritate
869 1641 899 1668 et
912 1641 1025 1669 tenore
1036 1636 1207 1677 similibus,

468 1687 675 1720 concedimus
696 1694 725 1720 et
744 1688 957 1732 impertimur.

513 1743 528 1783 ,ξ
555 1742 584 1775 7.
609 1742 743 1785 lnsnper
763 1742 917 1775 dilectum
945 1742 1047 1775 titium
1074 1743 1208 1776 Franci-

797 1795 1015 1840 praepositum
1051 1796 1211 1830 Ecclesiae

470 1904 668 1945 pracli-ctum
698 1913 757 1946 pro
781 1903 839 1935 liac
861 1903 962 1946 prima
989 1903 1067 1943 rice,
1091 1903 1210 1937 eisdem

470 1956 660 1988 anctoritate
678 1962 707 1988 et
729 1962 851 1995 tenore,
875 1956 1101 1990 constituimus
1115 1963 1146 1990 ct
1159 1958 1213 1990 de-

471 2015 632 2052 putamus.

516 2064 583 2104 ΞΝ.
620 2064 806 2103 l'ractcrca,
831 2064 869 2096 de
898 2064 1130 2107 omnipotentis
1158 2065 1211 2097 llci

354 2117 694 2166 ¹H'n¹¹¹¹·'·'¹·jinis-¹1·ir‹n·‹li.‘i
715 2128 750 2149 ac
773 2117 939 2149 {wattornni
964 2117 1045 2149 l’ctri
1070 2123 1099 2149 ct
1125 2118 1211 2150 l'anli

358 2175 455 2220 “u'fis'vn'
472 2170 692 2213 apnstnlnnnn
709 2170 781 2202 titus
799 2170 989 2203 anctoritate
1004 2170 1127 2209 conlisi,
1145 2181 1213 2203 oin-

473 2223 566 2255 nibns
580 2229 609 2255 et
629 2222 762 2261 singulis
786 2222 953 2266 ntrinsqne
973 2235 1065 2255 scxns
1086 2223 1212 2256 christi-

473 2276 621 2308 lidclibns
643 2276 760 2308 dictant
783 2277 914 2308 doninin
931 2276 1134 2317 intrantibus,
1159 2277 1213 2321 qui

473 2341 544 2361 vere
577 2330 778 2373 paenitentes
808 2335 838 2363 et
869 2331 1028 2370 ‹sutili-ssi,
1057 2342 1093 2363 ac
1124 2342 1214 2364 sacra

472 2383 705 2416 (immunitione
735 2383 844 2416 resecti
868 2384 935 2416 eins
957 2384 1126 2417 ecclesiam
1148 2383 1214 2417 sin-

474 2437 554 2475 gulis
577 2437 813 2470 boninitas-iae
835 2437 1038 2470 scstiritatnni
1057 2437 1180 2476 dicbus,
1198 2449 1215 2469 a

475 2490 586 2533 primis
609 2491 748 2534 vesperis
771 2502 871 2534 nsqne
893 2491 931 2522 ad
958 2502 1107 2524 o‹·cas1nn
1140 2490 1216 2523 solis

475 2544 599 2576 dierum
624 2545 808 2578 bninsinodi
839 2545 1054 2584 visitaverint,
1086 2551 1116 2578 et
1138 2544 1214 2577 inibi

477 2609 534 2640 pro
557 2609 632 2640 paz-‹-
653 2598 735 2631 inter
756 2599 917 2642 principes
935 2599 1127 2631 christianos
1141 2609 1215 2632 con-

477 2651 653 2689 sertamla,
683 2663 719 2684 ac
754 2658 881 2685 sant-tac
915 2652 1026 2685 matris
1058 2651 1216 2685 Ecclesiae

1044 250 1228 275 BULLARIUM
1247 251 1402 275 ROMANUM

1239 298 1433 332 exaltatione
1450 326 1458 340 ,
1492 299 1728 343 baeresumque
1753 300 1976 345 extirpatione,

1239 352 1308 397 pias
1327 353 1367 386 ad
1387 353 1488 386 Deum
1507 363 1620 396 preces
1645 353 1797 394 fuderint,
1820 365 1884 397 qno
1905 354 1976 388 die-

1239 416 1311 439 rum
1332 405 1574 450 praedictorum
1595 406 1628 440 id
1645 406 1790 447 fecerint,
1801 407 1979 450 plenariam

1240 459 1387 493 omnium
1407 465 1615 503 peccatorum
1650 470 1783 493 suorum
1804 460 1976 503 indulgen—

1243 513 1318 545 tiam
1340 518 1371 546 et
1390 512 1615 546 remissionem
1629 540 1636 554 ,
1667 512 1857 546 auctoritate
1877 519 1908 546 et
1927 518 1977 547 te-

1242 577 1321 599 nore
1334 565 1517 610 praedictis,
1535 565 1788 599 misericorditer
1799 566 1831 599 in
1844 566 1981 600 Domino

1241 619 1449 652 concedimus
1469 624 1500 652 et
1519 619 1706 662 elargimur.

1286 674 1302 715 g
1333 672 1364 705 9.
1401 672 1616 706 Decernentes
1646 678 1832 716 praesentes
1860 673 1982 707 litteras

1241 727 1331 759 nullo
1359 736 1504 769 unquam
1533 731 1680 770 tempore
1701 727 1740 760 de
1764 726 1982 770 subreptionis

1240 780 1290 812 vel
1310 779 1519 823 obreptionis,
1553 790 1609 812 seu
1629 780 1784 813 nullitatis
1808 779 1905 820 vitio,
1929 785 1984 813 aut

1242 832 1429 866 intentionis
1461 838 1589 866 nostrae
1602 860 1609 873 ‚
1638 843 1694 866 sen
1730 833 1882 877 quopiam
1919 833 1982 866 alio

1242 887 1369 920 defectu
1388 885 1506 927 notari,
1527 886 1723 929 impugnari,
1744 886 1922 927 invalidari,
1943 887 1984 920 ad

1243 940 1398 973 terminos
1418 939 1497 972 iuris
1516 940 1638 981 reduci,
1659 939 1691 972 in
1710 939 1769 980 ius,
1785 940 1834 973 vel
1855 945 1984 973 contro-

1242 993 1379 1027 versiam
1415 993 1581 1034 revocari‚
1616 1003 1721 1037 neque
1741 993 1800 1026 snb
1821 993 1984 1037 quibusvis

1243 1047 1408 1088 similium,
1436 1047 1485 1080 vel
1510 1046 1715 1082 dissimilium
1736 1047 1912 1089 gratiarum
1933 1058 1984 1080 re-

1243 1100 1475 1141 vocationibus,
1495 1099 1772 1144 suspensionibus,
1787 1099 1986 1134 limitationi-

1243 1154 1314 1194 bus,
1337 1153 1645 1194 modificationibus,
1666 1159 1720 1186 ant
1733 1153 1803 1187 aliis
1817 1154 1986 1188 contrariis

1244 1206 1508 1250 dispositionibus
1538 1207 1770 1251 comprehendi
1791 1218 1885 1251 posse
1900 1235 1907 1248 ,
1930 1208 1986 1242 sed

1246 1260 1314 1294 illas
1335 1266 1492 1305 perpetuo
1504 1260 1624 1293 validas
1636 1266 1666 1294 et
1679 1260 1824 1294 efficaces
1837 1261 1983 1302 existere,

1245 1319 1276 1348 et
1296 1314 1421 1358 quoties
1441 1314 1514 1346 illae
1534 1314 1742 1354 emanabunt,
1759 1313 1851 1347 toties
1871 1314 1903 1347 in
1922 1314 1988 1358 pri-

1244 1367 1362 1400 stinum
1401 1372 1519 1400 statum
1549 1366 1732 1407 restitutas,
1769 1367 1926 1411 repositas
1956 1373 1988 1401 et

1245 1420 1388 1465 plenarie
1415 1420 1637 1463 reintegratus,
1662 1432 1698 1453 ac
1720 1421 1759 1454 de
1786 1431 1870 1454 novo
1891 1421 1987 1455 etiam

1245 1474 1303 1508 sub
1325 1484 1528 1518 quacumque
1547 1474 1718 1518 posteriori
1732 1474 1804 1507 data
1817 1484 1874 1518 per
1893 1485 1987 1518 prae-

1246 1527 1364 1560 sectum
1399 1533 1429 1560 ct
1465 1527 1669 1572 presbyteros
1705 1526 1890 1560 huiusmodi
1929 1538 1988 1572 pro

1247 1586 1391 1625 tempore
1412 1580 1561 1623 eligenda
1580 1591 1748 1614 concessas
1765 1592 1833 1614 esse
1851 1591 1887 1614 ac
1907 1592 1984 1615 cen-

1245 1633 1322 1674 seri,
1346 1633 1455 1677 sicque
1476 1644 1534 1678 per
1554 1644 1777 1678 quoscumque
1798 1633 1919 1668 iudices
1936 1644 1989 1668 or-

1246 1688 1388 1721 dinarios
1418 1693 1447 1721 et
1481 1689 1662 1731 delegatos,
1691 1689 1787 1722 etiam
1817 1699 1988 1722 causarum

1246 1742 1355 1785 palatii
1376 1742 1544 1785 apostolici
1563 1742 1737 1783 auditores,
1753 1742 1879 1776 sublata
1892 1742 1938 1776 eis
1958 1748 1988 1776 et

1246 1805 1358 1828 corum
1385 1795 1515 1829 cuilibet
1536 1795 1647 1839 quavis
1667 1795 1761 1828 aliter
1781 1795 1943 1829 iudicandi
1957 1802 1989 1830 et

1247 1847 1481 1892 interpretandi
1496 1850 1646 1882 facultate
1660 1855 1689 1882 et
1701 1848 1902 1890 auctoritate,
1917 1849 1988 1882 ubi-

1247 1912 1309 1945 que
1329 1902 1463 1935 indicari
1485 1908 1516 1936 et
1537 1902 1664 1936 deliniri
1690 1902 1818 1936 debere.

1296 1960 1312 2000 ξ
1338 1956 1386 1989 10.
1410 1956 1567 1995 Quocirca
1579 1956 1816 1989 venerabilibus
1838 1956 1988 1990 fratribus

1248 2011 1364 2046 nostris
1384 2020 1442 2054 pro
1458 2015 1601 2054 tempore
1623 2009 1768 2043 existenti
1786 2009 1988 2044 Gebemiensi

1248 2072 1277 2099 et
1299 2063 1466 2099 llcllicensi
1479 2075 1515 2096 ac
1533 2063 1746 2097 lllaurianensi
1761 2063 1919 2107 episcopis
1932 2073 1989 2107 per

1247 2119 1423 2163 apostolica
1444 2117 1572 2161 scripta,
1597 2123 1686 2151 motu
1706 2117 1814 2157 simili,
1850 2117 1985 2150 manda-

1249 2184 1318 2206 mus
1348 2177 1507 2216 qnatenus
1535 2171 1605 2214 ipsi,
1630 2171 1677 2203 vel
1707 2171 1793 2211 dno,
1828 2176 1883 2204 aut
1906 2181 1989 2204 nnus

1248 2236 1359 2259 corum
1382 2236 1438 2268 per
1455 2235 1499 2263 sc,
1524 2224 1570 2257 vel
1592 2224 1703 2263 alirnn,
1727 2235 1782 2257 seu
1803 2223 1884 2257 alios
1896 2234 1989 2267 prae-

1248 2285 1352 2313 sentes
1384 2279 1521 2318 litteras,
1545 2283 1573 2310 et
1597 2277 1626 2310 in
1653 2277 1696 2310 eis
1718 2282 1867 2310 contenta
1891 2287 1991 2321 quae-

1249 2343 1386 2375 cumque
1401 2359 1408 2371 ,
1433 2332 1486 2364 nbi
1508 2337 1539 2364 ct
1559 2332 1688 2375 quando
1713 2341 1794 2374 opus
1826 2330 1932 2371 suerit,
1955 2341 1992 2365 ac

1249 2386 1375 2430 quotics
1406 2397 1464 2429 pro
1486 2391 1574 2429 parte
1596 2385 1749 2429 praefecti
1768 2390 1799 2417 et
1828 2384 1992 2429 presbytc-

1250 2450 1359 2472 rornin
1382 2439 1634 2483 praedictorum,
1659 2438 1705 2470 vel
1723 2437 1858 2471 alienius
1878 2448 1991 2471 eorum

1251 2493 1370 2525 t'ncrint
1392 2491 1547 2536 requisiti,
1570 2491 1758 2524 solemniter
1778 2491 1988 2535 publicantes,

1250 2557 1287 2579 ac
1308 2546 1352 2578 cis
1371 2546 1401 2578 in
1429 2545 1612 2589 praemissis
1633 2544 1770 2578 elliu-acis
1797 2543 1991 2578 defensionis

1251 2598 1410 2643 pracsidio
1431 2599 1623 2638 assistentes,
1650 2598 1778 2638 saciant,
1801 2597 1990 2631 auctoritate

1250 2658 1370 2693 nostra,
1392 2658 1575 2696 praesentes
1596 2652 1727 2691 litteras,
1751 2657 1781 2684 et
1799 2650 1829 2683 in
1844 2650 1888 2684 cis
1908 2660 1987 2684 con-

1991 251 2041 279 An.
2057 251 2086 278 C.
2108 251 2176 279 1599

2023 687 2140 708 Clausulas.

2043 1961 2187 1988 Exoquutoros

2003 1988 2116 2015 designati.
