2253 3195
856 275 954 300 010111
974 274 1081 299 annun
1633 261 1693 296 911

956 401 981 433 11

197 500 344 533 Hebraei.
379 500 412 533 t'.
436 499 556 533 Iudaei.

197 553 417 591 Hebraeorum
450 552 615 596 privilegia
636 553 786 585 Anconae
807 551 1078 584 commorantium
1100 550 1361 584 confirmantura
1382 550 1544 584 Clemente
1579 549 1654 591 Vttt,
1679 548 1742 582 ί105

285 606 311 639 b.
342 606 418 639 Vide
442 606 540 638 eliam
561 605 730 647 PrivilegIa
756 604 988 638 conceduntur.

198 659 353 693 llenricus
374 659 412 692 lV
442 660 638 692 Francorum
657 664 688 692 et
716 658 875 692 Navarrae
904 668 958 691 rex
988 658 1027 691 ab
1058 657 1391 691 excommunicatione
1416 657 1601 697 absolvitur,
1625 654 1690 689 304
1709 667 1740 689 α.

284 712 429 746 Pontifex
450 723 523 746 eum
544 712 693 745 hortatur
718 717 752 744 ut
772 711 898 745 divinae
920 711 1162 745 misericordiae
1187 721 1313 744 memor
1333 711 1372 744 sit
1391 716 1422 744 et
1439 710 1604 743 charitatis
1623 710 1742 743 Roma-

286 776 344 799 nae
364 766 534 804 Ecclesiae,
563 765 640 798 ibid.
672 766 786 799 Causas
818 770 1052 798 commemorat
1076 765 1193 808 quihus
1214 770 1318 798 motus
1338 764 1442 798 Sixtus
1462 764 1485 796 V
1511 774 1583 796 eum
1606 764 1742 797 damna-

287 825 385 860 verat,
409 819 488 851 ibid.
513 819 539 851 b.
564 818 720 851 llenricus
740 818 931 862 resipiscens
960 818 1137 852 absolvitur
1156 829 1173 850 a
1195 818 1284 860 regni
1310 817 1527 861 praesulibus,
1563 817 1619 850 sed
1640 817 1745 849 minus

288 878 385 913 recte,
410 872 484 915 qnia
504 872 572 905 sine
593 871 784 904 auctoritate
801 871 890 905 Sedis
907 871 1122 915 Apostolicae,
1138 870 1202 904 305
1216 882 1246 903 α.
1271 871 1344 904 Eius
1367 870 1460 913 legati
1481 871 1521 903 ad
1542 870 1742 909 Pontificem,

287 926 368 959 ibid.
393 926 421 958 b.
446 925 690 958 Absolutionem
711 924 817 958 differt
836 925 921 968 Papa
941 930 975 957 ut
993 925 1098 968 aptior
1119 925 1172 957 ille
1192 924 1232 957 ad
1250 935 1319 957 eam
1346 923 1555 957 obtinendam
1577 923 1743 962 reddatur,

289 978 368 1011 ibid.
391 979 496 1012 Novos
517 979 639 1020 legatos
659 989 712 1011 rex
731 978 770 1011 ad
791 978 980 1011 Pontificem
1003 978 1111 1018 mittit,
1134 976 1198 1009 300
1223 988 1253 1010 α.
1277 977 1422 1010 Clemens
1443 977 1580 1020 puhlicis
1597 976 1747 1020 precihus

289 1032 427 1072 indictis,
461 1031 677 1075 adhibitisque
700 1031 740 1064 ad
766 1031 936 1064 consilium
963 1031 1200 1071 cardinalibus,
1223 1030 1345 1072 legatos
1374 1030 1404 1062 in
1436 1029 1569 1063 Basilica
1599 1029 1747 1062 Vaticana

289 1085 415 1129 recipit,
439 1084 502 1117 300
523 1096 542 1118 α
561 1091 591 1118 et
613 1085 648 1125 b,
673 1084 795 1117 litteras
811 1085 1065 1127 mandatumque
1086 1094 1244 1127 procurae
1258 1083 1456 1123 exhibentes,
1479 1081 1543 1115 307
1557 1094 1594 1123 a,
1618 1083 1746 1115 0111011-

289 1139 392 1172 ricum
416 1149 523 1180 regem
549 1138 680 1179 absolvi,
700 1144 731 1171 et
749 1138 780 1171 S.
812 1139 847 1171 tt.
877 1138 910 1171 E.
934 1137 1155 1171 communioni
1177 1136 1301 1169 admitti
1323 1142 1478 1179 petentes,
1499 1136 1576 1169 ibid.
1606 1136 1644 1176 ὸ,-
1666 1146 1744 1179 pro-

291 1191 453 1224 mittentes
474 1202 547 1224 eum
569 1192 704 1225 Sanctae
721 1191 810 1225 Sedis
832 1191 984 1224 mandata
1011 1196 1259 1233 exequuturum,
1287 1189 1367 1222 ibid.
1393 1190 1477 1233 Papa
1504 1189 1645 1222 declarat
1669 1188 1744 1221 irri-

291 1251 353 1277 tam
373 1244 609 1278 absolutionem
630 1244 808 1278 antistitum
829 1244 961 1284 Galliae,
982 1242 1046 1276 307
1073 1244 1101 1276 b.
1122 1243 1241 1277 Novam
1268 1243 1384 1275 deinde
1405 1242 1600 1286 impartitur,
1625 1240 1688 1275 308
1706 1253 1747 1282 α,-

291 1297 434 1331 iniuncta
453 1303 559 1331 tamen
582 1298 650 1340 lege
679 1298 846 1331 emittendi
873 1297 947 1330 fidei
981 1296 1157 1330 catholicae
1182 1295 1429 1339 professionem,
1453 1295 1530 1328 ibid.
1555 1295 1663 1337 Legati
1682 1295 1749 1328 eius

291 1351 422 1384 nomine
436 1362 548 1384 omnes
562 1351 711 1385 haereses
731 1351 932 1391 abiurarunt,
954 1350 1094 1393 fideique
1115 1349 1347 1393 professionem
1367 1349 1535 1388 emiserut‚
1552 1349 1646 1388 ibid,
1667 1359 1749 1392 quae

293 1404 400 1438 bullae
421 1404 584 1445 inseritur,
607 1404 671 1437 300
692 1415 721 1437 a.
746 1405 810 1437 Rex
837 1404 953 1437 iterum
978 1413 1105 1436 errores
1129 1402 1310 1436 Calvinismi
1339 1402 1537 1442 detestatur,
1560 1401 1750 1445 veniamque

294 1468 313 1490 a
332 1458 362 1491 S.
388 1458 469 1491 Sede
494 1464 655 1501 precatur,
679 1457 757 1490 ibid.
780 1458 807 1490 b.
833 1456 1049 1490 Professiones
1067 1455 1142 1489 fidei
1172 1467 1189 1488 a
1206 1455 1471 1500 procuratoribus
1491 1455 1587 1497 regiis
1617 1455 1750 1488 emissae

293 1510 491 1551 inseruntur,
514 1510 573 1543 301
598 1522 618 1543 ιι
639 1517 669 1544 et
690 1511 730 1551 b;
753 1510 861 1544 addito
883 1510 1104 1549 iureiurando,
1124 1508 1183 1541 311
1208 1520 1238 1542 α,
1260 1508 1477 1542 Poenitentiae
1495 1508 1562 1550 regi
1576 1508 1748 1545 iniunctae,

292 1564 374 1597 ibid.
399 1564 416 1596 b
437 1570 467 1597 et
494 1574 558 1608 seq.
590 1564 732 1597 'faudem
756 1564 902 1598 Clemens
922 1563 1096 1597 lIenricum
1118 1563 1157 1595 ab
1179 1562 1330 1595 omnibus
1356 1562 1499 1595 censuris
1520 1561 1666 1602 absolvit,
1687 1560 1751 1595 313

294 1627 336 1657 a,·
361 1617 573 1661 hortaturque
598 1623 632 1650 ut
651 1617 712 1651 sibi
738 1617 881 1650 iniuncta
901 1616 1097 1650 adamussim
1119 1616 1303 1659 adimpleat,
1320 1615 1400 1648 ibid.
1425 1615 1452 1648 b.
1473 1614 1653 1648 Ratificatio
1668 1615 1750 1647 11011-

294 1670 352 1702 rici
374 1670 458 1713 regis
485 1677 515 1703 et
544 1671 716 1714 promissio
748 1671 786 1704 de
815 1670 1024 1714 adimplendo
1059 1680 1096 1703 ea
1122 1669 1231 1703 omnia
1256 1679 1338 1712 quae
1356 1669 1415 1701 sibi
1437 1668 1579 1701 iniuncta
1608 1668 1748 1707 suerunt,

295 1722 360 1756 314
376 1734 395 1756 α
416 1729 446 1757 et
467 1724 494 1757 b.
516 1725 614 1757 Breve
638 1724 840 1768 pontificium
863 1734 927 1768 quo
947 1724 1092 1757 Clemens
1110 1722 1249 1756 ilenrico
1269 1723 1447 1764 gratulatur
1465 1722 1504 1755 de
1525 1721 1749 1762 ratiticatione;

294 1775 458 1809 Romanae
476 1777 568 1810 aulae
588 1777 740 1820 gaudium
765 1782 911 1810 testatum
938 1776 1023 1816 facit,
1040 1786 1179 1820 eumque
1197 1776 1236 1809 ad
1258 1774 1528 1819 perseverantiam
1547 1773 1749 1814 adhortatur,

296 1826 360 1860 3¹15
380 1839 400 1861 a
417 1834 448 1862 et
464 1828 491 1862 b.

207 1881 459 1916 ttildeseimense
491 1882 679 1926 capitulum.
709 1882 959 1917 Administrator
988 1882 1084 1916 huius
1115 1881 1277 1915 Ecclesiae
1301 1880 1430 1914 ordines
1462 1879 1702 1925 presbyteratus
1723 1886 1753 1914 et

297 1934 486 1969 diaconatus
511 1935 543 1968 in
572 1936 712 1980 capitulo
742 1936 935 1970 cathedralis
972 1935 1093 1969 institui
1114 1940 1218 1974 curat,
1248 1933 1310 1967 782
1330 1945 1361 1967 a.
1384 1934 1489 1967 Tenor
1514 1932 1655 1966 mandati
1676 1932 1753 1967 editi

297 1999 395 2032 super
411 1989 471 2022 hac
490 2000 534 2031 re,
558 1990 637 2023 ibid.
659 1995 691 2024 et
710 2001 774 2034 seq.
795 1990 879 2023 Ilaec
897 1989 1006 2023 onmia
1025 1988 1197 2023 confirmat
1216 1987 1372 2028 Pontifex,
1396 1986 1459 2019 783
1476 1997 1506 2019 α.
1521 1986 1630 2028 ,liuius
1652 1986 1754 2019 eccle-

296 2041 362 2075 siae
381 2042 625 2086 praepositurae
647 2043 800 2077 medietas
821 2044 982 2077 fructuum
1004 2042 1116 2076 unitur
1129 2052 1257 2075 mensae
1275 2040 1446 2085 episcopali
1461 2050 1478 2072 a
1496 2040 1657 2073 Clemente
1677 2040 1752 2080 Vllt,

300 2094 365 2128 304
382 2096 399 2128 b
430 2102 460 2129 et
489 2107 553 2140 seq.
587 2097 733 2130 Facultas
764 2097 899 2141 Capituli
919 2096 979 2131 sibi
1008 2096 1147 2139 eligendi
1171 2095 1402 2140 praepositum,
1426 2092 1489 2126 300
1515 2104 1554 2133 0,·
1576 2092 1632 2137 qui
1655 2098 1760 2126 tamen

299 2149 384 2182 intra
403 2160 457 2182 sex
479 2161 603 2184 menses
638 2150 837 2194 pontificiam
867 2150 1085 2195 provisionem
1118 2149 1264 2183 obtinere
1290 2148 1403 2189 debet,
1424 2147 1501 2180 ibid.
1530 2147 1563 2180 ln
1584 2157 1659 2180 casu
1681 2146 1757 2180 resi-

301 2202 460 2245 gnationis
485 2204 739 2248 praepositurae,
766 2204 907 2248 provisio
928 2205 968 2238 ad
994 2204 1113 2248 Papam
1133 2208 1270 2247 spectat,
1294 2201 1357 2235 307
1378 2212 1409 2235 a.

213 2255 376 2300 llospitale
396 2256 502 2290 Sancti
523 2257 660 2300 Spiritus
680 2257 882 2291 Massiliensis
900 2257 979 2301 petit
998 2268 1056 2301 per
1075 2267 1150 2290 suos
1175 2255 1453 2289 administratores
1470 2253 1577 2297 aliqua
1605 2253 1665 2286 sibi
1686 2253 1754 2297 pri-

302 2309 416 2352 vilegia
436 2310 585 2351 concedi,
608 2309 650 2343 00
671 2311 699 2343 b.
732 2311 888 2352 clemens,
912 2311 992 2344 votis
1012 2321 1157 2343 annuens
1172 2337 1179 2350 ‚
1203 2309 1281 2342 illud
1302 2320 1319 2341 a
1342 2307 1575 2350 cuiuscumque
1596 2306 1758 2349 vectigalis

301 2362 461 2396 solutione
480 2363 599 2404 eximit,
629 2363 729 2398 ibid.-
752 2364 884 2408 eiusque
914 2364 1077 2397 ministros
1096 2369 1127 2396 et
1148 2362 1300 2396 officiales
1326 2372 1343 2394 a
1365 2360 1586 2394 iurisdictione
1615 2359 1758 2392 iudicum

303 2416 542 2450 ordinariorum
575 2417 702 2458 liberat,
726 2418 761 2450 01
798 2429 828 2451 a.
865 2418 1098 2451 Fraudolcntos
1127 2416 1405 2449 administratores
1432 2413 1759 2447 excommunicationi

302 2470 443 2510 subiicit,
467 2471 669 2504 absolutione
694 2477 856 2504 reservata
881 2472 996 2515 Papae,
1026 2470 1107 2503 ibid.
1137 2469 1258 2502 Notarii
1291 2479 1354 2501 non
1381 2468 1557 2501 revelantes
1577 2467 1681 2510 legata
1700 2494 1707 2506 ,
1732 2473 1762 2499 ct

303 2533 415 2556 omnes
436 2524 566 2568 aliquod
599 2525 754 2558 damnum
776 2525 925 2569 hospitali
950 2524 1129 2566 irrogantes
1154 2523 1265 2555 eadem
1289 2532 1391 2565 poena
1406 2521 1601 2565 plectuntur,
1626 2520 1702 2553 ibid.
1728 2520 1756 2552 b.

304 2577 465 2610 Bonorum
492 2578 714 2618 alienationes,
738 2578 819 2612 Sede
841 2577 1026 2622 Apostolica
1045 2576 1234 2616 inconsulta,
1256 2575 1325 2608 sieri
1346 2575 1444 2614 nefas,
1465 2574 1507 2607 tiz).
1529 2585 1560 2607 ιι.

215 2629 376 2674 lIospitale
398 2630 436 2664 de
457 2630 581 2671 Utrera,
606 2631 801 2675 Hispalensis
822 2630 987 2665 dioecesis.
1015 2630 1077 2663 Leo
1104 2630 1127 2662 X
1150 2629 1209 2662 hoc
1233 2628 1390 2672 hospitale
1418 2629 1581 2662 Romanae
1602 2627 1761 2661 Ecclesiae

304 2684 489 2718 imuwdiate
513 2684 692 2719 subiectum
712 2685 820 2726 voluit,
844 2684 909 2717 4:34
934 2685 973 2724 b·,
1002 2683 1120 2726 aliique
1145 2682 1315 2716 Pontifices
1337 2681 1398 2715 alia
1419 2681 1446 2714 ei
1476 2680 1642 2725 privilegia
1677 2691 1756 2714 con-
