2253 3195
259 192 308 218 An.
329 190 357 218 c.
375 190 443 218 ¹594
488 181 552 216 136

458 239 549 280 infra,
562 240 730 274 dimittunt
742 240 790 273 vel
805 240 969 279 amittunt,
984 244 1020 273 ut
1029 249 1197 282 nunquam

458 293 573 327 suturis
594 293 795 338 temporibus
823 303 922 337 super
942 293 1071 326 redditu
1091 292 1195 325 dicta·
1214 293 1216 300 ’

459 357 530 379 rum
552 346 786 390 scripturarum
807 356 867 390 pro
887 345 973 378 dicta
992 355 1100 378 annua
1112 355 1199 378 sum·

459 409 510 431 ma
531 399 562 431 in
583 404 686 432 totum
704 403 870 432 scutorum
899 398 1040 431 duorum
1061 397 1199 431 millium

459 457 588 485 centum
602 452 714 494 viginti
728 452 871 495 quinque
885 462 959 484 cum
979 451 1116 485 dimidio
1129 450 1199 484 auri

459 505 490 538 in
505 516 583 538 auro
597 505 628 538 in
642 505 806 539 erectione
826 505 902 538 dicti
915 505 1040 545 Montis,
1056 509 1092 538 ut
1108 515 1202 549 prae-

460 558 563 592 fertur
588 558 738 597 firmata,
770 558 942 602 minusque
972 563 1131 602 quatenus
1161 557 1201 591 ad

460 610 730 644 abundantiorem
765 611 891 654 collegii
933 616 965 644 et
998 612 1201 645 notariorum

461 664 701 707 praedictorum
733 665 892 698 cautelam
926 675 1007 709 opus
1026 665 1081 705 sit,
1104 675 1203 709 super

461 717 567 750 valore
589 723 619 751 et
639 717 744 761 pretio
776 717 936 751 dictarum
966 718 1201 762 scripturarum

460 771 679 814 praesentium
721 776 749 804 et
794 771 979 804 futurorum
1022 770 1202 804 officiorum

461 823 702 867 praedictorum
735 824 811 857 olim
843 835 902 868 per
939 825 1205 868 praedecessores

461 882 587 910 nostros
607 883 639 910 et
659 877 783 917 ultimo,
806 883 842 910 ut
861 878 1053 921 praefertur,
1077 889 1135 922 per
1154 878 1202 910 se-

461 930 530 963 licis
550 930 784 964 recordationis
803 931 895 963 Pium
922 931 971 969 lv,
994 931 1034 964 ad
1055 941 1202 964 commo-

462 983 538 1016 dum
562 984 751 1017 eorumdem
785 984 912 1027 collegii
939 990 970 1017 et
990 984 1202 1025 notariorum,

462 1037 558 1070 etiam
581 1049 677 1071 causa
705 1043 736 1072 et
767 1038 862 1071 titulo
893 1038 1038 1072 onerosis
1062 1038 1202 1078 firmato,

462 1097 671 1135 augmentum
703 1091 833 1135 aliquod
865 1091 935 1124 fieri
966 1092 1015 1125 vel
1043 1091 1206 1135 augmenti

463 1144 597 1177 dubium
618 1145 695 1177 oriri
717 1145 827 1188 possit,
843 1155 994 1178 securum
1016 1145 1153 1178 reddere
1171 1155 1207 1178 ac

463 1198 540 1230 alias
560 1198 752 1241 specialibus
772 1198 933 1231 favoribus
950 1203 981 1231 et
1000 1198 1111 1239 gratiis
1131 1209 1207 1242 pro-

464 1251 553 1294 sequi
575 1251 834 1284 deliberavimus.

511 1305 526 1348 ξ
543 1304 574 1337 8.
591 1305 644 1338 His
665 1305 762 1346 igitur
781 1311 810 1338 et
832 1305 902 1338 aliis
919 1305 1010 1338 iustis
1030 1305 1209 1338 rationibus

466 1358 595 1391 adducti
610 1368 831 1402 quascumque
844 1359 1130 1403 praedecessorum
1150 1369 1208 1392 no-

466 1417 606 1444 strorum
629 1417 658 1445 et
680 1418 806 1445 nostras
825 1413 999 1457 respective
1020 1413 1142 1447 litteras
1155 1424 1208 1446 su-

462 1465 573 1508 perius
595 1465 721 1503 relatas,
736 1476 794 1498 nec
815 1477 878 1499 non
897 1472 967 1499 acta
984 1477 1208 1510 quaecumque

293 1359 411 1380 praemissa
429 1363 449 1378 o-

267 1386 322 1407 mnia
346 1385 451 1411 approbat

267 1412 361 1433 clemens
371 1419 374 1431 τ

467 1517 498 1550 in
519 1518 703 1561 praemissis
724 1524 755 1551 et
776 1518 904 1552 illorum
937 1519 1106 1552 occasione
1127 1519 1228 1552 inter*

468 1571 704 1604 thesaurarium
726 1577 872 1605 nostrum
901 1577 932 1606 et
952 1572 1209 1606 commissarium

467 1629 497 1657 et
519 1624 690 1667 collegium
712 1630 741 1658 et
763 1625 906 1658 notarios
926 1625 1109 1669 praedictos
1129 1636 1210 1670 quo-

469 1678 643 1711 modolibet
665 1680 757 1717 sacta,
774 1684 802 1711 et
819 1679 880 1712 alia
900 1679 1008 1712 onmia
1029 1679 1081 1712 hic
1102 1690 1211 1713 neces-

468 1732 552 1764 sario
573 1732 793 1775 exprimenda,
814 1732 947 1776 perinde
971 1744 1006 1765 ac
1034 1733 1059 1765 si
1082 1733 1210 1766 illorum

471 1791 597 1818 tenores
617 1787 655 1818 ad
678 1787 810 1818 verbum
834 1786 943 1819 inserti
969 1786 1088 1827 forent,
1113 1797 1208 1830 prac-

469 1839 612 1871 scntilms
633 1851 691 1883 pro
713 1840 806 1883 plene
824 1845 856 1873 ct
869 1839 1065 1873 sufficienter
1085 1851 1211 1884 expres-

469 1892 510 1924 sis
523 1892 688 1931 lialncntes3
701 1899 797 1937 atquc
810 1893 981 1935 collegium
997 1893 1209 1936 praedictum,

470 1947 602 1990 eiusque
623 1947 802 1987 singulares
823 1957 978 1990 personas
1008 1957 1025 1979 a
1050 1947 1213 1991 quibusvis

470 2000 822 2040 excommunirationis,
838 2000 1057 2044 suspensionis
1069 2006 1098 2033 ct
1115 2001 1212 2034 inter—

471 2054 558 2091 ‹ln-ti,
571 2054 705 2097 aliisquo
717 2054 939 2087 ecclesiasticis
951 2054 1128 2092 sententiis,
1141 2065 1214 2087 (·ι,·ιι-

471 2107 592 2139 snrisvt
613 2107 755 2150 poenis-:1
777 2107 843 2140 iure¹
862 2108 907 2139 rel
922 2107 960 2139 ab
979 2107 1120 2145 bomine,
1137 2118 1215 2151 qua-

473 2160 516 2192 vis
537 2161 705 2193 occasionn
727 2161 773 2193 vel
801 2171 908 2201 rausa,
944 2160 1014 2193 latis
1044 2161 1068 2193 si
1099 2161 1215 2204 quibus

473 2214 714 2257 quomodolibet
739 2214 910 2247 innodatas¹
931 2214 1080 2254 existunt,
1104 2215 1142 2247 :nl
1164 2215 1211 2246 es-

475 2269 590 2299 l'vrtinn
614 2268 830 2310 praesentium
853 2268 1128 2311 consequendum,
1153 2268 1211 2300 lia-

475 2333 543 2353 rum
565 2322 646 2354 scri·-
668 2322 870 2354 absolventes
901 2327 931 2354 vt
953 2322 1115 2354 absolutas
1148 2323 1214 2354 sors·

475 2380 656 2415 vernentes,
682 2381 769 2407 motu
803 2375 955 2418 proprio,
980 2385 1042 2407 non
1069 2375 1107 2407 :nl
1138 2374 1213 2407 dicti

475 2427 612 2466 ‹rollo-gii,
635 2433 687 2459 aut
710 2428 844 2460 alicuius
869 2439 926 2472 pro
949 2428 1002 2460 illo
1021 2427 1114 2460 nobis
1134 2438 1211 2472 por-

478 2485 581 2511 wetm-
604 2480 766 2523 pvtitionis
788 2481 982 2519 instantiam,
997 2481 1051 2513 sed
1071 2492 1107 2513 ox
1129 2486 1214 2514 certa

477 2533 619 2571 scicntia,
637 2539 825 2577 maturaque
847 2534 1090 2573 deliberatione,
1111 2535 1215 2578 deque

477 2586 672 2630 apostolica·-
695 2587 858 2629 potcstatis
879 2587 1092 2631 μὶυιιίιιιάἰιιι·1
1116 2598 1212 2632 qnas-

1038 191 1223 216 BULLARIUM
1241 190 1396 215 nouatum

1213 241 1373 291 {cumque
1394 238 1465 272 lites
1485 249 1583 282 super
1609 239 1795 282 praemissis
1815 238 1904 272 inter
1922 238 1974 272 di-

1231 2214 1375 2254 «vus-gii
1401 2219 1429 2246 vt
1453 2213 1655 2247 notariorum
1677 2223 1736 2257 pro
1756 2223 1790 2246 se
1809 2218 1839 2247 ct
1861 2212 1990 2246 illorum

1987 190 2037 218 An.
2054 190 2082 218 C.
2104 180 2172 220 159]

1233 297 1321 324 ctum
1335 291 1507 335 collegium
1521 292 1727 326 etCameram
1740 297 1884 326 nostram
1893 293 1978 336 Apo·
2186 332 2188 334 v

1233 344 1380 378 stolicam
1398 346 1507 379 forsan
1527 351 1632 379 motas
1644 345 1684 379 ad
1704 356 1774 386 nos,
1793 346 1909 379 harum
1929 356 1978 379 se·
2001 358 2085 388 ‚Atque

1234 397 1291 439 rie,
1306 404 1486 440 avocantes,
1501 399 1636 443 illasque
1647 399 1776 443 penitus
1788 399 1978 442 extinguen-
1991 384 2134 432 ἓῗεῖτῖιῗιιω
2143 393 2170 430 ’δῖ”ἶ

1234 456 1292 492 tes,
1314 462 1352 485 ac
1371 457 1443 485 acta
1471 463 1695 496 quaecumque
1728 452 1867 496 desuper
1895 452 1978 485 sacta
1992 437 2158 485 ἓῖῗέεῗςξῖ”

1235 510 1396 539 cassantes
1417 510 1448 539 et
1464 506 1680 546 annullantes,
1699 505 1820 539 eisdem
1841 504 1978 548 collegio
1992 496 2050 513 ‘²¹²⁵'
2065 490 2156 514 ''em'‘

1236 563 1267 591 et
1277 558 1411 592 notariis
1424 559 1457 591 in
1470 569 1716 603 recompensam
1730 558 1884 599 iacturae,
1896 568 1979 602 quae

1236 611 1276 644 ad
1296 612 1505 646 commodum
1522 618 1670 646 nostrum
1691 617 1723 646 et
1741 611 1892 646 Gamerae
1915 622 1977 645 no-

1236 669 1321 697 strae
1349 665 1434 698 circa
1454 665 1611 706 Mentem,
1641 671 1677 698 ut
1701 665 1886 709 praefertur
1905 675 1978 698 ere-

1238 721 1337 758 ctum,
1359 717 1482 751 scilicet
1501 718 1709 759 dimissionis,
1730 729 1787 751 seu
1806 722 1982 762 perpetuae

1238 770 1420 804 amissionis
1437 771 1516 804 iuris
1529 771 1712 804 redimendi
1729 771 1830 804 dictas
1842 771 1982 815 scriptu-

1239 834 1302 864 ras,
1325 834 1423 868 quam
1444 830 1559 868 sponte
1579 826 1684 858 facere
1713 824 1923 868 dignoscitur,
1946 835 1983 858 ac

1239 878 1371 911 alterius
1391 878 1625 923 cuiuscumque
1654 878 1797 912 iacturae
1821 878 1980 922 praemis-

1239 941 1349 964 sorum
1364 932 1532 965 occasione
1544 943 1603 976 per
1616 932 1799 976 praedictos
1812 931 1983 974 collegium

1240 990 1271 1018 et
1291 985 1434 1019 notarios
1453 985 1629 1027 faciendae,
1652 996 1690 1019 ex
1717 996 1804 1019 nunc
1824 989 1922 1029 prout
1947 995 1984 1018 ex

1241 1043 1328 1079 tunc,
1343 1044 1376 1072 et
1393 1049 1409 1072 e
1421 1044 1544 1081 contra,
1561 1044 1732 1083 postquam
1751 1038 1810 1083 ipsi
1831 1037 1985 1072 erectioni

1240 1092 1396 1135 praedicti
1417 1092 1542 1132 Montis,
1565 1103 1602 1126 ac
1621 1092 1832 1136 praestationi
1859 1102 1986 1125 annuae

1241 1155 1386 1178 summae
1407 1150 1573 1179 scutorum
1594 1145 1733 1179 duorum
1752 1144 1888 1178 millium
1909 1154 1985 1177 cen-

1242 1204 1311 1231 tum
1332 1199 1442 1242 viginti
1456 1199 1600 1244 quinque
1622 1210 1695 1233 cum
1714 1199 1849 1233 dimidio
1862 1198 1933 1232 auri
1953 1198 1986 1232 in

1242 1262 1322 1285 auro
1339 1253 1562 1286 consenserint
1581 1259 1613 1286 et
1632 1264 1692 1297 pro
1710 1253 1755 1286 eis
1779 1263 1860 1294 sese,
1874 1262 1988 1296 quam-

1243 1305 1298 1339 diu
1325 1306 1369 1338 illi
1397 1306 1501 1339 officia
1538 1306 1750 1347 retinuerint,
1778 1305 1988 1349 collegialiter

1243 1358 1466 1401 obligaverint,
1490 1359 1574 1393 iuxta
1598 1359 1703 1393 dictae
1723 1359 1895 1393 erectionis
1916 1359 1985 1392 for-

1244 1421 1341 1452 mam,
1364 1418 1462 1455 prout
1493 1412 1590 1446 iidem
1618 1412 1735 1446 intuitu
1760 1409 1985 1456 infrascripto-

1244 1476 1314 1498 rum
1336 1466 1520 1506 convenire,
1541 1471 1572 1499 et
1592 1476 1661 1500 sese
1681 1471 1827 1510 utsupra
1843 1465 1988 1508 obligare

1244 1519 1444 1560 obtulerunt,
1459 1519 1652 1553 auctoritate
1671 1519 1859 1564 apostolica,
1876 1525 1988 1554 tenore

1245 1572 1476 1616 praesentium,
1492 1578 1651 1617 perpetuo
1665 1572 1875 1607 concedimus
1891 1578 1922 1607 et
1940 1572 1990 1606 in-

1245 1626 1426 1669 dulgemus,
1439 1632 1473 1660 ut
1487 1637 1594 1660 annua
1607 1637 1734 1660 summa
1742 1626 1905 1660 dictorum
1918 1637 1990 1660 scu·

1246 1686 1353 1713 torum
1383 1680 1522 1713 (luorum
1553 1680 1689 1713 millium
1715 1685 1845 1714 centum
1879 1679 1989 1723 viginti

1245 1733 1388 1778 quinque
1421 1744 1493 1766 cum
1523 1733 1660 1767 dimidio
1679 1733 1755 1766 auri
1771 1733 1803 1766 in
1823 1743 1903 1767 auro
1932 1743 1991 1778 per

1246 1788 1375 1820 eosdem
1397 1787 1570 1828 collegium
1591 1792 1622 1820 et
1646 1787 1789 1821 notarios
1808 1787 1986 1827 annuatim,

1247 1845 1401 1884 utsupra,
1418 1850 1477 1884 pro
1495 1840 1623 1874 redditu
1637 1850 1693 1892 seu
1712 1839 1867 1884 pensione
1888 1839 2006 1874 dicta·-

1248 1904 1317 1926 rum
1348 1893 1582 1937 scripturarum
1615 1893 1827 1938 persolvenda
1853 1893 1884 1926 in
1914 1904 1988 1927 ere-

1247 1946 1353 1979 ctione
1382 1946 1457 1979 dicti
1479 1946 1592 1979 Montis
1613 1957 1670 1990 per
1690 1957 1763 1986 nos,
1787 1952 1819 1979 ut
1842 1946 1988 1991 praeser-

1249 2006 1310 2038 tur,
1335 2005 1492 2043 perpetuo
1514 2000 1652 2038 firmata,
1676 2011 1781 2044 neque
1812 2000 1912 2041 valor,
1935 2010 1991 2034 seu

1249 2053 1387 2097 pretium
1409 2053 1569 2086 dictarum
1583 2053 1819 2097 scripturarmn
1841 2063 1992 2097 praesen-

1251 2106 1329 2139 tium
1357 2112 1385 2139 et
1415 2107 1595 2139 intui-arun·
1626 2106 1704 2147 iam,
1735 2112 1769 2140 ut
1794 2106 1988 2150 praefertur,

1251 2161 1343 2194 titulo
1363 2171 1501 2194 oneroso
1521 2161 1560 2194 ad
1588 2160 1796 2194 ronnnodum
1828 2159 1990 2194 dictorum

1249 2267 1490 2300 successoribus
1523 2267 1553 2299 in
1586 2272 1779 2310 perpetuum
1807 2266 1987 2305 firmatum.

1250 2331 1415 2364 nunqnam
1429 2321 1525 2353 ctiam
1541 2320 1704 2361 :uignienti
1716 2319 1904 2364 quantitatis
1914 2319 1991 2353 scri-

1251 2380 1418 2418 pturarum
1441 2379 1493 2407 aut
1516 2373 1578 2406 alio
1597 2383 1803 2417 (piorumque
1825 2377 1991 2417 praetextu

1249 2427 1371 2467 angeri,
1394 2438 1451 2459 ιιι-ο
1480 2426 1601 2470 aliquid
1633 2436 1730 2469 super
1761 2425 1868 2470 aliqua
1893 2425 1990 2459 etiam

1251 2479 1382 2512 minima
1397 2479 1545 2513 auctione
1564 2479 1594 2512 in
1613 2478 1846 2522 praeiudicium
1865 2477 1991 2522 collegii

1249 2539 1279 2567 vt
1311 2534 1510 2567 notariorum
1542 2533 1794 2577 praedictorum,
1817 2537 1850 2566 et
1879 2537 1991 2566 comm

1250 2588 1383 2619 sormam
1407 2585 1583 2630 prm-sontis
1605 2586 1704 2619 nostri
1728 2591 1834 2619 motus
1854 2584 1988 2630 proprii,
