2253 3195
28 275 77 302 An.
94 274 124 302 C.
143 273 210 302 1597
841 275 987 300 CLEMENS
1008 274 1066 298 vni
1085 274 1137 298 pp,
1653 258 1717 291 5175

1002 333 1119 364 genere
1148 321 1337 354 meritorum
1358 318 1538 359 inferiores,
1563 318 1638 362 ipsis
1663 328 1742 362 pro-

1002 375 1195 408 vectioribus
1207 380 1237 407 et
1248 373 1403 407 veteranis
1417 372 1506 416 quasi
1521 371 1687 411 militibus,
1704 371 1745 403 ob

1003 427 1188 461 huiusmodi
1209 428 1394 460 doctoratus
1421 427 1575 468 gradum,
1607 435 1742 468 praere-

1005 482 1079 513 dere
1101 480 1311 513 contendunt.
1975 519 1979 523 1

1050 536 1065 575 ξ
1084 534 1113 566 ’2.
1139 534 1184 566 ,td
1206 534 1262 566 has
1284 533 1380 573 igitur
1400 532 1613 565 offensionum
1637 531 1748 564 aedis·
1797 542 1892 563 (ῑιυωμι
1907 545 1948 563 aa.

1004 586 1565 625 sensionumor1⁷5as101testollendaa
1578 596 1647 625 nos,
1660 590 1748 617 motu
1764 571 1803 618 {1⁵1¹st
1825 570 1900 593 '⁸⁸²¹‘ss
1922 571 1948 589 ³⁴¹

1006 639 1159 683 proprio„
1184 645 1215 672 et
1246 650 1282 671 ex
1313 645 1398 672 certa
1423 639 1576 679 scientia,
1605 649 1642 670 ae
1662 648 1750 670 mera
1764 628 1803 668 iii-i
1824 628 1864 667 .·.⁰¹
1885 629 1950 679 fef-⁰³·

1007 692 1238 725 deliberatione
1270 698 1398 730 nostra,
1422 693 1526 735 deque
1554 691 1750 735 apostolieae
1766 678 1951 727 ‘siliisqu¹¹¹iiif¹ss

1767 728 1822 751 rint,
1838 732 1859 748 ot
1882 731 1952 754 prote-

1007 746 1172 789 potestatis
1189 745 1400 789 plenitudine,
1417 751 1449 778 ut
1463 746 1569 778 nullus
1586 755 1602 777 e
1622 744 1751 777 natione
1767 756 1830 774 cua<
1847 756 1912 778 regni.

1009 799 1182 841 Anglieana
1202 798 1234 831 in
1255 804 1431 842 posterum,
1453 799 1556 831 donec
1576 798 1661 841 apud
1683 798 1749 830 An-

1763 268 1812 294 Αη.
1833 267 1859 294 e.
1880 269 1946 296 1597

535 324 653 358 CLXVI.

227 433 323 475 Leqes
355 432 530 464 servandae
562 433 595 464 in
627 430 823 464 concedenda
857 430 967 462 laurea

271 485 453 518 doctoratus
478 486 597 528 Angylis
625 484 810 520 catholicis,
838 484 897 526 qui
935 483 967 514 in

272 538 462 571 seminariis
487 548 614 581 operam
641 536 760 569 studiis
782 540 903 568 mwant
924 536 943 567 ¹.

441 619 574 646 Clemens
589 618 667 651 Papa
679 617 757 647 vm,

328 688 330 690 -
371 673 408 700 ad
422 675 598 706 perpetuam
613 671 659 698 rei
673 670 854 697 memoriam.

274 743 445 776 Pastoralis
466 742 561 775 officii
592 741 701 779 nobis,
730 741 837 773 ‹livina
863 740 971 783 ‹lispo-

59 807 180 831 Exonnum.
230 802 326 829 nente
346 795 527 832 elementia,
551 795 712 828 commissi
734 794 815 827 ratio
833 804 891 826 nos
911 793 969 825 ad-

70 1282 128 1308 Augli
143 1282 162 1302 in
176 1288 223 1302 ara·

38 1309 112 1330 demtis
134 1309 161 1329 ad
176 1315 222 1334 gra-

37 1335 76 1356 clus
113 1340 223 1360 promove-

37 1361 120 1386 bantur,
125 1362 181 1382 nulla
188 1367 223 1382 ae-

39 1389 88 1409 tatis
102 1390 124 1409 et.
137 1389 222 1409 merito-

39 1421 83 1436 rum
99 1414 172 1435 habita
189 1421 222 1435 ra—

38 1441 102 1462 tione.

231 856 350 891 monet,
374 856 540 883 uteorum
566 849 681 882 honori
713 854 741 881 et
769 847 913 890 dignitati
935 846 973 878 li-

231 905 346 937 benter
365 903 582 941 consulamus,
606 903 660 946 qui
681 913 745 935 non
763 902 867 934 solum
892 901 975 933 inter

232 967 347 1001 pravos
367 967 479 990 eorum
504 956 626 1000 patriae
649 966 775 988 errores
800 955 839 987 ab
864 954 975 987 haere-

234 1011 276 1044 sis
295 1010 366 1043 labe
390 1020 423 1043 se
450 1020 483 1043 se
509 1010 668 1042 immunes
690 1018 879 1041 conservare
904 1012 973 1039 stu-

212 1079 220 1086 ·
235 1064 322 1104 dent,
343 1064 398 1096 sed
412 1063 524 1102 etiam,
542 1063 637 1095 nullis
650 1063 732 1095 vitae
752 1061 904 1105 perieulis
924 1061 978 1093 de-

235 1117 348 1158 territi,
366 1117 439 1149 totis
458 1116 578 1149 viribus
598 1115 735 1159 patriam
750 1126 767 1147 a
779 1114 884 1158 pravis
903 1114 978 1146 hae-

235 1181 343 1204 resum
364 1161 528 1204 erroribus
548 1180 698 1203 revocare
719 1168 926 1202 contendunt.

282 1226 298 1266 g
328 1223 359 1256 4.
394 1224 471 1257 Cum
501 1223 629 1267 itaque,
663 1223 746 1255 sieut
773 1221 976 1266 accepimus,

236 1283 408 1322 postquam
429 1277 461 1309 in
482 1276 613 1318 Angliae
633 1286 744 1319 regno,
761 1275 931 1309 haereticis
944 1275 981 1307 il-

237 1331 298 1364 lius
315 1331 457 1375 tyrannis
474 1330 669 1367 iubentibus,
685 1330 834 1363 haereses
850 1329 982 1373 impune

237 1385 386 1427 grassari,
409 1395 446 1417 ae
469 1384 549 1417 fides
569 1384 726 1417 catholiea
748 1385 853 1428 palam
875 1383 982 1427 impu-

238 1437 340 1480 gnari,
361 1444 392 1479 et
411 1437 443 1470 in
465 1437 607 1471 eiusdem
629 1437 704 1470 fidei
725 1436 902 1470 catholicae
916 1436 982 1469 eul-

239 1496 325 1523 tores
337 1490 523 1523 immaniter
533 1490 646 1523 saeviri
660 1495 806 1533 caeptum
825 1495 883 1530 est.
898 1490 982 1533 apud

240 1543 415 1577 catholicos
443 1544 582 1587 Anglos‚
610 1544 665 1587 qui
695 1543 844 1586 gravibus
873 1554 983 1587 perse-

240 1597 433 1640 quutionum
463 1597 616 1640 procellis
647 1597 818 1637 cedentes,
849 1597 889 1629 ad
922 1596 984 1629 alia

241 1651 474 1684 catholicorum
496 1660 596 1693 regna
616 1651 841 1694 confugerunt,
866 1650 918 1682 ille
936 1650 980 1682 ir-

240 1704 377 1748 repserit
400 1704 537 1741 abusus,
559 1704 647 1748 quod
672 1704 825 1736 nimirum
855 1703 984 1738 iuvenes

241 1757 389 1791 nonnulli
406 1758 585 1800 Anglieani,
601 1763 730 1801 praeter
749 1758 836 1800 leges
857 1763 887 1791 et
906 1768 983 1790 eon-

192 1812 197 1817 *
241 1811 427 1844 suetudines
447 1811 523 1844 olim
545 1811 831 1844 celeberrimarum
851 1811 985 1853 Angliae

242 1864 496 1905 universitatum,
508 1864 695 1898 Oxoniensis
713 1870 744 1898 et
759 1864 985 1907 Cantabrigen-

243 1918 296 1959 sis,
319 1919 504 1952 doctoratus
523 1918 659 1960 gradum
680 1918 765 1962 apud
786 1923 908 1951 exteras
927 1928 985 1950 na-

244 1972 364 2013 tiones,
387 1972 476 2005 nulla
505 1973 571 2005 sere
602 1972 733 2012 aetatis,
757 1983 905 2012 morum,
933 1978 988 2005 aut

244 2025 425 2059 studiorum
445 2025 555 2058 habita
578 2025 703 2059 ratione
717 2053 724 2066 ,
747 2026 907 2069 precibus,
930 2036 986 2059 seu

244 2079 350 2124 pretio
359 2079 882 2123 quodammodosibicomparent:
899 2091 988 2113 cum-

247 2143 309 2176 que
327 2143 364 2164 ex
377 2132 436 2164 hac
448 2131 595 2164 iuvenilis
606 2132 877 2175 praesumptionis
890 2132 988 2165 lieen-

249 2185 291 2218 tia
310 2191 339 2218 et
362 2185 561 2221 temeritate,
584 2195 649 2218 non
674 2185 777 2218 solum
802 2185 987 2218 huiusmodi

247 2239 383 2281 gradus,
416 2238 614 2282 quissmagni
646 2237 721 2270 olini
754 2238 839 2281 apud
871 2238 988 2280 Anglos

247 2291 380 2324 honoris
391 2290 625 2334 etpraeeipuae
641 2289 805 2332 dignitatis
823 2290 895 2323 loeo
908 2295 986 2331 erat,

247 2345 460 2389 plurimisque
472 2344 646 2389 privilegiis
660 2343 812 2384 fulgebat,
828 2344 990 2377 contemni

248 2404 280 2431 et
299 2398 390 2431 flocci
411 2398 482 2431 fieri
503 2398 654 2442 caeperit,
678 2398 733 2431 sed
763 2409 800 2431 eo
830 2404 923 2441 paeto
943 2408 992 2430 sa-

249 2451 433 2485 cerdotibus
453 2451 549 2484 etiam
570 2450 815 2495 antiquioribus,
837 2451 991 2493 graviori-

248 2505 310 2538 bus
323 2511 355 2538 et
367 2505 577 2546 doctioribus,
593 2505 646 2549 qui
665 2505 696 2537 in
710 2504 885 2546 Aug-licam
901 2504 993 2537 vinea

250 2564 379 2592 strenue
400 2558 559 2599 laborant,
575 2568 640 2591 non
661 2558 774 2600 exigua
795 2557 930 2600 irrogari
944 2568 994 2591 so-

251 2612 314 2645 leat
345 2611 482 2652 iniuria,
507 2612 583 2645 dum
604 2616 707 2644 aetate
718 2611 862 2655 jiuvenes
876 2638 883 2648 .
905 2611 993 2644 omni

289 2674 299 2700 1
323 2673 360 2701 Ex
377 2673 485 2710 Regest.
502 2673 528 2701 in
548 2673 650 2701 Secret.
671 2673 804 2701 Brevium.

1009 853 1077 894 glos
1105 852 1260 885 haeretiei
1293 851 1553 896 praevaluerint,
1584 860 1754 894 quousque

1010 916 1145 948 regnum
1167 906 1246 938 illud
1267 906 1306 938 ad
1332 905 1423 938 Sedis
1448 904 1651 948 Apostolicae
1671 904 1751 936 obe-

1011 959 1164 992 dientiam
1190 969 1226 992 ao
1255 958 1410 991 unionem
1437 958 1605 991 reductum
1636 956 1752 995 suerit,

1012 1012 1196 1044 doctoratus
1221 1011 1357 1053 gradum
1389 1011 1419 1043 in
1448 1021 1539 1043 sarra
1569 1009 1753 1051 theologia,

1013 1065 1060 1097 vel
1081 1065 1182 1097 altero
1204 1064 1283 1097 iuris
1308 1063 1484 1107 suscipiat,
1505 1063 1565 1096 nisi
1590 1068 1663 1106 post
1684 1072 1756 1094 eur-

1013 1128 1083 1150 suin
1104 1117 1305 1150 ordinarium
1327 1123 1467 1161 quatuor
1487 1126 1646 1148 annorum
1658 1114 1689 1147 in
1704 1125 1757 1147 ea-

1015 1171 1087 1203 dem
1108 1170 1242 1203 seientia
1268 1180 1304 1202 ae
1332 1169 1532 1213 professione
1553 1168 1755 1207 absolutum,

1014 1223 1094 1256 alios
1111 1223 1216 1257 adhue
1234 1228 1374 1266 quatuor
1394 1233 1494 1255 annos
1515 1222 1554 1254 ad
1573 1221 1756 1259 minimum⁷

1016 1277 1055 1310 ad
1073 1277 1252 1313 solidanda,
1276 1276 1487 1320 perpolienda
1508 1286 1544 1307 ae
1564 1274 1761 1318 perficienda

1016 1331 1096 1363 haee
1126 1330 1238 1363 eadem
1270 1329 1396 1367 studia,
1425 1334 1455 1361 et
1483 1338 1548 1371 quo
1580 1327 1758 1367 maturior,

1017 1383 1142 1416 doctior
1161 1383 1354 1426 graviorque
1374 1382 1510 1426 quilibet
1530 1381 1654 1417 evadat,
1675 1386 1763 1413 ante-

1017 1447 1113 1480 quam
1135 1437 1174 1469 ad
1204 1437 1390 1468 doctoratus
1422 1435 1558 1477 gradum
1590 1434 1763 1467 ascendere

1017 1490 1127 1534 possit,
1148 1495 1303 1533 expectet,
1324 1499 1428 1532 neque
1448 1494 1524 1521 tunc
1546 1497 1686 1532 quoque,
1703 1486 1764 1519 nisi

1018 1555 1091 1577 eum
1112 1542 1347 1586 approbatione
1375 1542 1407 1574 in
1436 1541 1564 1585 seriptis
1588 1539 1764 1584 superioris

1018 1596 1145 1639 collegii
1171 1606 1228 1629 seu
1248 1595 1424 1636 seminarii,
1454 1594 1486 1627 in
1506 1604 1570 1638 quo
1592 1593 1763 1637 quisquam

1018 1649 1187 1686 studuerit,
1215 1655 1311 1693 atque
1341 1649 1496 1682 educatus
1528 1647 1645 1686 suerit,
1669 1652 1764 1690 atque

1019 1703 1214 1746 Anglicanae
1235 1702 1373 1735 nationis
1394 1702 1479 1746 apud
1500 1711 1559 1735 nos
1580 1706 1611 1733 et
1630 1694 1766 1744 Aposto-

1019 1757 1113 1790 licam
1139 1757 1252 1789 Sedein
1274 1755 1483 1800 protectori-3,
1507 1755 1555 1787 vel
1584 1763 1762 1798 personae,

1020 1820 1101 1853 quae
1137 1809 1221 1842 illius
1248 1809 1332 1841 vices
1360 1819 1396 1841 ae
1434 1808 1598 1841 facultates
1631 1807 1671 1839 ad
1706 1806 1767 1838 hoc

1021 1863 1124 1907 ipsura
1156 1862 1327 1901 habuerit,
1357 1862 1389 1894 in
1418 1861 1584 1905 partibus,
1612 1859 1666 1892 ubi
1697 1858 1767 1902 quis

1020 1916 1203 1960 promoveri
1231 1915 1389 1955 voluerit,
1410 1913 1596 1947 huiusmodi
1631 1913 1766 1955 gradum

1021 1971 1166 2014 accipere
1186 1969 1297 2014 possit.

1101 2024 1131 2057 3.
1155 2025 1187 2058 Si
1208 2035 1284 2057 vero
1305 2023 1488 2066 eontigerit.
1505 2028 1541 2055 ut
1561 2031 1656 2065 saepe
1673 2020 1764 2059 solet,
1797 2028 1878 2054 siqui<
1894 2028 1968 2054 turtu-

1783 2056 1841 2075 ritui<
1857 2055 1917 2075 suerit
1935 2061 1968 2075 st·-

1023 2089 1114 2114 eum,
1146 2079 1200 2122 qui
1229 2077 1415 2111 huiusmodi
1445 2077 1579 2119 gradum
1606 2074 1768 2117 suscipere

1023 2249 1079 2272 seu
1099 2238 1266 2282 superiore
1287 2238 1372 2271 illius
1393 2237 1540 2279 collegii,
1566 2237 1596 2268 in
1627 2247 1690 2280 quo
1715 2237 1767 2269 ul-

1026 2292 1102 2324 timo
1124 2291 1303 2325 studiorum
1333 2301 1427 2323 eausa
1455 2290 1552 2330 vixit,
1576 2289 1688 2322 haberi
1714 2290 1770 2322 de-

1025 2345 1120 2380 bearn,
1144 2344 1198 2388 qui
1228 2350 1335 2377 reetor
1365 2354 1420 2377 seu
1449 2342 1607 2386 superior,
1632 2342 1770 2375 aliorum

1026 2408 1156 2442 quoque
1176 2404 1350 2437 rectorum,
1366 2398 1424 2430 sul)
1437 2396 1602 2441 quibusvis
1615 2401 1689 2429 ante
1704 2396 1771 2440 ipse

1027 2452 1234 2494 graduandus
1252 2445 1374 2488 vixerit,
1396 2451 1515 2484 indicia
1536 2456 1599 2483 tam
1629 2450 1667 2483 de
1695 2460 1767 2483 mo-

1028 2504 1116 2537 ribus
1134 2515 1230 2548 quain
1257 2504 1296 2537 de
1326 2503 1459 2537 scientia
1491 2503 1576 2536 illius
1601 2503 1770 2546 exquirat,

1028 2563 1123 2601 atque
1144 2557 1182 2590 de
1210 2557 1361 2590 omnibus
1381 2557 1582 2600 praedictum
1604 2561 1771 2600 protecto-

1028 2621 1113 2651 rem,
1138 2615 1191 2643 aut
1213 2620 1286 2643 eum
1302 2637 1309 2650 ‚
1333 2609 1388 2653 qui
1409 2609 1476 2643 eius
1497 2609 1580 2643 vices
1601 2609 1771 2649 habuerit,

1029 2664 1200 2698 certiorem
1222 2663 1358 2703 saciant,
1383 2662 1572 2696 auctoritate
1601 2662 1775 2707 apostolica

1912 2082 1971 2101 testi-

1022 2132 1170 2171 voluerit,
1190 2132 1220 2164 in
1238 2131 1370 2165 diversis
1387 2130 1499 2163 vixisse
1513 2128 1693 2163 seminariis
1704 2129 1768 2161 An-
1784 2108 1969 2181 ΞῘῙῘΞΙΞἻξΞξῙῇΞἙῗΙ-

1023 2186 1167 2227 glieanae
1191 2185 1350 2223 nationis,
1379 2184 1570 2228 approbatio
1602 2194 1619 2215 a
1644 2189 1769 2216 rectore
1785 2188 1875 2234 {33'11110
1897 2188 1969 2207 πωπω

1782 2082 1878 2101 minant<
