2253 3195
76 214 124 239 An.
142 214 171 239 (ἶ.
192 211 259 239 1593

87 480 202 510 Det-ogatio
210 486 258 501 eon-

75 510 195 527 trarmrum.

113 850 175 870 Fides
196 850 256 870 lmius

74 876 143 897 bullae
154 879 257 897 transum-

74 905 164 929 plorum.

887 211 1032 235 CLEMENS
1053 210 1110 234 Vttt
1130 211 1179 234 PP.

274 270 370 304 qnam
391 270 408 292 a
426 260 570 293 nomano
591 260 756 297 Pontit'itv,
775 259 832 292 nisi
848 260 1007 292 dumtaxat

274 314 305 346 in
327 314 438 346 mortis
459 314 605 353 articulo,
637 313 755 345 absolvi
788 323 851 345 non
877 312 1009 356 possint,

273 367 439 400 subiacere
461 367 608 399 volumus
634 372 728 409 atque
750 366 965 399 decernimus.

319 422 335 462 ξ
356 420 385 454 9..
407 421 475 454 Non
497 421 696 453 obstantibus
713 419 876 463 quibusvis
897 419 1014 451 ‹eonsti-

276 473 451 506 tutionibus
472 478 503 506 et.
529 472 786 506 ordinationibus
816 471 1011 514 apostolicis,

274 537 310 559 ac
332 527 600 559 monasteriorum
624 531 650 558 et
684 525 811 557 Ordinis
834 524 1015 567 praedicto-

274 590 357 618 rum,
400 579 494 611 etiam
529 579 709 611 iuramento
730 606 735 614 ,
770 577 1015 610 confirmatione

273 633 447 676 apostolica
479 632 525 664 vel
559 632 668 675 quavis
699 631 930 682 lirinitate'alia
965 642 1016 663 ro-

272 685 403 725 boratis,
427 685 552 718 statutis
572 690 602 717 et
622 683 920 723 consuetudinilms,
944 694 1015 716 cae·

276 739 415 782 terisque
436 738 605 771 conti-ariis
627 738 896 781 quibuscumque.

318 794 334 834 ξ
356 792 386 825 P».
411 793 539 832 Verum,
564 792 639 835 quia
664 791 792 824 difficile
816 792 894 824 soret
917 802 1013 834 prae-

272 851 377 878 sentes
404 846 526 878 litteras
546 846 585 878 ad
613 846 738 887 singula
758 856 903 888 quaeque
924 845 1013 881 loca,

273 896 327 929 nbi
348 897 519 939 expediens
540 896 638 936 soret,
660 897 794 935 deferri,
819 896 966 928 volumus
986 901 1015 927 et

273 950 408 983 firmiter
448 950 531 983 dicta
580 951 768 983 auctoritato
814 949 1017 982 decernimus

274 1004 361 1046 quod
382 1004 509 1035 illarum
532 1004 695 1047 exemplis,
719 1003 815 1036 etiam
838 1003 1013 1047 impressis,

272 1057 305 1089 iu
326 1057 419 1090 dietis
449 1057 651 1090 bibliothecis
671 1063 698 1091 et
736 1058 806 1090 loco
827 1057 1013 1100 conspicuo,

272 1110 326 1143 ubi
358 1111 528 1143 commode
564 1111 626 1153 legi
656 1111 797 1154 possint,
833 1110 943 1149 affixis,
981 1121 1016 1142 ac

273 1173 369 1196 manu
394 1164 510 1196 notarii
536 1164 658 1207 publici
684 1164 892 1207 subscriptis,
920 1170 949 1196 et
976 1163 1017 1196 si-

272 1216 348 1257 gillo
370 1216 514 1249 eiusdem
535 1216 663 1250 Ordinis
692 1217 849 1259 generalis
870 1216 1012 1254 munitis,

272 1270 384 1302 eadem
418 1280 550 1313 prorsus
581 1269 660 1303 fides
693 1270 905 1310 adhibeatur,
933 1280 1016 1313 quae

272 1324 494 1367 praesentibus
529 1324 738 1357 adhiberetur
755 1324 779 1356 si
802 1324 904 1357 forent
927 1324 1015 1356 exhi-

273 1377 357 1409 bitae
378 1377 426 1409 1·οΙ
447 1382 604 1410 ostensae.

316 1431 429 1463 Datum
451 1431 570 1464 Romae
591 1432 676 1474 apud
696 1432 726 1464 S.
758 1432 920 1470 Marcum,
956 1432 1015 1464 sub

273 1484 391 1516 annulo
412 1483 592 1523 piscatoris,
614 1485 664 1517 die
685 1495 759 1518 xxix
780 1485 855 1517 maii
875 1495 1011 1522 nexem,

273 1536 478 1579 pontificatus
498 1537 599 1570 nostri
619 1548 704 1571 anno
726 1549 760 1571 11.

308 1597 365 1625 Dat.
383 1598 425 1625 die
443 1599 477 1625 29
494 1599 554 1625 maii
577 1600 654 1633 1593,
677 1601 772 1635 pontif.
794 1609 838 1627 an.
855 1607 884 1627 tt.

598 1740 684 1773 LXV.

272 1810 428 1843 Facultas
441 1810 607 1843 cardinali
621 1811 782 1850 Gioiosae,
797 1812 870 1844 adin
878 1812 910 1844 in
917 1813 1013 1845 istra-

318 1855 380 1887 tori
399 1855 547 1887 ecclesiae
571 1855 758 1893 Tolosanae,
785 1857 1015 1899 supprimendi

317 1899 422 1931 decem
445 1899 657 1942 capellanias,
688 1900 770 1932 (luas
800 1900 968 1933 diaconias
986 1906 1014 1933 el

316 1943 399 1976 <luas
434 1943 663 1976 subdiaconias
694 1949 722 1976 et
753 1949 819 1977 octo
844 1945 1014 1978 clericatus

317 1987 514 2020 cathedralis
534 1988 682 2021 ecclesiae
713 1989 951 2032 illz'raJn'censis,
986 1995 1013 2022 et

317 2043 424 2064 eorum
447 2033 571 2074 fructus
590 2033 782 2076 applicandi?
802 2034 879 2065 aliis
901 2035 1014 2077 henefi-

317 2076 412 2108 ciatis
431 2076 534 2108 (lictae
554 2077 702 2109 ecclesiae
721 2078 740 2110 ¹.

273 2146 386 2174 Dilecto
400 2146 462 2174 filio
477 2150 579 2174 nostro
595 2148 766 2181 francisco,
782 2149 867 2177 tituli
885 2150 934 2177 SS.
951 2150 1014 2177 Tri-

307 2191 415 2219 nitatis
430 2192 460 2218 in
475 2193 574 2219 Monte
591 2192 709 2225 Pinnio,
726 2195 902 2228 presbytero
919 2195 1015 2223 cardi-

307 2236 370 2263 nali
399 2236 551 2268 Gioiosae,
586 2237 734 2264 eeclesiae
767 2239 1014 2272 metropolitanae

269 2279 275 2284 '
307 2281 540 2308 Tholosanensis
555 2284 698 2315 perpetuo
715 2282 950 2310 administratori

465 2337 620 2368 Clemens
635 2339 728 2380 Papa
742 2339 835 2368 VIII.

289 2397 403 2425 Dilecto
419 2397 463 2424 fili
482 2400 597 2430 noster,
614 2399 743 2426 salutem
758 2402 788 2426 et
803 2399 997 2433 apostolicam

520 2442 769 2469 benedictionem.

317 2503 359 2536 Ex
374 2503 565 2536 venerabilis
583 2504 687 2537 fratris
700 2504 783 2537 Petri
802 2504 943 2548 episcopi
962 2505 1015 2537 Mi-

273 2556 448 2599 rapicensis
475 2557 631 2590 relatione
660 2557 835 2602 accipimus
866 2558 951 2602 quod
983 2558 1032 2591 1111
1073 2603 1078 2608 ’

1049 2615 1096 2635 111>

313 2611 319 2635 1
344 2609 380 2635 Ex
397 2609 503 2644 Regest.
525 2610 551 2636 in
566 2610 667 2637 Secret.
681 2610 812 2638 111-01111111.

322 2664 406 2702 Ball&
417 2665 499 2692 Rom.
520 2665 578 2691 Vol.
596 2666 611 2691 Χ
843 2667 858 2692 8

1719 199 1758 231 :37

1046 259 1179 291 ecclesia
1191 258 1388 302 Mirapieensi
1404 257 1585 301 provinciae
1602 258 1788 296 Tolosanac,

1046 323 1128 355 qnae
1149 324 1165 344 a
1187 312 1286 345 l'elicis
1307 311 1542 344 recordationis
1569 311 1686 343 Ioanne
1707 312 1792 354 I'apa
1809 303 1925 360 r'sssi.s3-''.l','s.
1956 304 1990 343 ’Ὗ

1807 356 1859 369 ¹'ll-'ll‘
1877 357 1880 368 Ι

1047 365 1138 403 ΧΧΙΙ,
1163 366 1411 408 praedecessore
1427 371 1547 403 nostro,
1574 364 1603 396 in
1625 364 1792 396 vadit-dra-

1049 418 1109 449 letn
1132 424 1236 450 erecta
1259 418 1327 455 suit,
1352 418 1435 450 ultra
1458 417 1628 449 duodecim
1661 417 1792 449 canoni-

1049 481 1113 507 eos,
1149 471 1231 502 inter
1251 482 1331 514 quos
1365 477 1426 503 tres
1450 471 1622 511 dignitates
1643 476 1669 502 et
1690 480 1790 502 unum

1049 524 1190 557 osticium
1213 525 1361 561 existunt,
1377 530 1516 567 quatuor
1533 524 1689 567 capellani
1715 524 1793 556 beb-

1049 577 1242 615 domadarii,
1267 582 1293 609 et
1316 577 1424 617 viginti
1447 583 1518 610 orto
1540 577 1591 609 alii
1621 577 1789 621 capellani,

1050 631 1114 662 duo
1136 630 1280 667 diaconi,
1306 631 1369 662 (1110
1398 631 1605 669 subdiaconi,
1629 637 1702 663 octo
1723 631 1789 664 cle-

1050 683 1107 716 riei
1129 683 1160 715 in
1182 683 1363 715 minoribus
1383 683 1551 715 ordinibus
1569 684 1733 716 constituti
1763 690 1791 716 et

1051 742 1122 769 0010
1144 737 1248 780 pueri,
1272 737 1311 769 ad
1342 736 1510 769 arbitrium
1543 737 1676 779 Capituli
1705 747 1793 770 amo-

1050 790 1184 828 vibiles,
1214 800 1272 833 pro
1302 789 1439 821 servitiis
1467 790 1610 822 eiusdem
1640 790 1792 822 ecclesiae

1051 843 1090 875 ab
1111 844 1225 876 eodem
1248 844 1366 875 Ioanne
1386 843 1636 886 praedecessore
1657 844 1791 876 instituti

1052 896 1201 933 suerunt,
1227 896 1280 939 qui
1302 896 1432 939 quidem
1455 896 1566 938 viginti
1592 902 1663 929 octo
1688 897 1793 940 capel-

1051 950 1125 990 lani,
1151 950 1291 989 diaconi,
1315 950 1503 983 subdiaconi
1525 956 1552 982 et
1574 950 1680 983 clerici
1713 951 1793 983 adeo

1051 1008 1163 1035 tenues
1201 1003 1345 1036 redditus
1374 1002 1576 1046 percipiunt,
1611 1009 1642 1035 ut
1675 1014 1710 1035 ex
1746 1003 1794 1035 bis

1051 1056 1221 1088 commode
1243 1056 1414 1088 sustentari
1435 1062 1611 1099 nequeant:
1633 1057 1718 1089 unde
1740 1067 1795 1099 pa-

1051 1109 1248 1141 rochialibus
1272 1109 1415 1142 eeclesiis
1439 1110 1613 1142 convicinis
1641 1109 1793 1143 inservire

1051 1165 1175 1203 coacti„
1206 1164 1374 1197 ecclesiam
1409 1165 1510 1207 ipsam
1549 1165 1791 1208 Mirapicensem

1051 1217 1145 1249 etiam
1162 1217 1192 1249 in
1207 1217 1456 1250 solemnioribus
1470 1217 1693 1250 festivitatibus
1703 1218 1793 1250 dese-

1050 1276 1140 1310 runt;
1173 1282 1231 1303 nec
1257 1282 1331 1314 spes
1355 1271 1463 1314 aliqua
1483 1271 1622 1313 angendi
1648 1271 1793 1304 redditus

1049 1323 1246 1364 huiusmodi,
1271 1324 1365 1357 etiam
1392 1330 1505 1367 pacata
1525 1324 1647 1364 Gallia,
1683 1336 1794 1368 super-

1050 1388 1117 1411 esse
1137 1377 1281 1410 videtur:
1306 1377 1414 1420 potior
1434 1383 1540 1410 autem
1567 1377 1649 1411 ratio
1679 1378 1793 1411 subve-

1049 1431 1158 1464 niendi
1176 1431 1375 1465 beneficiatis
1397 1432 1473 1475 ipsis
1494 1438 1522 1464 et
1545 1432 1698 1465 ecclesiae
1726 1443 1793 1464 ser-

1048 1485 1124 1517 vitio
1156 1486 1373 1529 prospiciendi
1399 1486 1477 1518 baec
1505 1497 1573 1519 esse
1598 1487 1734 1530 poterit,
1758 1492 1790 1519 nt

1049 1538 1205 1581 praedicti
1236 1539 1347 1580 viginti
1369 1544 1441 1571 octo
1468 1539 1625 1582 capellani
1659 1540 1698 1572 ad
1730 1539 1789 1572 de-

1049 1601 1119 1623 cem
1140 1596 1171 1623 et
1191 1596 1262 1624 octo
1284 1597 1407 1624 tantum
1420 1592 1625 1629 reducantur,
1650 1592 1789 1629 diaconi,

1048 1643 1254 1684 subdiaconi,
1276 1650 1305 1677 et
1331 1650 1403 1677 octo
1428 1645 1535 1677 cleriei
1562 1645 1717 1688 praedicti
1738 1656 1793 1689 pe-

1048 1697 1133 1730 nitus
1153 1698 1409 1741 supprimantur,
1434 1709 1533 1731 onera
1555 1704 1660 1731 tamen
1682 1699 1792 1731 diaco-

1048 1751 1096 1783 nis
1116 1756 1147 1783 et
1164 1751 1370 1784 subdiaconis
1382 1752 1601 1785 incumbentia
1619 1762 1677 1795 per
1690 1752 1792 1785 dictos

1048 1805 1158 1837 deceni
1185 1810 1213 1837 01
1235 1810 1308 1837 0010
1331 1805 1515 1848 capellanos
1544 1811 1788 1849 supportentur.

1048 1863 1119 1890 octo
1141 1857 1332 1891 clericorum
1357 1869 1491 1891 munera
1516 1858 1688 1901 praedictis
1719 1865 1791 1892 octo

1047 1911 1155 1954 pueris
1173 1911 1397 1955 imponantur,
1419 1912 1529 1955 sieque
1543 1923 1790 1956 suppresserunt

1053 1965 1306 2008 capellanorum,
1328 1965 1551 2003 diaconorum,
1575 1966 1790 1999 subdiacono-

1048 2029 1119 2050 rum
1142 2023 1173 2050 et
1204 2018 1395 2051 clericormn
1422 2019 1565 2052 redditus
1595 2019 1665 2051 aliis
1687 2030 1790 2051 rema-

1048 2071 1199 2104 nentibus
1219 2082 1277 2115 pro
1303 2077 1371 2105 rata
1388 2079 1583 2105 accrescant.

1094 2127 1109 2166 ξ
1131 2125 1160 2157 12.
1186 2125 1361 2168 Propterea
1382 2125 1466 2158 idem
1499 2126 1669 2169 episcopus
1700 2127 1791 2159 Mira-

1048 2178 1186 2221 picensis
1215 2178 1307 2211 nobis
1339 2179 1505 2212 lnunilitcr
1524 2179 1697 2222 supplicari
1718 2180 1788 2212 fecit

1049 2285 1246 2326 benignitate
1267 2286 1441 2330 apostolica
1463 2286 1680 2328 dignaremur.

1094 2341 1109 2380 ξ
1131 2338 1161 2371 11.
1186 2340 1248 2372 Nos
1269 2339 1376 2382 igitur,
1401 2340 1623 2373 commoditati
1641 2342 1790 2374 ecclesia-

1050 2402 1132 2431 rnm,
1156 2392 1346 2435 praesertim
1378 2393 1622 2433 catliedraliut‘n,
1658 2405 1694 2427 ac
1719 2406 1791 2438 per-

1049 2454 1200 2476 sonarum
1234 2445 1295 2477 illis
1316 2445 1347 2477 in
1380 2445 1494 2478 divinis
1526 2447 1787 2485 deservientium,

1049 2502 1205 2539 quantum
1238 2508 1311 2530 cum
1332 2498 1468 2531 Domino
1489 2509 1660 2543 possumus
1675 2527 1682 2540 ,
1717 2510 1791 2543 pro-

1048 2549 1171 2593 spicere
1192 2551 1370 2595 cupientes,
1394 2563 1430 2585 ac
1452 2552 1633 2586 litterarum
1655 2553 1791 2586 erectio-

1134 2616 1189 2636 scu
1229 2604 1435 2638 institutionis
1474 2607 1721 2640 canonicatumn
1761 2615 1788 2639 et

1807 210 1855 235 Λ11,
1877 210 1902 235 tl,
1926 210 1991 235 1593

1839 2182 1938 2213 Episcopi
1954 2184 1991 2204 Mt-

1806 2216 1923 2235 FZIIUCssssSlS
1945 2217 1990 2236 '‘11⁸¹'-

1048 2237 1079 2264 ut
1103 2232 1133 2264 in
1156 2233 1340 2275 praemissis
1361 2239 1542 2277 opportune
1564 2233 1732 2276 providere
1752 2234 1809 2266 sle*
1834 2247 1848 2256 *-

1825 2399 1990 2421 ‹munitissimde

1807 2432 1847 2453 qua
1865 2427 1884 2446 in
1900 2427 1991 2447 rubrica.
