2253 3195
11 237 57 263 ς.ι1.
75 227 102 255 C.
127 226 195 255 1600

7 439 12 463 3
23 448 137 469 :mittentes
143 452 192 472 pro-

23 475 119 496 essionom
139 479 191 499 qua-

7 495 55 522 lot·
90 500 190 521 solemnia

47 1551 144 1586 rormuia
159 1564 189 1585 dl-

16 1591 54 1611 -tae
74 1591 190 1618 professio-

828 228 975 253 CLEMENS
994 228 1051 252 vm
1069 228 1119 252 Pl’.

206 274 305 308 nostri
335 275 531 318 obligatione
560 282 765 320 permaneat,
799 282 834 309 ut
854 287 951 320 supra

207 328 462 362 demonstratum
485 334 542 362 est.

251 381 266 425 ξ
286 381 316 415 9.
329 381 447 415 Omnes
463 388 493 415 et
506 382 738 426 singulipatres
758 383 946 427 fratresque,

207 434 261 478 qui
293 435 426 478 posthac
457 435 496 468 ad
521 435 666 468 habitum
693 441 723 469 et
747 436 948 480 disciplinam

206 493 335 521 nostrae
357 488 531 531 Religionis
545 488 766 529 admittentur,
780 495 948 533 postquam

207 540 371 574 emiserint
402 541 455 574 illa
487 542 546 574 tria
571 542 727 575 solemnia
747 548 948 576 caeterorum

205 593 441 636 Religiosorum
464 600 546 630 vota,
570 595 769 639 paupertatis
789 595 946 636 videlicet,

168 678 170 680 .
206 647 360 680 castitatis
381 654 411 681 et
428 647 643 689 obedientiae,
667 649 832 683 debebunt
851 660 948 693 quar-

205 706 273 734 tum
294 707 463 744 praeterea
480 702 626 736 solemne
651 709 761 736 votum
784 703 946 743 emittere,

206 764 271 798 quo
295 754 450 788 nimirum
473 761 546 789 voto
575 755 639 789 Deo
671 756 882 800 promittant,
917 768 949 791 se

205 806 353 848 infirmis,
377 814 408 841 et
427 808 603 852 praecipue
617 809 649 842 in
670 810 867 843 nosocomiis
889 810 947 843 de-

204 861 364 903 gentibus,
384 862 416 894 in
434 862 656 906 spiritualibus
677 868 707 897 et
727 863 951 908 corporalibus

204 915 448 948 necessitatibus
459 916 645 956 servituros,
661 916 692 949 in
707 926 770 960 quo
786 925 948 961 tamquam

204 968 236 1002 in
248 969 460 1004 fundamento
478 970 731 1004 omnisinstituti
750 971 849 1004 nostri
868 971 950 1005 ratio

205 1022 377 1056 constituta
397 1028 453 1056 est.
477 1023 544 1056 Hoc
564 1033 640 1057 vero
662 1029 812 1068 quartum
841 1030 949 1058 votum

204 1085 307 1120 aeque
329 1075 477 1109 volumus
505 1076 656 1109 omnibus
675 1076 793 1110 nostris
818 1082 881 1110 tam
902 1087 951 1110 sa-

204 1128 391 1162 cerdotibus
405 1139 500 1173 quam
517 1129 668 1162 fratribus
681 1139 749 1163 esse
763 1139 947 1171 commune,

204 1181 249 1215 sic
273 1187 308 1215 ut
327 1191 439 1215 omnes
453 1208 460 1222 ,
495 1182 549 1226 qui
581 1181 613 1215 in
633 1182 694 1216 hoe
713 1182 859 1217 instituto
886 1183 951 1217 Deo

204 1235 301 1269 vitam
341 1245 430 1269 suam
466 1235 616 1269 dedicare
649 1235 826 1277 voluerint,
855 1236 951 1270 buius

205 1288 310 1333 quarti
335 1288 399 1322 voti
418 1288 575 1332 religione
597 1295 784 1330 teneantur;
808 1289 876 1323 eius
896 1301 952 1324 au-

206 1347 269 1376 tem
301 1342 442 1375 formula
466 1342 527 1375 erit
547 1342 643 1383 haec,
674 1353 757 1387 quae
781 1344 947 1387 sequitur,

205 1404 342 1438 eamque
367 1395 399 1428 in
430 1395 630 1440 professione
657 1395 803 1430 facienda
833 1396 950 1440 singuli

205 1448 475 1493 pronuntiabunt.

249 1501 339 1545 510.
372 1502 438 1546 Ego
470 1502 506 1537 N.
541 1503 776 1547 professionem
806 1504 887 1538 facio
922 1511 949 1539 et

204 1556 361 1601 promitto
389 1556 605 1600 omnipotenti
634 1557 716 1598 Deo,
748 1567 857 1591 coram
878 1557 952 1592 Eius

204 1610 334 1653 Virgine
354 1610 461 1651 Matre,
479 1616 511 1644 et
532 1611 680 1645 universa
697 1612 826 1646 coelesti
849 1613 949 1653 curia,

203 1674 241 1698 ac
260 1664 411 1697 omnibus
431 1664 726 1706 circumstantibus,
748 1672 778 1699 et
802 1666 871 1706 tibi,
895 1667 952 1699 ad-

204 1718 337 1751 modum
347 1718 523 1751 reverendo
534 1718 614 1762 patri
627 1719 768 1761 generali
777 1719 953 1762 Religionis

203 1770 398 1805 Clericorum
415 1772 621 1814 Regularium
637 1772 882 1806 Ministrantium
904 1774 953 1806 ln-

204 1824 317 1865 firmis‚
332 1825 439 1858 locum
461 1825 515 1859 Dei
530 1825 661 1865 tenenti,
675 1826 953 1860 etsueeessoribus

203 1878 266 1912 tuis
286 1879 347 1922 (vel
367 1878 421 1912 tibi
443 1879 621 1912 reverendo
642 1879 726 1923 patri
744 1879 949 1923 provinciali,

203 1931 251 1965 vel
272 1931 435 1975 praefecto
457 1932 528 1965 talis
551 1932 633 1973 loci,
657 1936 712 1966 etc.
732 1960 739 1973 ‚
770 1933 901 1967 nomine
923 1940 954 1967 et

202 1984 270 2018 vice
291 1985 441 2028 praefecti
463 1985 623 2027 generalis
638 2013 645 2027 ,
678 1991 709 2019 et
729 1996 951 2019 successorum

206 2038 275 2072 eius
293 2039 399 2072 locum
421 2038 474 2072 Ilei
495 2039 631 2082 tenenti)
653 2046 843 2083 perpetuam
866 2052 949 2084 pau-

202 2097 381 2135 pertatem,
406 2091 583 2125 castitatem
605 2098 635 2126 et
657 2092 897 2132 obedientiam,
923 2100 953 2127 et

206 2151 363 2189 perpetuo
388 2145 541 2179 inservire
555 2146 655 2189 (quod
671 2151 718 2179 est
738 2147 950 2190 praecipuum

203 2199 304 2232 nostri
333 2199 468 2233 instituti
499 2199 729 2242 ministerium)
757 2201 953 2244 pauperibus

204 2252 356 2293 infirmis,
380 2263 462 2297 quos
482 2253 577 2286 etiam
600 2253 696 2296 pestis
717 2253 879 2293 infecerit,
905 2265 953 2287 se-

204 2306 345 2339 cundum
379 2307 515 2339 formam
548 2306 673 2339 vivendi
703 2312 886 2339 contentam
921 2308 951 2339 in

204 2359 317 2392 litteris
338 2359 523 2403 apostolicis
544 2365 672 2392 nostrae
696 2360 872 2402 Religionis
899 2361 952 2393 Mi-

203 2412 408 2445 nistrantium
430 2413 580 2451 Inlirmis,
604 2418 634 2445 et
655 2413 686 2445 in
707 2413 775 2446 eius
796 2413 952 2446 constitu-

206 2465 356 2504 tionibus,
371 2471 433 2498 tam
450 2465 543 2498 editis
558 2466 619 2498 iam
633 2476 728 2509 quani
741 2466 950 2510 imposterum

204 2517 347 2550 edendis.
361 2518 452 2551 Lecta
465 2519 664 2561 professione
677 2530 694 2551 a
705 2529 787 2552 novo
796 2520 949 2563 professo,

205 2570 377 2604 admittens
397 2571 435 2604 ad
457 2572 689 2615 professionem
710 2571 813 2605 dieat:
835 2572 871 2605 Et
892 2583 952 2615 ego

204 2623 255 2664 Ν.,
266 2624 456 2657 auctoritate
469 2636 532 2668 qua
542 2625 669 2668 fungor,
685 2631 816 2669 accepto
831 2626 953 2669 profes-

1631 217 1695 251 637
1742 226 1790 254 An.
1814 227 1843 253 e.
1862 225 1930 254 teoo

984 276 1107 310 sionem
1130 281 1228 315 tuam,
1254 282 1284 309 et
1303 276 1380 309 uuio
1398 282 1426 309 te
1448 275 1576 320 corpori
1598 275 1730 320 mystico

938 345 950 353 ·
985 335 1112 362 nostrae
1133 329 1318 370 Religionis.
1343 330 1376 362 ln
1404 328 1535 361 nomine
1565 328 1676 368 Patris,
1700 334 1731 362 et

985 382 1066 422 Filii,
1083 388 1114 415 et
1127 382 1264 426 Spiritus
1276 382 1392 416 Sancti.
1405 384 1516 415 Amen.
1533 382 1587 415 Vel
1606 392 1666 424 ego
1676 382 1727 421 Ν.,

984 435 1114 468 nomine
1135 441 1165 468 et
1197 435 1265 468 viee
1296 436 1463 468 reverendi
1498 435 1599 479 patris
1630 435 1730 468 nostri

984 489 1136 532 praefecti
1163 489 1337 531 generalis,
1358 489 1548 522 auctoritate
1569 499 1632 533 qua
1653 489 1728 521 fun-

984 551 1052 584 gor,
1076 547 1207 585 accepto
1229 542 1460 585 professionem
1483 548 1581 582 tuam,
1603 547 1634 575 et.
1653 542 1731 575 unio

984 600 1013 627 te
1038 595 1166 638 corpori
1188 594 1320 638 mystico
1341 600 1469 628 nostrae
1486 595 1672 637 Religionis.
1697 595 1731 628 ln

984 648 1114 681 nomine
1136 647 1249 688 Patris,
1276 654 1305 680 et
1329 648 1417 689 Filii,
1445 655 1477 682 et
1495 648 1632 692 Spiritus
1653 648 1729 682 San-

984 701 1036 734 cti.
1058 702 1170 734 Amen.

1029 755 1045 796 g
1077 753 1130 786 11.
1169 754 1249 787 lllud
1281 760 1448 798 praeterea
1473 754 1661 795 statuimus,
1696 760 1731 788 ut
1759 765 1813 786 vom
1827 766 1931 796 simplicia

985 817 1097 840 omnes
1128 812 1159 840 et
1187 807 1303 849 singuli
1326 813 1433 851 patres
1460 818 1496 840 ac
1516 807 1642 848 fratres,
1666 808 1730 841 sive
1746 795 1858 840 iffiiiai‘fw
1873 799 1932 813 ‘⁰²¹⁰'

985 860 1037 903 qui
1060 861 1194 893 nuncin
1215 860 1382 902 Religione
1403 867 1488 899 sunt,
1511 861 1576 894 sive
1596 860 1650 904 qui
1672 860 1731 892 im-

985 921 1150 958 posterum
1169 913 1266 946 futuri
1288 919 1370 953 sunt,
1402 919 1474 957 post
1494 918 1636 957 quatuor
1652 913 1732 947 haee

984 966 1143 1000 solemnia
1163 972 1246 1007 vota,
1269 966 1376 1000 statim
1398 972 1429 1000 et
1449 967 1646 1007 immediate,
1670 968 1733 1001 alia

985 1030 1068 1064 quae
1088 1025 1269 1064 sequuntur
1288 1020 1447 1064 simplicia
1467 1026 1539 1054 vota
1564 1020 1729 1061 emittant,

985 1083 1068 1117 quae
1087 1074 1187 1107 semel
1214 1079 1362 1117 suscepta
1393 1084 1522 1118 semper
1549 1073 1729 1114 observent,

985 1137 1043 1160 nec
1060 1137 1119 1171 per
1144 1137 1384 1171 quemcumque
1414 1127 1588 1160 iubilaeum
1605 1154 1612 1167 ‚
1636 1127 1732 1160 etiam

985 1180 1060 1213 anni
1081 1180 1181 1213 sancti
1202 1191 1220 1213 a
1234 1180 1435 1213 sanctissimo
1457 1180 1594 1213 Domino
1615 1180 1733 1214 Nostro

985 1244 1173 1267 concessum
1213 1240 1267 1267 aut
1305 1234 1550 1268 concedendum
1567 1262 1573 1274 ,
1606 1245 1665 1268 nec
1692 1235 1733 1268 ob

985 1298 1113 1321 causam
1132 1298 1373 1331 quamcumque
1394 1298 1412 1321 a
1429 1288 1638 1332 sequentibus
1652 1288 1734 1321 votis

985 1340 1186 1385 simplicibus
1198 1341 1318 1375 absolvi
1332 1341 1466 1386 possint,
1487 1352 1570 1385 quae
1591 1341 1630 1375 de
1645 1352 1734 1375 more

985 1395 1159 1438 quotannis
1179 1404 1334 1428 renovare
1352 1394 1516 1428 debebunt
1541 1404 1578 1427 eo
1600 1394 1662 1434 die,
1679 1395 1734 1439 qui

985 1447 1120 1481 Sanctae
1140 1447 1248 1481 Crucis
1273 1447 1452 1481 Inventioni
1473 1458 1563 1481 sacer
1580 1453 1636 1481 est.

1031 1503 1047 1544 Ξ
1068 1500 1121 1534 42.
1154 1501 1297 1534 Primum
1330 1501 1427 1544 igitur
1451 1501 1586 1546 simplex
1624 1507 1733 1535 votum

986 1561 1052 1595 eS[,
1076 1565 1140 1599 (IUO
1160 1554 1321 1599 spondent
1344 1565 1377 1588 ὅθ
1398 1565 1563 1599 nunquam
1586 1561 1731 1596 aCUll'OS,
1749 1564 1798 1585 dum
1830 1565 1935 1594 praescri-

987 1609 1141 1652 nulloque
1163 1614 1319 1652 tempore,
1343 1615 1499 1652 quantum
1521 1608 1581 1641 erit
1599 1608 1629 1641 in
1645 1608 1731 1653 ipsis,
1749 1594 1936 1655 iiii1'i2'n.ii‘{'¹.f‚,¹2}1

987 1672 1184 1701 assensuros,
1201 1667 1236 1694 ut
1252 1667 1396 1694 mutetur
1407 1661 1455 1694 vel
1471 1661 1627 1694 alteretur
1643 1671 1736 1705 prae-
1751 1645 1936 1692 ?12“{‡?l20¹3¹.¹.2'1¹1‘2¹.¹³

986 1717 1124 1760 scriptus
1153 1716 1292 1759 aegrotis
1324 1715 1519 1749 inserviendi
1553 1715 1667 1748 modus
1703 1715 1734 1748 in

988 1770 1195 1807 nosocomiis,
1220 1776 1283 1802 tam
1307 1769 1337 1802 in
1351 1769 1571 1813 spiritualibus
1592 1779 1687 1813 quam
1704 1769 1735 1802 in

987 1824 1222 1867 corporalibus,
1244 1830 1279 1857 ut
1298 1822 1446 1867 superius
1459 1823 1580 1856 dictum
1602 1828 1658 1863 est,
1675 1822 1736 1856 nisi

989 1877 1076 1911 iustis
1091 1878 1130 1911 de
1144 1876 1247 1910 causis
1267 1875 1370 1917 fieret,
1386 1882 1422 1909 ut
1435 1876 1569 1909 validius
1587 1882 1618 1910 et
1638 1876 1734 1910 velie-

989 1931 1127 1964 mentius
1148 1930 1396 1973 adstringendus
1410 1930 1614 1974 (auctoritate
1629 1935 1735 1963 tamen

989 1984 1180 2028 apostolica)
1200 1984 1374 2017 videretur.

1032 2039 1048 2080 g
1071 2036 1123 2070 43.
1148 2037 1346 2077 Secundum,
1362 2047 1394 2070 se
1415 2046 1581 2080 uunquam
1603 2036 1735 2069 daturos
1765 2045 1885 2066 Secundum
1901 2050 1937 2065 vo.

1752 2075 1793 2092 tuin
1803 2073 1890 2097 simplex
1899 2072 1936 2091 flkl·

987 2101 1136 2134 operam,
1165 2091 1320 2133 nulloque
1348 2090 1446 2123 modo
1467 2099 1680 2122 consensuros
1702 2095 1735 2122 ut
1756 2099 1932 2119 ”tiuhi-tuitionem

1751 2125 1857 2145 redituum
1874 2130 1935 2145 noso-

988 2144 1148 2177 redituum
1176 2144 1500 2183 administrationem,
1522 2149 1575 2176 aut
1593 2153 1732 2176 uosoco·
1751 2158 1866 2172 ‹uinum-nu·
1896 2158 1936 2172 non

1796 1511 1887 1532 Primum
1899 1516 1935 1531 vo-

1750 1540 1792 1558 lum
1798 1538 1884 1564 simplex
1892 1544 1936 1558 mu·

989 2198 1127 2231 miorum
1150 2197 1331 2230 dominium
1359 2197 1498 2230 habeant
1519 2203 1614 2243 atque
1636 2196 1736 2240 possi·
1751 2179 1875 2205 '⁰⁰¹¹'oend''

987 2251 1093 2290 deant,
1118 2260 1182 2294 quo
1201 2250 1315 2283 maiori
1334 2261 1404 2282 cum
1428 2250 1526 2283 animi
1548 2250 1685 2293 puritate
1702 2261 1735 2284 se

988 2310 1071 2337 totos
1092 2304 1123 2337 in
1138 2304 1374 2346 aegrotantium
1398 2303 1612 2337 ministerium
1634 2303 1731 2347 spiri-

987 2358 1071 2391 tuale
1093 2364 1123 2391 et
1143 2358 1313 2402 corporale
1334 2362 1531 2391 convertant.

1031 2413 1047 2453 g
1069 2410 1121 2443 114.
1146 2411 1299 2451 Tertium,
1317 2422 1350 2444 se
1372 2421 1537 2454 nunquam
1552 2417 1732 2451 curaturos,
1842 2418 1937 2454 Trr¹⁵¹¹¹¹¹

1753 2447 1821 2465 tolum
1850 2445 1937 2470 ›implrx

987 2475 1026 2497 ue
1041 2464 1196 2497 indirecte
1215 2464 1357 2507 quidem,
1379 2469 1414 2496 ut
1432 2463 1463 2495 in
1481 2463 1621 2507 aliquam
1644 2475 1736 2508 prae·
1752 2471 1937 2511 nup,avon-Jugutnh

988 2517 1139 2550 lationem
1163 2518 1210 2550 vel
1236 2517 1424 2559 dignitatem
1448 2517 1478 2549 iu
1505 2517 1681 2559 Religione‚
1706 2524 1736 2551 et
1752 2499 1894 2524 '⁷¹⁸¹‘'d¹⁰'⁴⁵'

988 2582 1091 2615 neque
1112 2577 1250 2611 aetium,
1274 2581 1333 2604 nee
1347 2577 1502 2615 quantum
1523 2571 1553 2604 in
1575 2581 1608 2605 se
1627 2571 1732 2612 fuerit,

987 2635 1212 2665 consensuros,
1229 2631 1262 2657 ut
1278 2631 1367 2658 extra
1381 2625 1580 2668 Religionem
1595 2625 1625 2658 in
1644 2636 1736 2669 prae-
