2253 3195
54 285 103 311 An.
121 285 148 311 C.
172 284 239 311 1598

866 285 1012 309 CLEMENS
1032 285 1090 308 vni
1112 285 1162 308 Pr.

254 334 278 375 ἦ
298 333 363 375 Ego
384 333 586 372 Franciscus,
611 334 656 366 tit.
680 334 710 367 S.
735 333 888 371 Silvestri,
912 344 1000 376 pres-

342 387 433 430 byter
450 387 536 419 rard.
561 387 599 419 dc
621 387 720 419 Avila.

253 450 278 491 >1-
299 450 363 491 Ego
384 450 617 489 FcrdinanduS,
642 449 688 482 tit.
713 450 742 482 S.
768 449 873 484 Blasii.
906 459 996 491 pres-

341 503 431 547 byter
451 504 537 536 card.
562 504 600 536 de
621 503 774 541 Quevara.

253 566 278 607 ἢ
297 565 362 607 Ego
384 565 582 605 Franciscus,
607 565 652 597 tit.
674 565 704 597 S.
727 565 868 597 Thomac
890 563 920 595 in
943 564 999 595 Pa-

340 618 442 657 rione,
466 618 632 661 presbyter
652 618 738 650 card.
761 617 905 650 Mantica.

252 683 276 724 ἦ
296 682 361 723 Ego
381 681 563 724 Pompeius,
588 681 633 713 tit.
658 682 687 713 S.
719 679 879 717 Balbinac,
904 690 994 722 pres-

341 736 431 779 byter
451 736 538 768 card.
563 734 748 777 Arigonius.

250 1537 275 1579 ›i‹
250 1474 275 1516 »ι-
250 1412 275 1454 -Jr
250 1350 275 1392 ›i‹
250 1288 275 1330 —i-
250 1225 275 1267 —i-
250 1163 275 1205 -ι-
250 1039 275 1143 —i-.-i·
249 977 274 1019 ›t‹
250 913 275 955 —i-
250 852 275 893 ›i‹
251 790 276 831 ›1-

294 1537 359 1578 Ego
372 1536 571 1577 Franciscus,
583 1538 668 1570 card.
686 1537 817 1577 Ssortia,
833 1537 862 1570 S.
880 1537 995 1570 Mariae

340 1590 371 1622 in
392 1589 447 1622 Via
470 1590 543 1623 lata.

250 1660 274 1679 ..L

294 1713 360 1755 Ego
383 1713 549 1755 Ascanius,
571 1714 601 1747 S.
625 1714 741 1747 Mariae
762 1715 792 1746 in
813 1715 994 1755 Cosmedin,

339 1766 494 1800 diaconus
515 1768 601 1800 card.
623 1767 787 1801 Columna.

294 1891 359 1934 Ego
380 1891 558 1933 odoardus,
576 1893 663 1925 card.
688 1893 868 1931 Farnesius,
886 1894 995 1927 diaco-

340 1956 400 1978 nus
420 1946 450 1979 S.
475 1946 647 1979 Eustachii.

251 2022 276 2049 Τ
293 2007 358 2049 Ego
378 2008 536 2041 Antonius
556 2009 778 2050 Fachenettus‚
803 2010 883 2043 diac.
905 2011 992 2043 card.

341 2060 386 2094 Ss.
411 2061 554 2099 Quatuor
579 2062 824 2096 Coronatorum.

251 2186 275 2228 †
295 2185 360 2227 Ego
372 2185 525 2227 Cintliius‚
540 2186 694 2220 diaconus
706 2188 792 2220 card.
808 2188 837 2221 S.
854 2188 992 2230 Georgii.

240 2247 276 2290 ’ἦ
295 2248 360 2290 Ego
382 2248 740 2289 Bartolomaeus,ca1‘d.
764 2250 901 2287 Caesius,
923 2250 990 2283 dia-

341 2311 442 2334 conus
463 2302 493 2334 S.
515 2302 630 2335 Mariae
651 2302 683 2334 in
703 2303 843 2335 Porticu.

251 2365 276 2407 ἦ
296 2365 361 2407 Ego
382 2365 541 2403 Andreas,
567 2365 611 2397 tit.
643 2365 672 2398 S.
697 2365 814 2398 Mariae
842 2365 874 2397 in
895 2366 994 2399 Dom-

341 2418 424 2459 uica,
448 2418 602 2452 diaconus
623 2419 710 2452 card.
735 2419 890 2452 Perottus.

1334 331 1485 364 CLXXIX.

1015 429 1221 472 ‚Accteptatio
1247 428 1463 460 devotationis
1492 428 1628 460 ducatus
1652 428 1775 460 Ferra-

1079 492 1146 523 riae
1174 502 1247 523 moa*¹
1270 491 1470 533 recuperati,
1494 491 1626 533 eiusque
1651 494 1678 522 et
1705 489 1776 522 red-

1078 553 1205 584 dituum
1234 553 1453 594 mecm-porario
1478 552 1680 585 Rem-endan
1713 553 1779 586 Ca-

1075 624 1183 646 merae
1196 614 1220 646 Α
1226 614 1410 657 postolicac.

1076 702 1303 735 Sanctissimus
1324 702 1356 734 in
1370 702 1495 735 Christo
1508 703 1601 735 Pater
1622 709 1652 735 et
1668 703 1778 735 Domi-

1031 766 1090 788 nus
1111 761 1220 788 noster
1240 755 1394 788 Dominus
1412 755 1568 795 Clemens,
1586 756 1690 788 divina
1705 766 1779 799 pro-

987 814 992 819 ”
1031 809 1172 841 videntia
1193 809 1278 852 Papa
1299 809 1374 842 VIII.

1076 863 1091 904 ξ
1125 861 1154 894 ι1.
1187 861 1345 899 Quoniam
1377 872 1435 904 per
1471 861 1594 894 obitum
1622 862 1777 905 Alphonsi

986 939 990 944 .
1030 914 1168 947 Estensis
1189 914 1353 947 Ferrariae
1374 914 1475 954 ducis,
1500 915 1635 947 ducatus
1660 920 1690 948 et
1709 920 1775 948 sta-

986 1001 992 1006 ,
1031 974 1079 1001 tus
1100 968 1276 1008 Ferrariae,
1300 978 1372 1000 cum
1406 967 1556 1000 omnibus
1585 967 1775 1009 civitatibus,

986 1064 991 1068 .
1030 1021 1134 1060 terris,
1159 1021 1279 1062 castris,
1301 1021 1471 1061 fortalitiis,
1495 1021 1664 1065 portubus,
1686 1021 1774 1062 locis,

1030 1076 1195 1115 membris,
1213 1075 1501 1116 iurisdictionibus,
1511 1075 1646 1116 iuribus,
1661 1086 1698 1109 ac
1709 1075 1778 1108 aliis

986 1126 991 1131 '
1030 1129 1162 1161 annexis
1194 1134 1223 1161 et
1255 1128 1423 1169 connexis,
1447 1129 1486 1161 de
1513 1128 1630 1172 quihus
1661 1139 1678 1160 a
1698 1128 1779 1161 Sede

986 1188 991 1193 '
1030 1181 1225 1225 Apostolica,
1250 1187 1280 1214 et
1301 1181 1366 1214 suis
1394 1181 1698 1224 praedecessoribus
1718 1182 1780 1214 Ro-

986 1252 991 1257 ·
1030 1234 1134 1267 manis
1155 1234 1376 1275 Pontificibus,
1393 1234 1479 1267 idem
1500 1234 1694 1278 Alphonsus,
1714 1235 1779 1268 sive

987 1315 991 1320 .
1031 1288 1100 1321 eius
1131 1293 1360 1328 antecessores,
1385 1288 1524 1320 investiti
1555 1288 1699 1328 fuerunt,
1723 1299 1779 1321 seu

986 1377 991 1382 ,
1031 1341 1108 1374 alias
1119 1341 1363 1384 quomodolibet
1378 1341 1449 1374 illos
1463 1346 1494 1374 et
1503 1341 1557 1374 illa
1569 1341 1675 1374 aSede
1685 1352 1778 1385 prae-

986 1439 992 1445 *
1030 1395 1092 1427 sata
1105 1400 1280 1427 tenuerunt
1301 1400 1331 1426 et
1352 1394 1548 1434 habuerunt,
1571 1394 1611 1427 ad
1631 1395 1777 1427 eamdem

1030 1448 1144 1481 Sedem
1174 1453 1205 1481 et
1229 1448 1393 1488 Cameram
1425 1458 1516 1480 suam
1538 1447 1775 1491 Apostolicam,

986 1501 992 1507 ‘
1031 1508 1098 1535 tum
1124 1512 1161 1534 ex
1193 1502 1297 1534 forma
1325 1501 1587 1534 investiturarum
1616 1512 1672 1534 seu
1702 1502 1779 1535 alia-

1030 1566 1101 1588 rum
1124 1554 1369 1588 concessionum
1395 1555 1434 1587 de
1455 1554 1500 1587 eis
1518 1555 1686 1595 factarum,
1710 1560 1777 1588 tum

1030 1608 1139 1650 vigore
1160 1607 1396 1641 constitutionis
1418 1607 1517 1641 felicis
1546 1608 1778 1641 recordationis

986 1689 991 1694 .
1030 1661 1076 1693 Pii
1097 1662 1202 1705 Papae
1214 1661 1238 1693 V
1251 1661 1508 1704 praedecessoris
1526 1660 1629 1693 editae
1647 1661 1705 1693 sub
1727 1661 1778 1694 die

1031 1725 1062 1748 1v
1082 1715 1209 1747 kalend.
1229 1714 1350 1757 aprilis,
1375 1724 1460 1746 anno
1474 1713 1706 1747 Incarnationis
1718 1714 1778 1747 Do-

1030 1767 1166 1800 minieae
1188 1767 1359 1800 millesimo
1374 1767 1633 1810 quingentesimo
1646 1777 1777 1809 sexage-

987 1859 992 1864 ,
1030 1821 1112 1854 simo
1127 1826 1225 1860 sexto,
1238 1820 1445 1864 pontificatus
1460 1820 1507 1853 sui
1523 1831 1607 1853 anno
1621 1820 1775 1860 secundo,

1030 1874 1149 1907 reversi
1168 1879 1198 1906 et
1216 1884 1354 1914 reversa,
1368 1879 1399 1906 et
1413 1873 1554 1906 devoluti
1573 1884 1609 1906 ac
1630 1874 1780 1906 devoluta

1031 1927 1179 1967 existunt,
1204 1932 1235 1960 et
1254 1926 1332 1959 utile
1362 1937 1475 1959 eorum
1505 1926 1685 1959 dominium
1706 1937 1779 1959 cum

1031 1982 1155 2015 directo
1181 1981 1416 2014 consolidatum
1451 1987 1508 2022 est,
1533 1981 1631 2014 etiam
1659 1981 1780 2024 absque

1030 2035 1139 2079 aliqua
1160 2035 1221 2068 alia
1240 2034 1387 2067 ulteriori
1408 2034 1643 2078 acceptatione,
1668 2034 1777 2067 decla-

1031 2089 1154 2122 ratione
1179 2100 1215 2122 ac
1247 2088 1459 2132 possessionis
1497 2088 1777 2132 apprehensione,

987 2154 992 2158 ·
1031 2149 1062 2176 et
1080 2143 1179 2183 alias,
1203 2142 1289 2175 iuxta
1317 2142 1495 2186 praefatam
1518 2141 1779 2174 constitutionem

1031 2195 1077 2229 Pii
1094 2196 1129 2235 V,
1143 2196 1183 2228 ad
1204 2206 1301 2238 quam
1323 2195 1355 2227 in
1370 2194 1521 2227 omnibus
1535 2199 1566 2226 et
1578 2204 1636 2237 per
1656 2194 1777 2233 omnia,

1032 2257 1062 2283 et
1083 2250 1115 2282 iu
1143 2249 1296 2282 omnibus
1323 2249 1392 2282 eius
1423 2249 1569 2292 partibus
1589 2248 1778 2281 relationem

1032 2302 1143 2335 haberi
1164 2302 1274 2335 voluit.

1076 2357 1092 2397 ξ
1113 2355 1143 2388 2,
1167 2355 1392 2392 Nihilominus„
1418 2365 1477 2398 pro
1495 2354 1613 2398 potiori
1635 2355 1776 2396 cautela,

1032 2414 1062 2441 et
1086 2408 1155 2441 iura
1175 2408 1300 2442 iuribus
1317 2409 1486 2447 addendo,
1511 2413 1542 2441 et
1559 2407 1779 2441 constitutioni

1033 2461 1243 2501 inhaerendo,
1258 2462 1296 2494 de
1311 2461 1543 2494 venerabilium
1559 2462 1693 2494 fratrum
1707 2471 1781 2494 suo-

988 2509 993 2514 ’
1032 2526 1103 2548 rum
1126 2515 1155 2548 S.
1180 2516 1215 2548 R.
1240 2516 1273 2548 E.
1299 2514 1510 2548 cardinalium
1533 2514 1668 2548 consilio
1696 2515 1782 2558 pari-

988 2571 993 2577 “
1034 2576 1081 2603 ter
1101 2575 1131 2602 ot
1151 2579 1293 2609 assensu,
1317 2574 1435 2602 statum
1463 2574 1493 2602 ct
1514 2569 1666 2602 ducatum
1687 2578 1780 2612 prae-

1033 2623 1152 2656 dictum
1172 2633 1244 2655 cum
1270 2622 1421 2655 omnibus
1450 2621 1643 2663 civitatibus,
1674 2621 1778 2662 terris,

1032 2676 1160 2718 castris,
1185 2676 1359 2717 fortalitiis,
1384 2676 1542 2717 sortuhus,
1566 2675 1656 2717 locis,
1680 2686 1782 2709 mem-

1679 271 1743 304 427
1790 279 1839 306 An.
1863 279 1889 306 c.
1909 279 1976 307 1598

1819 873 1931 894 Ferrariae
1940 874 1976 894 du-

1793 902 1853 920 catus
1866 900 1893 920 ad
1904 900 1928 921 R.
1940 900 1978 921 Ca-

1793 932 1871 946 meram
1878 927 1979 952 Apostoli-

1794 958 1839 973 cam
1867 954 1978 973 devolutus

1793 982 1839 1005 post
1851 980 1930 1000 obitum
1946 981 1978 1000 Al-

1793 1006 1869 1035 phonsi
1905 1006 1965 1027 ducis
1973 1023 1978 1029 ,

1793 1034 1851 1052 iuxta
1885 1035 1978 1053 tenorem

1793 1058 1972 1080 investiturarum.

1808 2360 1932 2381 Huiusmodi
1944 2361 1969 2381 de

1795 2387 1922 2408 volutionem
1944 2392 1978 2407 ae-

1795 2416 1866 2440 comat
1876 2413 1978 2434 Clemens.
