<?xml version="1.0" encoding="UTF-8"?>
<!DOCTYPE html PUBLIC "-//W3C//DTD XHTML 1.0 Transitional//EN"
    "http://www.w3.org/TR/xhtml1/DTD/xhtml1-transitional.dtd">
<html xmlns="http://www.w3.org/1999/xhtml" xml:lang="en" lang="en">
 <head>
  <title>
</title>
<meta http-equiv="Content-Type" content="text/html;charset=utf-8" />
  <meta name='ocr-system' content='tesseract 3.04.00' />
  <meta name='ocr-capabilities' content='ocr_page ocr_carea ocr_par ocr_line ocrx_word'/>
</head>
<body>
  <div class='ocr_page' id='page_1' title='image "./bullarumdiplomat10cath_0539.png"; bbox 0 0 2253 3195; ppageno 0'>
   <div class='ocr_carea' id='block_1_1' title="bbox 19 442 23 650">
    <p class='ocr_par' dir='ltr' id='par_1_1' title="bbox 19 442 23 650">
     <span class='ocr_line' id='line_1_1' title="bbox 19 442 23 650; baseline 0 2545"><span class='ocrx_word' id='word_1_1' title='bbox 19 442 23 650; x_wconf 95' lang='lat' dir='ltr'> </span> 
     </span>
    </p>
   </div>
   <div class='ocr_carea' id='block_1_2' title="bbox 13 1369 28 3195">
    <p class='ocr_par' dir='ltr' id='par_1_2' title="bbox 13 1369 28 3195">
     <span class='ocr_line' id='line_1_2' title="bbox 13 1369 28 3195; baseline 0 0"><span class='ocrx_word' id='word_1_2' title='bbox 13 1369 28 3195; x_wconf 95' lang='lat' dir='ltr'> </span> 
     </span>
    </p>
   </div>
   <div class='ocr_carea' id='block_1_3' title="bbox 85 272 267 302">
    <p class='ocr_par' dir='ltr' id='par_1_3' title="bbox 85 272 267 302">
     <span class='ocr_line' id='line_1_3' title="bbox 85 272 267 302; baseline -0.011 0"><span class='ocrx_word' id='word_1_3' title='bbox 85 275 134 302; x_wconf 80' lang='lat' dir='ltr'>An.</span> <span class='ocrx_word' id='word_1_4' title='bbox 151 274 180 301; x_wconf 91' lang='lat' dir='ltr'>C.</span> <span class='ocrx_word' id='word_1_5' title='bbox 200 272 267 301; x_wconf 77' lang='lat'>1599</span> 
     </span>
    </p>
   </div>
   <div class='ocr_carea' id='block_1_4' title="bbox 895 271 1191 295">
    <p class='ocr_par' dir='ltr' id='par_1_4' title="bbox 895 271 1191 295">
     <span class='ocr_line' id='line_1_4' title="bbox 895 271 1191 295; baseline -0.007 0"><span class='ocrx_word' id='word_1_6' title='bbox 895 271 1042 295; x_wconf 79' lang='lat' dir='ltr'>CLEMENS</span> <span class='ocrx_word' id='word_1_7' title='bbox 1063 271 1120 294; x_wconf 80' lang='lat' dir='ltr'>vul</span> <span class='ocrx_word' id='word_1_8' title='bbox 1140 271 1191 294; x_wconf 74' lang='lat' dir='ltr'>PP,</span> 
     </span>
    </p>
   </div>
   <div class='ocr_carea' id='block_1_5' title="bbox 327 320 1022 365">
    <p class='ocr_par' dir='ltr' id='par_1_5' title="bbox 327 320 1022 365">
     <span class='ocr_line' id='line_1_5' title="bbox 327 320 1022 365; baseline -0.003 -11"><span class='ocrx_word' id='word_1_9' title='bbox 327 320 342 365; x_wconf 69' lang='grc'>5</span> <span class='ocrx_word' id='word_1_10' title='bbox 361 320 392 354; x_wconf 70' lang='grc'>4.</span> <span class='ocrx_word' id='word_1_11' title='bbox 420 320 482 354; x_wconf 91' lang='lat' dir='ltr'>Nos</span> <span class='ocrx_word' id='word_1_12' title='bbox 503 320 599 363; x_wconf 80' lang='lat' dir='ltr'>igitur</span> <span class='ocrx_word' id='word_1_13' title='bbox 619 330 843 364; x_wconf 79' lang='lat' dir='ltr'>personarum,</span> <span class='ocrx_word' id='word_1_14' title='bbox 871 329 953 363; x_wconf 88' lang='lat' dir='ltr'>quae</span> <span class='ocrx_word' id='word_1_15' title='bbox 969 330 1022 352; x_wconf 88' lang='lat' dir='ltr'>ve-</span> 
     </span>
    </p>
   </div>
   <div class='ocr_carea' id='block_1_6' title="bbox 94 374 1021 417">
    <p class='ocr_par' dir='ltr' id='par_1_6' title="bbox 94 374 1021 417">
     <span class='ocr_line' id='line_1_6' title="bbox 94 374 1021 417; baseline -0.005 -6"><span class='ocrx_word' id='word_1_16' title='bbox 94 386 354 411; x_wconf 71' lang='lat' dir='ltr'>Dictamunivvr-rum</span> <span class='ocrx_word' id='word_1_17' title='bbox 388 375 449 408; x_wconf 88' lang='lat' dir='ltr'>iter</span> <span class='ocrx_word' id='word_1_18' title='bbox 472 375 583 408; x_wconf 85' lang='lat' dir='ltr'>salutis</span> <span class='ocrx_word' id='word_1_19' title='bbox 608 380 807 417; x_wconf 83' lang='lat' dir='ltr'>agnoscunt,</span> <span class='ocrx_word' id='word_1_20' title='bbox 841 374 1021 407; x_wconf 86' lang='lat' dir='ltr'>animarum</span> 
     </span>
    </p>
   </div>
   <div class='ocr_carea' id='block_1_7' title="bbox 85 418 184 465">
    <p class='ocr_par' dir='ltr' id='par_1_7' title="bbox 85 418 184 465">
     <span class='ocr_line' id='line_1_7' title="bbox 85 418 166 437; baseline 0 0"><span class='ocrx_word' id='word_1_21' title='bbox 85 418 166 437; x_wconf 64' lang='lat' dir='ltr'>nitatem</span> 
     </span>
     <span class='ocr_line' id='line_1_8' title="bbox 86 444 184 465; baseline -0.02 0"><span class='ocrx_word' id='word_1_22' title='bbox 86 444 184 465; x_wconf 69' lang='lat' dir='ltr'>Clemens.</span> 
     </span>
    </p>
   </div>
   <div class='ocr_carea' id='block_1_8' title="bbox 207 417 267 443">
    <p class='ocr_par' dir='ltr' id='par_1_8' title="bbox 207 417 267 443">
     <span class='ocr_line' id='line_1_9' title="bbox 207 417 267 443; baseline -0.033 -6"><span class='ocrx_word' id='word_1_23' title='bbox 207 417 267 443; x_wconf 74' lang='lat' dir='ltr'>erigit</span> 
     </span>
    </p>
   </div>
   <div class='ocr_carea' id='block_1_9' title="bbox 281 426 1029 2345">
    <p class='ocr_par' dir='ltr' id='par_1_9' title="bbox 281 426 1029 2345">
     <span class='ocr_line' id='line_1_10' title="bbox 283 426 1020 468; baseline -0.003 -7"><span class='ocrx_word' id='word_1_24' title='bbox 283 428 388 468; x_wconf 82' lang='lat' dir='ltr'>saluti,</span> <span class='ocrx_word' id='word_1_25' title='bbox 417 428 491 461; x_wconf 85' lang='lat' dir='ltr'>fidei</span> <span class='ocrx_word' id='word_1_26' title='bbox 517 428 693 461; x_wconf 89' lang='lat' dir='ltr'>catholicae</span> <span class='ocrx_word' id='word_1_27' title='bbox 714 427 917 467; x_wconf 73' lang='lat' dir='ltr'>exaltationi,</span> <span class='ocrx_word' id='word_1_28' title='bbox 941 426 1020 459; x_wconf 85' lang='lat' dir='ltr'>hae-</span> 
     </span>
     <span class='ocr_line' id='line_1_11' title="bbox 283 479 1023 525; baseline -0.003 -11"><span class='ocrx_word' id='word_1_29' title='bbox 283 492 456 525; x_wconf 87' lang='lat' dir='ltr'>resumque</span> <span class='ocrx_word' id='word_1_30' title='bbox 481 481 636 514; x_wconf 84' lang='lat' dir='ltr'>evulsioni</span> <span class='ocrx_word' id='word_1_31' title='bbox 650 482 829 520; x_wconf 84' lang='lat' dir='ltr'>consulere,</span> <span class='ocrx_word' id='word_1_32' title='bbox 846 491 883 513; x_wconf 91' lang='lat' dir='ltr'>ac</span> <span class='ocrx_word' id='word_1_33' title='bbox 901 479 979 512; x_wconf 90' lang='lat' dir='ltr'>alias</span> <span class='ocrx_word' id='word_1_34' title='bbox 992 479 1023 512; x_wconf 90' lang='lat' dir='ltr'>in</span> 
     </span>
     <span class='ocr_line' id='line_1_12' title="bbox 282 534 1020 579; baseline -0.004 -11"><span class='ocrx_word' id='word_1_35' title='bbox 282 535 467 579; x_wconf 77' lang='lat' dir='ltr'>praemissis</span> <span class='ocrx_word' id='word_1_36' title='bbox 487 540 670 579; x_wconf 79' lang='lat' dir='ltr'>opportune</span> <span class='ocrx_word' id='word_1_37' title='bbox 681 534 851 578; x_wconf 82' lang='lat' dir='ltr'>providere</span> <span class='ocrx_word' id='word_1_38' title='bbox 863 534 1020 566; x_wconf 82' lang='lat' dir='ltr'>volentes:</span> 
     </span>
     <span class='ocr_line' id='line_1_13' title="bbox 283 587 1024 632; baseline -0.003 -11"><span class='ocrx_word' id='word_1_39' title='bbox 283 594 372 622; x_wconf 88' lang='lat' dir='ltr'>motu</span> <span class='ocrx_word' id='word_1_40' title='bbox 394 588 539 632; x_wconf 86' lang='lat' dir='ltr'>proprio,</span> <span class='ocrx_word' id='word_1_41' title='bbox 563 598 628 621; x_wconf 89' lang='lat' dir='ltr'>non</span> <span class='ocrx_word' id='word_1_42' title='bbox 649 588 688 621; x_wconf 89' lang='lat' dir='ltr'>ad</span> <span class='ocrx_word' id='word_1_43' title='bbox 707 587 842 620; x_wconf 89' lang='lat' dir='ltr'>alicuius</span> <span class='ocrx_word' id='word_1_44' title='bbox 863 587 956 620; x_wconf 89' lang='lat' dir='ltr'>nobis</span> <span class='ocrx_word' id='word_1_45' title='bbox 973 598 1024 620; x_wconf 88' lang='lat' dir='ltr'>su-</span> 
     </span>
     <span class='ocr_line' id='line_1_14' title="bbox 281 640 1025 686; baseline -0.004 -11"><span class='ocrx_word' id='word_1_46' title='bbox 281 652 340 686; x_wconf 87' lang='lat' dir='ltr'>per</span> <span class='ocrx_word' id='word_1_47' title='bbox 360 642 421 675; x_wconf 87' lang='lat' dir='ltr'>hoc</span> <span class='ocrx_word' id='word_1_48' title='bbox 438 642 564 674; x_wconf 89' lang='lat' dir='ltr'>oblatae</span> <span class='ocrx_word' id='word_1_49' title='bbox 584 641 747 685; x_wconf 90' lang='lat' dir='ltr'>petitionis</span> <span class='ocrx_word' id='word_1_50' title='bbox 758 640 953 680; x_wconf 86' lang='lat' dir='ltr'>instantiam,</span> <span class='ocrx_word' id='word_1_51' title='bbox 969 640 1025 673; x_wconf 90' lang='lat' dir='ltr'>sed</span> 
     </span>
     <span class='ocr_line' id='line_1_15' title="bbox 282 693 1025 728; baseline -0.003 0"><span class='ocrx_word' id='word_1_52' title='bbox 282 705 319 728; x_wconf 85' lang='lat' dir='ltr'>ex</span> <span class='ocrx_word' id='word_1_53' title='bbox 346 700 433 728; x_wconf 86' lang='lat' dir='ltr'>certa</span> <span class='ocrx_word' id='word_1_54' title='bbox 460 694 592 727; x_wconf 88' lang='lat' dir='ltr'>scientia</span> <span class='ocrx_word' id='word_1_55' title='bbox 622 699 653 726; x_wconf 89' lang='lat' dir='ltr'>et</span> <span class='ocrx_word' id='word_1_56' title='bbox 684 704 773 727; x_wconf 86' lang='lat' dir='ltr'>mera</span> <span class='ocrx_word' id='word_1_57' title='bbox 792 693 1025 727; x_wconf 71' lang='lat' dir='ltr'>deliberatione</span> 
     </span>
     <span class='ocr_line' id='line_1_16' title="bbox 281 747 1025 791; baseline -0.003 -10"><span class='ocrx_word' id='word_1_58' title='bbox 281 753 402 788; x_wconf 87' lang='lat' dir='ltr'>nostra,</span> <span class='ocrx_word' id='word_1_59' title='bbox 427 758 464 781; x_wconf 86' lang='lat' dir='ltr'>ac</span> <span class='ocrx_word' id='word_1_60' title='bbox 484 748 522 781; x_wconf 89' lang='lat' dir='ltr'>de</span> <span class='ocrx_word' id='word_1_61' title='bbox 550 747 747 791; x_wconf 85' lang='lat' dir='ltr'>apostolicae</span> <span class='ocrx_word' id='word_1_62' title='bbox 768 747 934 791; x_wconf 87' lang='lat' dir='ltr'>potestatis</span> <span class='ocrx_word' id='word_1_63' title='bbox 959 747 1025 790; x_wconf 92' lang='lat' dir='ltr'>ple-</span> 
     </span>
     <span class='ocr_line' id='line_1_17' title="bbox 282 800 1024 844; baseline 0.001 -11"><span class='ocrx_word' id='word_1_64' title='bbox 282 801 438 841; x_wconf 86' lang='lat' dir='ltr'>nitudine,</span> <span class='ocrx_word' id='word_1_65' title='bbox 460 801 491 834; x_wconf 92' lang='lat' dir='ltr'>in</span> <span class='ocrx_word' id='word_1_66' title='bbox 506 801 591 834; x_wconf 91' lang='lat' dir='ltr'>dicto</span> <span class='ocrx_word' id='word_1_67' title='bbox 605 801 726 844; x_wconf 89' lang='lat' dir='ltr'>oppido</span> <span class='ocrx_word' id='word_1_68' title='bbox 744 800 892 841; x_wconf 89' lang='lat' dir='ltr'>Tunonii‚</span> <span class='ocrx_word' id='word_1_69' title='bbox 910 805 940 833; x_wconf 87' lang='lat' dir='ltr'>ct</span> <span class='ocrx_word' id='word_1_70' title='bbox 954 801 1024 834; x_wconf 89' lang='lat' dir='ltr'>loco</span> 
     </span>
     <span class='ocr_line' id='line_1_18' title="bbox 282 854 1021 898; baseline -0.001 -11"><span class='ocrx_word' id='word_1_71' title='bbox 282 854 345 887; x_wconf 88' lang='lat' dir='ltr'>iam</span> <span class='ocrx_word' id='word_1_72' title='bbox 366 854 405 887; x_wconf 90' lang='lat' dir='ltr'>ad</span> <span class='ocrx_word' id='word_1_73' title='bbox 425 854 487 887; x_wconf 89' lang='lat' dir='ltr'>hoc</span> <span class='ocrx_word' id='word_1_74' title='bbox 507 865 564 898; x_wconf 90' lang='lat' dir='ltr'>per</span> <span class='ocrx_word' id='word_1_75' title='bbox 585 854 705 887; x_wconf 90' lang='lat' dir='ltr'>dictum</span> <span class='ocrx_word' id='word_1_76' title='bbox 726 854 876 887; x_wconf 89' lang='lat' dir='ltr'>Carolum</span> <span class='ocrx_word' id='word_1_77' title='bbox 891 854 1021 887; x_wconf 86' lang='lat' dir='ltr'>Emma-</span> 
     </span>
     <span class='ocr_line' id='line_1_19' title="bbox 282 907 1023 951; baseline 0 -11"><span class='ocrx_word' id='word_1_78' title='bbox 282 907 409 941; x_wconf 90' lang='lat' dir='ltr'>nuelem</span> <span class='ocrx_word' id='word_1_79' title='bbox 432 907 547 940; x_wconf 87' lang='lat' dir='ltr'>ducem</span> <span class='ocrx_word' id='word_1_80' title='bbox 569 917 733 947; x_wconf 88' lang='lat' dir='ltr'>concesso,</span> <span class='ocrx_word' id='word_1_81' title='bbox 759 918 795 941; x_wconf 88' lang='lat' dir='ltr'>ac</span> <span class='ocrx_word' id='word_1_82' title='bbox 819 918 877 951; x_wconf 89' lang='lat' dir='ltr'>per</span> <span class='ocrx_word' id='word_1_83' title='bbox 891 918 1023 941; x_wconf 81' lang='lat' dir='ltr'>venera-</span> 
     </span>
     <span class='ocr_line' id='line_1_20' title="bbox 282 960 1025 1005; baseline 0 -11"><span class='ocrx_word' id='word_1_84' title='bbox 282 960 379 994; x_wconf 89' lang='lat' dir='ltr'>bilem</span> <span class='ocrx_word' id='word_1_85' title='bbox 402 961 534 994; x_wconf 81' lang='lat' dir='ltr'>fratrem</span> <span class='ocrx_word' id='word_1_86' title='bbox 556 968 702 995; x_wconf 90' lang='lat' dir='ltr'>nostrum</span> <span class='ocrx_word' id='word_1_87' title='bbox 717 961 884 995; x_wconf 88' lang='lat' dir='ltr'>Claudiurn</span> <span class='ocrx_word' id='word_1_88' title='bbox 902 961 1025 1005; x_wconf 91' lang='lat' dir='ltr'>episco-</span> 
     </span>
     <span class='ocr_line' id='line_1_21' title="bbox 282 1015 1025 1059; baseline 0 -12"><span class='ocrx_word' id='word_1_89' title='bbox 282 1025 359 1059; x_wconf 90' lang='lat' dir='ltr'>pum</span> <span class='ocrx_word' id='word_1_90' title='bbox 379 1015 621 1049; x_wconf 91' lang='lat' dir='ltr'>Gebennensem</span> <span class='ocrx_word' id='word_1_91' title='bbox 642 1015 825 1055; x_wconf 90' lang='lat' dir='ltr'>benedicto,</span> <span class='ocrx_word' id='word_1_92' title='bbox 849 1025 946 1047; x_wconf 89' lang='lat' dir='ltr'>unam</span> <span class='ocrx_word' id='word_1_93' title='bbox 968 1015 1025 1048; x_wconf 90' lang='lat' dir='ltr'>do-</span> 
     </span>
     <span class='ocr_line' id='line_1_22' title="bbox 283 1068 1021 1112; baseline 0 -12"><span class='ocrx_word' id='word_1_94' title='bbox 283 1079 371 1101; x_wconf 88' lang='lat' dir='ltr'>mum</span> <span class='ocrx_word' id='word_1_95' title='bbox 398 1068 684 1111; x_wconf 82' lang='lat' dir='ltr'>Albergamentum</span> <span class='ocrx_word' id='word_1_96' title='bbox 709 1074 928 1112; x_wconf 82' lang='lat' dir='ltr'>nuncupatam</span> <span class='ocrx_word' id='word_1_97' title='bbox 949 1078 1021 1102; x_wconf 87' lang='lat' dir='ltr'>om—</span> 
     </span>
     <span class='ocr_line' id='line_1_23' title="bbox 284 1121 1025 1155; baseline 0.001 -1"><span class='ocrx_word' id='word_1_98' title='bbox 284 1121 372 1154; x_wconf 88' lang='lat' dir='ltr'>nium</span> <span class='ocrx_word' id='word_1_99' title='bbox 405 1121 614 1155; x_wconf 83' lang='lat' dir='ltr'>scientiarum</span> <span class='ocrx_word' id='word_1_100' title='bbox 640 1127 670 1154; x_wconf 87' lang='lat' dir='ltr'>et</span> <span class='ocrx_word' id='word_1_101' title='bbox 699 1121 817 1155; x_wconf 90' lang='lat' dir='ltr'>artium</span> <span class='ocrx_word' id='word_1_102' title='bbox 849 1121 908 1154; x_wconf 86' lang='lat' dir='ltr'>sub</span> <span class='ocrx_word' id='word_1_103' title='bbox 940 1122 1025 1155; x_wconf 89' lang='lat' dir='ltr'>dicta</span> 
     </span>
     <span class='ocr_line' id='line_1_24' title="bbox 284 1175 1021 1219; baseline 0.001 -12"><span class='ocrx_word' id='word_1_104' title='bbox 284 1175 486 1209; x_wconf 87' lang='lat' dir='ltr'>invocatione</span> <span class='ocrx_word' id='word_1_105' title='bbox 507 1176 622 1208; x_wconf 87' lang='lat' dir='ltr'>Beatae</span> <span class='ocrx_word' id='word_1_106' title='bbox 639 1175 757 1208; x_wconf 86' lang='lat' dir='ltr'>Mariae</span> <span class='ocrx_word' id='word_1_107' title='bbox 774 1175 1021 1219; x_wconf 88' lang='lat' dir='ltr'>Compassionis,</span> 
     </span>
     <span class='ocr_line' id='line_1_25' title="bbox 284 1227 1024 1272; baseline 0.001 -12"><span class='ocrx_word' id='word_1_108' title='bbox 284 1238 341 1261; x_wconf 85' lang='lat' dir='ltr'>seu</span> <span class='ocrx_word' id='word_1_109' title='bbox 363 1227 491 1272; x_wconf 80' lang='lat' dir='ltr'>Septem</span> <span class='ocrx_word' id='word_1_110' title='bbox 521 1228 674 1262; x_wconf 87' lang='lat' dir='ltr'>Dolorum</span> <span class='ocrx_word' id='word_1_111' title='bbox 696 1238 755 1272; x_wconf 93' lang='lat' dir='ltr'>pro</span> <span class='ocrx_word' id='word_1_112' title='bbox 776 1239 841 1261; x_wconf 90' lang='lat' dir='ltr'>uno</span> <span class='ocrx_word' id='word_1_113' title='bbox 861 1228 1024 1272; x_wconf 86' lang='lat' dir='ltr'>praesecto</span> 
     </span>
     <span class='ocr_line' id='line_1_26' title="bbox 284 1282 1023 1326; baseline 0 -12"><span class='ocrx_word' id='word_1_114' title='bbox 284 1287 314 1315; x_wconf 88' lang='lat' dir='ltr'>et</span> <span class='ocrx_word' id='word_1_115' title='bbox 333 1287 454 1325; x_wconf 82' lang='lat' dir='ltr'>septem</span> <span class='ocrx_word' id='word_1_116' title='bbox 475 1282 668 1326; x_wconf 79' lang='lat' dir='ltr'>preshyteris</span> <span class='ocrx_word' id='word_1_117' title='bbox 688 1282 907 1315; x_wconf 89' lang='lat' dir='ltr'>saecularibus</span> <span class='ocrx_word' id='word_1_118' title='bbox 928 1282 1023 1315; x_wconf 82' lang='lat' dir='ltr'>vitam</span> 
     </span>
     <span class='ocr_line' id='line_1_27' title="bbox 283 1335 1023 1380; baseline 0 -11"><span class='ocrx_word' id='word_1_119' title='bbox 283 1342 314 1369; x_wconf 92' lang='lat' dir='ltr'>et</span> <span class='ocrx_word' id='word_1_120' title='bbox 334 1335 480 1369; x_wconf 90' lang='lat' dir='ltr'>instituta</span> <span class='ocrx_word' id='word_1_121' title='bbox 500 1336 738 1380; x_wconf 88' lang='lat' dir='ltr'>praedictorum</span> <span class='ocrx_word' id='word_1_122' title='bbox 761 1336 1023 1380; x_wconf 67' lang='lat' dir='ltr'>presbyterorum</span> 
     </span>
     <span class='ocr_line' id='line_1_28' title="bbox 283 1389 1026 1433; baseline -0.001 -10"><span class='ocrx_word' id='word_1_123' title='bbox 283 1389 387 1423; x_wconf 87' lang='lat' dir='ltr'>dictae</span> <span class='ocrx_word' id='word_1_124' title='bbox 407 1389 671 1431; x_wconf 75' lang='lat' dir='ltr'>Congregationis</span> <span class='ocrx_word' id='word_1_125' title='bbox 691 1389 945 1429; x_wconf 82' lang='lat' dir='ltr'>observantibus,</span> <span class='ocrx_word' id='word_1_126' title='bbox 968 1400 1026 1433; x_wconf 89' lang='lat' dir='ltr'>per</span> 
     </span>
     <span class='ocr_line' id='line_1_29' title="bbox 283 1443 1022 1487; baseline 0 -11"><span class='ocrx_word' id='word_1_127' title='bbox 283 1453 363 1486; x_wconf 88' lang='lat' dir='ltr'>quos</span> <span class='ocrx_word' id='word_1_128' title='bbox 383 1443 452 1487; x_wconf 87' lang='lat' dir='ltr'>ipsa</span> <span class='ocrx_word' id='word_1_129' title='bbox 472 1443 598 1483; x_wconf 91' lang='lat' dir='ltr'>domus,</span> <span class='ocrx_word' id='word_1_130' title='bbox 623 1443 755 1487; x_wconf 89' lang='lat' dir='ltr'>eiusque</span> <span class='ocrx_word' id='word_1_131' title='bbox 775 1443 898 1476; x_wconf 82' lang='lat' dir='ltr'>incolae</span> <span class='ocrx_word' id='word_1_132' title='bbox 919 1449 947 1477; x_wconf 90' lang='lat' dir='ltr'>et</span> <span class='ocrx_word' id='word_1_133' title='bbox 962 1443 1022 1476; x_wconf 87' lang='lat' dir='ltr'>ha-</span> 
     </span>
     <span class='ocr_line' id='line_1_30' title="bbox 282 1496 1023 1539; baseline 0.001 -10"><span class='ocrx_word' id='word_1_134' title='bbox 282 1496 436 1530; x_wconf 87' lang='lat' dir='ltr'>bitatores</span> <span class='ocrx_word' id='word_1_135' title='bbox 462 1496 529 1538; x_wconf 85' lang='lat' dir='ltr'>regi</span> <span class='ocrx_word' id='word_1_136' title='bbox 551 1502 581 1529; x_wconf 89' lang='lat' dir='ltr'>et</span> <span class='ocrx_word' id='word_1_137' title='bbox 611 1497 802 1539; x_wconf 73' lang='lat' dir='ltr'>gubernari,</span> <span class='ocrx_word' id='word_1_138' title='bbox 830 1508 867 1530; x_wconf 86' lang='lat' dir='ltr'>ac</span> <span class='ocrx_word' id='word_1_139' title='bbox 895 1497 1023 1530; x_wconf 90' lang='lat' dir='ltr'>illorum</span> 
     </span>
     <span class='ocr_line' id='line_1_31' title="bbox 283 1550 1025 1591; baseline 0 -7"><span class='ocrx_word' id='word_1_140' title='bbox 283 1550 368 1584; x_wconf 91' lang='lat' dir='ltr'>bona</span> <span class='ocrx_word' id='word_1_141' title='bbox 381 1550 610 1591; x_wconf 84' lang='lat' dir='ltr'>administrari,</span> <span class='ocrx_word' id='word_1_142' title='bbox 622 1560 748 1583; x_wconf 82' lang='lat' dir='ltr'>necnon</span> <span class='ocrx_word' id='word_1_143' title='bbox 763 1550 792 1582; x_wconf 91' lang='lat' dir='ltr'>in</span> <span class='ocrx_word' id='word_1_144' title='bbox 805 1551 917 1584; x_wconf 89' lang='lat' dir='ltr'>eadem</span> <span class='ocrx_word' id='word_1_145' title='bbox 928 1551 1025 1585; x_wconf 87' lang='lat' dir='ltr'>domo</span> 
     </span>
     <span class='ocr_line' id='line_1_32' title="bbox 282 1604 1022 1648; baseline 0.003 -11"><span class='ocrx_word' id='word_1_146' title='bbox 282 1614 439 1648; x_wconf 79' lang='lat' dir='ltr'>personae</span> <span class='ocrx_word' id='word_1_147' title='bbox 460 1604 500 1637; x_wconf 89' lang='lat' dir='ltr'>de</span> <span class='ocrx_word' id='word_1_148' title='bbox 525 1614 607 1637; x_wconf 93' lang='lat' dir='ltr'>novo</span> <span class='ocrx_word' id='word_1_149' title='bbox 628 1605 668 1637; x_wconf 90' lang='lat' dir='ltr'>ad</span> <span class='ocrx_word' id='word_1_150' title='bbox 688 1604 802 1638; x_wconf 83' lang='lat' dir='ltr'>Christi</span> <span class='ocrx_word' id='word_1_151' title='bbox 823 1605 920 1638; x_wconf 85' lang='lat' dir='ltr'>fidem</span> <span class='ocrx_word' id='word_1_152' title='bbox 942 1616 1022 1639; x_wconf 91' lang='lat' dir='ltr'>con-</span> 
     </span>
     <span class='ocr_line' id='line_1_33' title="bbox 283 1658 1022 1702; baseline 0.003 -12"><span class='ocrx_word' id='word_1_153' title='bbox 283 1667 393 1690; x_wconf 89' lang='lat' dir='ltr'>versae</span> <span class='ocrx_word' id='word_1_154' title='bbox 417 1663 448 1690; x_wconf 89' lang='lat' dir='ltr'>et</span> <span class='ocrx_word' id='word_1_155' title='bbox 468 1668 613 1690; x_wconf 79' lang='lat' dir='ltr'>reversae</span> <span class='ocrx_word' id='word_1_156' title='bbox 638 1658 872 1702; x_wconf 87' lang='lat' dir='ltr'>cuiuscumque</span> <span class='ocrx_word' id='word_1_157' title='bbox 892 1659 1022 1701; x_wconf 82' lang='lat' dir='ltr'>gradus,</span> 
     </span>
     <span class='ocr_line' id='line_1_34' title="bbox 284 1711 1026 1756; baseline 0.003 -13"><span class='ocrx_word' id='word_1_158' title='bbox 284 1716 394 1751; x_wconf 88' lang='lat' dir='ltr'>status,</span> <span class='ocrx_word' id='word_1_159' title='bbox 418 1711 551 1751; x_wconf 50' lang='lat' dir='ltr'>ordini&amp;</span> <span class='ocrx_word' id='word_1_160' title='bbox 576 1711 770 1746; x_wconf 88' lang='lat' dir='ltr'>conditionis</span> <span class='ocrx_word' id='word_1_161' title='bbox 783 1712 856 1751; x_wconf 88' lang='lat' dir='ltr'>sint,</span> <span class='ocrx_word' id='word_1_162' title='bbox 879 1712 979 1756; x_wconf 80' lang='lat' dir='ltr'>recipi</span> <span class='ocrx_word' id='word_1_163' title='bbox 996 1718 1026 1746; x_wconf 90' lang='lat' dir='ltr'>et</span> 
     </span>
     <span class='ocr_line' id='line_1_35' title="bbox 285 1764 1026 1805; baseline 0.003 -8"><span class='ocrx_word' id='word_1_164' title='bbox 285 1764 426 1805; x_wconf 89' lang='lat' dir='ltr'>educari,</span> <span class='ocrx_word' id='word_1_165' title='bbox 450 1775 486 1798; x_wconf 88' lang='lat' dir='ltr'>ac</span> <span class='ocrx_word' id='word_1_166' title='bbox 506 1765 653 1798; x_wconf 88' lang='lat' dir='ltr'>doctrina</span> <span class='ocrx_word' id='word_1_167' title='bbox 672 1764 859 1805; x_wconf 82' lang='lat' dir='ltr'>christiana,</span> <span class='ocrx_word' id='word_1_168' title='bbox 883 1766 1026 1799; x_wconf 85' lang='lat' dir='ltr'>scientiis</span> 
     </span>
     <span class='ocr_line' id='line_1_36' title="bbox 285 1818 1023 1862; baseline 0.001 -12"><span class='ocrx_word' id='word_1_169' title='bbox 285 1818 421 1862; x_wconf 87' lang='lat' dir='ltr'>aliisque</span> <span class='ocrx_word' id='word_1_170' title='bbox 441 1818 562 1851; x_wconf 85' lang='lat' dir='ltr'>artibus</span> <span class='ocrx_word' id='word_1_171' title='bbox 582 1824 613 1851; x_wconf 88' lang='lat' dir='ltr'>et</span> <span class='ocrx_word' id='word_1_172' title='bbox 632 1818 784 1851; x_wconf 90' lang='lat' dir='ltr'>omnibus</span> <span class='ocrx_word' id='word_1_173' title='bbox 805 1819 936 1852; x_wconf 89' lang='lat' dir='ltr'>demum</span> <span class='ocrx_word' id='word_1_174' title='bbox 958 1819 1023 1851; x_wconf 89' lang='lat' dir='ltr'>vir-</span> 
     </span>
     <span class='ocr_line' id='line_1_37' title="bbox 285 1870 1027 1915; baseline 0.001 -11"><span class='ocrx_word' id='word_1_175' title='bbox 285 1870 405 1904; x_wconf 88' lang='lat' dir='ltr'>tutibus</span> <span class='ocrx_word' id='word_1_176' title='bbox 425 1871 465 1904; x_wconf 88' lang='lat' dir='ltr'>ad</span> <span class='ocrx_word' id='word_1_177' title='bbox 484 1871 540 1905; x_wconf 90' lang='lat' dir='ltr'>Dei</span> <span class='ocrx_word' id='word_1_178' title='bbox 571 1870 689 1915; x_wconf 85' lang='lat' dir='ltr'>Optimi</span> <span class='ocrx_word' id='word_1_179' title='bbox 715 1871 853 1912; x_wconf 79' lang='lat' dir='ltr'>Maximi,</span> <span class='ocrx_word' id='word_1_180' title='bbox 881 1872 1027 1905; x_wconf 88' lang='lat' dir='ltr'>Beatissi-</span> 
     </span>
     <span class='ocr_line' id='line_1_38' title="bbox 286 1924 1027 1969; baseline 0.001 -11"><span class='ocrx_word' id='word_1_181' title='bbox 286 1935 421 1969; x_wconf 86' lang='lat' dir='ltr'>maeque</span> <span class='ocrx_word' id='word_1_182' title='bbox 441 1924 585 1958; x_wconf 88' lang='lat' dir='ltr'>eiusdem</span> <span class='ocrx_word' id='word_1_183' title='bbox 599 1925 706 1959; x_wconf 85' lang='lat' dir='ltr'>Matris</span> <span class='ocrx_word' id='word_1_184' title='bbox 719 1925 877 1959; x_wconf 89' lang='lat' dir='ltr'>honorem</span> <span class='ocrx_word' id='word_1_185' title='bbox 892 1927 1027 1960; x_wconf 89' lang='lat' dir='ltr'>tenden-</span> 
     </span>
     <span class='ocr_line' id='line_1_39' title="bbox 286 1978 1027 2023; baseline 0.003 -13"><span class='ocrx_word' id='word_1_186' title='bbox 286 1978 387 2018; x_wconf 86' lang='lat' dir='ltr'>tibus,</span> <span class='ocrx_word' id='word_1_187' title='bbox 415 1989 473 2022; x_wconf 93' lang='lat' dir='ltr'>per</span> <span class='ocrx_word' id='word_1_188' title='bbox 503 1979 661 2019; x_wconf 88' lang='lat' dir='ltr'>lectores,</span> <span class='ocrx_word' id='word_1_189' title='bbox 690 1978 859 2021; x_wconf 79' lang='lat' dir='ltr'>magistros</span> <span class='ocrx_word' id='word_1_190' title='bbox 883 1979 1027 2023; x_wconf 87' lang='lat' dir='ltr'>aliosque</span> 
     </span>
     <span class='ocr_line' id='line_1_40' title="bbox 287 2032 1028 2077; baseline 0.003 -13"><span class='ocrx_word' id='word_1_191' title='bbox 287 2032 403 2065; x_wconf 87' lang='lat' dir='ltr'>artium</span> <span class='ocrx_word' id='word_1_192' title='bbox 423 2037 454 2064; x_wconf 89' lang='lat' dir='ltr'>et</span> <span class='ocrx_word' id='word_1_193' title='bbox 473 2032 680 2065; x_wconf 81' lang='lat' dir='ltr'>scientiarum</span> <span class='ocrx_word' id='word_1_194' title='bbox 702 2032 887 2065; x_wconf 91' lang='lat' dir='ltr'>huiusmodi</span> <span class='ocrx_word' id='word_1_195' title='bbox 908 2033 1028 2077; x_wconf 88' lang='lat' dir='ltr'>peritos</span> 
     </span>
     <span class='ocr_line' id='line_1_41' title="bbox 287 2085 1024 2130; baseline 0.001 -12"><span class='ocrx_word' id='word_1_196' title='bbox 287 2085 366 2119; x_wconf 90' lang='lat' dir='ltr'>inibi</span> <span class='ocrx_word' id='word_1_197' title='bbox 383 2085 624 2119; x_wconf 88' lang='lat' dir='ltr'>constituendos</span> <span class='ocrx_word' id='word_1_198' title='bbox 636 2092 666 2119; x_wconf 88' lang='lat' dir='ltr'>et</span> <span class='ocrx_word' id='word_1_199' title='bbox 682 2086 894 2130; x_wconf 87' lang='lat' dir='ltr'>deputandos,</span> <span class='ocrx_word' id='word_1_200' title='bbox 912 2086 1024 2127; x_wconf 79' lang='lat' dir='ltr'>imbui,</span> 
     </span>
     <span class='ocr_line' id='line_1_42' title="bbox 288 2139 1027 2173; baseline -0.001 0"><span class='ocrx_word' id='word_1_201' title='bbox 288 2145 319 2173; x_wconf 86' lang='lat' dir='ltr'>et</span> <span class='ocrx_word' id='word_1_202' title='bbox 342 2139 428 2172; x_wconf 89' lang='lat' dir='ltr'>iuxta</span> <span class='ocrx_word' id='word_1_203' title='bbox 463 2139 607 2172; x_wconf 87' lang='lat' dir='ltr'>eiusdem</span> <span class='ocrx_word' id='word_1_204' title='bbox 641 2139 756 2172; x_wconf 89' lang='lat' dir='ltr'>domus</span> <span class='ocrx_word' id='word_1_205' title='bbox 786 2145 903 2173; x_wconf 89' lang='lat' dir='ltr'>statuta</span> <span class='ocrx_word' id='word_1_206' title='bbox 932 2140 1027 2173; x_wconf 85' lang='lat' dir='ltr'>etiarn</span> 
     </span>
     <span class='ocr_line' id='line_1_43' title="bbox 288 2192 1025 2237; baseline 0 -11"><span class='ocrx_word' id='word_1_207' title='bbox 288 2194 415 2236; x_wconf 80' lang='lat' dir='ltr'>degere,</span> <span class='ocrx_word' id='word_1_208' title='bbox 443 2204 480 2226; x_wconf 90' lang='lat' dir='ltr'>ac</span> <span class='ocrx_word' id='word_1_209' title='bbox 500 2192 531 2225; x_wconf 87' lang='lat' dir='ltr'>in</span> <span class='ocrx_word' id='word_1_210' title='bbox 552 2204 599 2232; x_wconf 88' lang='lat' dir='ltr'>ea,</span> <span class='ocrx_word' id='word_1_211' title='bbox 621 2198 785 2236; x_wconf 84' lang='lat' dir='ltr'>tamquam</span> <span class='ocrx_word' id='word_1_212' title='bbox 809 2193 937 2237; x_wconf 86' lang='lat' dir='ltr'>publica</span> <span class='ocrx_word' id='word_1_213' title='bbox 953 2204 1025 2226; x_wconf 90' lang='lat' dir='ltr'>om-</span> 
     </span>
     <span class='ocr_line' id='line_1_44' title="bbox 287 2245 1029 2285; baseline -0.003 -5"><span class='ocrx_word' id='word_1_214' title='bbox 287 2247 377 2280; x_wconf 90' lang='lat' dir='ltr'>nium</span> <span class='ocrx_word' id='word_1_215' title='bbox 402 2246 609 2280; x_wconf 84' lang='lat' dir='ltr'>scientiarum</span> <span class='ocrx_word' id='word_1_216' title='bbox 642 2245 853 2285; x_wconf 84' lang='lat' dir='ltr'>universitas,</span> <span class='ocrx_word' id='word_1_217' title='bbox 877 2246 1029 2279; x_wconf 86' lang='lat' dir='ltr'>scientiae</span> 
     </span>
     <span class='ocr_line' id='line_1_45' title="bbox 288 2299 1029 2345; baseline -0.003 -11"><span class='ocrx_word' id='word_1_218' title='bbox 288 2300 479 2345; x_wconf 87' lang='lat' dir='ltr'>praesertim</span> <span class='ocrx_word' id='word_1_219' title='bbox 504 2300 726 2343; x_wconf 87' lang='lat' dir='ltr'>supradictae,</span> <span class='ocrx_word' id='word_1_220' title='bbox 750 2305 781 2333; x_wconf 91' lang='lat' dir='ltr'>et</span> <span class='ocrx_word' id='word_1_221' title='bbox 800 2310 912 2332; x_wconf 88' lang='lat' dir='ltr'>omnes</span> <span class='ocrx_word' id='word_1_222' title='bbox 934 2299 1029 2332; x_wconf 87' lang='lat' dir='ltr'>ctiam</span> 
     </span>
    </p>
   </div>
   <div class='ocr_carea' id='block_1_10' title="bbox 289 2353 1048 2398">
    <p class='ocr_par' dir='ltr' id='par_1_10' title="bbox 289 2353 1048 2398">
     <span class='ocr_line' id='line_1_46' title="bbox 289 2353 1048 2398; baseline -0.004 -10"><span class='ocrx_word' id='word_1_223' title='bbox 289 2361 371 2388; x_wconf 83' lang='lat' dir='ltr'>artes</span> <span class='ocrx_word' id='word_1_224' title='bbox 392 2354 519 2395; x_wconf 88' lang='lat' dir='ltr'>doceri,</span> <span class='ocrx_word' id='word_1_225' title='bbox 552 2359 583 2387; x_wconf 89' lang='lat' dir='ltr'>et</span> <span class='ocrx_word' id='word_1_226' title='bbox 609 2354 737 2398; x_wconf 88' lang='lat' dir='ltr'>publice</span> <span class='ocrx_word' id='word_1_227' title='bbox 767 2353 829 2395; x_wconf 77' lang='lat' dir='ltr'>legi</span> <span class='ocrx_word' id='word_1_228' title='bbox 862 2359 892 2387; x_wconf 87' lang='lat' dir='ltr'>et</span> <span class='ocrx_word' id='word_1_229' title='bbox 917 2353 1048 2386; x_wconf 63' lang='lat' dir='ltr'>instrui*</span> 
     </span>
    </p>
   </div>
   <div class='ocr_carea' id='block_1_11' title="bbox 290 2406 1030 2505">
    <p class='ocr_par' dir='ltr' id='par_1_11' title="bbox 290 2406 1030 2505">
     <span class='ocr_line' id='line_1_47' title="bbox 290 2406 1030 2450; baseline -0.004 -9"><span class='ocrx_word' id='word_1_230' title='bbox 290 2409 429 2442; x_wconf 86' lang='lat' dir='ltr'>debeant</span> <span class='ocrx_word' id='word_1_231' title='bbox 449 2418 523 2441; x_wconf 90' lang='lat' dir='ltr'>cum</span> <span class='ocrx_word' id='word_1_232' title='bbox 544 2407 695 2441; x_wconf 91' lang='lat' dir='ltr'>omnibus</span> <span class='ocrx_word' id='word_1_233' title='bbox 720 2412 751 2440; x_wconf 88' lang='lat' dir='ltr'>et</span> <span class='ocrx_word' id='word_1_234' title='bbox 770 2407 905 2449; x_wconf 83' lang='lat' dir='ltr'>singulis</span> <span class='ocrx_word' id='word_1_235' title='bbox 935 2406 1030 2450; x_wconf 85' lang='lat' dir='ltr'>privi-</span> 
     </span>
     <span class='ocr_line' id='line_1_48' title="bbox 290 2460 1030 2505; baseline -0.003 -10"><span class='ocrx_word' id='word_1_236' title='bbox 290 2462 391 2505; x_wconf 81' lang='lat' dir='ltr'>legiis,</span> <span class='ocrx_word' id='word_1_237' title='bbox 409 2461 678 2501; x_wconf 85' lang='lat' dir='ltr'>immunitatibus,</span> <span class='ocrx_word' id='word_1_238' title='bbox 696 2460 837 2500; x_wconf 80' lang='lat' dir='ltr'>indultis,</span> <span class='ocrx_word' id='word_1_239' title='bbox 859 2460 1030 2503; x_wconf 77' lang='lat' dir='ltr'>indulgen-</span> 
     </span>
    </p>
   </div>
   <div class='ocr_carea' id='block_1_12' title="bbox 291 2510 1049 2557">
    <p class='ocr_par' dir='ltr' id='par_1_12' title="bbox 291 2510 1049 2557">
     <span class='ocr_line' id='line_1_49' title="bbox 291 2510 1049 2557; baseline -0.003 -9"><span class='ocrx_word' id='word_1_240' title='bbox 291 2515 352 2555; x_wconf 78' lang='lat' dir='ltr'>tiis,</span> <span class='ocrx_word' id='word_1_241' title='bbox 377 2514 639 2548; x_wconf 84' lang='lat' dir='ltr'>concessionibus</span> <span class='ocrx_word' id='word_1_242' title='bbox 670 2520 701 2548; x_wconf 86' lang='lat' dir='ltr'>et</span> <span class='ocrx_word' id='word_1_243' title='bbox 727 2513 837 2557; x_wconf 78' lang='lat' dir='ltr'>gratiis</span> <span class='ocrx_word' id='word_1_244' title='bbox 862 2514 903 2546; x_wconf 88' lang='lat' dir='ltr'>ad</span> <span class='ocrx_word' id='word_1_245' title='bbox 931 2510 1049 2547; x_wconf 62' lang='lat' dir='ltr'>instar&#39;</span> 
     </span>
    </p>
   </div>
   <div class='ocr_carea' id='block_1_13' title="bbox 291 2567 1031 2721">
    <p class='ocr_par' dir='ltr' id='par_1_13' title="bbox 291 2567 1031 2721">
     <span class='ocr_line' id='line_1_50' title="bbox 291 2567 1028 2612; baseline -0.004 -10"><span class='ocrx_word' id='word_1_246' title='bbox 291 2569 428 2602; x_wconf 87' lang='lat' dir='ltr'>aliarum</span> <span class='ocrx_word' id='word_1_247' title='bbox 458 2568 683 2612; x_wconf 84' lang='lat' dir='ltr'>publicarum,</span> <span class='ocrx_word' id='word_1_248' title='bbox 708 2573 738 2601; x_wconf 88' lang='lat' dir='ltr'>et</span> <span class='ocrx_word' id='word_1_249' title='bbox 757 2567 946 2611; x_wconf 87' lang='lat' dir='ltr'>praesertim</span> <span class='ocrx_word' id='word_1_250' title='bbox 968 2577 1028 2600; x_wconf 91' lang='lat' dir='ltr'>no-</span> 
     </span>
     <span class='ocr_line' id='line_1_51' title="bbox 291 2621 1029 2662; baseline -0.004 -6"><span class='ocrx_word' id='word_1_251' title='bbox 291 2628 430 2656; x_wconf 86' lang='lat' dir='ltr'>strarum</span> <span class='ocrx_word' id='word_1_252' title='bbox 450 2622 613 2656; x_wconf 86' lang='lat' dir='ltr'>Bononiae</span> <span class='ocrx_word' id='word_1_253' title='bbox 638 2627 669 2655; x_wconf 87' lang='lat' dir='ltr'>et</span> <span class='ocrx_word' id='word_1_254' title='bbox 689 2621 849 2662; x_wconf 83' lang='lat' dir='ltr'>Perusiae,</span> <span class='ocrx_word' id='word_1_255' title='bbox 874 2621 1029 2654; x_wconf 87' lang='lat' dir='ltr'>aliarum-</span> 
     </span>
     <span class='ocr_line' id='line_1_52' title="bbox 293 2674 1031 2721; baseline -0.004 -11"><span class='ocrx_word' id='word_1_256' title='bbox 293 2687 355 2721; x_wconf 90' lang='lat' dir='ltr'>que</span> <span class='ocrx_word' id='word_1_257' title='bbox 375 2676 483 2710; x_wconf 87' lang='lat' dir='ltr'>ltaliae</span> <span class='ocrx_word' id='word_1_258' title='bbox 502 2675 766 2716; x_wconf 80' lang='lat' dir='ltr'>universitatum,</span> <span class='ocrx_word' id='word_1_259' title='bbox 791 2680 822 2709; x_wconf 89' lang='lat' dir='ltr'>et</span> <span class='ocrx_word' id='word_1_260' title='bbox 840 2680 942 2719; x_wconf 61' lang='lat' dir='ltr'>&gt;prout</span> <span class='ocrx_word' id='word_1_261' title='bbox 962 2674 1031 2707; x_wconf 86' lang='lat' dir='ltr'>illa-</span> 
     </span>
    </p>
   </div>
   <div class='ocr_carea' id='block_1_14' title="bbox 1040 325 1053 2704">
    <p class='ocr_par' dir='ltr' id='par_1_14' title="bbox 1040 325 1053 2704">
     <span class='ocr_line' id='line_1_53' title="bbox 1040 325 1053 2704; baseline 0 0"><span class='ocrx_word' id='word_1_262' title='bbox 1040 325 1053 2704; x_wconf 95' lang='lat' dir='ltr'> </span> 
     </span>
    </p>
   </div>
   <div class='ocr_carea' id='block_1_15' title="bbox 1707 253 1765 288">
    <p class='ocr_par' dir='ltr' id='par_1_15' title="bbox 1707 253 1765 288">
     <span class='ocr_line' id='line_1_54' title="bbox 1707 253 1765 288; baseline -0.017 0"><span class='ocrx_word' id='word_1_263' title='bbox 1707 253 1765 288; x_wconf 74' lang='lat'>491</span> 
     </span>
    </p>
   </div>
   <div class='ocr_carea' id='block_1_16' title="bbox 1057 314 1808 2718">
    <p class='ocr_par' dir='ltr' id='par_1_16' title="bbox 1057 314 1808 2718">
     <span class='ocr_line' id='line_1_55' title="bbox 1057 314 1800 357; baseline -0.004 -6"><span class='ocrx_word' id='word_1_264' title='bbox 1057 329 1128 351; x_wconf 93' lang='lat' dir='ltr'>rum</span> <span class='ocrx_word' id='word_1_265' title='bbox 1149 318 1324 357; x_wconf 80' lang='lat' dir='ltr'>scholares,</span> <span class='ocrx_word' id='word_1_266' title='bbox 1348 316 1481 355; x_wconf 83' lang='lat' dir='ltr'>alumni,</span> <span class='ocrx_word' id='word_1_267' title='bbox 1506 314 1673 357; x_wconf 81' lang='lat' dir='ltr'>magistri,</span> <span class='ocrx_word' id='word_1_268' title='bbox 1701 315 1800 348; x_wconf 91' lang='lat' dir='ltr'>lecto-</span> 
     </span>
     <span class='ocr_line' id='line_1_56' title="bbox 1057 369 1800 414; baseline -0.008 -8"><span class='ocrx_word' id='word_1_269' title='bbox 1057 383 1118 413; x_wconf 90' lang='lat' dir='ltr'>res,</span> <span class='ocrx_word' id='word_1_270' title='bbox 1129 378 1159 406; x_wconf 88' lang='lat' dir='ltr'>et</span> <span class='ocrx_word' id='word_1_271' title='bbox 1169 372 1221 405; x_wconf 89' lang='lat' dir='ltr'>alii</span> <span class='ocrx_word' id='word_1_272' title='bbox 1231 372 1428 405; x_wconf 86' lang='lat' dir='ltr'>habitatores</span> <span class='ocrx_word' id='word_1_273' title='bbox 1436 369 1681 414; x_wconf 87' lang='lat' dir='ltr'>quomodolibet</span> <span class='ocrx_word' id='word_1_274' title='bbox 1689 369 1800 401; x_wconf 84' lang='lat' dir='ltr'>sruun-</span> 
     </span>
     <span class='ocr_line' id='line_1_57' title="bbox 1058 422 1799 468; baseline -0.007 -9"><span class='ocrx_word' id='word_1_275' title='bbox 1058 432 1109 459; x_wconf 89' lang='lat' dir='ltr'>tur</span> <span class='ocrx_word' id='word_1_276' title='bbox 1122 431 1152 459; x_wconf 89' lang='lat' dir='ltr'>et</span> <span class='ocrx_word' id='word_1_277' title='bbox 1165 426 1317 468; x_wconf 79' lang='lat' dir='ltr'>gaudent,</span> <span class='ocrx_word' id='word_1_278' title='bbox 1339 424 1516 468; x_wconf 89' lang='lat' dir='ltr'>apostolica</span> <span class='ocrx_word' id='word_1_279' title='bbox 1533 422 1734 462; x_wconf 85' lang='lat' dir='ltr'>auctoritate,</span> <span class='ocrx_word' id='word_1_280' title='bbox 1753 426 1799 454; x_wconf 91' lang='lat' dir='ltr'>te-</span> 
     </span>
     <span class='ocr_line' id='line_1_58' title="bbox 1058 474 1800 522; baseline -0.007 -10"><span class='ocrx_word' id='word_1_281' title='bbox 1058 489 1137 512; x_wconf 89' lang='lat' dir='ltr'>nore</span> <span class='ocrx_word' id='word_1_282' title='bbox 1158 478 1385 522; x_wconf 86' lang='lat' dir='ltr'>praesentium,</span> <span class='ocrx_word' id='word_1_283' title='bbox 1402 483 1570 522; x_wconf 85' lang='lat' dir='ltr'>perpetuo,</span> <span class='ocrx_word' id='word_1_284' title='bbox 1584 476 1652 510; x_wconf 87' lang='lat' dir='ltr'>sine</span> <span class='ocrx_word' id='word_1_285' title='bbox 1666 474 1800 508; x_wconf 89' lang='lat' dir='ltr'>alicuius</span> 
     </span>
     <span class='ocr_line' id='line_1_59' title="bbox 1058 529 1723 575; baseline -0.005 -11"><span class='ocrx_word' id='word_1_286' title='bbox 1058 531 1267 575; x_wconf 90' lang='lat' dir='ltr'>praeiudicio,</span> <span class='ocrx_word' id='word_1_287' title='bbox 1291 531 1445 573; x_wconf 82' lang='lat' dir='ltr'>erigimus</span> <span class='ocrx_word' id='word_1_288' title='bbox 1466 536 1497 563; x_wconf 90' lang='lat' dir='ltr'>et</span> <span class='ocrx_word' id='word_1_289' title='bbox 1517 529 1723 563; x_wconf 86' lang='lat' dir='ltr'>instituimus.</span> 
     </span>
     <span class='ocr_line' id='line_1_60' title="bbox 1103 583 1802 628; baseline -0.004 -11"><span class='ocrx_word' id='word_1_290' title='bbox 1103 584 1167 627; x_wconf 64' lang='lat'>§5</span> <span class='ocrx_word' id='word_1_291' title='bbox 1192 584 1367 628; x_wconf 84' lang='lat' dir='ltr'>Eidemque</span> <span class='ocrx_word' id='word_1_292' title='bbox 1400 584 1510 617; x_wconf 91' lang='lat' dir='ltr'>domui</span> <span class='ocrx_word' id='word_1_293' title='bbox 1541 583 1586 616; x_wconf 89' lang='lat' dir='ltr'>sic</span> <span class='ocrx_word' id='word_1_294' title='bbox 1615 587 1739 616; x_wconf 84' lang='lat' dir='ltr'>erectae</span> <span class='ocrx_word' id='word_1_295' title='bbox 1770 586 1802 614; x_wconf 90' lang='lat' dir='ltr'>et</span> 
     </span>
     <span class='ocr_line' id='line_1_61' title="bbox 1060 637 1801 681; baseline -0.005 -10"><span class='ocrx_word' id='word_1_296' title='bbox 1060 638 1221 671; x_wconf 90' lang='lat' dir='ltr'>institutae</span> <span class='ocrx_word' id='word_1_297' title='bbox 1247 637 1407 681; x_wconf 89' lang='lat' dir='ltr'>prioratus</span> <span class='ocrx_word' id='word_1_298' title='bbox 1435 638 1627 681; x_wconf 86' lang='lat' dir='ltr'>praedictos,</span> <span class='ocrx_word' id='word_1_299' title='bbox 1651 647 1689 670; x_wconf 79' lang='lat' dir='ltr'>ex</span> <span class='ocrx_word' id='word_1_300' title='bbox 1715 646 1801 668; x_wconf 89' lang='lat' dir='ltr'>nunc</span> 
     </span>
     <span class='ocr_line' id='line_1_62' title="bbox 1060 689 1800 735; baseline -0.004 -11"><span class='ocrx_word' id='word_1_301' title='bbox 1060 696 1155 735; x_wconf 88' lang='lat' dir='ltr'>prout</span> <span class='ocrx_word' id='word_1_302' title='bbox 1175 702 1211 724; x_wconf 87' lang='lat' dir='ltr'>ex</span> <span class='ocrx_word' id='word_1_303' title='bbox 1231 696 1307 723; x_wconf 82' lang='lat' dir='ltr'>tunc</span> <span class='ocrx_word' id='word_1_304' title='bbox 1328 696 1357 724; x_wconf 88' lang='lat' dir='ltr'>et</span> <span class='ocrx_word' id='word_1_305' title='bbox 1379 701 1395 724; x_wconf 92' lang='lat' dir='ltr'>e</span> <span class='ocrx_word' id='word_1_306' title='bbox 1416 696 1538 731; x_wconf 84' lang='lat' dir='ltr'>contra,</span> <span class='ocrx_word' id='word_1_307' title='bbox 1559 700 1633 723; x_wconf 90' lang='lat' dir='ltr'>cum</span> <span class='ocrx_word' id='word_1_308' title='bbox 1659 689 1800 734; x_wconf 87' lang='lat' dir='ltr'>primum</span> 
     </span>
     <span class='ocr_line' id='line_1_63' title="bbox 1060 743 1803 788; baseline -0.003 -11"><span class='ocrx_word' id='word_1_309' title='bbox 1060 745 1131 777; x_wconf 91' lang='lat' dir='ltr'>illos</span> <span class='ocrx_word' id='word_1_310' title='bbox 1142 755 1200 788; x_wconf 89' lang='lat' dir='ltr'>per</span> <span class='ocrx_word' id='word_1_311' title='bbox 1219 754 1355 784; x_wconf 90' lang='lat' dir='ltr'>cessum,</span> <span class='ocrx_word' id='word_1_312' title='bbox 1368 743 1465 776; x_wconf 86' lang='lat' dir='ltr'>etiam</span> <span class='ocrx_word' id='word_1_313' title='bbox 1478 755 1515 777; x_wconf 82' lang='lat' dir='ltr'>ex</span> <span class='ocrx_word' id='word_1_314' title='bbox 1532 753 1627 776; x_wconf 90' lang='lat' dir='ltr'>causa</span> <span class='ocrx_word' id='word_1_315' title='bbox 1640 748 1803 787; x_wconf 88' lang='lat' dir='ltr'>permuta-</span> 
     </span>
     <span class='ocr_line' id='line_1_64' title="bbox 1061 797 1801 841; baseline -0.004 -10"><span class='ocrx_word' id='word_1_316' title='bbox 1061 798 1165 837; x_wconf 88' lang='lat' dir='ltr'>tionis,</span> <span class='ocrx_word' id='word_1_317' title='bbox 1190 799 1238 831; x_wconf 88' lang='lat' dir='ltr'>vel</span> <span class='ocrx_word' id='word_1_318' title='bbox 1263 798 1442 838; x_wconf 80' lang='lat' dir='ltr'>decessum,</span> <span class='ocrx_word' id='word_1_319' title='bbox 1467 808 1523 830; x_wconf 89' lang='lat' dir='ltr'>seu</span> <span class='ocrx_word' id='word_1_320' title='bbox 1541 797 1686 841; x_wconf 85' lang='lat' dir='ltr'>quamvis</span> <span class='ocrx_word' id='word_1_321' title='bbox 1707 797 1801 829; x_wconf 89' lang='lat' dir='ltr'>aliam</span> 
     </span>
     <span class='ocr_line' id='line_1_65' title="bbox 1060 850 1803 893; baseline -0.001 -9"><span class='ocrx_word' id='word_1_322' title='bbox 1060 852 1279 885; x_wconf 88' lang='lat' dir='ltr'>dimissionem</span> <span class='ocrx_word' id='word_1_323' title='bbox 1295 852 1343 884; x_wconf 85' lang='lat' dir='ltr'>vel</span> <span class='ocrx_word' id='word_1_324' title='bbox 1353 851 1558 884; x_wconf 89' lang='lat' dir='ltr'>amissionem</span> <span class='ocrx_word' id='word_1_325' title='bbox 1573 850 1717 893; x_wconf 79' lang='lat' dir='ltr'>Gregorii</span> <span class='ocrx_word' id='word_1_326' title='bbox 1734 861 1803 883; x_wconf 81' lang='lat' dir='ltr'>car-</span> 
     </span>
     <span class='ocr_line' id='line_1_66' title="bbox 1059 904 1802 950; baseline 0 -12"><span class='ocrx_word' id='word_1_327' title='bbox 1059 906 1186 946; x_wconf 76' lang='lat' dir='ltr'>dinalis,</span> <span class='ocrx_word' id='word_1_328' title='bbox 1211 917 1248 939; x_wconf 87' lang='lat' dir='ltr'>ac</span> <span class='ocrx_word' id='word_1_329' title='bbox 1267 905 1393 950; x_wconf 84' lang='lat' dir='ltr'>Tyberii</span> <span class='ocrx_word' id='word_1_330' title='bbox 1415 910 1445 939; x_wconf 88' lang='lat' dir='ltr'>et</span> <span class='ocrx_word' id='word_1_331' title='bbox 1458 905 1597 949; x_wconf 86' lang='lat' dir='ltr'>Philippi</span> <span class='ocrx_word' id='word_1_332' title='bbox 1618 904 1802 948; x_wconf 83' lang='lat' dir='ltr'>praedicto-</span> 
     </span>
     <span class='ocr_line' id='line_1_67' title="bbox 1060 958 1803 1004; baseline -0.001 -12"><span class='ocrx_word' id='word_1_333' title='bbox 1060 970 1131 992; x_wconf 88' lang='lat' dir='ltr'>rum</span> <span class='ocrx_word' id='word_1_334' title='bbox 1153 959 1329 1004; x_wconf 86' lang='lat' dir='ltr'>respective</span> <span class='ocrx_word' id='word_1_335' title='bbox 1349 959 1381 992; x_wconf 91' lang='lat' dir='ltr'>in</span> <span class='ocrx_word' id='word_1_336' title='bbox 1402 960 1548 993; x_wconf 87' lang='lat' dir='ltr'>Romana</span> <span class='ocrx_word' id='word_1_337' title='bbox 1567 958 1671 998; x_wconf 86' lang='lat' dir='ltr'>Curia,</span> <span class='ocrx_word' id='word_1_338' title='bbox 1689 959 1737 992; x_wconf 84' lang='lat' dir='ltr'>vel</span> <span class='ocrx_word' id='word_1_339' title='bbox 1751 969 1803 991; x_wconf 78' lang='lat' dir='ltr'>ex-</span> 
     </span>
     <span class='ocr_line' id='line_1_68' title="bbox 1060 1011 1802 1055; baseline 0 -10"><span class='ocrx_word' id='word_1_340' title='bbox 1060 1019 1107 1045; x_wconf 90' lang='lat' dir='ltr'>tra</span> <span class='ocrx_word' id='word_1_341' title='bbox 1135 1023 1205 1045; x_wconf 87' lang='lat' dir='ltr'>eam</span> <span class='ocrx_word' id='word_1_342' title='bbox 1237 1023 1369 1052; x_wconf 86' lang='lat' dir='ltr'>vacare,</span> <span class='ocrx_word' id='word_1_343' title='bbox 1404 1023 1461 1045; x_wconf 86' lang='lat' dir='ltr'>seu</span> <span class='ocrx_word' id='word_1_344' title='bbox 1482 1012 1691 1045; x_wconf 87' lang='lat' dir='ltr'>commendas</span> <span class='ocrx_word' id='word_1_345' title='bbox 1718 1011 1802 1055; x_wconf 89' lang='lat' dir='ltr'>ipsas</span> 
     </span>
     <span class='ocr_line' id='line_1_69' title="bbox 1059 1065 1802 1109; baseline -0.001 -10"><span class='ocrx_word' id='word_1_346' title='bbox 1059 1076 1184 1099; x_wconf 87' lang='lat' dir='ltr'>cessare</span> <span class='ocrx_word' id='word_1_347' title='bbox 1215 1066 1400 1108; x_wconf 77' lang='lat' dir='ltr'>contigerit;</span> <span class='ocrx_word' id='word_1_348' title='bbox 1433 1066 1475 1098; x_wconf 90' lang='lat' dir='ltr'>ita</span> <span class='ocrx_word' id='word_1_349' title='bbox 1507 1066 1595 1109; x_wconf 91' lang='lat' dir='ltr'>quod</span> <span class='ocrx_word' id='word_1_350' title='bbox 1622 1065 1716 1098; x_wconf 88' lang='lat' dir='ltr'>liceat</span> <span class='ocrx_word' id='word_1_351' title='bbox 1744 1076 1802 1108; x_wconf 88' lang='lat' dir='ltr'>pro</span> 
     </span>
     <span class='ocr_line' id='line_1_70' title="bbox 1060 1110 1799 1163; baseline -0.001 -11"><span class='ocrx_word' id='word_1_352' title='bbox 1060 1125 1206 1163; x_wconf 87' lang='lat' dir='ltr'>tempore</span> <span class='ocrx_word' id='word_1_353' title='bbox 1233 1119 1440 1153; x_wconf 77' lang='lat' dir='ltr'>existentibus</span> <span class='ocrx_word' id='word_1_354' title='bbox 1472 1110 1635 1163; x_wconf 79' lang='lat' dir='ltr'>praesecto</span> <span class='ocrx_word' id='word_1_355' title='bbox 1667 1125 1698 1152; x_wconf 90' lang='lat' dir='ltr'>et</span> <span class='ocrx_word' id='word_1_356' title='bbox 1722 1129 1799 1162; x_wconf 87' lang='lat' dir='ltr'>pre—</span> 
     </span>
     <span class='ocr_line' id='line_1_71' title="bbox 1059 1173 1801 1218; baseline -0.001 -12"><span class='ocrx_word' id='word_1_357' title='bbox 1059 1173 1193 1218; x_wconf 78' lang='lat' dir='ltr'>sbyteris</span> <span class='ocrx_word' id='word_1_358' title='bbox 1204 1173 1376 1216; x_wconf 88' lang='lat' dir='ltr'>praedictis</span> <span class='ocrx_word' id='word_1_359' title='bbox 1388 1174 1577 1206; x_wconf 88' lang='lat' dir='ltr'>eorumdem</span> <span class='ocrx_word' id='word_1_360' title='bbox 1599 1173 1801 1217; x_wconf 84' lang='lat' dir='ltr'>prioratuum</span> 
     </span>
     <span class='ocr_line' id='line_1_72' title="bbox 1060 1226 1799 1270; baseline 0 -11"><span class='ocrx_word' id='word_1_361' title='bbox 1060 1232 1090 1260; x_wconf 88' lang='lat' dir='ltr'>et</span> <span class='ocrx_word' id='word_1_362' title='bbox 1110 1226 1279 1259; x_wconf 89' lang='lat' dir='ltr'>cuiuslibet</span> <span class='ocrx_word' id='word_1_363' title='bbox 1300 1237 1413 1260; x_wconf 89' lang='lat' dir='ltr'>eorum</span> <span class='ocrx_word' id='word_1_364' title='bbox 1427 1254 1434 1267; x_wconf 93' lang='lat'>‚</span> <span class='ocrx_word' id='word_1_365' title='bbox 1468 1232 1639 1270; x_wconf 85' lang='lat' dir='ltr'>postquam</span> <span class='ocrx_word' id='word_1_366' title='bbox 1664 1237 1799 1260; x_wconf 85' lang='lat' dir='ltr'>vacave-</span> 
     </span>
     <span class='ocr_line' id='line_1_73' title="bbox 1059 1280 1802 1324; baseline -0.001 -11"><span class='ocrx_word' id='word_1_367' title='bbox 1059 1280 1134 1320; x_wconf 80' lang='lat' dir='ltr'>rint,</span> <span class='ocrx_word' id='word_1_368' title='bbox 1159 1286 1191 1313; x_wconf 90' lang='lat' dir='ltr'>ut</span> <span class='ocrx_word' id='word_1_369' title='bbox 1210 1280 1400 1324; x_wconf 80' lang='lat' dir='ltr'>praefertur,</span> <span class='ocrx_word' id='word_1_370' title='bbox 1425 1281 1628 1324; x_wconf 88' lang='lat' dir='ltr'>corporalem</span> <span class='ocrx_word' id='word_1_371' title='bbox 1644 1307 1651 1320; x_wconf 88' lang='lat'>‚</span> <span class='ocrx_word' id='word_1_372' title='bbox 1682 1281 1802 1314; x_wconf 86' lang='lat' dir='ltr'>realem</span> 
     </span>
     <span class='ocr_line' id='line_1_74' title="bbox 1059 1333 1803 1377; baseline 0 -11"><span class='ocrx_word' id='word_1_373' title='bbox 1059 1340 1090 1366; x_wconf 89' lang='lat' dir='ltr'>et</span> <span class='ocrx_word' id='word_1_374' title='bbox 1120 1334 1278 1366; x_wconf 86' lang='lat' dir='ltr'>actualem</span> <span class='ocrx_word' id='word_1_375' title='bbox 1308 1333 1543 1377; x_wconf 87' lang='lat' dir='ltr'>possessionem</span> <span class='ocrx_word' id='word_1_376' title='bbox 1575 1344 1633 1377; x_wconf 86' lang='lat' dir='ltr'>per</span> <span class='ocrx_word' id='word_1_377' title='bbox 1662 1344 1695 1366; x_wconf 89' lang='lat' dir='ltr'>se</span> <span class='ocrx_word' id='word_1_378' title='bbox 1714 1361 1721 1374; x_wconf 93' lang='lat'>‚</span> <span class='ocrx_word' id='word_1_379' title='bbox 1754 1334 1803 1366; x_wconf 83' lang='lat' dir='ltr'>vel</span> 
     </span>
     <span class='ocr_line' id='line_1_75' title="bbox 1059 1387 1799 1431; baseline -0.001 -10"><span class='ocrx_word' id='word_1_380' title='bbox 1059 1387 1169 1428; x_wconf 89' lang='lat' dir='ltr'>alium,</span> <span class='ocrx_word' id='word_1_381' title='bbox 1193 1398 1249 1421; x_wconf 90' lang='lat' dir='ltr'>seu</span> <span class='ocrx_word' id='word_1_382' title='bbox 1278 1387 1357 1420; x_wconf 86' lang='lat' dir='ltr'>alios</span> <span class='ocrx_word' id='word_1_383' title='bbox 1385 1387 1630 1431; x_wconf 88' lang='lat' dir='ltr'>apprehendere</span> <span class='ocrx_word' id='word_1_384' title='bbox 1645 1414 1652 1428; x_wconf 85' lang='lat'>,</span> <span class='ocrx_word' id='word_1_385' title='bbox 1673 1393 1703 1420; x_wconf 91' lang='lat' dir='ltr'>et</span> <span class='ocrx_word' id='word_1_386' title='bbox 1722 1398 1799 1431; x_wconf 90' lang='lat' dir='ltr'>per-</span> 
     </span>
     <span class='ocr_line' id='line_1_76' title="bbox 1059 1440 1804 1485; baseline 0 -11"><span class='ocrx_word' id='word_1_387' title='bbox 1059 1447 1156 1485; x_wconf 88' lang='lat' dir='ltr'>petuo</span> <span class='ocrx_word' id='word_1_388' title='bbox 1178 1441 1328 1481; x_wconf 81' lang='lat' dir='ltr'>retinere,</span> <span class='ocrx_word' id='word_1_389' title='bbox 1353 1441 1549 1484; x_wconf 88' lang='lat' dir='ltr'>illorumque</span> <span class='ocrx_word' id='word_1_390' title='bbox 1569 1441 1701 1479; x_wconf 83' lang='lat' dir='ltr'>fructus,</span> <span class='ocrx_word' id='word_1_391' title='bbox 1731 1440 1804 1474; x_wconf 90' lang='lat' dir='ltr'>red-</span> 
     </span>
     <span class='ocr_line' id='line_1_77' title="bbox 1060 1494 1804 1539; baseline -0.001 -12"><span class='ocrx_word' id='word_1_392' title='bbox 1060 1495 1162 1535; x_wconf 85' lang='lat' dir='ltr'>ditus,</span> <span class='ocrx_word' id='word_1_393' title='bbox 1198 1500 1394 1539; x_wconf 78' lang='lat' dir='ltr'>proventus,</span> <span class='ocrx_word' id='word_1_394' title='bbox 1419 1494 1508 1535; x_wconf 83' lang='lat' dir='ltr'>iura,</span> <span class='ocrx_word' id='word_1_395' title='bbox 1536 1494 1745 1528; x_wconf 81' lang='lat' dir='ltr'>obventiones</span> <span class='ocrx_word' id='word_1_396' title='bbox 1773 1499 1804 1527; x_wconf 84' lang='lat' dir='ltr'>et</span> 
     </span>
     <span class='ocr_line' id='line_1_78' title="bbox 1059 1547 1803 1592; baseline -0.001 -12"><span class='ocrx_word' id='word_1_397' title='bbox 1059 1549 1279 1581; x_wconf 86' lang='lat' dir='ltr'>emolumenta</span> <span class='ocrx_word' id='word_1_398' title='bbox 1298 1558 1522 1592; x_wconf 87' lang='lat' dir='ltr'>quaecumque</span> <span class='ocrx_word' id='word_1_399' title='bbox 1536 1547 1715 1591; x_wconf 87' lang='lat' dir='ltr'>percipere,</span> <span class='ocrx_word' id='word_1_400' title='bbox 1739 1547 1803 1580; x_wconf 77' lang='lat' dir='ltr'>exi-</span> 
     </span>
     <span class='ocr_line' id='line_1_79' title="bbox 1060 1600 1802 1644; baseline -0.003 -9"><span class='ocrx_word' id='word_1_401' title='bbox 1060 1612 1145 1644; x_wconf 81' lang='lat' dir='ltr'>gere,</span> <span class='ocrx_word' id='word_1_402' title='bbox 1161 1602 1278 1642; x_wconf 89' lang='lat' dir='ltr'>levare,</span> <span class='ocrx_word' id='word_1_403' title='bbox 1296 1601 1464 1641; x_wconf 87' lang='lat' dir='ltr'>dislocare,</span> <span class='ocrx_word' id='word_1_404' title='bbox 1486 1612 1522 1634; x_wconf 84' lang='lat' dir='ltr'>ac</span> <span class='ocrx_word' id='word_1_405' title='bbox 1537 1601 1568 1634; x_wconf 92' lang='lat' dir='ltr'>in</span> <span class='ocrx_word' id='word_1_406' title='bbox 1587 1611 1661 1634; x_wconf 89' lang='lat' dir='ltr'>suos</span> <span class='ocrx_word' id='word_1_407' title='bbox 1673 1606 1703 1634; x_wconf 88' lang='lat' dir='ltr'>et</span> <span class='ocrx_word' id='word_1_408' title='bbox 1716 1600 1802 1644; x_wconf 87' lang='lat' dir='ltr'>prio-</span> 
     </span>
     <span class='ocr_line' id='line_1_80' title="bbox 1061 1655 1801 1695; baseline 0 -7"><span class='ocrx_word' id='word_1_409' title='bbox 1061 1662 1188 1689; x_wconf 89' lang='lat' dir='ltr'>ratuum</span> <span class='ocrx_word' id='word_1_410' title='bbox 1225 1661 1256 1688; x_wconf 89' lang='lat' dir='ltr'>et</span> <span class='ocrx_word' id='word_1_411' title='bbox 1284 1656 1400 1688; x_wconf 87' lang='lat' dir='ltr'>domus</span> <span class='ocrx_word' id='word_1_412' title='bbox 1426 1655 1633 1695; x_wconf 89' lang='lat' dir='ltr'>huiusmodi,</span> <span class='ocrx_word' id='word_1_413' title='bbox 1658 1665 1717 1689; x_wconf 86' lang='lat' dir='ltr'>nec</span> <span class='ocrx_word' id='word_1_414' title='bbox 1736 1665 1801 1688; x_wconf 91' lang='lat' dir='ltr'>non</span> 
     </span>
     <span class='ocr_line' id='line_1_81' title="bbox 1060 1708 1800 1742; baseline -0.001 0"><span class='ocrx_word' id='word_1_415' title='bbox 1060 1709 1266 1742; x_wconf 89' lang='lat' dir='ltr'>alumnorum</span> <span class='ocrx_word' id='word_1_416' title='bbox 1288 1715 1318 1742; x_wconf 89' lang='lat' dir='ltr'>et</span> <span class='ocrx_word' id='word_1_417' title='bbox 1339 1708 1558 1742; x_wconf 84' lang='lat' dir='ltr'>habitatorum</span> <span class='ocrx_word' id='word_1_418' title='bbox 1579 1708 1723 1742; x_wconf 88' lang='lat' dir='ltr'>eiusdem</span> <span class='ocrx_word' id='word_1_419' title='bbox 1745 1709 1800 1742; x_wconf 93' lang='lat' dir='ltr'>do-</span> 
     </span>
     <span class='ocr_line' id='line_1_82' title="bbox 1062 1762 1800 1801; baseline 0.001 -6"><span class='ocrx_word' id='word_1_420' title='bbox 1062 1773 1132 1796; x_wconf 87' lang='lat' dir='ltr'>mus</span> <span class='ocrx_word' id='word_1_421' title='bbox 1145 1763 1315 1796; x_wconf 87' lang='lat' dir='ltr'>utilitatem</span> <span class='ocrx_word' id='word_1_422' title='bbox 1335 1767 1366 1795; x_wconf 90' lang='lat' dir='ltr'>et</span> <span class='ocrx_word' id='word_1_423' title='bbox 1385 1773 1479 1796; x_wconf 90' lang='lat' dir='ltr'>usum</span> <span class='ocrx_word' id='word_1_424' title='bbox 1495 1768 1694 1801; x_wconf 83' lang='lat' dir='ltr'>convertere,</span> <span class='ocrx_word' id='word_1_425' title='bbox 1711 1762 1800 1796; x_wconf 87' lang='lat' dir='ltr'>dioe-</span> 
     </span>
     <span class='ocr_line' id='line_1_83' title="bbox 1061 1809 1802 1850; baseline -0.003 0"><span class='ocrx_word' id='word_1_426' title='bbox 1061 1809 1168 1850; x_wconf 73' lang='lat' dir='ltr'>cesani</span> <span class='ocrx_word' id='word_1_427' title='bbox 1200 1816 1261 1850; x_wconf 93' lang='lat' dir='ltr'>loci</span> <span class='ocrx_word' id='word_1_428' title='bbox 1292 1816 1340 1850; x_wconf 92' lang='lat' dir='ltr'>vel</span> <span class='ocrx_word' id='word_1_429' title='bbox 1371 1816 1504 1849; x_wconf 88' lang='lat' dir='ltr'>alterius</span> <span class='ocrx_word' id='word_1_430' title='bbox 1539 1815 1678 1849; x_wconf 85' lang='lat' dir='ltr'>cuiusvis</span> <span class='ocrx_word' id='word_1_431' title='bbox 1704 1815 1802 1848; x_wconf 88' lang='lat' dir='ltr'>licen-</span> 
     </span>
     <span class='ocr_line' id='line_1_84' title="bbox 1062 1869 1803 1914; baseline -0.001 -10"><span class='ocrx_word' id='word_1_432' title='bbox 1062 1871 1104 1904; x_wconf 87' lang='lat' dir='ltr'>tia</span> <span class='ocrx_word' id='word_1_433' title='bbox 1125 1871 1264 1914; x_wconf 81' lang='lat' dir='ltr'>desuper</span> <span class='ocrx_word' id='word_1_434' title='bbox 1281 1869 1414 1903; x_wconf 86' lang='lat' dir='ltr'>minime</span> <span class='ocrx_word' id='word_1_435' title='bbox 1428 1869 1590 1913; x_wconf 86' lang='lat' dir='ltr'>requisita,</span> <span class='ocrx_word' id='word_1_436' title='bbox 1612 1869 1803 1903; x_wconf 87' lang='lat' dir='ltr'>auctoritate</span> 
     </span>
     <span class='ocr_line' id='line_1_85' title="bbox 1062 1924 1802 1968; baseline -0.003 -10"><span class='ocrx_word' id='word_1_437' title='bbox 1062 1931 1092 1958; x_wconf 89' lang='lat' dir='ltr'>et</span> <span class='ocrx_word' id='word_1_438' title='bbox 1125 1931 1236 1958; x_wconf 88' lang='lat' dir='ltr'>tenore</span> <span class='ocrx_word' id='word_1_439' title='bbox 1271 1924 1445 1968; x_wconf 88' lang='lat' dir='ltr'>praedictis</span> <span class='ocrx_word' id='word_1_440' title='bbox 1469 1951 1475 1964; x_wconf 92' lang='lat'>‚</span> <span class='ocrx_word' id='word_1_441' title='bbox 1513 1924 1609 1957; x_wconf 90' lang='lat' dir='ltr'>etiam</span> <span class='ocrx_word' id='word_1_442' title='bbox 1646 1929 1802 1967; x_wconf 84' lang='lat' dir='ltr'>perpetuo</span> 
     </span>
     <span class='ocr_line' id='line_1_86' title="bbox 1061 1977 1799 2020; baseline -0.004 -9"><span class='ocrx_word' id='word_1_443' title='bbox 1061 1978 1203 2018; x_wconf 87' lang='lat' dir='ltr'>unimus,</span> <span class='ocrx_word' id='word_1_444' title='bbox 1237 1978 1439 2011; x_wconf 88' lang='lat' dir='ltr'>annectimus</span> <span class='ocrx_word' id='word_1_445' title='bbox 1469 1983 1499 2010; x_wconf 92' lang='lat' dir='ltr'>et</span> <span class='ocrx_word' id='word_1_446' title='bbox 1531 1977 1799 2020; x_wconf 87' lang='lat' dir='ltr'>incorporamus;</span> 
     </span>
     <span class='ocr_line' id='line_1_87' title="bbox 1062 2030 1804 2076; baseline -0.005 -11"><span class='ocrx_word' id='word_1_447' title='bbox 1062 2032 1326 2076; x_wconf 83' lang='lat' dir='ltr'>praedictamque</span> <span class='ocrx_word' id='word_1_448' title='bbox 1347 2032 1480 2064; x_wconf 88' lang='lat' dir='ltr'>domum</span> <span class='ocrx_word' id='word_1_449' title='bbox 1502 2041 1575 2064; x_wconf 84' lang='lat' dir='ltr'>cum</span> <span class='ocrx_word' id='word_1_450' title='bbox 1600 2030 1685 2062; x_wconf 91' lang='lat' dir='ltr'>illius</span> <span class='ocrx_word' id='word_1_451' title='bbox 1705 2040 1804 2062; x_wconf 83' lang='lat' dir='ltr'>anne-</span> 
     </span>
     <span class='ocr_line' id='line_1_88' title="bbox 1062 2084 1804 2130; baseline -0.005 -10"><span class='ocrx_word' id='word_1_452' title='bbox 1062 2087 1108 2120; x_wconf 88' lang='lat' dir='ltr'>xis</span> <span class='ocrx_word' id='word_1_453' title='bbox 1128 2092 1159 2119; x_wconf 85' lang='lat' dir='ltr'>et</span> <span class='ocrx_word' id='word_1_454' title='bbox 1179 2086 1403 2130; x_wconf 90' lang='lat' dir='ltr'>dependentiis</span> <span class='ocrx_word' id='word_1_455' title='bbox 1423 2084 1610 2118; x_wconf 86' lang='lat' dir='ltr'>huiusmodi</span> <span class='ocrx_word' id='word_1_456' title='bbox 1629 2112 1635 2124; x_wconf 86' lang='lat'>,</span> <span class='ocrx_word' id='word_1_457' title='bbox 1659 2094 1718 2117; x_wconf 88' lang='lat' dir='ltr'>nec</span> <span class='ocrx_word' id='word_1_458' title='bbox 1739 2094 1804 2117; x_wconf 91' lang='lat' dir='ltr'>non</span> 
     </span>
     <span class='ocr_line' id='line_1_89' title="bbox 1062 2137 1806 2184; baseline -0.005 -11"><span class='ocrx_word' id='word_1_459' title='bbox 1062 2140 1219 2184; x_wconf 81' lang='lat' dir='ltr'>personis,</span> <span class='ocrx_word' id='word_1_460' title='bbox 1243 2145 1274 2173; x_wconf 90' lang='lat' dir='ltr'>et</span> <span class='ocrx_word' id='word_1_461' title='bbox 1291 2139 1361 2172; x_wconf 88' lang='lat' dir='ltr'>aliis</span> <span class='ocrx_word' id='word_1_462' title='bbox 1382 2138 1449 2172; x_wconf 88' lang='lat' dir='ltr'>eius</span> <span class='ocrx_word' id='word_1_463' title='bbox 1474 2138 1612 2171; x_wconf 89' lang='lat' dir='ltr'>alumnis</span> <span class='ocrx_word' id='word_1_464' title='bbox 1633 2143 1661 2170; x_wconf 86' lang='lat' dir='ltr'>et</span> <span class='ocrx_word' id='word_1_465' title='bbox 1681 2137 1806 2169; x_wconf 80' lang='lat' dir='ltr'>liabita-</span> 
     </span>
     <span class='ocr_line' id='line_1_90' title="bbox 1064 2190 1802 2235; baseline -0.003 -10"><span class='ocrx_word' id='word_1_466' title='bbox 1064 2193 1187 2226; x_wconf 89' lang='lat' dir='ltr'>toribus</span> <span class='ocrx_word' id='word_1_467' title='bbox 1208 2193 1267 2226; x_wconf 91' lang='lat' dir='ltr'>sub</span> <span class='ocrx_word' id='word_1_468' title='bbox 1288 2198 1398 2225; x_wconf 90' lang='lat' dir='ltr'>nostra</span> <span class='ocrx_word' id='word_1_469' title='bbox 1418 2198 1448 2225; x_wconf 90' lang='lat' dir='ltr'>et</span> <span class='ocrx_word' id='word_1_470' title='bbox 1467 2192 1557 2225; x_wconf 87' lang='lat' dir='ltr'>Sedis</span> <span class='ocrx_word' id='word_1_471' title='bbox 1577 2190 1780 2235; x_wconf 81' lang='lat' dir='ltr'>Apostolicac</span> <span class='ocrx_word' id='word_1_472' title='bbox 1795 2217 1802 2230; x_wconf 92' lang='lat'>‚</span> 
     </span>
     <span class='ocr_line' id='line_1_91' title="bbox 1064 2244 1807 2279; baseline -0.004 0"><span class='ocrx_word' id='word_1_473' title='bbox 1064 2257 1189 2279; x_wconf 91' lang='lat' dir='ltr'>necnon</span> <span class='ocrx_word' id='word_1_474' title='bbox 1211 2246 1306 2279; x_wconf 88' lang='lat' dir='ltr'>unius</span> <span class='ocrx_word' id='word_1_475' title='bbox 1325 2257 1361 2279; x_wconf 82' lang='lat' dir='ltr'>ex</span> <span class='ocrx_word' id='word_1_476' title='bbox 1386 2245 1623 2279; x_wconf 78' lang='lat' dir='ltr'>venerabilibus</span> <span class='ocrx_word' id='word_1_477' title='bbox 1654 2244 1807 2277; x_wconf 87' lang='lat' dir='ltr'>fratribus</span> 
     </span>
     <span class='ocr_line' id='line_1_92' title="bbox 1064 2297 1806 2341; baseline -0.005 -8"><span class='ocrx_word' id='word_1_478' title='bbox 1064 2300 1181 2333; x_wconf 90' lang='lat' dir='ltr'>nostris</span> <span class='ocrx_word' id='word_1_479' title='bbox 1201 2300 1231 2333; x_wconf 81' lang='lat' dir='ltr'>S.</span> <span class='ocrx_word' id='word_1_480' title='bbox 1246 2300 1281 2332; x_wconf 76' lang='lat' dir='ltr'>R.</span> <span class='ocrx_word' id='word_1_481' title='bbox 1298 2299 1332 2332; x_wconf 84' lang='lat' dir='ltr'>E.</span> <span class='ocrx_word' id='word_1_482' title='bbox 1348 2298 1567 2332; x_wconf 83' lang='lat' dir='ltr'>cardinalibus</span> <span class='ocrx_word' id='word_1_483' title='bbox 1585 2308 1642 2341; x_wconf 86' lang='lat' dir='ltr'>per</span> <span class='ocrx_word' id='word_1_484' title='bbox 1657 2297 1806 2330; x_wconf 81' lang='lat' dir='ltr'>eumdem</span> 
     </span>
     <span class='ocr_line' id='line_1_93' title="bbox 1065 2350 1807 2396; baseline -0.004 -11"><span class='ocrx_word' id='word_1_485' title='bbox 1065 2353 1261 2396; x_wconf 85' lang='lat' dir='ltr'>praesectum</span> <span class='ocrx_word' id='word_1_486' title='bbox 1282 2362 1342 2396; x_wconf 91' lang='lat' dir='ltr'>pro</span> <span class='ocrx_word' id='word_1_487' title='bbox 1364 2358 1508 2395; x_wconf 85' lang='lat' dir='ltr'>tempore</span> <span class='ocrx_word' id='word_1_488' title='bbox 1533 2350 1685 2393; x_wconf 75' lang='lat' dir='ltr'>eligendi,</span> <span class='ocrx_word' id='word_1_489' title='bbox 1702 2355 1732 2383; x_wconf 86' lang='lat' dir='ltr'>et</span> <span class='ocrx_word' id='word_1_490' title='bbox 1749 2360 1807 2393; x_wconf 86' lang='lat' dir='ltr'>pro</span> 
     </span>
     <span class='ocr_line' id='line_1_94' title="bbox 1065 2404 1808 2439; baseline -0.004 0"><span class='ocrx_word' id='word_1_491' title='bbox 1065 2407 1124 2439; x_wconf 89' lang='lat' dir='ltr'>hac</span> <span class='ocrx_word' id='word_1_492' title='bbox 1144 2406 1212 2439; x_wconf 91' lang='lat' dir='ltr'>vice</span> <span class='ocrx_word' id='word_1_493' title='bbox 1233 2406 1291 2439; x_wconf 91' lang='lat' dir='ltr'>sub</span> <span class='ocrx_word' id='word_1_494' title='bbox 1313 2406 1421 2438; x_wconf 91' lang='lat' dir='ltr'>dilecti</span> <span class='ocrx_word' id='word_1_495' title='bbox 1451 2405 1508 2437; x_wconf 81' lang='lat' dir='ltr'>filii</span> <span class='ocrx_word' id='word_1_496' title='bbox 1538 2404 1638 2438; x_wconf 89' lang='lat' dir='ltr'>nostri</span> <span class='ocrx_word' id='word_1_497' title='bbox 1665 2404 1808 2437; x_wconf 84' lang='lat' dir='ltr'>Caesaris</span> 
     </span>
     <span class='ocr_line' id='line_1_95' title="bbox 1066 2457 1808 2498; baseline -0.003 -7"><span class='ocrx_word' id='word_1_498' title='bbox 1066 2459 1147 2492; x_wconf 88' lang='lat' dir='ltr'>tituli</span> <span class='ocrx_word' id='word_1_499' title='bbox 1173 2465 1358 2492; x_wconf 87' lang='lat' dir='ltr'>sanctorum</span> <span class='ocrx_word' id='word_1_500' title='bbox 1372 2458 1477 2498; x_wconf 81' lang='lat' dir='ltr'>Nerei,</span> <span class='ocrx_word' id='word_1_501' title='bbox 1502 2457 1636 2491; x_wconf 78' lang='lat' dir='ltr'>Achillei</span> <span class='ocrx_word' id='word_1_502' title='bbox 1657 2462 1687 2490; x_wconf 87' lang='lat' dir='ltr'>et</span> <span class='ocrx_word' id='word_1_503' title='bbox 1700 2457 1808 2490; x_wconf 90' lang='lat' dir='ltr'>Domi-</span> 
     </span>
     <span class='ocr_line' id='line_1_96' title="bbox 1066 2511 1807 2557; baseline -0.003 -12"><span class='ocrx_word' id='word_1_504' title='bbox 1066 2513 1151 2546; x_wconf 89' lang='lat' dir='ltr'>tillae</span> <span class='ocrx_word' id='word_1_505' title='bbox 1166 2512 1343 2557; x_wconf 70' lang='lat' dir='ltr'>presbyteri</span> <span class='ocrx_word' id='word_1_506' title='bbox 1358 2511 1529 2545; x_wconf 87' lang='lat' dir='ltr'>cardinalis</span> <span class='ocrx_word' id='word_1_507' title='bbox 1542 2511 1669 2545; x_wconf 88' lang='lat' dir='ltr'>Baronii</span> <span class='ocrx_word' id='word_1_508' title='bbox 1684 2521 1807 2543; x_wconf 89' lang='lat' dir='ltr'>nuncu-</span> 
     </span>
     <span class='ocr_line' id='line_1_97' title="bbox 1065 2564 1803 2610; baseline -0.003 -11"><span class='ocrx_word' id='word_1_509' title='bbox 1065 2566 1141 2610; x_wconf 89' lang='lat' dir='ltr'>pati,</span> <span class='ocrx_word' id='word_1_510' title='bbox 1156 2566 1356 2610; x_wconf 83' lang='lat' dir='ltr'>protectione</span> <span class='ocrx_word' id='word_1_511' title='bbox 1378 2571 1408 2598; x_wconf 81' lang='lat' dir='ltr'>et</span> <span class='ocrx_word' id='word_1_512' title='bbox 1426 2564 1577 2609; x_wconf 86' lang='lat' dir='ltr'>auspiciis</span> <span class='ocrx_word' id='word_1_513' title='bbox 1601 2564 1803 2608; x_wconf 53' lang='lat' dir='ltr'>suscipimus⁴</span> 
     </span>
     <span class='ocr_line' id='line_1_98' title="bbox 1111 2618 1806 2663; baseline -0.001 -11"><span class='ocrx_word' id='word_1_514' title='bbox 1111 2622 1127 2663; x_wconf 63' lang='grc' dir='ltr'><strong>ς</strong></span> <span class='ocrx_word' id='word_1_515' title='bbox 1148 2619 1178 2653; x_wconf 86' lang='grc'>6.</span> <span class='ocrx_word' id='word_1_516' title='bbox 1207 2619 1356 2653; x_wconf 86' lang='lat' dir='ltr'>Eiusdem</span> <span class='ocrx_word' id='word_1_517' title='bbox 1378 2619 1541 2663; x_wconf 84' lang='lat' dir='ltr'>praesecto</span> <span class='ocrx_word' id='word_1_518' title='bbox 1562 2623 1593 2651; x_wconf 87' lang='lat' dir='ltr'>et</span> <span class='ocrx_word' id='word_1_519' title='bbox 1621 2618 1806 2662; x_wconf 76' lang='lat' dir='ltr'>praesbyte-</span> 
     </span>
     <span class='ocr_line' id='line_1_99' title="bbox 1066 2671 1806 2718; baseline -0.004 -11"><span class='ocrx_word' id='word_1_520' title='bbox 1066 2674 1120 2715; x_wconf 84' lang='lat' dir='ltr'>ris,</span> <span class='ocrx_word' id='word_1_521' title='bbox 1144 2679 1179 2707; x_wconf 92' lang='lat' dir='ltr'>ut</span> <span class='ocrx_word' id='word_1_522' title='bbox 1198 2684 1257 2718; x_wconf 93' lang='lat' dir='ltr'>pro</span> <span class='ocrx_word' id='word_1_523' title='bbox 1278 2673 1393 2707; x_wconf 89' lang='lat' dir='ltr'>domus</span> <span class='ocrx_word' id='word_1_524' title='bbox 1417 2672 1600 2717; x_wconf 85' lang='lat' dir='ltr'>praedictae</span> <span class='ocrx_word' id='word_1_525' title='bbox 1616 2699 1623 2713; x_wconf 86' lang='lat'>,</span> <span class='ocrx_word' id='word_1_526' title='bbox 1658 2671 1806 2716; x_wconf 89' lang='lat' dir='ltr'>illiusque</span> 
     </span>
    </p>
   </div>
   <div class='ocr_carea' id='block_1_17' title="bbox 1817 262 2001 290">
    <p class='ocr_par' dir='ltr' id='par_1_17' title="bbox 1817 262 2001 290">
     <span class='ocr_line' id='line_1_100' title="bbox 1817 262 2001 290; baseline -0.005 0"><span class='ocrx_word' id='word_1_527' title='bbox 1817 264 1866 290; x_wconf 80' lang='lat' dir='ltr'>An.</span> <span class='ocrx_word' id='word_1_528' title='bbox 1887 263 1914 289; x_wconf 84' lang='lat' dir='ltr'>C.</span> <span class='ocrx_word' id='word_1_529' title='bbox 1935 262 2001 290; x_wconf 77' lang='lat'>1590</span> 
     </span>
    </p>
   </div>
   <div class='ocr_carea' id='block_1_18' title="bbox 1816 590 2001 644">
    <p class='ocr_par' dir='ltr' id='par_1_18' title="bbox 1816 590 2001 644">
     <span class='ocr_line' id='line_1_101' title="bbox 1835 590 2001 620; baseline -0.012 -8"><span class='ocrx_word' id='word_1_530' title='bbox 1835 591 1858 612; x_wconf 79' lang='lat' dir='ltr'>Ei</span> <span class='ocrx_word' id='word_1_531' title='bbox 1869 590 2001 620; x_wconf 71' lang='lat' dir='ltr'>supradicto·</span> 
     </span>
     <span class='ocr_line' id='line_1_102' title="bbox 1816 619 1986 644; baseline -0.012 -5"><span class='ocrx_word' id='word_1_532' title='bbox 1816 620 1860 639; x_wconf 83' lang='lat' dir='ltr'>untt</span> <span class='ocrx_word' id='word_1_533' title='bbox 1874 619 1986 644; x_wconf 75' lang='lat' dir='ltr'>prioratus.</span> 
     </span>
    </p>
   </div>
   <div class='ocr_carea' id='block_1_19' title="bbox 1822 2634 2007 2683">
    <p class='ocr_par' dir='ltr' id='par_1_19' title="bbox 1822 2634 2007 2683">
     <span class='ocr_line' id='line_1_103' title="bbox 1844 2634 2007 2656; baseline -0.025 0"><span class='ocrx_word' id='word_1_534' title='bbox 1844 2635 1960 2656; x_wconf 68' lang='lat' dir='ltr'>l’racsrclis</span> <span class='ocrx_word' id='word_1_535' title='bbox 1971 2634 2007 2654; x_wconf 81' lang='lat' dir='ltr'>do-</span> 
     </span>
     <span class='ocr_line' id='line_1_104' title="bbox 1822 2662 2007 2683; baseline -0.011 0"><span class='ocrx_word' id='word_1_536' title='bbox 1822 2668 1867 2683; x_wconf 80' lang='lat' dir='ltr'>mus</span> <span class='ocrx_word' id='word_1_537' title='bbox 1886 2662 2007 2682; x_wconf 66' lang='lat' dir='ltr'>facultati-m</span> 
     </span>
    </p>
   </div>
  </div>
 </body>
</html>
