2253 3195
230 242 279 268 An.
297 241 326 268 C.
348 240 416 268 1603

257 307 331 328 Certus
344 304 415 330 capel-

228 337 323 357 lanorum
342 338 416 354 uume-

231 369 266 383 rus
273 369 286 383 a
295 366 346 385 rcssss
354 364 415 386 1¹³³&

229 389 341 411 finiendus.

419 1199 569 1239 ,valeant,
593 1209 652 1232 nec
672 1199 769 1232 etiam
791 1198 886 1232 aliam
907 1198 974 1243 ipse
994 1199 1180 1243 capellanus

462 230 526 265 888

430 290 614 329 tandorum,
636 289 667 321 in
689 288 839 331 dictaque
856 287 979 331 capella
996 293 1028 321 et
1047 287 1174 321 fortali-

430 342 481 376 tiis
501 342 673 386 praedictis
699 341 874 386 respective
901 341 1056 374 continuo
1084 341 1176 374 inha-

430 396 613 437 bitantium,
637 402 668 429 et
687 400 761 429 actu
781 395 851 439 ipso
872 401 903 428 et
921 406 995 428 cum
1015 394 1176 439 stipendio

429 449 637 482 servientium
675 459 830 482 numerus
863 460 880 482 a
912 459 988 491 rege
1020 454 1075 482 aut
1101 459 1176 492 pro-

431 513 505 545 rege
533 507 692 536 statuatur
719 508 751 536 et
780 501 1040 546 praescribatur:
1073 503 1176 547 quod-

430 566 492 599 que
518 556 558 596 ii,
587 562 615 589 et
647 555 790 589 eiusdem
812 555 955 599 capellae
975 561 1123 589 cantores
1147 561 1175 588 et

429 609 594 642 scholares
624 609 736 652 gratiis
764 615 793 642 et
827 608 1087 653 exemptionibus
1117 608 1176 642 hu-

430 662 570 696 iusmodi
591 663 732 705 gaudere
750 663 935 695 nullatenus
955 662 1093 702 valeant,
1116 662 1177 695 nisi
1194 669 1195 690 t

430 721 503 749 actu
524 716 556 748 in
577 715 701 760 capella
721 715 789 760 ipsa
809 715 1000 754 inserviant,
1028 726 1065 748 ac
1090 715 1196 758 regia,

430 769 591 813 stipendia
622 779 695 802 vere
731 769 924 813 percipiant.
958 769 1179 813 Volumusque

429 827 600 866 praeterea
622 829 653 856 et
673 829 764 856 motu
793 822 891 856 simili
920 823 1128 867 decernimus
1148 829 1180 856 et

431 877 634 910 declaramus
662 877 750 921 quod
786 882 851 910 tam
888 877 956 921 ipse
994 877 1180 921 capellanus

431 930 547 971 maior,
571 941 667 975 quam
696 930 749 964 alii
776 930 964 975 supradicti,
992 931 1031 964 de
1052 934 1197 964 caetero*

431 983 528 1017 nullis
548 984 631 1025 aliis,
654 989 885 1028 praeterquam
906 994 1005 1028 supra
1023 984 1198 1028 expressis¹

432 1037 648 1079 facultatibus,
672 1037 860 1082 privilegiis,
884 1037 996 1081 gratiis
1016 1044 1047 1071 et
1071 1038 1179 1071 indul-

431 1092 482 1133 tis,
499 1098 529 1125 et
550 1092 658 1136 quoad
679 1102 845 1136 personas,
866 1102 928 1133 res,
945 1091 1016 1125 loca
1037 1097 1068 1125 et
1088 1101 1198 1125 casus·

431 1156 529 1189 snpra
550 1155 716 1190 expressos
734 1145 911 1185 dumtaxat,
930 1145 1118 1189 respective,
1134 1145 1179 1178 uti

433 1252 537 1285 maior
566 1263 663 1296 quam
697 1263 796 1297 supra
826 1262 1010 1297 expressam
1042 1252 1177 1286 iurisdi-

433 1306 574 1340 ctionem
606 1312 638 1340 et
666 1306 928 1350 superioritatem
955 1306 986 1338 in
1013 1305 1176 1347 ecclesiis,

433 1366 464 1393 et
487 1360 634 1404 personis
654 1360 840 1394 huiusmodi
859 1361 992 1402 habere,
1016 1371 1176 1401 exercere,

434 1413 483 1446 vel
503 1413 678 1454 vindicare,
702 1419 756 1447 aut
776 1414 1001 1458 praetendere,
1025 1414 1122 1447 etiam
1136 1413 1181 1446 vi-

435 1477 514 1509 gore
549 1467 743 1501 extensionis
775 1478 831 1501 seu
857 1467 1177 1511 comprehensionis,

434 1532 490 1554 seu
521 1521 618 1555 etiam
651 1521 787 1555 rationis
808 1521 1022 1563 mai0ritatis,
1047 1528 1102 1555 aut
1121 1523 1180 1556 sub

434 1579 601 1618 praetextu
631 1575 892 1619 supradictorum
920 1575 1035 1609 Leonis
1060 1576 1104 1617 X,
1127 1581 1182 1609 aut

434 1627 572 1661 aliorum
600 1638 883 1673 quorumcumque
914 1628 1154 1672 privilegiorum
1171 1657 1178 1671 ,

434 1691 491 1714 seu
515 1682 727 1725 possessionis
759 1681 854 1715 etiam
888 1682 1178 1724 immemorabilis,

433 1741 489 1768 aut
520 1735 603 1768 tituli
630 1745 666 1768 ex
699 1746 737 1769 ea
766 1735 974 1777 resultantis,
998 1741 1054 1769 aut
1085 1736 1180 1770 ctiam

434 1787 587 1822 scientiae
602 1816 609 1829 ,
629 1788 804 1832 patientiae
831 1795 860 1822 ct
884 1789 1073 1823 tolerantiae
1099 1800 1181 1834 quo-

436 1853 651 1888 rumcumque
671 1843 889 1887 superiorum,
913 1849 968 1877 aut
988 1844 1101 1888 quovis
1118 1845 1182 1878 alio

434 1902 625 1940 praetextu,
655 1896 817 1930 ullatenus
852 1896 960 1941 possit.
1000 1898 1063 1931 Nos
1095 1898 1180 1931 enim

435 1960 657 1994 quascumque
670 1950 749 1983 alias
762 1950 938 1989 facultates,
948 1951 1179 1995 exemptiones,

436 2003 604 2047 privilegia
618 2032 625 2045 ,
648 2003 766 2046 gratias
795 2010 823 2037 ct
854 2004 980 2037 indulta
1000 2015 1059 2049 per
1079 2016 1179 2049 quos-

437 2067 577 2101 cumque
597 2057 761 2091 Romanos
778 2057 961 2099 Pontifices,
985 2064 1016 2092 et
1035 2069 1183 2103 praeser-

438 2110 493 2143 tim
515 2110 654 2143 Leonem
678 2110 897 2155 praedictum,
920 2111 1184 2155 praedecessores

439 2169 576 2205 nostros,
599 2174 636 2197 ac
656 2164 770 2197 Sedem
797 2164 1014 2208 Apostolicam
1042 2166 1184 2210 capellae

439 2216 557 2259 regiae,
580 2217 747 2261 capellano
769 2217 894 2258 maiori,
915 2217 1051 2262 aliisque
1073 2219 1181 2263 capel-

439 2271 536 2311 lanis,
557 2271 760 2311 cantoribus,
780 2271 983 2305 scholaribus
1003 2277 1032 2305 et
1059 2272 1129 2305 aliis
1150 2285 1185 2307 u-

440 2324 584 2368 triusque
605 2335 698 2358 sexus
715 2324 979 2358 clu-istilideliluts
993 2325 1185 2369 supradictis

441 2377 594 2411 bac-tenus
622 2388 790 2417 concessa,
815 2378 1001 2423 litterasque
1026 2379 1182 2423 apostoli-

441 2442 514 2469 cas,
543 2430 639 2464 ctiam
670 2431 701 2464 iu
735 2432 838 2464 forma
870 2431 996 2470 brevis,
1023 2437 1077 2465 aut
1108 2431 1186 2466 alias

441 2485 687 2527 quomodolibet
713 2485 852 2529 desuper
871 2485 1047 2530 expeditas,
1061 2486 1185 2521 etiamsi

443 2536 473 2569 iu
495 2537 540 2569 eis
561 2543 711 2571 caveatur
731 2549 891 2582 expresse,
913 2538 1000 2582 quod
1023 2539 1184 2579 revocari,

442 2590 622 2630 annullari,
645 2592 820 2635 suspendi,
850 2591 982 2625 limitari
1007 2597 1038 2625 et
1063 2591 1186 2636 aboleri

443 2643 646 2684 nullatenus,
671 2650 722 2677 aut
745 2644 871 2678 nonnisi
893 2645 932 2678 de
953 2656 1012 2689 pro
1042 2651 1187 2689 tempore

1014 239 1199 263 BULLARIUM
1219 239 1374 264 ROMANUM

1211 287 1376 321 existentis
1411 287 1501 330 regni
1529 287 1732 332 Neapolitani
1757 288 1842 331 regis
1871 298 1951 322 con*-

1211 351 1318 382 sensu,
1341 340 1475 385 possint,
1498 341 1651 384 quodque
1671 340 1764 374 aliter
1783 341 1885 374 sactae
1897 352 1951 375 re-

1211 394 1408 435 vocationes,
1431 395 1684 436 annullationes,
1707 395 1952 439 suspensiones,

1211 447 1420 481 limitationes
1447 453 1477 482 et
1510 447 1702 481 abolitiones
1732 449 1841 481 nullae
1871 448 1952 490 sint,

1211 507 1313 542 motu,
1336 501 1470 536 scientia
1499 507 1528 535 et
1560 501 1728 545 potestatis
1754 501 1955 545 plenitudine

1210 554 1363 598 paribus,
1383 559 1541 599 perpetuo
1568 564 1778 595 revocamus,
1803 554 1952 588 annulla-

1211 618 1294 649 mus,
1312 618 1474 642 cassamus
1494 614 1524 641 et
1545 608 1723 649 abolemus,
1743 618 1780 641 ac
1793 613 1952 650 revocata,

1211 662 1396 703 annullata,
1417 672 1506 695 cassa
1526 667 1555 695 et
1577 661 1697 695 abolita
1717 672 1786 695 esse
1806 661 1953 695 declara-

1212 726 1303 757 mus,
1327 721 1359 749 et
1378 716 1580 760 capellanum
1608 715 1765 749 maiorem
1780 743 1788 756 ,
1811 715 1957 758 aliosque

1212 770 1415 814 supradictos
1429 771 1469 804 ad
1482 770 1556 811 alia,
1573 781 1671 814 quam
1685 780 1783 814 super
1795 779 1955 814 expressa,

1213 824 1422 867 acquirenda,
1449 829 1607 868 perpetuo
1628 823 1788 857 inhabiles
1813 828 1844 856 et
1863 822 1958 856 inca!

1213 888 1309 922 paces
1338 878 1516 919 reddimus,
1543 883 1575 911 et
1600 887 1840 922 quamcumque
1866 875 1956 921 quasi

1213 931 1461 975 possessionem,
1483 931 1579 964 etiam
1601 930 1906 971 immemorabilem,
1927 934 1959 963 et

1214 984 1433 1018 centenariam
1448 990 1480 1018 et
1492 984 1587 1025 ultra,
1603 984 1836 1028 improbamus,
1853 983 1896 1016 ita
1908 987 1955 1022 ut,

1214 1049 1274 1071 nec
1289 1037 1392 1078 titulo,
1416 1048 1475 1071 nec
1489 1048 1584 1071 causa
1597 1037 1704 1081 aliqua
1717 1037 1819 1081 possit
1827 1041 1959 1080 propte-

1215 1103 1270 1125 rea
1281 1091 1424 1135 allegari,
1435 1096 1466 1124 et
1479 1091 1511 1124 in
1527 1091 1648 1124 iudicio
1659 1096 1714 1124 aut
1724 1096 1812 1124 extra
1825 1089 1959 1130 eisdem,

1215 1146 1310 1179 etiam
1336 1145 1376 1178 ad
1397 1145 1547 1178 effectum
1566 1145 1751 1186 excusandi,
1774 1143 1956 1186 suffragari,

1214 1198 1386 1233 Ordinario
1403 1198 1465 1232 loci
1480 1198 1511 1231 in
1529 1198 1680 1232 omnibus
1694 1204 1726 1231 et
1745 1197 1879 1240 singulis
1890 1196 1960 1230 aliis

1214 1253 1340 1287 casibus
1348 1251 1580 1297 praesentibus,
1590 1259 1742 1295 utsupra,
1754 1261 1820 1284 non
1833 1260 1961 1294 expres-

1214 1306 1267 1347 sis,
1282 1306 1378 1340 etiam
1394 1305 1425 1338 in
1447 1305 1551 1349 ipsum
1566 1305 1770 1348 capellanum
1785 1303 1956 1342 maiorem,

1215 1361 1246 1393 in
1267 1359 1418 1394 omnibus
1447 1364 1479 1392 et
1501 1369 1560 1403 per
1584 1358 1714 1397 omnia,
1738 1356 1962 1391 iurisdictione

1215 1420 1245 1447 ct
1269 1412 1495 1457 superioritate
1522 1421 1652 1456 semper
1675 1410 1770 1445 salvis
1797 1416 1829 1444 et
1858 1420 1962 1444 reser-

1216 1467 1303 1501 vatis.
1327 1466 1495 1500 Caeterum
1516 1465 1542 1499 si
1567 1464 1732 1508 contingat
1760 1463 1960 1498 maiestatem

1216 1527 1315 1561 tuam,
1339 1526 1369 1554 et
1390 1530 1450 1564 pro
1477 1526 1622 1563 tempore
1647 1518 1819 1552 existentes
1842 1517 1959 1561 llispa-

1216 1575 1343 1608 uiarum
1370 1579 1401 1607 et
1428 1572 1602 1616 Utriusque
1631 1571 1757 1606 Siciliae
1786 1570 1963 1604 catholicos

1217 1640 1319 1672 reges,
1326 1633 1398 1661 tuos
1406 1637 1617 1668 successores,
1626 1626 1666 1660 ad
1676 1625 1877 1670 praedictum
1886 1624 1963 1658 Nea-

1215 1671 1396 1728 ¹politanum
1409 1691 1544 1724 regnum
1563 1679 1779 1725 personaliter
1791 1678 1959 1719 accedere,

1216 1737 1325 1781 ibique
1346 1735 1560 1780 personaliter
1580 1734 1723 1768 residere
1740 1739 1796 1767 aut
1815 1743 1962 1767 commo-

1217 1790 1303 1831 rari,
1331 1795 1365 1823 ut
1396 1789 1581 1833 capellanus
1612 1787 1716 1821 maior
1752 1787 1809 1821 tibi
1836 1785 1963 1830 tuisque

1216 1842 1474 1882 successorihus,
1497 1847 1569 1875 actu
1596 1840 1794 1881 inserviens,
1817 1839 1914 1874 etiam
1935 1839 1962 1873 si

1217 1897 1297 1930 sorte
1320 1895 1506 1940 capellanus
1526 1890 1592 1939 ipse
1612 1904 1672 1939 pro
1693 1903 1794 1937 regno
1814 1891 1963 1937 Neapoli-

1219 1957 1293 1984 tano
1314 1949 1506 1983 constitutus
1535 1953 1567 1982 et
1597 1948 1770 1992 deputatus
1798 1945 1959 1988 extiterit,

1217 2003 1369 2037 omnibus
1392 2001 1578 2046 privilegiis,
1599 2000 1814 2041 facultatibus,
1837 1997 1960 2043 gratiis,

1219 2056 1351 2090 indultis
1382 2061 1413 2089 ct
1443 2053 1676 2099 praerogativis
1707 2064 1766 2098 per
1796 2063 1877 2094 nos,
1909 2057 1965 2086 aut

1218 2111 1381 2144 Romanos
1405 2108 1587 2149 Pontifices,
1610 2107 1879 2152 praedecessores
1897 2115 1960 2140 no-

1218 2169 1318 2206 stros,
1339 2162 1506 2207 capellano
1539 2160 1653 2195 maiori
1682 2160 1825 2206 capellae
1855 2158 1964 2203 regiae

1221 2217 1250 2251 in
1276 2215 1502 2261 Hispaniarum
1532 2214 1640 2257 regnis
1667 2213 1838 2255 existenti,
1866 2212 1963 2246 etiam

1220 2271 1352 2303 domum
1374 2274 1404 2302 et
1429 2267 1584 2302 familiam
1617 2266 1738 2309 regiam
1771 2272 1826 2300 aut
1856 2265 1963 2300 aulam

1220 2329 1249 2357 et
1271 2322 1393 2356 ruriam
1416 2321 1536 2364 regiam
1557 2326 1741 2366 sequentes,
1757 2328 1961 2354 concernen-

1221 2377 1304 2411 tibus
1315 2383 1346 2410 et
1365 2375 1536 2416 concessis,
1552 2374 1610 2416 uti,
1635 2373 1708 2415 frui,
1726 2373 1879 2417 gaudere,
1896 2372 1965 2406 illa-

1221 2442 1283 2475 que
1297 2440 1458 2469 exercerc,
1479 2428 1574 2463 etiam
1589 2428 1619 2461 in
1634 2426 1801 2472 praedicto
1814 2423 1965 2470 Neapoli·

1223 2489 1297 2518 tauo
1325 2493 1442 2524 regno,
1472 2481 1628 2527 quamdiu
1650 2480 1769 2514 ibidem
1791 2489 1883 2522 reges
1902 2477 1962 2523 ipsi

1223 2547 1347 2570 moratu
1370 2535 1508 2574 trahent,
1533 2535 1618 2568 iuxta
1639 2533 1882 2578 privilegiorum
1902 2541 1960 2565 eo-

1224 2590 1371 2625 rumdem
1395 2591 1544 2627 tormam,
1561 2586 1792 2622 continentiam
1815 2591 1848 2619 ct
1867 2590 1961 2619 teno-

1223 2656 1303 2685 rem,
1321 2644 1406 2678 ultra
1427 2642 1617 2688 praemissas
1630 2641 1760 2685 gratias,
1784 2639 1959 2680 facultates,

1967 239 2018 268 Αιι.
2033 240 2064 269 C.
2083 239 2148 270 itt?
2182 242 2186 245 “

2019 460 2096 482 Omnia
2117 459 2135 477 ι’
2187 467 2190 471 ’
2205 443 2209 454 ¹¹

1968 487 2080 514 privilegia
2113 489 2130 518 ⁴

1969 513 2080 562 pam-exd-
2093 522 2120 542 Δι’
