2253 3195
260 192 309 218 An.
331 192 359 218 C.
378 192 445 220 ¹593
493 183 532 217 78

459 243 555 276 modo
576 243 647 287 quis
667 244 856 277 auctoritate
876 243 1095 287 praesentium
1116 244 1199 277 ultra

458 301 521 328 tres
541 295 661 329 diaetas
681 296 719 329 ad
749 296 902 329 iudicium
934 307 998 329 non
1029 296 1195 336 traliatur;

457 349 590 392 aliisque
615 349 895 382 constitutionibus
925 355 951 382 et
985 350 1198 384 ordinationi-

457 401 515 434 bus
534 402 731 445 apostolicis:
747 412 782 434 ac
800 402 894 434 etiam
913 402 1105 443 iuramento,
1123 414 1198 437 con-

447 454 636 490 firmatione
657 455 833 498 apostolica
853 455 900 488 vel
918 456 1028 500 quavis
1047 457 1198 491 firmitate

455 508 516 540 alia
530 508 699 545 roboratis,
716 508 840 542 statutis
855 515 883 543 et
897 510 1195 547 consuetudinibus:

455 561 628 604 privilegiis
641 573 781 607 quoque,
798 563 929 597 indultis
947 570 974 598 et
998 564 1109 598 litteris
1122 576 1199 609 apo-

454 615 574 648 stolicis
586 626 644 659 pro
659 622 804 660 tempore
817 617 962 651 existenti
983 619 1098 661 legato,
1113 619 1197 652 rice-

454 669 558 711 legato
579 675 610 702 et
629 669 793 713 quibusvis
809 671 890 711 aliis,
908 672 967 704 sub
988 672 1197 716 quibuscum-

454 733 515 765 que
537 722 701 756 tenoribus
722 729 751 757 et
772 724 895 765 formis,
912 735 949 758 ac
969 736 1041 758 cum
1063 725 1196 769 quibus-

454 776 517 813 vis,
541 776 635 810 etiam
657 777 934 821 derogatoriarum
963 779 1193 823 derogatoriis‚

453 829 587 874 aliisque
608 830 842 864 efficacioribus
862 837 890 865 et
915 832 1049 866 insolitis
1069 834 1196 867 clausu-

453 882 502 921 lis,
524 883 786 928 irritantibusque
807 890 835 917 et
854 885 924 918 aliis
937 886 1083 926 decretis,
1101 887 1195 920 etiam

454 935 572 969 iteratis
586 937 717 977 vicibus,
734 937 765 970 in
786 948 904 979 genere
925 939 972 972 rel
994 939 1025 972 in
1043 941 1148 984 specie
1160 952 1197 975 ac

453 989 530 1022 alias
550 990 793 1033 quomodolibet
813 992 988 1031 concessis,
1012 994 1196 1038 approbatis

453 1042 500 1075 vel
522 1042 688 1076 innovatis.
712 1043 833 1083 Quibus
861 1045 1021 1084 omnibus,
1057 1047 1192 1087 etiamsi,

453 1106 512 1139 pro
545 1096 672 1129 illorum
703 1097 871 1131 sufficienti
905 1098 1124 1142 derogatione,
1157 1102 1195 1134 dc

454 1148 515 1182 illis
535 1151 811 1194 eorumquetotis
844 1152 1007 1186 tenoribus
1036 1154 1192 1198 specialis,

452 1202 612 1245 specifica,
633 1214 778 1247 expressa
799 1210 827 1237 et
850 1204 1030 1242 individua.
1055 1217 1116 1240 non
1139 1218 1195 1241 au-

454 1262 516 1288 tem
538 1267 596 1300 per
609 1257 768 1290 clausulas
789 1259 954 1301 generales
971 1259 1055 1293 idem
1077 1260 1196 1305 impor-

452 1314 564 1349 tantes,
590 1310 710 1344 mentio
731 1322 785 1344 seu
807 1312 937 1356 quaevis
953 1313 1015 1345 alia
1033 1314 1195 1358 expressio

451 1362 610 1403 habenda,
631 1369 683 1396 aut
705 1363 813 1408 aliqua
837 1364 900 1398 alia
919 1365 1075 1409 exquisita
1093 1367 1194 1400 forma

451 1416 491 1449 ad
505 1415 566 1450 hoc
579 1417 734 1450 servanda
748 1418 839 1457 soret,
855 1424 982 1452 tenores
996 1419 1192 1462 huiusmodi,

451 1480 488 1502 ac
515 1469 539 1502 si
561 1470 600 1503 de
621 1470 718 1503 verbo
738 1471 777 1504 ad
798 1471 943 1511 verbum,
967 1472 1045 1505 nibil
1067 1474 1196 1518 penitus

451 1517 582 1562 omisso,
597 1528 626 1556 et
641 1524 743 1557 forma
765 1524 795 1557 in
811 1524 872 1558 illis
888 1525 1002 1558 tradita
1013 1526 1191 1567 observata,

452 1575 561 1609 inserti
584 1578 698 1617 sorent,
716 1579 939 1622 praesentibus
959 1590 1017 1624 pro
1035 1581 1195 1615 sufficien-

453 1635 499 1662 ter
512 1631 668 1674 expressis
679 1637 707 1664 et
723 1631 848 1665 insertis
862 1632 1027 1674 babentes,
1043 1634 1104 1667 illis
1118 1635 1195 1669 alias

451 1682 481 1715 in
503 1693 560 1715 suo
582 1683 698 1717 roboro
719 1685 936 1728 permansuris
950 1685 1008 1719 hac
1023 1686 1089 1720 ricc
1103 1688 1194 1721 dum-

451 1741 546 1776 taxat,
564 1737 677 1770 batum
699 1738 792 1778 serie,
806 1739 988 1782 specialiter
1001 1746 1027 1773 et
1048 1751 1193 1784 expresse

451 1789 655 1830 devocamus,
670 1792 838 1825 contrariis
851 1793 1120 1837 quibuscumque.
1134 1796 1192 1828 Aut

450 1842 474 1875 si
494 1843 598 1885 legato
610 1849 639 1876 et
654 1844 850 1886 vice-legato
862 1846 1038 1889 praesentis
1056 1847 1102 1880 vel
1121 1848 1192 1891 qui-

452 1895 555 1929 busvis
577 1897 645 1930 aliis
676 1899 892 1932 communiter
922 1900 968 1932 vel
999 1899 1123 1933 divisim
1153 1901 1192 1934 ab

450 1949 561 1982 eadem
580 1950 618 1983 sit
641 1951 721 1984 Sede
743 1951 900 1986 indultum
923 1954 1008 1997 quod
1031 1953 1189 1995 interdici,

449 2003 598 2047 suspendi
622 2005 667 2038 vel
690 2006 961 2039 excommunicari
984 2017 1046 2040 non
1072 2009 1191 2051 possint

450 2066 506 2099 per
527 2057 646 2090 litteras
659 2058 852 2102 apostolicas
870 2070 933 2092 non
956 2060 1106 2093 facientes
1123 2062 1191 2105 ple-

450 2119 521 2142 nam
544 2116 573 2142 ct
602 2122 783 2155 expressam
805 2123 841 2144 at:
863 2113 901 2145 do
929 2113 1024 2145 verbo
1056 2114 1094 2146 ad
1117 2125 1188 2147 vcr-

450 2163 524 2195 bum
547 2164 586 2196 ‹tc-
607 2164 730 2198 indulto
750 2166 933 2199 huiusmodi
957 2167 1164 2201 intentionem.

495 2218 605 2251 Datum
628 2219 747 2251 Roma<¹
780 2220 864 2262 apud
893 2221 922 2252 S.
945 2220 1097 2258 Marcum,
1132 2221 1191 2254 sub

449 2272 568 2310 aimulo
589 2271 771 2311 l’iscatoris,
796 2272 847 2305 die
870 2284 940 2307 xxiv
963 2273 1028 2306 iulii
1052 2284 1186 2310 stnxcut.

451 2323 653 2365 pontificatus
674 2325 770 2358 nostri
793 2337 878 2359 anuo
900 2336 932 2360 u.

486 2385 540 2412 1¹..tv
560 2387 600 2411 th·-
617 2387 650 2412 ’.Ἴ
667 2387 721 2414 iulii
745 2389 820 2419 'fili-i,
839 2389 933 2423 [tontis.
951 2398 994 2416 an.
1013 2396 1039 2416 ll.

1041 197 1223 221 BULLARIUM
1243 196 1396 220 Romamn

1548 244 1664 277 Lxxll.
1687 294 1692 297 ¹

1232 350 1451 394 Reqularibus
1464 350 1561 382 totius
1573 350 1710 382 ducatus
1720 350 1751 383 F
1749 351 1895 384 errarictc
1901 362 1975 395 pro-

1277 412 1407 445 hibetur
1423 422 1564 445 accessus
1577 411 1620 444 ad
1633 412 1831 445 monasteria
1849 413 1976 446 monia-

1277 475 1380 515 lium,
1403 475 1533 507 etiamsi
1551 474 1692 507 subiecta
1723 474 1812 514 sint,
1839 476 1976 519 exceptis

1278 541 1408 570 tantum
1421 536 1615 580 confessario
1628 540 1657 569 et
1670 536 1846 576 visitatore,
1863 535 1976 580 quibus

1276 599 1421 633 accedere
1438 593 1643 643 permittitur
1662 600 1699 632 in
1717 599 1845 632 casibus
1864 599 1908 632 ad
1927 609 1976 632 eo-

1277 673 1349 695 rum
1375 673 1495 695 munus
1514 663 1733 706 spectantibus
1752 664 1772 696 ¹.

1443 752 1576 779 clemens
1590 752 1670 786 Papa
1680 753 1760 784 vul,

1373 806 1410 833 ad
1424 808 1601 840 perpetuam
1615 805 1661 833 rei
1676 806 1857 834 memoriam.

1275 885 1540 920 Sanctimoniales
1571 896 1669 930 quae,
1699 886 1812 920 mundi
1843 887 1975 920 abiectis

1231 939 1400 980 illecebris,
1415 939 1538 973 Christo
1559 939 1628 972 lesu
1645 939 1825 973 animarum
1847 951 1974 973 earum-

1232 994 1304 1026 dem
1325 1003 1444 1037 sponso
1468 997 1627 1036 perpetuo
1652 997 1726 1025 voto
1755 1003 1789 1025 se
1809 992 1971 1033 dicarunt,

1231 1057 1295 1090 quo
1319 1045 1513 1078 sanctiorem
1535 1044 1696 1079 Altissimo
1722 1046 1848 1079 valeant
1872 1046 1974 1079 samu-

1232 1100 1329 1133 latum
1356 1098 1517 1138 exhibere,
1547 1098 1691 1132 debitum
1719 1098 1975 1143 inviolatumque

1231 1152 1398 1186 clausurae
1419 1151 1551 1185 modum
1572 1162 1699 1186 servare
1719 1152 1831 1192 decetj.
1852 1163 1975 1196 nosque

1231 1206 1262 1239 id
1287 1205 1403 1250 ipsum,
1423 1215 1482 1249 pro
1503 1205 1604 1238 nostri
1617 1204 1770 1239 'muneris
1790 1205 1910 1243 debito,
1926 1216 1974 1239 se-

1230 1260 1306 1293 dulo
1327 1270 1439 1293 curare
1459 1265 1616 1292 tenemur.

1275 1316 1291 1357 5
1322 1314 1346 1346 1.
1375 1314 1459 1347 Motu
1484 1313 1583 1356 igitur
1602 1313 1734 1358 proprio
1763 1319 1794 1347 et
1824 1324 1860 1347 ex
1888 1320 1974 1348 certa

1230 1374 1339 1401 nostra
1358 1367 1502 1408 scientia,
1526 1366 1627 1400 felicis
1646 1366 1880 1401 recordationis
1896 1366 1973 1401 Sixti

1230 1423 1333 1466 Papae
1353 1422 1387 1462 V,
1416 1421 1671 1466 praedecessoris
1694 1422 1813 1463 nostri,
1834 1421 1974 1465 vestigiis

1230 1475 1516 1515 inhaerentes,hac
1531 1481 1641 1509 nostra
1661 1481 1817 1520 perpetuo
1837 1475 1974 1509 valitura

1230 1528 1467 1568 constitutione,
1491 1528 1660 1562 statuimus
1680 1534 1710 1562 et
1731 1528 1919 1563 ordinamus
1939 1534 1971 1562 ut

1229 1582 1362 1626 posthac
1399 1581 1595 1626 quicumque
1627 1582 1792 1625 regulares
1815 1593 1972 1626 quorum-

1230 1635 1291 1675 vis,
1315 1635 1408 1668 etiam
1435 1634 1681 1668 Mendicantium
1698 1662 1705 1675 ,
1729 1634 1904 1674 Ordinum,
1932 1635 1971 1668 ad

1230 1689 1423 1722 monasteria
1444 1688 1633 1722 monialium
1649 1688 1816 1722 cuiuslibet
1831 1688 1969 1728 Ordinis,

1229 1741 1404 1782 civitatum,
1423 1748 1580 1776 terrarum
1603 1747 1632 1775 et
1652 1742 1797 1775 locorum
1818 1752 1973 1789 quorum-

1228 1805 1365 1839 cumque
1391 1794 1520 1828 ditionis
1548 1794 1654 1828 dilecti
1688 1794 1743 1828 filii
1776 1795 1893 1829 nobilis
1913 1796 1970 1830 viri

1228 1848 1380 1892 Alphonsi
1403 1848 1565 1881 Feri-ariae
1583 1848 1683 1885 ducis.
1706 1849 1829 1882 etiamsi
1844 1849 1971 1884 illarum

1227 1912 1338 1935 curam
1359 1907 1482 1944 gerant,
1506 1907 1535 1935 et
1556 1912 1667 1935 eorum
1684 1901 1895 1936 iurisdictioni
1908 1903 1969 1937 sint

1227 1955 1400 1993 subiectae,
1424 1956 1578 1988 accedere
1599 1954 1732 1988 minime
1750 1955 1883 1999 possint,
1911 1956 1970 1990 nisi

1228 2009 1452 2042 tantummodo
1477 2008 1603 2042 illarum
1633 2010 1845 2044 confessarius
1869 2016 1900 2044 et
1918 2021 1972 2044 su-

1226 2061 1335 2105 perior
1363 2072 1417 2094 seu
1453 2061 1597 2095 visitator
1620 2061 1765 2103 Ordinis,
1799 2074 1872 2097 cum
1905 2074 1971 2098 uno

1226 2115 1314 2148 socio
1328 2121 1497 2159 provee-tae
1517 2115 1647 2154 aetatis,
1671 2116 1768 2160 liiquc
1788 2116 1969 2151 clausuram

1226 2168 1514 2207 monasteriorum,
1544 2168 1602 2201 nisi
1627 2169 1758 2213 quando
1783 2169 1814 2202 fii
1842 2179 1970 2203 eorum-

1226 2222 1296 2254 dem
1319 2221 1588 2255 monasteriorum
1611 2222 1693 2255 intra
1713 2222 1896 2256 clausuram
1924 2222 1968 2256 vi-

1224 2274 1340 2314 sitatio,
1370 2274 1491 2317 ingredi
1522 2275 1641 2319 pariter
1669 2285 1732 2308 non
1763 2275 1909 2315 valeant;
1932 2287 1969 2309 ac.

1226 2328 1378 2372 praedicti
1401 2327 1624 2368 confessarius,
1647 2328 1796 2372 superior
1813 2334 1840 2361 ct
1864 2328 1969 2362 visita-

1225 2388 1274 2415 tor
1300 2387 1468 2414 teneantur
1497 2392 1554 2426 pro
1586 2380 1674 2415 omni
1701 2387 1728 2414 ct
1762 2392 1968 2427 quocumque.

1223 2446 1351 2467 excessu
1384 2447 1438 2467 seu
1469 2435 1597 2472 delicto,
1628 2435 1768 2479 siquem
1801 2437 1848 2469 vel
1881 2438 1967 2481 quod

1223 2489 1326 2522 dit-tus
1340 2489 1445 2522 socius
1460 2489 1704 2533 perpetraverit:
1721 2490 1875 2534 quodque.
1890 2500 1967 2523 con-

1222 2541 1341 2575 tessarii
1367 2542 1561 2585 deputentur
1587 2541 1606 2574 ii
1633 2542 1687 2586 qui
1710 2548 1813 2576 aetate
1833 2553 1869 2576 ac
1895 2553 1967 2577 mo-

1246 2604 1267 2632 .l
1293 2602 1329 2630 Ex
1347 2602 1455 2639 liegest.
1471 2603 1497 2630 in
1513 2604 1618 2631 Secret.
1640 2603 1774 2632 Brevium.

1988 196 2037 223 An.
2055 196 2082 224 c.
2105 187 2186 227 isss'
2230 215 2235 231 „

2031 898 2144 919 Exordium
2159 903 2173 919 ι

1989 925 2086 946 clausura
2130 929 2173 946 sor-

1990 952 2057 972 rauda
2077 957 2115 978 per
2128 957 2170 972 uio-

1988 977 2056 999 niates
2069 978 2154 1005 potitur.

2010 1323 2135 1348 Prnhihitio.
2145 1322 2173 1345 de
2191 1322 2194 1326 '

1989 1357 2030 1379 qua
2045 1351 2065 1373 in
2079 1350 2165 1373 mhi-ica
2184 1379 2187 1382 ,
