2253 3195
0 178 35 197 tn.
56 167 83 196 C.
101 166 168 196 1593

31 226 104 250 Quoad
120 231 167 246 cou-

0 253 85 275 tssarios
99 252 167 278 dispo·

0 280 40 301 itio.

7 2037 117 2069 Derngatio
126 2044 173 2059 cou-

0 2071 110 2086 unorum.

795 164 942 190 CLEMENS
963 165 1019 189 vul
1041 165 1091 189 ΡΡ.

184 215 276 248 ribus
291 215 351 248 sint
374 214 523 259 probati:
552 225 588 247 ac.
608 214 860 250 ordinariorum.
889 213 927 246 ab

184 279 294 302 eorum
327 269 566 312 superioribus,
599 268 926 302 extraordinariorum

184 333 257 356 vero
289 323 558 356 confessariorum
593 322 795 359 huiusmodi,
823 332 840 354 a
871 332 927 364 pro

184 382 328 420 tempore
349 376 554 409 existentibus
581 375 739 419 episcopis
765 375 926 407 civitatum

183 429 368 473 temporalis
386 428 515 462 ditionis
533 428 717 461 huiusmodi
739 439 794 461 seu
815 438 925 459 eorum

184 483 214 515 in
236 483 454 526 spiritualibus
485 483 608 515 vicariis
637 482 841 524 generalibus
865 492 924 524 ap-

184 536 331 579 probatio
350 536 417 569 tieri
439 536 569 572 debeat:
593 546 629 568 at·
649 535 837 579 superioret
852 544 927 567 con—

185 589 332 622 sessarius
353 589 506 633 praedicti
534 600 597 622 non
623 588 742 632 possint
774 588 927 621 accedere

183 642 223 675 ad
248 642 335 675 aliud
361 642 604 680 monasterium,
634 647 862 686 praeterquam
888 641 926 673 ad

184 695 262 729 illud
283 697 373 729 cuius
393 707 502 729 curam
536 696 674 736 habent,
699 701 725 729 et
757 696 797 728 ad
824 695 925 739 ipsum

183 749 278 782 etiam
300 760 363 783 non
385 750 549 786 accedant,
579 750 637 782 nisi
663 760 721 792 pro
751 749 798 782 sui
831 748 926 781 officii

185 813 329 844 munere,
353 809 383 836 et
408 803 475 836 eius
505 803 742 847 exequutione,
767 808 795 835 et
817 813 928 835 occur-

185 856 328 890 rentibus
346 857 472 890 casibus
493 862 523 890 et
543 856 785 889 necessitatibus
807 856 928 888 monia-

185 909 263 942 lium
284 916 314 943 et
328 910 598 943 monasteriorum
621 909 809 943 eorumdem
826 921 832 946 ;
853 919 929 942 con*

185 962 334 996 sessarius
358 973 432 996 vero
453 963 597 1006 quotidie
627 973 686 1006 pro
712 962 928 995 celebratione

185 1015 353 1049 missarum
380 1022 410 1049 et
439 1016 719 1049 administratione
739 1015 929 1048 ecclesiasti-

184 1080 295 1103 corum
313 1076 602 1109 sacramentorum,
624 1080 682 1102 nec
699 1080 808 1102 secum
826 1069 928 1102 addu-

184 1130 234 1157 cat
264 1123 322 1157 nisi
355 1134 455 1157 unum
484 1124 618 1157 socium.
643 1123 794 1156 Moniales
821 1128 927 1156 autern

184 1178 387 1221 regularibus
425 1178 598 1223 praedictis
641 1188 774 1210 munera
821 1177 929 1221 aliqua

185 1231 272 1273 dare,
297 1243 355 1265 nec
375 1232 433 1276 ipsi
454 1232 618 1273 regulares
638 1231 691 1264 illa
712 1231 855 1275 recipere
874 1241 928 1264 ne-

184 1291 313 1328 queant.
331 1285 437 1318 Liceat
457 1291 564 1318 tamen
578 1284 653 1329 ipsis
668 1284 863 1317 monialibus
876 1295 928 1317 co-

184 1350 253 1372 ram
268 1339 426 1384 episcopis
446 1351 500 1373 seu
523 1339 648 1372 vicariis
665 1338 838 1383 praedictis
852 1349 929 1382 que-

185 1393 285 1433 relas,
310 1393 335 1426 si
356 1404 435 1437 quas
464 1393 602 1433 babent,
627 1399 738 1426 contra
759 1393 860 1426 dictos
878 1404 929 1426 ea-

187 1458 256 1480 rum
271 1447 467 1481 visitatorem
482 1453 510 1480 et
529 1447 730 1491 superiorem
745 1457 779 1480 su
784 1458 841 1490 per
854 1457 930 1479 eon-

185 1501 392 1534 cernentibus
405 1501 585 1534 clausuram
601 1500 786 1534 interiorem
801 1506 829 1533 et
845 1506 930 1533 exte-

186 1555 317 1594 riorem,
338 1555 404 1588 sine
426 1555 534 1599 aliquo
556 1565 767 1588 censurarum
786 1554 926 1594 incursu,

185 1620 378 1654 proponere.
402 1609 557 1649 Quocirca
578 1610 728 1643 omnibus
749 1615 779 1642 et
797 1609 930 1652 singulis

187 1662 388 1705 regularibus
409 1668 440 1695 et
460 1662 855 1706 monialibuspraedictis,
871 1662 929 1695 sub

187 1716 299 1760 poenis
328 1716 461 1749 arbitrio
491 1716 731 1760 praedictorum
763 1716 930 1760 episcopo-

187 1781 258 1803 rum
280 1781 338 1814 pro
360 1770 457 1803 modo
483 1770 596 1813 culpae
628 1769 831 1814 imponendis
846 1797 853 1809 ‚
881 1769 930 1802 di—

187 1823 327 1857 strictius
347 1823 530 1857 inhibemus
550 1834 590 1856 ne
611 1822 794 1867 praemissis
822 1823 930 1867 aliquo

188 1877 286 1911 modo
323 1877 545 1911 contravenire
580 1877 720 1910 audeant
754 1877 802 1909 vel
838 1887 930 1920 prae-

187 1936 326 1964 sumant.

233 1986 250 2026 ἕ
275 1983 305 2017 02.
326 1985 395 2017 Non
422 1984 622 2018 obstantibus
651 1983 933 2017 constitutionibus

190 2044 220 2071 et
241 2038 501 2072 ordinationibus
532 2038 733 2082 Apostolicis‚
757 2049 793 2071 ac
820 2048 932 2071 mona-

190 2092 361 2126 steriorum
382 2098 413 2125 et
432 2091 588 2126 Ordinum
614 2092 803 2124 eorumdem
818 2119 825 2132 ,
846 2091 932 2124 iura-

190 2151 309 2186 mento,
330 2145 575 2179 confirmatione
593 2145 768 2189 apostolica
788 2145 835 2178 vel
856 2140 951 2189 qua-¹

964 213 1128 257 potestatis
1149 212 1363 257 plenitudine,
1388 218 1418 245 et
1438 224 1510 246 cum
1542 212 1706 256 quibusvis

963 267 1058 300 etiam
1082 267 1358 309 derogatoriarum
1382 266 1606 309 derogator-iis,
1623 267 1707 300 aliis-

963 332 1025 364 que
1046 321 1282 354 essii-acieribus
1310 327 1340 354 vt
1365 321 1501 354 insolitis
1531 321 1703 359 clausulis,

964 373 1225 418 irritantibusque
1247 380 1274 407 et
1297 374 1365 408 aliis
1379 375 1525 411 decretis,
1545 374 1575 407 in
1589 385 1706 417 genere

963 428 1009 459 vel
1033 427 1061 459 in
1083 428 1188 471 speeie
1206 440 1241 460 ar
1263 428 1340 460 alias
1354 428 1706 471 quomodolibetetiam

962 481 1083 524 pluries
1109 482 1315 525 approbatis,
1339 482 1538 514 confirmatis
1563 488 1590 514 et
1615 482 1706 514 inuo-

964 534 1049 567 vatis.
1067 534 1187 574 Quibus
1205 535 1355 567 omnibus
1376 541 1404 568 et
1423 535 1567 577 singulis,
1583 535 1706 568 etiamsi

964 587 993 619 in
1015 588 1059 620 eis
1080 594 1228 621 caveatur
1249 600 1395 632 expresse
1416 590 1503 632 quod
1525 589 1585 622 illis
1605 590 1708 622 nulla-

965 647 1055 674 tenus
1079 648 1132 674 aut
1162 653 1226 675 non
1259 642 1317 675 nisi
1350 643 1409 674 sub
1437 643 1531 675 certis
1557 643 1653 676 modo
1679 649 1707 676 et

964 695 1064 728 torma
1086 695 1115 728 in
1139 695 1199 728 illis
1224 696 1381 739 expressis
1406 696 1553 738 derogari
1584 697 1704 739 possit,

962 759 998 781 ae
1020 760 1078 792 pro
1099 748 1228 782 illorum
1249 749 1418 782 sufficienti
1441 750 1650 789 derogatione
1669 751 1707 783 de

964 801 1025 834 illis
1046 813 1224 846 eorumque
1250 803 1322 836 totis
1351 803 1516 836 tenoribus
1540 804 1705 847 specialis,

963 855 1122 898 specifica.
1145 867 1294 900 expressa
1319 862 1348 890 et
1370 856 1545 894 individua,
1568 868 1632 889 non
1653 868 1708 890 au-

964 914 1025 941 tem
1046 920 1103 952 per
1123 899 1282 943 clausulas
1295 911 1460 952 generales
1481 911 1566 943 idem
1589 911 1709 954 impor-

965 967 1086 1001 tantes‚
1112 963 1231 996 mentio
1252 964 1420 1001 habenda,
1443 975 1499 997 seu
1520 964 1627 1008 aliqua
1648 965 1708 997 alia

964 1016 1120 1059 exquisita
1146 1017 1247 1050 forma
1269 1018 1309 1050 ad
1334 1018 1395 1050 boc
1424 1018 1580 1051 servanda
1603 1019 1705 1057 soret,

965 1076 1092 1103 tenores
1112 1070 1309 1109 huiusmodi,
1334 1083 1370 1104 ac
1387 1071 1411 1103 si
1438 1072 1644 1110 adverbum,
1660 1072 1708 1104 ni-

964 1122 1007 1155 bil
1036 1123 1162 1167 penitus
1192 1125 1333 1161 omisso,
1363 1136 1399 1157 ac
1428 1131 1551 1158 servata
1581 1125 1708 1158 illorum

964 1177 1080 1215 forma,
1121 1178 1352 1217 insererentur,
1392 1178 1613 1222 praesentibus
1653 1188 1709 1222 pro

964 1231 1119 1274 expressis
1145 1231 1309 1269 babentes,
1335 1232 1395 1265 illis
1421 1232 1498 1265 alias
1523 1232 1554 1264 in
1576 1242 1633 1265 suo
1660 1242 1710 1265 ro-

964 1285 1041 1318 bore
1069 1286 1309 1329 permansuris,
1341 1286 1400 1319 bac
1431 1286 1498 1319 vice
1524 1286 1707 1326 dumtaxat,

963 1339 1145 1383 specialiter
1162 1345 1190 1373 et
1209 1350 1356 1383 expresse
1378 1340 1586 1383 derogamus,
1607 1346 1710 1374 caete-

964 1393 1071 1437 risque
1093 1394 1261 1427 contrariis
1282 1394 1551 1438 quibuscumque.

1010 1448 1025 1489 ξ
1051 1446 1081 1479 3.
1112 1447 1264 1480 Volumus
1284 1453 1390 1481 autem
1417 1448 1503 1491 quod
1535 1447 1711 1491 praemissa

964 1500 1073 1533 omnia
1094 1506 1122 1533 et
1144 1500 1270 1543 singula
1299 1501 1422 1534 dilectis
1448 1500 1521 1533 filiis
1548 1501 1711 1534 modernis

964 1560 995 1587 et
1015 1565 1074 1597 pro
1100 1560 1244 1598 tempore
1274 1554 1481 1588 existentibus
1507 1554 1712 1597 generalibus

964 1607 1119 1640 Ordinum
1150 1608 1196 1640 vel
1228 1607 1297 1640 aliis
1329 1608 1549 1651 superioribus
1579 1608 1709 1651 regula-

965 1661 1052 1693 ribus
1079 1661 1302 1701 notificentur‚
1327 1672 1343 1694 a
1370 1662 1487 1705 quibus
1520 1662 1615 1695 etiam
1638 1673 1709 1695 mo-

965 1715 1065 1747 niales
1096 1715 1281 1748 huiusmodi
1308 1715 1346 1748 de
1379 1715 1498 1748 eisdem
1530 1716 1712 1759 praemissis

966 1769 1213 1801 admoneantur.

1010 1822 1024 1865 §
1045 1822 1075 1855 li.
1099 1822 1255 1866 Quodque
1276 1823 1464 1856 earumdem
1493 1823 1711 1866 praesentium

966 1876 1185 1920 transumptis,
1204 1887 1300 1909 manu
1313 1876 1449 1910 alicuius
1463 1877 1576 1910 notarii
1593 1877 1712 1921 publici

967 1929 1165 1973 subscriptis,
1182 1935 1212 1963 et
1230 1929 1334 1972 sigillo
1355 1930 1491 1963 alicuius
1511 1941 1667 1974 personae
1681 1931 1712 1963 in

968 1983 1122 2025 dignitate
1154 1983 1369 2016 ecclesiastica
1394 1984 1584 2017 constitutae
1607 1984 1715 2017 muni-

970 2038 1024 2079 tis,
1049 2038 1162 2071 eadem
1195 2048 1327 2081 prorsus
1359 2038 1459 2079 fides,
1485 2038 1515 2070 in
1538 2038 1658 2071 iudicio
1684 2045 1713 2071 et

968 2097 1075 2131 extra,
1114 2090 1327 2130 adhibeatur,
1364 2101 1446 2134 quae
1492 2091 1714 2134 praesentibus

969 2145 1044 2189 ipsis
1065 2145 1285 2185 adhiberetur,
1309 2144 1332 2176 si
1360 2145 1465 2178 forent
1486 2144 1644 2177 exhibitae
1666 2145 1713 2177 vel

190 2199 235 2232 vis
256 2199 406 2232 firmitate
421 2198 484 2232 alia
494 2198 665 2239 roboratis,
682 2198 806 2232 statutis
818 2204 847 2232 et
858 2210 934 2232 con-
969 2205 1125 2232 ostensae.

191 2253 432 2293 suetudinibus;
455 2252 629 2296 privilegiis
650 2262 790 2296 quoque,
803 2252 934 2285 indultis

191 2316 228 2339 ac
247 2306 359 2339 litteris
379 2306 563 2350 apostolicis
595 2305 797 2339 monasteriis
822 2311 852 2338 et
876 2305 934 2339 Or-

192 2358 320 2392 dinibus
339 2359 513 2402 praedictis
534 2359 730 2402 illorumque
761 2358 936 2402 superiori-

192 2411 251 2445 bus
271 2417 302 2445 et
321 2412 467 2455 personis
487 2423 544 2456 per
569 2423 792 2456 quoscumque
817 2413 935 2446 Roma-

193 2475 251 2498 nos
270 2465 442 2500 Pontifices
461 2468 728 2510 praedecessores
749 2472 875 2500 nostros
900 2478 937 2499 ac

194 2529 252 2552 nos
272 2524 303 2552 et
322 2519 437 2553 Sedem
462 2521 699 2565 Apostolicam‚
721 2520 817 2554 etiam
848 2526 938 2554 motu

195 2578 224 2606 et
249 2572 381 2606 scientia
410 2573 588 2615 similibus,
612 2585 647 2607 ac
679 2574 717 2607 de
743 2574 938 2618 apostolicae

1013 2253 1126 2286 Datum
1148 2253 1268 2285 Romae
1298 2252 1383 2296 apud
1416 2252 1445 2285 S.
1470 2252 1631 2292 Marcum,
1655 2251 1714 2285 sub

1632 154 1672 188 79
1719 165 1767 191 Αη.
1790 166 1818 193 c.
1837 163 1905 193 1593

1741 1456 1866 1476 Praesentas
1878 1462 1910 1476 su-

1727 1482 1848 1508 pri-toruum
1880 1489 1910 1502 re·

1728 1509 1829 1533 gutarium
1849 1515 1911 1535 signi—

1728 1535 1830 1555 meantime

1762 1829 1825 1850 Putes
1841 1828 1912 1850 danda

1730 1859 1872 1882 transumptis.

969 2305 1089 2338 annulo
1113 2305 1293 2342 piscatoris,
1315 2305 1366 2338 die
1387 2315 1459 2338 xxv1
1482 2305 1550 2337 iulii
1575 2315 1711 2345 unxcui,
1745 2323 1747 2325 ·

970 2347 1176 2402 pontificatus
1195 2358 1294 2391 nostri
1316 2368 1400 2391 anno
1423 2369 1457 2391 ιι.

1007 2420 1063 2448 Dat.
1080 2421 1123 2448 die
1142 2421 1177 2448 26
1191 2421 1248 2448 iulii
1272 2421 1347 2453 1593,
1369 2421 1465 2456 pontis.
1482 2430 1526 2448 an.
1543 2428 1570 2448 tt.
