2253 3195
71 262 122 288 An.
141 261 167 289 C.
188 262 254 289 1598
881 261 1026 286 etattms
1047 260 1103 284 vni
1124 261 1172 284 rr.
1700 247 1759 279 413
1806 256 1853 282 itu.
1872 257 1900 282 tx.
1922 256 1987 282 taus

270 310 378 354 piendi
400 310 704 348 conuutmitatibus,
730 309 919 350 domicellis,
949 310 1006 342 ba-
1024 309 1028 326 '⁴
1046 314 1224 341 teneantur.
1243 307 1344 341 Novas
1366 318 1495 351 quoque
1517 307 1613 339 taleas
1634 311 1661 339 et
1684 305 1787 338 nomi-
1855 318 1934 347 vstitu..
1949 324 1987 344 pm

270 363 401 397 ronibus
431 370 459 396 et
495 363 743 407 particulariluis
773 363 939 407 personis,
978 368 1007 395 ut
1046 361 1192 394 nationes
1212 372 1270 405 pro
1291 361 1498 394 munitorum
1530 365 1560 392 et
1592 358 1788 391 facinoroso-
1802 344 1987 418 ffiiiiiss¹⁵pijii¹1iss

270 416 417 450 homines
445 423 473 450 et
495 417 667 453 animalia,
689 423 716 450 et
739 417 800 450 alia
832 415 1011 449 necessaria
1027 404 1030 427 ⁴
1046 426 1117 447 rum
1138 415 1361 458 extimatione,
1378 413 1524 458 expensis
1537 414 1689 446 Gamerae
1703 413 1786 456 Apo-

270 481 329 514 pro
367 470 573 503 bannitorum
605 470 831 514 profligatione
871 477 899 502 et
942 468 1011 502 aliis
1045 468 1197 505 stolieae.
1229 469 1268 500 ad
1304 474 1391 501 tuum
1424 467 1550 500 libitum
1584 465 1784 509 imponendi.

97 425 162 445 (Iasuz
177 430 253 450 pecua-

71 458 116 472 rmn
147 451 254 477 apptiran-

22 499 23 502 ,
70 478 254 504 utaruuiatiquiliic

21 517 23 523 ,
71 505 114 525 tino
145 510 254 526 recens-rn-

70 533 109 552 tu:

270 524 526 564 necessitatibus,
549 523 618 557 sine
642 523 749 566 aliqua
770 523 934 561 mercede,
958 532 1010 555 ac-

270 577 487 610 commodent.
518 578 561 610 Ac
592 582 761 620 praeterea
790 585 1030 619 quoscumquel

269 631 348 664 alios
362 630 584 674 delinquentes
595 630 709 674 poenis
722 629 929 674 pecuniariis,
946 628 1010 661 exi·
1028 667 1030 672 Ι

1028 673 1107 713 *tuis
1138 690 1345 724 quocumque
1376 680 1473 712 modo
1499 690 1533 712 se
1564 684 1786 723 opponenteS,

271 683 302 716 lii
328 689 358 717 et
378 683 583 726 relegationis
613 694 648 716 at·
674 683 769 716 etiam
799 682 903 716 ultimi
935 693 1010 726 sup-

269 737 355 780 plicii
386 736 560 780 puniendi,
584 747 620 769 ac
646 736 753 780 puniri
783 736 955 769 mandandi
981 741 1011 769 et

269 790 425 827 faciendi;
455 796 550 833 atque
585 790 644 822 sub
674 789 794 823 eisdem
833 789 945 833 poenis
976 800 1029 822 ae¹

270 843 501 887 privationibus
518 843 738 887 praecipiendi
753 842 937 887 capitaneis,
952 843 1011 875 du-

270 897 412 930 ctoribus
425 924 433 938 ‚
452 896 654 937 ossicialibus,
679 902 709 929 et
729 896 880 929 omnibus
901 895 1011 928 militi-

270 950 339 991 bus,
365 956 428 983 tam
448 950 637 993 legionariis
657 961 754 994 quam
776 949 871 983 etiam
894 950 1012 994 stipen-

270 1003 390 1044 diariis,
419 1004 458 1037 ad
480 1014 609 1037 omnem
638 1003 882 1047 requisitionem
902 1009 1010 1043 tuam,

269 1068 325 1090 seu
349 1068 367 1090 a
392 1063 422 1091 te
442 1058 681 1101 deputatorum,
705 1057 773 1090 sine
794 1057 902 1101 aliqua
927 1068 1011 1091 mer-

269 1110 357 1151 cede,
378 1111 417 1144 ad
435 1121 526 1144 arma
542 1111 734 1155 capiendum
752 1116 781 1144 et
795 1111 835 1144 ad
849 1111 919 1144 loca
936 1111 1013 1155 ipsis
1030 1126 1031 1141 ³

270 1164 427 1208 imperata
447 1165 679 1205 accedendum,
696 1164 919 1208 pugnandum,
942 1165 1012 1198 loca

270 1217 498 1258 invadendum,
519 1217 693 1251 renitentes
711 1217 936 1258 occidendum,
957 1218 1012 1262 qui

270 1271 338 1305 sine
355 1271 484 1304 licentia
506 1272 659 1305 recedere
675 1281 741 1305 non
765 1271 899 1315 possint.
923 1272 960 1305 Et
980 1272 1012 1305 in
1029 1279 1031 1282 ·

271 1330 442 1365 eventum,
467 1325 554 1368 quod
575 1324 652 1358 dicti
672 1324 791 1365 sicarii,
814 1324 959 1365 banniti,
983 1331 1011 1358 et
1029 1350 1031 1367 ,

271 1377 507 1422 delinquentes,
527 1378 574 1411 vel
593 1377 646 1411 alii
667 1377 889 1411 inobedientes
906 1378 938 1411 in
951 1378 1013 1412 alia
1028 1395 1030 1426 ᾗ

271 1431 396 1466 civitate
413 1437 444 1466 et
463 1437 589 1472 castro,
612 1442 668 1465 seu
693 1431 848 1465 fortalitio
863 1459 870 1472 ,
894 1437 925 1465 et
949 1433 1012 1466 alio

272 1485 384 1529 quovis
404 1486 486 1525 loeo,
511 1485 649 1518 mediate
663 1485 712 1518 vel
731 1485 918 1519 immediate
938 1486 1012 1519 Sedi
1028 1471 1030 1483 ⁴

272 1538 472 1583 Apostolieae
486 1538 644 1578 subiecto,
662 1538 875 1582 reperiantur,
886 1538 911 1572 si
926 1549 1013 1572 com-

273 1592 455 1633 munitates,
477 1591 709 1632 universitates,
730 1591 867 1625 barones
887 1600 917 1626 ct
934 1593 1009 1634 alii,

272 1645 312 1678 ad
346 1655 426 1689 quos
453 1645 628 1689 spectabit,
660 1645 790 1678 eosdem
821 1645 954 1679 sicarios
984 1652 1032 1680 et·

1031 1700 1259 1742 trumentum,
1287 1697 1409 1735 vinum,
1432 1695 1588 1729 stramina
1610 1701 1641 1727 et.
1666 1693 1727 1727 alia
1747 1694 1791 1726 vi-

272 1763 337 1786 non
358 1752 552 1797 culpabiles,
576 1752 616 1785 ad
644 1762 774 1785 omnem
801 1758 887 1785 tuam
909 1746 1033 1797 requi-}

272 1698 505 1738 inobedientes
530 1704 559 1732 et
576 1698 655 1731 alios
676 1709 897 1743 quoscumque
918 1699 1014 1733 etiam

273 1806 422 1840 sitionem
443 1817 499 1839 seu
520 1811 649 1839 tuorum
668 1806 853 1839 ossicialiun‘i
866 1834 873 1847 ,
895 1807 1016 1840 vinctos

274 1860 306 1893 in
327 1860 389 1893 tuis
417 1860 464 1892 vel
493 1859 680 1893 eorumdem
704 1859 889 1893 officialium
912 1860 1015 1894 mani-

273 1914 333 1947 bus
352 1913 479 1947 tradere
497 1913 724 1953 recusaverint,
745 1919 774 1946 et
792 1924 856 1947 non
871 1914 1014 1947 restitue-

276 1967 349 2007 rint,
374 1966 543 2000 tormentis
562 1966 687 2000 bellicis
708 1967 836 2000 moenia
861 1967 1013 2008 civitatis,

276 2020 397 2066 oppidi,
414 2026 445 2054 et
464 2020 609 2053 fortalitii
632 2020 816 2054 huiusmodi
837 2021 1013 2064 quatiendi,

276 2073 502 2117 expugnandi,
526 2078 556 2106 et
584 2084 685 2117 usque
709 2074 750 2106 ad
774 2074 1035 2108 demolitionem⁴

277 2128 431 2161 violenter
451 2127 670 2170 ingrediendi,
695 2127 819 2161 etiamsi
843 2128 1018 2163 homicidia

277 2188 308 2215 et
327 2186 447 2215 mortes
464 2191 529 2213 non
549 2180 758 2224 culpabilium
778 2181 1019 2215 accidentaliter

278 2235 353 2268 inde
372 2240 507 2278 sequuta
533 2233 613 2273 sint,
636 2233 704 2267 sine
730 2234 795 2267 ullo
826 2240 888 2267 tam
918 2235 1015 2278 spiri-

279 2288 426 2328 tualium,
450 2298 547 2332 quam
580 2287 806 2331 temporalium
839 2298 1019 2331 poenarum

280 2342 420 2375 incursu.
444 2341 575 2375 Necnon
598 2340 666 2381 tibi,
691 2340 817 2384 tuisque
845 2340 1016 2378 ministris,

280 2395 470 2429 officialibus
491 2401 522 2429 et
541 2394 708 2435 militibus,
732 2394 764 2427 in
784 2404 897 2427 omnes
917 2405 1021 2427 arma-

281 2455 328 2483 tos
347 2454 378 2482 et
394 2448 642 2489 conventiculas,
667 2448 726 2481 nisi
744 2448 850 2481 statim
870 2461 903 2481 se
925 2448 955 2481 in
975 2449 1021 2481 di-

281 2509 406 2537 etorum
421 2502 643 2536 ministrorum
656 2502 804 2535 manibus
816 2503 944 2543 dedant,
963 2502 1019 2535 im—

282 2610 405 2651 dictos,
428 2620 484 2643 seu
513 2609 669 2652 fugientes
695 2609 877 2642 arcliibusia
906 2620 1021 2643 exone-

283 2663 392 2706 randi,
416 2674 474 2698 nee
495 2668 668 2708 propterea
696 2663 734 2697 de
761 2669 865 2698 morte
885 2669 1021 2709 sequuta

1045 521 1270 564 Quoscumque
1292 521 1387 553 etiam
1408 520 1582 564 prittcipes,
1607 520 1715 559 duces,
1732 519 1788 551 ba-

1047 584 1151 611 rones.
1176 573 1327 611 civitates,
1352 579 1466 613 castra,
1490 572 1738 606 communitates
1759 578 1790 605 et

1046 626 1283 663 universitates,
1305 637 1385 659 ausu
1410 626 1593 667 temerario,
1622 625 1790 659 conatibus

1046 733 1258 766 anathematis
1285 732 1392 775 gladio
1424 732 1581 772 feriendi,
1606 732 1677 765 illos
1702 732 1788 764 inva-

1046 787 1153 825 dendi,
1170 786 1345 820 exereitum
1366 785 1514 828 eogendi,
1532 797 1568 818 ac
1589 791 1701 818 eontra
1721 796 1786 823 eOS,

1046 846 1081 873 ut
1099 840 1246 884 publicos
1263 840 1381 880 hostes,
1398 839 1581 883 pugnandi,
1603 838 1787 877 ducatibus,

1046 894 1288 938 principatibus,
1309 893 1452 926 baroniis
1471 898 1502 925 et
1519 891 1632 932 feudis,
1656 892 1787 935 privile-

1029 944 1030 948 ’
1046 947 1115 990 giis,
1131 958 1167 980 ac
1178 947 1271 980 bonis
1285 947 1356 980 illos
1370 951 1528 990 perpetuo
1542 945 1701 989 privandi,
1718 956 1791 988 spo—

1030 1019 1031 1026 1
1047 1001 1347 1044 liandi,eorumque
1365 1000 1518 1036 civitates,
1540 1004 1653 1037 castra,
1671 998 1741 1031 loca
1762 1003 1792 1030 et.

1029 1050 1031 1102 ᾗ
1048 1055 1142 1088 feuda
1163 1064 1387 1098 quaecumque
1404 1053 1556 1087 Gamerae
1568 1052 1792 1095 nostraeApo-

1047 1108 1179 1141 stolieae
1200 1112 1357 1151 perpetuo
1377 1105 1522 1146 uniendi,
1539 1111 1570 1138 et
1592 1105 1788 1149 applicandi,

1047 1161 1402 1205 etincorporandiipso
1417 1161 1500 1193 facto
1520 1159 1642 1203 absque
1662 1158 1723 1192 alia
1744 1158 1791 1191 iu-

1047 1215 1126 1249 dieis
1156 1214 1383 1249 declaratione.
1408 1214 1540 1247 Necnon
1562 1223 1634 1246 cum
1656 1212 1790 1256 quibus-

1048 1269 1091 1302 vis
1122 1268 1322 1313 principibus
1347 1267 1460 1300 vicinis
1480 1272 1511 1300 et
1531 1265 1719 1310 longinquis
1739 1276 1791 1298 su—

1047 1333 1104 1367 per
1116 1321 1361 1355 remissionibus
1373 1320 1582 1354 bannitorum
1602 1325 1633 1352 et
1651 1319 1789 1352 aliorum

1047 1375 1305 1420 delinquentium
1340 1375 1415 1408 hine
1451 1374 1525 1407 inde
1562 1373 1791 1407 conventiones

1047 1429 1205 1470 saciendi3
1228 1427 1310 1472 qu'ae
1330 1433 1503 1472 postquam
1525 1428 1607 1460 sacta
1629 1426 1791 1467 sueri11t‚a

1047 1483 1151 1523 nobis,
1168 1488 1198 1516 et
1217 1483 1299 1516 Sede
1314 1481 1496 1526 Apostolica
1514 1481 1692 1525 approbata
1717 1490 1790 1513 cen-

1046 1542 1187 1576 seantur,
1207 1541 1305 1580 prout
1330 1547 1366 1569 ex
1385 1546 1471 1568 nune
1491 1534 1720 1579 approbamus.
1738 1534 1791 1566 At-

1048 1602 1110 1635 que
1130 1602 1147 1623 a
1173 1589 1459 1624 eon‘mumitatibus
1484 1594 1513 1622 et
1530 1587 1791 1622 universitatibus

1048 1654 1328 1689 quarumcumque
1363 1642 1549 1679 civitatum,
1584 1648 1615 1674 et
1643 1641 1790 1674 locorum

1050 1752 1114 1786 elui
1135 1750 1315 1785 necessaria
1335 1749 1467 1782 arbitrio
1487 1754 1540 1782 tuo
1554 1747 1791 1782 subministrari

1050 1804 1198 1839 faciendi.
1234 1805 1336 1848 Atque
1367 1803 1475 1836 omnia
1505 1807 1537 1835 et
1568 1812 1792 1845 quaecumque

1051 1859 1166 1893 delicta
1180 1863 1291 1891 contra
1305 1866 1526 1901 quascumque
1547 1865 1710 1899 personas,
1727 1859 1792 1887 tam

1033 1912 1282 1947 ecclesiasticas
1302 1922 1400 1955 quam
1425 1910 1614 1949 saeculares,
1644 1907 1794 1942 commis-

1051 1979 1102 2008 sa,
1127 1967 1221 2000 etiam
1251 1965 1282 1998 in
1304 1964 1438 1998 crimine
1466 1964 1569 1997 laesae
1596 1962 1790 2001 maiestatis,

1052 2021 1192 2065 exceptis·
1213 2025 1319 2053 tamen
1351 2017 1528 2055 contentis,
1553 2017 1638 2049 iuxta
1659 2015 1793 2059 disposi-

1053 2075 1172 2108 tionem
1194 2072 1272 2106 iuris
1293 2070 1474 2105 eommunis
1495 2069 1649 2114 inprime
1671 2068 1790 2112 eapite,

1052 2134 1185 2173 sequuta
1207 2127 1254 2160 vel
1275 2137 1340 2159 uon
1361 2130 1497 2169 sequuta
1524 2122 1795 2157 condemnatione

1052 2181 1179 2215 notoria
1211 2181 1257 2213 vel
1286 2180 1432 2219 occulta,
1465 2178 1562 2211 etiam
1587 2187 1699 2210 eorum
1725 2175 1795 2220 qui-

1053 2236 1111 2269 bus
1131 2236 1230 2268 taleae
1245 2241 1275 2267 et
1291 2232 1528 2267 nominationes
1546 2231 1714 2275 impositae
1729 2230 1795 2263 sue-

1053 2295 1138 2329 runt,
1163 2287 1257 2321 etiam
1279 2287 1387 2330 elapso
1409 2296 1493 2318 anno
1514 2283 1708 2317 remittendi.
1725 2283 1795 2316 Non

1036 2341 1253 2374 ÷obstantibus
1274 2339 1374 2373 felicis
1400 2337 1632 2372 reeordationis
1659 2336 1705 2370 Pii
1732 2337 1792 2369 Pa-

1054 2406 1114 2439 pae
1135 2395 1174 2433 V,
1198 2401 1228 2427 et
1249 2394 1318 2427 aliis
1340 2392 1623 2426 constitutiouilnts
1647 2392 1796 2424 Summo-

1056 2459 1126 2481 rum
1149 2447 1340 2481 Pontificum
1361 2447 1645 2490 praedeeessorum
1669 2449 1796 2477 nostro-

1037 2512 1125 2540 ,rum
1147 2501 1186 2534 de
1204 2500 1342 2533 bannitis
1363 2498 1590 2543 loquentibus,
1615 2497 1732 2541 quibus
1758 2498 1797 2530 ad

281 2562 391 2601 petum
402 2555 550 2596 faciendi,
567 2561 597 2589 et
607 2561 720 2589 eontra
733 2556 915 2589 resistentes
928 2567 1021 2600 prae-
1037 2560 1038 2564 ’

1057 2562 1145 2589 tuum
1169 2555 1293 2587 libitum
1316 2555 1471 2596 derogare
1499 2553 1623 2597 possis,
1648 2552 1798 2596 ipsosque

1056 2609 1279 2653 delinquentes
1304 2609 1344 2642 ad
1374 2619 1467 2641 suum
1489 2612 1607 2641 statum
1639 2613 1669 2640 et
1696 2606 1797 2639 hono-

1056 2674 1122 2697 rem
1146 2662 1345 2704 restituendi‚
1364 2662 1395 2696 in
1416 2661 1568 2696 omnibus
1589 2660 1713 2695 casibus
1727 2670 1798 2703 gra-

1836 2300 1881 2320 Nun
1893 2300 1994 2320 ubstanti-

1810 2327 1849 2346 bus
1864 2326 1994 2347 constitutin-

1811 2354 1871 2373 uibus
1892 2354 1924 2375 ὃς,
1942 2354 1993 2373 Pnu-

1811 2380 1889 2400 titirnm
1905 2380 1995 2406 praede-

1811 2413 1926 2428 cessurum.
