2253 3195
250 182 298 208 An.
321 183 350 208 c.
369 181 436 208 1594
483 171 546 206 108

287 930 398 953 clausulae
408 930 443 951 de·

260 958 385 985 rogatorias.

297 1091 445 1116 transumpto-

262 1123 306 1139 rum
321 1117 380 1139 fides.

292 1465 368 1495 Forma
383 1465 450 1492 publi-

266 1495 357 1514 cationis
374 1495 450 1512 etsan-

267 1522 309 1539 etto
325 1518 428 1545 poenalis.

307 1999 393 2021 Sancus
409 2005 456 2026 poe·

273 2027 333 2047 natu.

451 230 618 271 blicantes,
642 240 820 274 eorumque
838 229 971 272 singulis
991 229 1023 262 in
1034 228 1191 274 praemis·

452 284 494 317 sis
520 283 658 317 efficacis
693 283 888 317 defensionis
920 283 1082 327 praesidio
1113 282 1192 316 assi-

453 343 586 377 stentes,
623 337 738 370 faciant
768 347 827 380 per
855 348 903 377 se,
932 336 980 369 vel
1011 337 1111 370 alium
1137 346 1194 370 seu

454 392 544 431 alios,
577 391 766 424 auctoritate
785 396 906 431 nostra,
937 390 1007 423 illas
1038 395 1070 423 et
1095 390 1128 423 in
1149 389 1195 423 eis

455 450 605 478 contenta
625 454 848 488 quaecumque
867 443 1006 477 firmiter
1016 443 1191 483 observari,

455 497 708 531 contradictores
730 497 902 541 quoslibet,
923 502 954 530 et
984 497 1133 537 rebelles,
1166 502 1197 530 et

455 550 639 595 praemissis
660 561 723 583 non
745 556 895 595 parentes
914 561 972 595 per
1006 550 1191 584 sententias.

456 614 605 637 censuras
617 609 647 637 et
660 614 780 648 poenas
800 604 1042 644 ecclesiasticas,
1070 603 1197 648 aliaque

456 663 639 702 opportuna
663 657 741 690 iuris
774 663 805 691 et
833 658 907 691 facti
941 657 1096 698 remedia,
1135 668 1194 701 ap-

456 711 630 756 pellatione
651 711 838 756 postposita,
867 711 1122 756 compescendo,
1151 710 1198 743 in-

458 770 569 798 vocato
589 764 685 798 etiam
707 765 746 798 ad
767 764 839 805 hoc,
863 765 888 798 si
909 775 990 809 opus
1008 763 1112 805 fuerit,
1136 774 1195 797 au-

457 817 532 851 xilio
553 817 678 851 brachii
695 817 879 852 saecularis.

504 870 519 914 ξ
555 869 603 903 15.
642 871 712 904 Non
742 871 945 905 obstantibus
976 870 1201 905 constitution-

459 925 518 958 bus
536 930 565 958 et
585 925 846 959 ordinationibus
873 925 1068 970 apostolicis,
1097 930 1202 958 caete-

460 978 567 1023 risque
587 979 755 1013 contrariis
780 980 1050 1024 quibuscumque.

506 1033 522 1075 ξ
547 1031 600 1065 16.
628 1032 783 1066 Volumus
809 1039 917 1066 autem
938 1032 1025 1077 quod
1049 1042 1202 1076 praesen-

463 1085 542 1120 tium
563 1087 774 1130 transumptis
810 1087 927 1120 notarii
948 1085 1069 1131 publici
1106 1096 1204 1119 manu

462 1139 661 1184 subscriptis,
697 1145 727 1173 ct
756 1139 862 1183 sigillo
882 1139 1017 1173 alicuius
1047 1149 1205 1184 personae

462 1192 495 1225 in
515 1192 670 1236 dignitate
690 1193 905 1227 ecclesiastica
925 1192 1118 1226 constitutae
1136 1203 1206 1226 mu-

464 1246 548 1286 nitis,
582 1248 694 1281 eadem
725 1258 857 1292 prorsus
882 1247 962 1281 fides
990 1246 1202 1285 adhibeatur,

464 1311 547 1345 quae
564 1301 788 1346 praesentibus
808 1301 1027 1338 adhiberetur,
1057 1300 1081 1333 si
1104 1300 1208 1334 forent

465 1354 624 1388 exhibitae
645 1355 694 1388 vel
712 1361 869 1389 ostensae.

510 1409 526 1451 g
547 1408 598 1442 17.
629 1409 786 1453 Quodque
815 1409 946 1443 eaedem
971 1413 1156 1452 praesentes
1175 1408 1207 1440 in

465 1460 563 1494 valvis
581 1460 730 1493 basilicae
751 1460 909 1505 Principis
929 1460 1155 1504 Apostolorum
1169 1459 1208 1493 de

466 1514 562 1554 L‘rbe,
582 1520 614 1547 et
634 1514 665 1547 in
690 1514 758 1548 acie
779 1514 882 1558 campi
903 1514 1028 1554 Florae,
1056 1518 1088 1546 ut
1111 1513 1208 1546 moris

467 1574 524 1608 est,
552 1568 769 1612 publicentur,
797 1578 834 1601 ac
859 1567 975 1601 deinde
1003 1577 1066 1612 quo
1095 1567 1133 1600 ad
1155 1577 1208 1600 su-

467 1621 645 1666 pradictam
667 1621 920 1666 prohibitionem
947 1621 1073 1655 emendi
1087 1631 1210 1654 merces

468 1681 554 1709 extra
567 1675 689 1708 Statum
701 1675 972 1715 Ecclesiasticum,
996 1674 1112 1718 elapsis
1125 1684 1206 1718 qua-

469 1734 542 1761 tuor
562 1728 737 1768 mensibus‚
760 1729 867 1772 quoad
892 1729 1017 1773 reliqua
1037 1738 1112 1761 vero
1147 1733 1210 1761 sta-

470 1781 525 1815 tim
547 1782 586 1815 ab
612 1782 679 1826 ipsa
698 1783 748 1815 die
766 1782 993 1826 publicationis
1011 1781 1208 1821 huiusmodi,

471 1841 602 1869 cunctos
623 1845 703 1879 quos
723 1841 921 1869 concernunt
951 1846 1014 1869 non
1036 1835 1142 1869 minus
1161 1835 1209 1868 as-

472 1888 590 1928 ficiam,
612 1899 708 1932 qnam
733 1889 757 1921 si
785 1899 896 1922 eorum
919 1889 1035 1932 cuique
1052 1899 1208 1932 persona-

473 1942 545 1976 liter
565 1942 730 1975 intimatae
752 1942 894 1975 fuissent.

517 1995 601 2029 Nulli
623 2005 711 2038 ergo,
739 2000 794 2028 etc.
819 1995 849 2029 Si
871 1995 943 2039 quis
963 2000 1017 2028 etc.

518 2049 630 2083 Datum
652 2049 783 2089 Romae,
804 2050 888 2094 apud
909 2049 939 2083 S.
964 2049 1105 2089 Petrum,
1129 2059 1214 2082 anno

473 2102 705 2136 lucarnationis
720 2103 904 2136 Dominicac
921 2112 1056 2142 unxerit,
1075 2113 1130 2136 vm
1145 2102 1214 2136 idus

474 2156 592 2196 martii,
616 2155 820 2200 pontificatus
844 2156 942 2189 nostri
964 2166 1049 2190 anno
1070 2166 1116 2190 ιιι.

510 2228 566 2255 Dat.
585 2228 628 2256 die
644 2230 659 2256 8
674 2228 762 2256 martii
782 2228 858 2261 ¹591,
877 2232 949 2263 pont.
967 2234 1059 2255 amin.

769 2416 925 2450 Lxxxttt.

480 2523 634 2557 Faenum
661 2523 912 2565 Conqrcyatiom‘
931 2523 1129 2558 clericorum
1151 2523 1213 2556 Mi-

524 2584 739 2618 nistrantium
761 2584 907 2627 Infirmis
926 2585 1104 2630 recipiendi
1123 2585 1216 2619 novi-
1233 2577 1238 2627 Ι

1037 182 1220 206 BULLARIUM
1237 181 1392 206 Romnum

1272 229 1331 262 cios
1351 229 1394 262 ad
1414 230 1575 270 habitum,
1600 240 1665 263 non
1692 233 1855 274 expectato
1874 229 1971 274 Capi-

1273 292 1341 325 tulo
1360 291 1508 335 yenerali
1535 302 1590 325 nec
1617 291 1835 336 provinciali,
1859 302 1969 326 conce-

1273 355 1392 388 ditm-¹.

1442 426 1576 454 Clemens
1593 426 1672 460 Papa
1686 427 1764 458 vul,

1359 480 1395 508 ad
1409 483 1585 515 perpetuam
1600 480 1645 508 rei
1661 480 1848 508 memoriam.

1275 551 1410 585 Assidua
1441 551 1568 596 pietatis
1602 557 1632 585 et
1664 551 1828 585 charitatis
1858 562 1973 596 opera,

1231 615 1313 649 quae
1335 604 1444 638 dilecti
1473 604 1530 638 filii
1562 604 1765 649 praepositus
1796 610 1827 639 et
1853 604 1974 646 clerici,

1231 658 1351 702 aliique
1369 658 1511 701 religiosi
1519 658 1783 702 Congregationis
1794 658 1979 692 ministran-

1232 712 1312 745 tium
1334 711 1471 745 infirmis
1492 712 1577 746 circa
1597 711 1802 746 infirmorum
1820 718 1888 746 tum
1906 723 1978 746 cor-

1233 765 1391 810 poralem,
1415 770 1482 798 tum
1502 765 1704 809 spiritualem
1725 763 1907 806 curam,'ut
1926 777 1980 800 ac-

1234 819 1390 864 cepimus,
1422 819 1576 856 continuo
1603 825 1763 860 exercent,
1787 819 1903 853 merito
1922 830 1982 853 nos

1235 873 1402 914 inducunt,
1427 879 1462 907 ut
1481 884 1595 907 eorum
1618 873 1784 917 religionis
1805 884 1979 908 conserva-

1236 927 1316 960 tioni
1333 934 1362 961 et
1381 933 1557 970 augmento
1577 927 1715 961 libenter
1731 927 1978 972 prospiciamus.

1281 981 1296 1024 ἓ
1314 981 1343 1014 l.
1376 981 1516 1015 Proinde
1547 981 1837 1026 supplicationibus
1869 991 1982 1015 eorum

1238 1035 1368 1069 nomine
1388 1035 1482 1069 nobis
1510 1035 1677 1069 humiliter
1704 1035 1861 1080 porrectis
1890 1034 1982 1069 incli-

1238 1089 1316 1130 nati,
1333 1099 1369 1122 ac
1389 1089 1428 1122 de
1447 1088 1680 1122 venerabilium
1699 1089 1834 1122 fratrum
1855 1093 1982 1123 nostro-

1240 1153 1311 1176 rum
1324 1142 1536 1176 cardinalium
1544 1141 1791 1186 Congregationi
1804 1151 1901 1186 super
1909 1151 1985 1175 con-

1240 1196 1467 1230 sultationibus
1483 1196 1712 1241 episcoporum
1736 1201 1767 1229 et
1786 1195 1984 1239 regularium

1241 1251 1411 1294 deputatae
1432 1250 1691 1294 praepositorum
1709 1249 1877 1290 sententia,
1893 1248 1986 1283 dictis

1241 1304 1424 1348 praeposito
1455 1310 1483 1338 et
1504 1304 1662 1347 religiosis
1686 1309 1843 1348 perpetuo
1868 1313 1985 1336 conce-

1242 1358 1349 1391 dimus
1369 1363 1399 1391 et
1417 1358 1634 1401 indulgemus,
1656 1363 1690 1391 ut
1712 1357 1744 1390 in
1761 1355 1907 1401 qualibet
1925 1366 1982 1390 eo-

1242 1422 1314 1444 rum
1326 1412 1435 1452 domo,
1447 1411 1645 1456 ubicumque
1657 1411 1804 1445 locorum
1816 1410 1983 1450 existente,

1243 1472 1306 1499 tres
1327 1476 1363 1499 ex
1383 1465 1619 1510 antiquioribus
1639 1465 1785 1509 patribus
1805 1475 1822 1497 a
1841 1463 1987 1508 Capitulo

1243 1519 1445 1553 conventuali
1459 1519 1606 1564 deputari
1620 1518 1754 1563 possint,
1771 1518 1825 1563 qui
1839 1518 1987 1552 eamdem

1243 1574 1383 1608 habeant
1404 1573 1587 1607 facultatem
1612 1579 1641 1606 et
1663 1578 1854 1617 potestatem
1873 1572 1905 1605 in
1925 1572 1985 1606 ad-

1245 1627 1409 1661 mittendis
1440 1626 1582 1666 novitiis,
1615 1636 1697 1670 quae
1730 1626 1902 1660 commissa
1932 1626 1990 1660 fuit

1245 1680 1397 1725 Capitulis
1429 1680 1634 1723 generalibus
1669 1685 1699 1713 et
1736 1678 1992 1724 provincialibus

1245 1735 1379 1779 aliisque
1399 1734 1603 1779 deputandis,
1623 1733 1709 1767 iuxta
1726 1733 1990 1768 constitutionem

1246 1799 1344 1833 super
1364 1788 1558 1822 novitiorum
1579 1787 1764 1832 receptione
1782 1798 1798 1820 a
1817 1787 1918 1821 felicis
1938 1797 1990 1822 re-

1247 1841 1444 1875 cordationis
1464 1841 1551 1875 Sixto
1579 1841 1663 1885 Papa
1681 1841 1714 1881 V,
1742 1841 1991 1885 praedecessore

1248 1901 1357 1929 nostro
1376 1895 1506 1935 editam,
1521 1895 1655 1928 subdat.
1673 1894 1778 1928 v1kal.
1794 1893 1987 1934 decembris,

1248 1959 1332 1983 anno
1354 1959 1401 1989 ιιι,
1425 1955 1453 1981 et
1476 1949 1609 1981 alteram
1641 1948 1709 1981 eius
1738 1948 1991 1982 declarationem

1247 2003 1306 2036 sub
1327 2003 1390 2035 dat.
1414 2013 1456 2036 xit
1474 2002 1534 2035 kal.
1552 2001 1746 2042 novembris,
1770 2012 1855 2035 anno
1873 2012 1904 2036 tv
1925 2001 1992 2036 cius

1249 2056 1467 2096 Pontificatus,
1482 2055 1854 2099 dmnmodoin,1·etiquis
1865 2065 1992 2089 earum-

1250 2111 1322 2144 dem
1344 2109 1609 2144 constitutionum
1633 2110 1768 2143 formam
1787 2114 1931 2150 servent·,
1951 2110 1991 2143 ad

1250 2164 1375 2208 hocque
1395 2164 1523 2208 plenam
1545 2170 1574 2197 et
1606 2163 1746 2208 amplam
1773 2162 1865 2197 dictis
1885 2163 1989 2208 depu-

1251 2218 1322 2252 tatis
1343 2217 1525 2251 facultatem
1551 2223 1581 2250 ct
1612 2217 1834 2251 auctoritatem
1867 2216 1989 2261 imper—

1251 2271 1360 2305 timur.

1295 2325 1357 2370 §2
1382 2326 1450 2359 Non
1471 2325 1672 2360 obstantibus
1693 2325 1847 2370 praedicti
1873 2325 1949 2360 Sixti
1970 2326 1992 2358 V

1251 2385 1281 2412 et
1302 2378 1372 2411 aliis
1392 2377 1675 2412 constitutionibus
1688 2383 1716 2411 et
1736 2377 2016 2423 ordinationibus,

1304 2460 1311 2485 t
1347 2458 1426 2486 istam
1447 2458 1688 2495 Congregationcm
1719 2459 1805 2493 primo
1831 2458 1994 2494 approbavit

1251 2504 1340 2531 Sixtus
1353 2504 1368 2529 V
1381 2504 1406 2531 in
1419 2512 1466 2531 sua
1482 2503 1619 2531 constitut.
1638 2511 1724 2530 xxxv:
1744 2504 1791 2531 Es
1801 2503 1948 2532 omuibus.

1255 2548 1330 2577 Bulla
1347 2557 1408 2576 vcro
1423 2548 1566 2576 Clementis
1582 2549 1606 2575 iu
1627 2547 1744 2576 editione
1766 2548 1894 2577 Mainardi
1910 2547 1994 2576 habo-

1253 2597 1296 2620 tur
1314 2592 1339 2620 in
1361 2594 1524 2629 Appendicae
1544 2600 1570 2620 n.
1588 2598 1710 2620 cchth.
1869 2594 1906 2628 (n.
1921 2593 1958 2628 τ.)

1986 180 2036 208 An.
2057 180 2085 208 c.
2104 160 2190 210 istus
2242 167 2245 186 ”

2031 611 2151 638 Exordium.
2172 632 2173 636 ,

2036 1042 2137 1064 facultas
2161 1051 2164 1060 ι
2183 1052 2188 1056 ¹

1998 1075 2040 1097 qua
2056 1070 2076 1092 iu
2091 1069 2183 1091 rubrica.

2022 2374 2136 2402 Deront'io
2144 2379 2193 2396 con·
2210 2369 2214 2397 j

2018 2401 2126 2424 tartarum.
2224 2400 2226 2405 ⁴
