2253 3195
215 238 267 264 An.
286 237 315 265 c.
332 238 400 266 1595
446 228 511 263 214

240 299 345 320 Bononia,
352 305 401 326 pro·
415 287 647 322 sollicitudines
661 315 668 328 ‚
699 288 903 322 subditorum
947 294 1133 322 nostrorum
1148 316 1155 329 ,

214 326 401 405 ἔζῗιῖἳλῖῗῗιῗῖῗιέἑῗ
415 341 590 385 praecipue
612 351 688 374 vero
719 341 809 374 istius
837 341 1057 375 nobilissimae
1077 343 1156 375 civi-

222 386 270 399 ΙΒΠΙ
285 386 335 400 ἌΠΓΕ
369 386 401 399 nt·

216 408 273 426 tata.

234 1785 329 1806 Pontifex
341 1785 404 1805 ἷψἹιΙ-

220 1813 284 1832 tatem
306 1813 405 1834 resonos-

220 1840 301 1858 lmtlius
320 1841 355 1860 dai

223 1867 268 1884 tvm
284 1868 373 1895 ¹fusteia-li
386 1872 404 1887 ιί

220 1897 275 1911 nou
286 1898 382 1917 impona-n
393 1895 405 1915 ¹1

222 1922 342 1946 wrtigalm.

418 395 489 427 tatis
519 394 688 437 angustiis,
712 404 751 427 eo
769 394 871 437 magis
890 401 1070 438 augentur,
1094 407 1158 440 qno

416 447 523 480 minus
542 453 719 491 promptas,
743 447 823 480 citra
842 458 1000 482 novorum
1021 459 1157 482 onerum

416 500 649 544 impositiones,
673 510 786 533 earum
806 501 1032 535 solvendarum
1052 503 1155 536 ratio-

415 564 471 586 nes
484 553 651 586 habemus.
671 554 863 598 Accepimus
873 555 1033 599 siquidem
1051 556 1159 590 eivita-

417 612 479 640 tem
500 607 604 647 istam,
627 616 684 640 seu
704 613 826 640 vestrae
846 609 1086 643 communitatis
1105 620 1158 642 ca-

416 670 551 699 meram,
574 660 646 693 licet
667 661 766 694 multa
787 671 804 693 a
822 661 915 694 nohis
935 661 1078 695 adhibita
1098 662 1158 696 sint

415 713 454 746 ad
469 713 537 747 eius
547 713 754 747 necessitates
767 714 990 755 sublevandas,
1006 725 1064 759 per
1077 726 1159 749 non-

416 766 579 799 nullorum
590 766 744 799 Montium
760 767 938 801 erectiones
951 773 981 801 et
993 774 1156 809 aumenta,

416 819 479 853 huc
507 830 610 863 usque
639 820 804 860 remedia3
822 821 919 863 gravi
949 821 1161 856 nihilominus

415 872 522 906 adhuc
534 883 608 906 aere
621 873 786 913 alieno(ea
799 873 1001 917 potissimum
1013 875 1052 908 de
1066 885 1161 908 eausa

417 931 596 966 contracto,
619 927 707 970 quod
725 927 861 960 durante
881 927 1085 971 superiorum
1107 939 1162 962 an-

415 989 534 1012 norum
554 979 701 1023 penuria,
725 979 887 1013 frumenta
907 982 1158 1023 communitatis,

416 1043 490 1066 aere
511 1032 615 1066 carius
634 1039 753 1076 empta,
777 1033 809 1066 iu
830 1034 941 1078 populi
955 1030 1160 1069 'beneficium

415 1086 520 1120 viliori
551 1087 656 1131 pretio
683 1092 757 1120 sunt
787 1087 933 1128 vendita,
957 1089 1109 1133 quodque
1130 1090 1161 1123 in

417 1140 552 1173 transitu
582 1140 740 1174 exercitus
761 1141 862 1174 nostri
883 1141 1106 1184 ecclesiastici,
1130 1143 1160 1176 in

417 1193 613 1236 Hungariam
631 1193 877 1237 proficiscentis,
892 1205 1003 1237 graves
1016 1202 1162 1240 sumptus

417 1246 457 1279 ab
475 1246 543 1290 ipsa
557 1247 790 1280 communitate
807 1248 989 1281 necessario
1007 1249 1079 1282 sacti
1094 1249 1162 1282 sue-

416 1300 506 1343 runt)
522 1306 684 1343 gravatam
707 1301 859 1345 reperiri;
883 1307 913 1334 et
933 1312 1018 1335 nunc
1040 1303 1079 1336 ad
1101 1303 1161 1336 lm-

417 1354 556 1388 iusmodi
581 1365 634 1388 aes
659 1355 799 1388 alienum
822 1355 1060 1389 dissolvendum
1081 1357 1159 1390 suli-

417 1407 559 1440 ventioni
581 1408 772 1449 triremium,
795 1419 878 1452 quae
907 1409 1033 1451 galiena
1053 1420 1164 1453 grossa

417 1463 632 1505 nuncupatur,
656 1473 754 1506 snper
772 1473 836 1506 qua
854 1463 1057 1496 subventioni
1072 1474 1163 1508 prae-

417 1513 521 1547 dictae
541 1514 725 1548 constitntio
750 1516 789 1548 ad
821 1515 922 1559 ipsam
943 1516 1160 1550 communita-

419 1573 481 1600 tem
503 1573 649 1611 spectans
666 1568 825 1611 assignata
839 1575 918 1608 erat,
934 1570 1086 1614 supplere
1099 1581 1162 1603 non

418 1626 533 1665 potest,
561 1621 650 1655 vobis
678 1622 717 1655 de
746 1622 882 1656 alicuius
902 1633 1002 1656 novae
1021 1623 1161 1657 subven-

421 1674 516 1708 tionis
535 1675 654 1708 auxilio
675 1676 909 1719 providendum
931 1687 1010 1710 esse.

464 1728 479 1771 ἓ
500 1728 530 1761 2.
551 1728 625 1768 Nos,
649 1729 704 1772 qui
726 1729 816 1762 istius
836 1729 971 1763 civitatis
996 1741 1165 1764 conserva-

422 1781 511 1822 tioni,
529 1788 557 1815 et
579 1782 802 1815 necessitatum
822 1783 1047 1823 sut-levationi,
1064 1795 1165 1827 quan-

374 1848 406 1860 =··-
422 1840 488 1868 tuin
510 1846 582 1868 cum
608 1836 745 1869 Domino
777 1846 967 1879 possumus,
996 1837 1165 1881 providere

421 1889 580 1933 cupimus,
595 1900 667 1922 cum
689 1889 888 1922 aliarutione
911 1889 941 1922 id
964 1890 1060 1923 modo
1074 1901 1164 1934 prae-

420 1942 496 1976 stari
518 1948 676 1986 nequeat,
699 1943 738 1976 ad
764 1953 819 1982 ea,
843 1953 924 1987 quae
956 1943 1100 1987 alioquin
1125 1944 1166 1977 ab

421 1996 566 2030 instituto
587 2001 696 2029 nostro
724 2008 857 2040 prorsus
877 1997 981 2029 alit-na
1002 1997 1162 2037 existunt,

420 2045 520 2083 onera
545 2049 696 2082 nimirum
717 2049 854 2083 subditis
876 2050 993 2083 nostris
1013 2050 1162 2091 ungendi,

422 2105 563 2138 remedia
589 2115 753 2137 recurrere
774 2104 932 2144 cogimur.
953 2104 1166 2148 Supplicatio-

422 2158 516 2191 nibus
534 2158 641 2198 igitur,
665 2164 769 2191 vestro
790 2159 936 2195 nominc,
959 2158 1051 2191 nobis
1070 2169 1167 2202 super

423 2211 483 2244 Ιιοι·
513 2211 677 2245 humiliter
696 2211 863 2256 porrectis„
888 2211 1053 2249 inclinati,
1078 2212 1185 2256 vobis3

423 2272 466 2302 ιιι,
483 2276 555 2298 cuin
575 2265 754 2299 interventu
773 2264 964 2298 venerahilis
985 2266 1091 2299 fratris
1106 2268 1166 2300 An-
1182 2283 1185 2322 Ι
1201 2266 1320 2306 gnitate
1336 2266 1567 2310 prat-fulgeant.
1578 2270 1630 2298 aut
1643 2264 1871 2299 -rel’ormatoris
1883 2269 1947 2299 sta·

423 2318 537 2351 niludis
565 2318 707 2362 episcopi
740 2318 1021 2357 Carcassonensis,
1052 2319 1082 2352 in
1110 2319 1166 2352 ista
1182 2325 1185 2356 t
1203 2326 1251 2352 tus
1265 2318 1421 2352 libertatis
1440 2318 1538 2363 ipsius
1558 2317 1704 2356 civitatis.
1726 2318 1772 2351 vel
1793 2316 1855 2350 alia
1868 2327 1947 2362 qua-

423 2371 547 2404 civitat·-
576 2372 752 2411 vivon-geni,
781 2371 1001 2416 infrascriptos
1026 2373 1167 2412 cultellas

424 2437 552 2463 augere,
576 2431 603 2459 ‹·t
624 2427 662 2458 de.
684 2437 766 2459 novo
788 2426 964 2470 respective
986 2426 1164 2470 imponere.

424 2489 541 2521 vasque
555 2486 662 2511 :nictus
680 2485 710 2512 et
731 2479 906 2523 impositus,
923 2479 961 2512 ad
974 2478 1166 2513 ‹leet-uniunt

426 2531 619 2575 proximum,
643 2544 658 2564 n
680 2533 752 2565 «latu
785 2532 1002 2577 praesentiunt
1035 2543 1167 2577 cotnpu·

427 2584 580 2623 tandum,
614 2585 806 2624 «wigandus.
834 2596 869 2618 ac
901 2585 930 2618 in
961 2585 1043 2618 aeris
1072 2580 1166 2619 alieni

425 2637 652 2670 eminentem-m
681 2644 708 2671 et
739 2638 818 2671 idios
839 2645 960 2671 vestrae
981 2638 1165 2672 comunim-

997 241 1181 265 BULLARIUM
1200 236 1355 266 nemum!

1949 243 2001 273 An.
2019 244 2048 272 G.
2062 243 2129 278 {¹⁷³2}
2155 241 2159 245 '

1194 289 1266 323 tatis
1285 301 1362 324 usus
1379 295 1410 324 et
1429 290 1596 325 utilitatem
1618 287 1817 333 convertere,
1832 292 1935 326 libere
2098 290 2103 300 ³
2123 294 2130 299 ²

1193 347 1223 375 et
1243 343 1329 377 licite
1347 344 1493 384 valeatis,
1516 344 1706 378 auctoritate
1734 346 1910 390 apostolica
1923 373 1931 387 ,

1193 400 1304 429 tenore
1328 397 1544 441 praesentium
1560 425 1567 438 ,
1595 397 1757 432 licentiam
1777 404 1808 432 et
1828 399 1932 433 sacul-

1193 456 1287 485 tatem
1309 451 1518 484 concedimus
1538 456 1569 485 et
1588 451 1805 495 impartimur.
1997 476 2002 480 .
2083 481 2085 483 .
2111 488 2115 494 ,

1236 505 1251 548 g
1288 503 1318 538 3.
1356 504 1571 538 Decernemcs
1607 505 1717 538 omnia
1748 510 1779 538 et
1809 505 1936 548 singula
1972 518 2114 546 omnesqua-

1192 563 1365 600 augmenta
1385 563 1415 591 et
1435 558 1657 602 impositiones
1675 568 1734 602 per
1753 569 1820 599 vos,
1843 543 2138 612 p1·ae-{21iffeig‘'ss‘¹⁸'r'

1191 610 1331 644 sentium
1351 610 1472 653 vigore,
1498 610 1658 652 facienda,
1681 622 1740 655 per
1763 622 1936 655 quascum-
2107 608 2113 621 ³

1193 674 1255 708 que
1292 675 1447 708 personas
1462 691 1469 703 ‚
1507 665 1713 708 quantumvis
1751 665 1913 699 immunes
1927 692 1935 707 ‚

1193 723 1356 761 exemptas
1369 722 1405 750 'et
1423 717 1658 761 privilegiam,
1674 718 1768 752 etiam
1787 719 1938 752 ecclesia·
1980 744 1983 746 -

1193 770 1287 804 sticas
1319 776 1382 803 tam
1413 771 1594 804 saeculares
1623 782 1720 815 quam
1750 771 1938 816 quorumvis

1194 823 1350 857 Ordinum
1371 829 1401 857 et
1430 823 1630 872 militiarum,
1654 824 1749 858 etiam
1770 824 1939 869 hospitalis

1195 877 1224 910 S.
1245 876 1374 910 loannis
1392 877 1685 921 Hierosolymitani,
1705 877 1874 921 utriusque
1891 888 1940 911 se·

1197 940 1263 969 xus,
1287 929 1383 963 etiam
1401 930 1614 972 collegiorum
1632 929 1807 974 Hispanici,
1835 931 1939 964 Anca-

1197 983 1286 1022 rani,
1309 983 1423 1023 Flisci,
1446 983 1561 1017 Montis
1591 983 1652 1016 Alti
1683 988 1715 1016 et
1739 983 1877 1016 aliorum
1906 983 1939 1016 in

1196 1035 1280 1068 dicta
1299 1035 1424 1069 civitate
1444 1035 1607 1070 Bononiae
1619 1035 1940 1080 existentium,atque

1196 1088 1340 1122 eiusdem
1362 1088 1498 1122 civitatis
1521 1089 1772 1133 archiepiscopi,
1796 1099 1853 1122 seu
1872 1089 1941 1123 eius
1978 1112 1981 1114 >

1196 1142 1403 1183 coadiutoris,
1427 1142 1523 1176 etiam
1542 1142 1666 1177 ratione
1685 1143 1870 1184 clericatus,
1883 1153 1941 1177 seu

1196 1198 1274 1231 alias
1298 1207 1336 1230 ex
1356 1197 1566 1241 dispositione
1586 1197 1664 1231 iuris
1684 1197 1877 1237 communis,
1887 1202 1942 1231 aut

1198 1250 1417 1294 municipalis,
1447 1251 1494 1283 vel
1520 1260 1556 1284 ex
1587 1250 1718 1294 speciali
1749 1250 1938 1299 priyilegio,

1197 1305 1292 1338 etiam
1321 1314 1380 1348 per
1406 1313 1485 1344 nos,
1509 1309 1565 1337 aut
1590 1304 1858 1348 praedecessores
1884 1314 1942 1338 no-

1196 1363 1279 1391 stros
1307 1358 1469 1390 Romanos
1487 1357 1659 1391 Pontifices
1679 1363 1711 1390 et
1729 1357 1843 1391 Sedem
1857 1358 1943 1401 Apo-

1197 1412 1304 1452 licam,
1332 1417 1387 1445 aut
1410 1412 1617 1452 modernum,
1644 1412 1694 1446 vel
1715 1421 1774 1456 pro
1796 1407 1943 1456 tempore

1197 1465 1384 1498 existentem
1413 1464 1518 1498 dictae
1545 1464 1681 1498 civitatis
1700 1465 1864 1508 legatum,
1892 1464 1943 1499 vel

1198 1519 1266 1552 eius
1291 1518 1514 1560 vicelegatum‚
1538 1524 1592 1552 aut
1611 1529 1667 1551 vos
1687 1518 1771 1552 viros
1788 1518 1943 1552 reforma-

1198 1578 1296 1612 tores,
1320 1583 1357 1605 ex
1377 1571 1488 1615 quavis
1507 1582 1614 1611 causa,
1632 1571 1726 1605 etiam
1749 1582 1944 1612 onerosa,ac

1197 1626 1257 1659 sub
1286 1626 1545 1669 quibuscumque
1573 1626 1747 1659 verborum
1778 1625 1892 1660 formis
1912 1631 1944 1659 et

1200 1678 1374 1719 tenoribus,
1403 1676 1449 1712 ac*
1470 1689 1543 1712 cum
1575 1674 1740 1722 ciuibusvis
1767 1678 1939 1720 clausulis,

1199 1733 1294 1766 etiam
1316 1732 1593 1774 derogatoriarurn
1608 1731 1832 1775 derogatoriis,
1850 1742 1886 1765 ac
1899 1731 1943 1766 ir-

1200 1786 1370 1819 ritantibus
1391 1791 1419 1818 et
1441 1785 1510 1818 aliis
1531 1785 1688 1826 decretis,
1713 1795 1865 1819 concesso
1880 1813 1888 1826 ‚
1911 1791 1945 1819 et

1199 1839 1326 1883 saepius
1347 1838 1539 1872 confirmato
1564 1844 1593 1871 et
1615 1838 1767 1872 innovato
1787 1838 1943 1883 (exceptis

1201 1899 1306 1926 tamen
1342 1891 1622 1931 mendicantibus,
1651 1902 1686 1924 uc
1716 1891 1777 1924 illis
1801 1891 1857 1935 qui
1886 1901 1946 1935 per

1200 1956 1306 1978 veram
1333 1951 1360 1978 et
1384 1945 1542 1977 actualem
1563 1943 1825 1991 exbursationem
1847 1954 1945 1988 pecu·
2074 1971 2081 1979 .

1201 1999 1338 2037 uiarum,
1359 1998 1390 2031 in
1411 1998 1561 2031 Gamerae
1581 2002 1615 2033 et
1632 1997 1723 2031 Sedis
1743 1996 1946 2042 Apostolicae
1990 2032 1995 2037 ,
2046 2006 2053 2015 “
2075 2000 2079 2009 ’

1199 2052 1442 2086 sulwentioneni
1463 2052 1590 2091 saetam,
1603 2057 1654 2084 ant
1675 2051 1800 2084 ratione
1818 2050 1946 2085 numeri

1201 2105 1372 2138 duodecim
1406 2105 1546 2138 tiliorum
1576 2104 1714 2148 exempti
1745 2109 1820 2137 sunt
1845 2104 1942 2138 dum-

1201 2159 1443 2198 ιιικιιιὸμῐιίειιιιεί
1471 2159 1604 2192 eaedem
1635 2169 1792 2203 personae.
1820 2157 1946 2202 episco-
2047 2159 2058 2196 ζ

1202 2214 1282 2257 puli,
1303 2213 1348 2245 vel
1371 2211 1637 2256 ai·‹·lii1.¹piscopnli
1652 2239 1659 2250 ,
1681 2212 1727 2245 vel
1758 2211 1872 2245 maiori
1893 2211 1944 2245 di·

1201 2383 1340 2416 cumque
1360 2372 1524 2405 mundana
1545 2371 1592 2405 vel
1613 2370 1768 2404 saeculari
1790 2376 1947 2415 potestate
2012 2373 2059 2419 ,ζ
2079 2374 2085 2410 ·]

1202 2432 1229 2459 et
1252 2426 1442 2459 auctoritate
1462 2424 1522 2459 sint
1544 2424 1704 2462 suffultae.
1727 2434 1865 2467 necnon
1886 2434 1947 2469 pro

1202 2478 1246 2511 eis
1260 2485 1402 2518 agentes.
1419 2488 1455 2511 ac
1469 2488 1580 2510 eoi-uin
1603 2478 1818 2511 conductores
1838 2481 1869 2510 et
1880 2487 1948 2510 ces-
2087 2512 2090 2515 Δ

1202 2530 1370 2569 sionni-ios,
1395 2537 1458 2564 taun
1487 2529 1517 2563 in
1544 2531 1682 2563 emendo
1703 2540 1799 2574 quam
1822 2523 1853 2563 in
1874 2539 1948 2563 ven·
1984 2560 1985 2563 ,
2031 2527 2066 2564 ‹.'·

1203 2585 1309 2618 dendo
1335 2595 1558 2628 quaecumque
1577 2584 1661 2617 bona
1682 2583 1774 2617 dictis
1794 2591 1948 2625 augmen·
2048 2577 2058 2592 ²

1204 2637 1242 2671 tis
1263 2637 1428 2682 supposita
1455 2643 1483 2670 ct
1507 2637 1656 2675 obnoxiu,
1678 2635 1948 2682 persolvideliere
