2253 3195
30 400 134 420 :ui-atores

29 457 63 480 pn
81 451 175 472 fictarum.

32 207 73 234 ln.
90 205 119 233 C.
145 205 208 233 159⁴

846 205 992 229 CLEMENS
1014 205 1069 228 vtlt
1089 206 1137 228 ΡΡ.

224 253 328 293 Urbis,
362 253 625 296 Congregationis
662 252 769 287 Sancti
797 253 984 295 Salvatoris}

224 305 444 343 Bononiensis,
468 311 531 339 tam
553 306 662 348 vigore
690 306 846 339 facultatis
879 306 923 339 eis
950 304 984 338 a'

224 465 496 508 Congregationes
522 466 712 510 praedictas,
751 476 807 498 seu
840 466 983 497 illarum,

224 526 450 564 procuratores
463 521 628 561 generales
649 519 734 559 sacti,
757 519 859 563 perD.
877 520 967 551 loan-
983 539 984 543 =

223 584 295 607 uem
317 573 524 616 Gugncttuui,
549 573 756 606 illustrissimi
781 573 884 605 almav
912 564 985 605 [⁷123

224 626 272 660 bis
303 627 410 660 vicarii
438 627 613 665 notarium,
637 627 695 659 suli
714 626 765 659 die
789 637 828 659 xv
851 619 987 682 meusisl¹

223 679 332 723 aprilis
366 679 503 723 proximi
537 679 700 723 praeteriti
736 679 858 722 rogati,
883 679 987 723 quodi

224 732 448 773 exbibuerunt,
467 733 598 771 tenoris,
620 737 675 765 etc.
694 733 767 766 Ideo
782 743 867 766 anuo
881 744 897 765 a
916 715 987 782 na-l¹

226 785 346 819 tivitate
365 787 400 820 D.
418 786 453 819 N.
469 787 540 820 Iesu
557 785 670 819 Christi
685 786 857 819 millesimo
871 786 967 830 quin-
986 803 988 826 ⁴,

225 840 404 882 gentesimo
426 840 636 885 nonagesimo
650 845 777 883 quarto,
795 839 970 873 indictione
986 831 988 874 ,³

225 893 373 938 septima,
408 890 554 927 die⁸ver0
587 894 698 938 quinta
724 893 842 927 mensis
882 887 988 933 mair*

226 947 432 991 pontificatus
461 947 604 981 eiusdem
635 947 830 980 Sanctissimi
863 948 897 980 D.
932 947 989 994 Ν.ἕ

226 1000 408 1038 Clementis.
433 1001 540 1033 divina
559 1000 762 1044 providentia
773 1001 878 1044 Papae
894 1001 968 1041 vlu,
987 997 988 1003 ¹

228 1065 313 1088 anno
333 1065 382 1095 111,
407 1065 517 1088 coram
545 1054 760 1087 illustrissimo
781 1060 989 1094 eti-averem

229 1109 360 1142 dissimo
373 1109 408 1142 D.
425 1109 673 1142 Bartholomaeo
687 1109 787 1149 Cesio,
803 1109 884 1142 Suae
894 1109 972 1142 San·
988 1102 989 1114 ³

229 1163 345 1196 ctitatis
374 1169 404 1196 et
442 1163 592 1197 Gamerae
618 1164 820 1207 Apostolicae
846 1164 973 1197 thesau-

232 1216 318 1250 rario
338 1216 492 1259 generali,
514 1222 544 1250 et
570 1216 602 1249 in
631 1216 693 1249 mei
715 1217 866 1250 Gamerae
887 1216 990 1260 Apo-¹

232 1270 363 1304 stolicae
393 1271 509 1304 notarii
537 1271 729 1315 testiumque
750 1271 973 1314 infrascripto—

231 1334 314 1365 rum,
348 1324 388 1358 ad
419 1324 498 1358 haec
529 1324 710 1368 specialiter
734 1330 921 1357 vocatorum
944 1323 991 1358 etl

230 1383 418 1421 rogatorum
455 1378 637 1422 praesentia
660 1378 875 1422 personaliter
899 1375 992 1412 con-³

230 1431 346 1473 stituti,
367 1431 503 1476 praefati
517 1432 787 1465 Reverendissimi
800 1432 858 1465 ΡΡ.
874 1433 908 1465 D.
926 1433 976 1466 lu-

231 1485 292 1518 lius
317 1485 356 1518 de
376 1485 554 1526 Cremona,
580 1492 611 1518 et
631 1486 665 1519 D.
690 1485 879 1519 Ambrosius
906 1486 971 1519 Mo-

231 1539 362 1579 randus,
385 1544 623 1582 procuratores,
647 1550 683 1572 ae
706 1539 771 1572 vice
796 1544 826 1572 et
846 1539 995 1579 nominei

233 1591 391 1626 dictarum
407 1593 699 1635 Congregationum
718 1593 928 1633 declarantes,
945 1593 977 1627 in
994 1592 995 1599 ¹

232 1646 345 1691 primis
363 1652 393 1680 et
414 1652 487 1680 ante
509 1646 635 1687 onmia,
657 1657 689 1679 se
710 1646 830 1679 habere
857 1652 977 1679 certam
995 1658 996 1670 ³

233 1705 265 1734 et
282 1700 497 1734 indubitatam
517 1699 684 1733 scientiam
712 1705 741 1733 et
768 1700 915 1733 notitiam
940 1701 997 1734 de¹

234 1754 362 1789 licentia
387 1760 418 1788 et
446 1755 595 1788 facultate
622 1754 680 1788 sibi
714 1754 745 1786 in
772 1754 998 1798 praeinsertis'

235 1809 348 1843 litteris
368 1819 530 1849 concessa,
554 1809 658 1852 deque
684 1808 835 1841 omnibus
867 1814 897 1841 et
917 1809 981 1842 siu-

236 1862 318 1906 gulis
339 1862 371 1895 in
393 1862 438 1895 eis
458 1862 627 1902 contentis,
654 1862 839 1906 dictamque
875 1862 978 1895 licen-

237 1916 312 1950 tiam
344 1922 374 1950 et
407 1916 591 1949 facultatem
619 1921 833 1959 acceptantes,
863 1916 1000 1960 illaquet

237 1976 363 2005 utentes
393 1976 423 2003 et
443 1970 490 2002 uti
511 1970 665 2009 volentes,
692 1980 727 2002 ac
750 1975 831 2006 taxa,
864 1970 1001 2003 contri-=

236 2024 370 2058 butione
390 2029 421 2057 et
444 2023 606 2068 portione,
641 2033 738 2067 quam
769 2034 984 2068 unaquaeque

239 2078 397 2112 dictarum
428 2077 720 2120 congregationum
760 2078 845 2111 dicto
887 2077 1003 2111 Montil

238 2131 391 2172 solvebat,
415 2136 511 2174 prout
527 2136 743 2171 asseruerunt,
773 2130 846 2163 visis
866 2137 897 2164 et
910 2142 986 2164 con-

238 2184 405 2232 sideratis,
444 2184 577 2217 reducto
614 2190 644 2216 et
675 2183 843 2217 aestimato
879 2175 1004 2217 valore¹

240 2244 405 2273 scutorum
423 2237 493 2271 auri
514 2233 546 2270 in
566 2247 646 2270 auro
671 2248 688 2269 a
714 2237 800 2270 iuliis
835 2237 986 2270 undecim

241 2303 313 2326 cum
333 2292 480 2332 dimidio,
504 2297 601 2335 prout
624 2290 751 2334 aliquae
776 2301 812 2323 ex
834 2290 878 2323 eis
899 2287 1006 2342 prius}

240 2346 416 2387 solvebant,
444 2346 484 2379 ad
504 2345 599 2379 iulios
623 2344 806 2385 duodecim3
828 2350 857 2378 et
878 2344 1005 2378 addito'

242 2400 298 2442 illo
323 2400 410 2444 pluri
440 2399 663 2444 infrascriptae
694 2404 803 2438 nixae,
839 2404 869 2432 et
900 2398 1005 2445 sactis]

244 2453 415 2497 computis,
439 2453 592 2486 adhibitis
617 2452 713 2486 etiam
744 2452 856 2496 peritis
876 2453 1005 2492 calcu-;

245 2507 401 2541 latoribus
421 2512 451 2540 et
462 2506 756 2547 ratiocinatoribus,
774 2506 988 2550 omnibusque

246 2565 371 2594 mature
391 2560 551 2601 discussis,
574 2561 685 2604 vigore
699 2560 866 2610 ‚dictarum
887 2559 986 2593 sacul-
1005 2566 1006 2569 ’

245 2619 359 2655 tatum,
375 2624 412 2648 ac
432 2613 509 2648 alias
529 2613 616 2648 omni
638 2614 762 2648 meliori
785 2614 893 2654 modo,
915 2617 985 2655 etc„
1005 2623 1007 2651 l

1653 192 1712 226 115

1002 259 1031 286 et
1051 263 1147 297 super
1168 253 1329 293 omnibus,
1351 258 1379 285 et
1398 251 1531 294 singulis
1561 251 1742 284 cuiuscum-

995 319 1063 354 que
1084 308 1243 341 dictarum
1264 306 1555 349 Congregationuu‘i
1576 305 1680 345 lionis,
1695 304 1743 337 iu-

38 370 209 416 ⁰⁰⁰⁶⁰⁰⁵¹¹¹8ss31
224 359 431 393 Sanctissimo
452 360 486 392 D.
512 360 546 392 N.
576 370 633 403 per
651 360 751 392 dit-tas
776 359 900 392 litteras
921 364 983 391 at-
1001 361 1089 394 ribus
1110 367 1137 394 et
1160 361 1353 400 redditibus,
1374 371 1533 393 summam
1562 371 1617 392 seu
1640 364 1742 391 laxam

999 468 1161 501 buendam
1188 474 1215 500 et
1243 468 1479 511 assignandam,
1512 467 1746 500 constituerunt

1001 532 1036 553 at·
1064 521 1304 564 imposuerunt:
1330 521 1474 554 videlicet
1508 519 1743 554 Cassinensium

1002 580 1165 607 scutorum
1193 581 1430 614 nongentorum
1457 573 1620 616 sexaginta
1652 573 1746 617 quiu-

1003 638 1065 670 que
1087 634 1233 661 monetae
1260 629 1297 660 de
1320 628 1404 660 iuliis
1425 629 1536 661 decem
1558 638 1616 671 pro
1643 626 1747 671 quoli-

1004 682 1056 714 bet
1076 687 1178 718 scuto:
1199 681 1472 715 Cartliusiensium
1491 687 1656 714 scutorum
1676 691 1746 714 sex-

1005 728 1172 768 centorum
1193 735 1357 777 sexaginta
1383 741 1466 776 octo,
1490 736 1555 768 bol.
1580 734 1633 774 483
1656 735 1748 768 Late-

1005 788 1190 821 ranensium
1231 794 1396 821 scutorum
1436 788 1747 832 quadringentorum

1005 841 1190 883 octuaginta
1211 841 1362 880 duorum,
1387 842 1451 874 bol.
1476 839 1529 877 902
1549 840 1662 873 Montis
1683 840 1748 873 Oli-

1005 894 1066 926 veti
1088 900 1251 927 scutorum
1283 894 1535 938 quingentorum
1561 892 1745 932 duodecim,

1006 948 1070 980 bol.
1095 947 1125 987 ἴῃ
1155 950 1184 981 S.
1221 948 1393 981 Salvatoris
1424 953 1589 980 scutorum
1620 953 1749 990 centum

1006 1001 1218 1044 quadraginta
1254 1001 1376 1039 trium,
1408 1002 1472 1033 bol.
1505 1000 1557 1040 573
1581 1000 1751 1033 Vallisum-

1006 1054 1119 1088 brosae
1140 1060 1305 1087 scutorum
1325 1054 1509 1096 octuaginta
1530 1059 1614 1093 octo,
1635 1059 1666 1086 et
1682 1054 1747 1087 bol.

1006 1109 1036 1147 .4;
1061 1108 1278 1142 Cisterciensis
1296 1108 1509 1141 Lomhardiae
1531 1114 1695 1141 scutorum
1707 1108 1752 1140 vi-

1007 1162 1086 1205 giuti
1107 1167 1241 1205 septena
1265 1162 1294 1195 S.
1318 1161 1504 1206 Hieronymi
1525 1167 1692 1194 scutorum
1708 1161 1752 1193 vi-

1007 1216 1084 1258 ginti
1106 1221 1241 1259 septena
1266 1216 1295 1248 5.
1328 1215 1457 1257 Georgii
1486 1215 1517 1247 in
1539 1215 1618 1258 Alga
1639 1220 1749 1248 scuto-

989 1281 1079 1314 {rum
1108 1269 1280 1307 undecim3
1314 1269 1548 1302 Cruciferorum
1588 1274 1752 1302 scutorum

1008 1323 1162 1367 quinque,
1186 1322 1250 1355 bol.
1280 1321 1316 1354 10
1337 1322 1511 1363 similium,
1546 1323 1629 1355 ultra
1660 1332 1750 1355 sum-

991 1389 1077 1427 3mas
1097 1388 1175 1420 quas
1200 1376 1289 1420 prius
1317 1376 1403 1409 dicto
1431 1376 1528 1409 Monti
1560 1376 1749 1416 solvebant,

1010 1431 1126 1475 quibus
1151 1430 1305 1474 quidem,
1340 1430 1456 1463 additis
1488 1430 1585 1463 scutis
1613 1431 1754 1474 quadra-

1010 1486 1097 1528 ginta
1118 1485 1230 1524 tribus,
1254 1485 1319 1517 bol.
1346 1484 1387 1518 35
1412 1495 1471 1528 pro
1496 1485 1685 1518 reductione
1706 1484 1755 1517 in—

1013 1539 1180 1583 frascripta
1210 1539 1358 1582 priorum
1384 1539 1531 1571 locorum
1562 1549 1579 1571 a
1607 1538 1705 1571 scutis
1737 1537 1756 1571 6

994 1599 1042 1643 ¹et
1061 1593 1126 1625 bol.
1150 1592 1181 1629 3,
1204 1603 1264 1636 pro
1286 1591 1429 1635 quolibet
1444 1593 1516 1625 loco
1541 1592 1581 1624 ad
1601 1597 1690 1625 scuta
1704 1602 1758 1625 sex

995 1675 997 1695 ζ
1014 1652 1148 1684 tantum,
1173 1651 1203 1679 et
1216 1646 1313 1679 scutis
1327 1645 1479 1678 undecim
1493 1646 1589 1689 (quae
1604 1651 1759 1689 superant

996 1712 1050 1738 ,ex
1072 1700 1226 1733 fructibus
1248 1700 1409 1733 dictorum
1430 1699 1576 1743 priorum
1597 1699 1758 1742 locorum)

1015 1754 1211 1787 constituunt
1255 1764 1415 1786 summam
1454 1759 1619 1786 scutorum
1662 1752 1759 1786 trium

1016 1808 1151 1840 millium
1181 1809 1309 1840 centum
1346 1807 1581 1851 quinquaginta
1612 1817 1727 1840 novem
1751 1835 1758 1847 ,

1015 1862 1079 1894 hol.
1114 1859 1156 1893 (³30
1184 1866 1354 1894 monetae:
1383 1871 1480 1904 quam
1513 1860 1642 1904 quidem
1664 1860 1760 1893 Monti

1016 1914 1189 1947 novennali
1222 1914 1365 1958 praefato
1397 1913 1611 1957 applicarunt,
1644 1924 1762 1957 appro-

1018 1969 1164 2013 priarunt
1186 1974 1215 2001 et
1236 1968 1451 2010 assignarunt,
1473 1967 1615 2011 dictique
1634 1966 1759 2007 Montis,

1019 2034 1055 2056 ac
1085 2023 1170 2056 illius
1199 2022 1345 2066 priorum
1373 2027 1404 2055 et
1428 2021 1649 2066 antiquiorum
1677 2022 1764 2055 loco-

1020 2088 1090 2110 rum
1112 2077 1231 2110 sructus
1245 2087 1262 2109 a
1283 2076 1374 2109 dictis
1392 2076 1489 2109 scutis
1507 2086 1570 2117 sex,
1593 2081 1623 2108 et
1642 2076 1707 2108 hol.
1729 2074 1760 2113 3,

1020 2141 1075 2163 seu
1103 2140 1309 2173 quacumque
1334 2128 1395 2161 alia
1423 2139 1567 2167 summa,
1591 2128 1631 2161 ad
1656 2138 1764 2161 annua

1003 2189 1109 2219 ,scuta
1139 2194 1191 2216 sex
1218 2189 1340 2216 tantum
1366 2183 1575 2222 reduxerunt,
1600 2187 1631 2215 et
1668 2192 1765 2225 super

1003 2238 1107 2276 2dicta
1136 2238 1218 2270 bona
1246 2242 1275 2270 et
1302 2247 1445 2276 summa,
1476 2241 1510 2268 ut
1532 2235 1760 2279 praemittitur,

1022 2291 1106 2324 dicto
1126 2290 1223 2323 Monti
1245 2289 1429 2329 constituta,
1445 2294 1538 2322 aucta
1547 2294 1578 2322 et
1591 2288 1761 2331 assignata,

1004 2373 1005 2383 ,
1022 2345 1083 2378 alia
1103 2345 1174 2377 loca
1192 2344 1367 2387 quingenta
1388 2343 1498 2386 viginti
1530 2354 1594 2383 sex,
1618 2353 1691 2376 cum
1710 2343 1765 2376 tri-

1022 2399 1081 2431 bus
1103 2397 1223 2441 quintis
1251 2397 1396 2441 partibus
1425 2396 1556 2429 alterius
1586 2396 1649 2430 loci
1676 2397 1761 2430 fece-

1025 2457 1108 2491 runt,
1132 2456 1282 2484 crearunt
1294 2456 1324 2483 et
1338 2455 1520 2489 erexerunt,
1533 2450 1652 2495 illaque
1667 2450 1765 2484 Monti

1023 2505 1195 2538 novennali
1224 2504 1390 2548 praedicto
1417 2504 1622 2545 addiderunt,
1656 2504 1767 2537 unive-

1024 2564 1097 2591 ruut
1117 2558 1420 2602 etincorporarunt,
1436 2557 1607 2602 ipsumque
1627 2557 1766 2591 Montem

1023 2612 1235 2646 novennalem
1256 2612 1295 2646 ad
1317 2612 1402 2646 dicta
1421 2611 1502 2653 loca,
1526 2622 1582 2646 seu
1602 2612 1767 2656 portiones

1759 179 1806 229 du.
1824 202 1851 229 C.
1875 202 1942 230 1594

1808 317 1863 337 'saxa
1880 323 1943 341 super

1758 343 1945 369 uuaquaquoCon-

1759 373 1881 394 gregalium*
1893 377 1941 390 1101·-

1759 397 1831 417 stituta
1852 398 1872 416 ut
1891 397 1944 417 assi-

29 429 61 452 ξω
76 423 208 445 aii-‚uumsu-
225 412 373 453 tributae,
409 424 504 456 quatu
536 413 677 445 mandati
712 423 870 456 procura(¹
910 423 966 455 per
982 453 983 459 ἵ
1001 414 1236 457 infrascriptam
1260 414 1342 446 inter
1367 425 1430 453 eas,
1472 419 1504 446 ut
1526 413 1608 445 inl'ra
1638 410 1744 445 distri·
1761 427 1830 449 tutam.
