2253 3195
869 295 967 319 mni-:x
986 294 1093 318 aarum
1646 279 1709 314 897

211 355 399 399 capellanus
417 356 520 389 maior
540 356 647 399 regiae
668 356 810 400 capellae
840 355 923 398 regis
944 354 1158 398 neapolitani,
1182 353 1297 387 intuitu
1329 352 1466 396 Philippi
1490 352 1528 386 111
1552 352 1648 395 regis,
1667 352 1754 385 varia

300 409 467 453 privilegia
484 409 598 453 accipit
620 420 637 442 a
657 409 789 442 Summo
814 408 980 445 Pontifice,
1010 407 1073 440 884
1097 419 1115 440 a
1137 412 1166 440 et
1190 408 1226 447 b,-
1247 407 1330 439 inter
1349 406 1421 442 atta.
1442 405 1639 439 matrimonii
1653 411 1684 438 et
1700 405 1755 438 ba-

301 462 407 505 ptismi
426 468 626 495 sacramenta
640 461 897 502 administrandi,
921 460 984 493 885
1007 466 1070 494 aet
1088 462 1123 497 ἐκ
1144 466 1288 503 tempore
1306 459 1467 492 interdicti
1489 459 1671 502 sepulturae
1694 463 1755 490 tra-

303 515 410 555 dendi,
432 514 495 548 886
512 526 554 553 α,’
574 515 612 547 ah
636 516 780 548 locorum
802 514 979 547 Ordinariis
997 519 1178 556 exemptum
1199 523 1277 553 esse,
1294 513 1374 545 ibat.
1397 513 1422 545 1).

213 568 394 612 Capitulum
419 568 449 601 S.
478 568 589 601 Iuliani
611 568 650 600 de
668 569 775 600 Castro
796 568 923 608 Villare,
945 566 1146 599 Cassanensis
1167 566 1332 598 dioecesis.
1361 565 1536 608 Episcopus
1556 565 1756 598 Cassanensis

303 631 474 657 numerum
495 622 698 654 sacerdotum
721 621 880 654 Ecclesiae
901 619 1140 653 inservientium
1162 620 1201 652 ad
1218 619 1329 661 viginti
1355 619 1536 659 reduxerat,
1560 617 1623 651 345
1640 629 1669 650 α.
1690 619 1753 651 Re-

303 674 486 707 ductionem
519 674 689 708 confirmat
718 674 871 712 Pontifex,
905 673 1039 713 1·l22‘cl.h;
1071 678 1166 716 atque
1198 672 1301 705 eidem
1335 672 1486 715 episcopo
1518 671 1756 715 praedictorum

304 728 475 771 exequutio
501 727 684 767 committit,
708 726 771 759 346
792 738 822 759 a.

215 780 389 824 Cappucini
411 781 547 814 Fratres,
582 780 755 822 Gregorius
787 780 852 813 XIV·
881 779 1047 823 prohibuit
1068 779 1262 823 eappucinos
1291 779 1428 812 aliorum
1461 777 1678 812 confessiones
1703 789 1758 811 au-

304 834 382 873 dire,
412 833 475 867 763
492 835 520 866 b.
544 834 688 867 Clemens
714 834 776 866 Vttt
795 833 1045 877 [nohihitionem
1063 833 1259 873 moderatur,
1279 832 1374 870 ihid.,·
1397 838 1427 865 et
1440 842 1660 875 quascumque
1677 831 1754 864 alias

302 887 447 920 licentias
467 893 606 927 revocat,
628 886 691 919 764
712 898 740 919 α.

215 939 382 983 Capuanus
402 940 662 984 archiepiscopus
682 941 813 972 domum
833 939 927 981 erigit
945 950 1003 982 pro
1024 939 1163 982 hospitio
1184 950 1363 983 pauperum
1385 949 1509 978 senum,
1531 945 1561 971 et
1581 938 1756 971 bibliothe-

305 1004 374 1026 cam
399 1004 459 1037 pro
480 994 556 1027 cleri
575 994 622 1026 sui
644 993 865 1032 instructione,
889 992 953 1025 413
971 994 998 1025 b.
1027 993 1201 1036 Utramque
1223 993 1381 1036 approbat
1400 992 1556 1033 Pontifex,
1574 998 1605 1024 et
1622 992 1721 1024 libros
1742 1002 1758 1024 a

305 1046 502 1080 bibliotheca
522 1047 644 1080 extrahi
665 1052 749 1080 vetat
765 1047 823 1079 suh
845 1057 948 1090 poena
969 1045 1322 1086 excommunicationis,
1347 1045 1411 1078 414
1428 1057 1458 1078 a.

216 1099 398 1133 Cardinales
419 1100 557 1140 diaconi,
578 1101 617 1133 ad
638 1101 784 1133 ordinem
803 1100 1040 1143 presbyteratus
1054 1105 1265 1139 transeuntes,
1286 1100 1391 1132 locum
1411 1099 1577 1131 obtineant
1596 1104 1668 1131 ante
1690 1098 1760 1131 illos

306 1153 486 1187 cardinales
506 1154 719 1198 presbyteros,
743 1153 797 1196 qui
818 1159 889 1196 post
910 1163 965 1186 eos
986 1153 1025 1185 ad
1043 1153 1276 1185 cardinalatum
1298 1152 1451 1195 assumpti
1475 1153 1619 1193 fuerunt,
1643 1150 1707 1184 364
1726 1163 1756 1184 α.

218 1205 350 1239 Carolus
379 1206 548 1250 episcopus
580 1206 819 1246 Anconitanus,
849 1206 1041 1247 vicelegatus
1062 1205 1291 1238 Avenionensis
1317 1211 1348 1238 et
1376 1205 1546 1238 comitatus
1569 1204 1758 1245 Venalssini,

308 1258 371 1291 722
392 1259 420 1291 b.

218 1311 417 1345 Carmelitae.
446 1312 479 1345 V.
503 1312 713 1355 Congregatio
734 1312 853 1346 Italica.

218 1365 407 1399 Carmelitae
427 1365 459 1398 in
478 1365 631 1409 Hispania
651 1376 669 1398 a
688 1365 852 1398 Fratribus
872 1364 1020 1407 Mitigatis
1041 1370 1241 1408 separantur.
1271 1365 1303 1398 V.
1328 1365 1523 1399 Discalceati.

219 1418 424 1452 Carmelitani
441 1419 555 1452 fratres
575 1419 747 1461 dignitates
773 1419 831 1452 sibi
853 1424 1074 1462 procurantes.
1104 1418 1137 1451 V.
1162 1418 1277 1452 Mariae
1298 1419 1372 1461 (B.).

221 1471 415 1505 Cassinensis
434 1472 656 1515 Congregatio.
686 1473 719 1505 V,
743 1472 906 1505 Benedicti
928 1472 1001 1514 (8.).

221 1525 321 1558 Castri
341 1525 446 1559 Plebis
466 1526 621 1569 oppidum
647 1526 679 1558 in
694 1526 852 1559 civitatem
871 1526 1017 1567 erigitur,
1039 1531 1068 1558 et
1095 1525 1163 1558 eius
1183 1525 1319 1558 ecclesia
1336 1525 1368 1557 in
1386 1524 1620 1564 cathedralem‚'
1636 1524 1695 1557 001
1728 1535 1758 1558 α.

309 1578 468 1612 Dioecesis
489 1584 520 1612 et
544 1579 722 1612 iurisdictio
748 1579 962 1621 assignantur,
988 1579 1064 1611 ibid.
1089 1578 1114 1611 b.
1144 1579 1205 1611 Dos
1227 1584 1257 1611 et
1274 1578 1406 1615 reditus,
1427 1577 1490 1610 602
1514 1589 1544 1611 α.
1580 1578 1759 1620 Privilegia,

311 1631 387 1665 ibid.
420 1632 447 1665 b.
478 1632 704 1676 Episcopatum
734 1633 830 1665 huius
866 1632 1017 1665 ecclesiae
1053 1631 1130 1664 alias
1161 1642 1178 1663 a
1203 1642 1235 1664 se
1262 1636 1404 1664 erectum
1435 1636 1667 1664 commemorat
1691 1632 1762 1665 Cle-

311 1695 401 1718 mens
418 1685 495 1725 VlII,
517 1685 580 1718 740
605 1686 642 1727 b,·
667 1687 773 1719 datam
798 1686 891 1718 etiam
918 1685 1139 1718 commissario
1168 1684 1344 1728 apostolico
1377 1685 1559 1717 facultatem
1596 1685 1764 1728 separandi

312 1738 351 1771 ab
387 1739 521 1772 ecclesia
548 1740 724 1773 Clusinensi
757 1740 930 1772 nommllos
959 1739 1100 1779 reditus,
1125 1735 1243 1782 eosque
1272 1738 1455 1779 assignandi
1483 1738 1636 1771 ecclesiae
1666 1738 1763 1771 Casti-i

311 1792 427 1833 Plebis,
449 1792 506 1825 741
529 1792 555 1825 b.
579 1793 824 1827 Commissarius
852 1793 1046 1836 apostolicus
1075 1792 1221 1835 procedit
1246 1792 1285 1825 ad
1313 1791 1498 1824 divisionem
1521 1797 1552 1824 et
1571 1791 1762 1833 assignatio·

312 1856 398 1887 nem,
422 1845 485 1878 742
502 1857 540 1887 a,
559 1846 779 1890 nonnullaque
802 1847 862 1879 alia
880 1846 989 1879 statuit
1016 1857 1075 1890 pro
1110 1846 1183 1878 dote
1207 1856 1348 1885 mensae,
1373 1844 1501 1888 capituli
1521 1855 1558 1878 ac
1584 1843 1763 1878 beneficio-

311 1909 382 1932 rum
401 1900 705 1940 ecclesiasticorum,
733 1900 810 1932 ibid.
842 1900 868 1932 1).
892 1899 1007 1933 Omnia
1039 1899 1203 1943 praedicta
1231 1898 1400 1931 confirmat
1428 1898 1584 1939 Pontifex,
1613 1896 1676 1930 743
1699 1909 1717 1930 α
1736 1904 1767 1931 et

312 1952 347 1992 bf
370 1953 548 1997 capitulum
566 1960 596 1987 et
616 1953 785 1998 parochias
806 1953 909 1995 erigit,
940 1953 1019 1985 ibid.
1047 1958 1157 1996 etseq.
1181 1952 1394 1985 Seminarium
1411 1951 1490 1994 erigi
1515 1951 1646 1984 mandat
1664 1956 1694 1984 et
1707 1950 1768 1984 alia

313 2006 414 2039 multa
429 2007 467 2039 de
481 2007 642 2050 parochis,
666 2007 889 2051 hospitalibus,
915 2017 1024 2039 mensa
1049 2005 1223 2049 episcopali
1248 2005 1381 2048 eiusque
1401 2005 1486 2045 dote,
1514 2004 1592 2037 ibici.
1619 2003 1682 2037 744
1703 2004 1720 2036 b
1739 2010 1769 2037 et

313 2069 377 2103 seq.
401 2060 462 2093 Dos
480 2060 652 2094 seminario
671 2066 701 2093 et
722 2060 803 2101 aliis,
817 2070 943 2093 necnon
957 2059 1120 2093 sacristiae
1134 2059 1297 2099 attributa,
1314 2058 1376 2091 745
1394 2058 1409 2091 IJ
1424 2064 1451 2091 et
1465 2069 1528 2102 seq.
1542 2059 1628 2101 Papa
1645 2057 1770 2091 confert

314 2112 624 2154 archidiaconatum,
649 2113 710 2146 747
731 2114 758 2154 Ι),
782 2119 1061 2157 exequutorcsque
1087 2113 1229 2156 deputat,
1258 2110 1320 2144 748
1339 2123 1368 2144 a.

228 2165 433 2199 Cathaloniae
447 2166 628 2210 Capitulum
654 2178 726 2200 cum
740 2167 889 2211 Philippo
902 2166 1128 2210 Hispaniarum
1145 2176 1220 2208 rege
1234 2176 1330 2209 super
1354 2165 1512 2198 solutione
1537 2165 1660 2209 primae
1685 2164 1771 2197 deci-

315 2229 387 2252 mae
412 2219 487 2262 agit,
515 2219 557 2252 45
582 2231 603 2253 a
627 2226 658 2253 et
681 2231 744 2264 seq.

226 2271 395 2306 Catharina
415 2272 632 2315 Portugalliae
658 2274 780 2316 regina.
807 2274 839 2306 V.
864 2273 1078 2317 Portugalliae
1099 2273 1240 2315 reginae.

227 2324 408 2359 Cauriensis
432 2326 611 2370 episcopus.
637 2326 672 2360 V.
700 2326 953 2360 Controversias.

228 2378 381 2413 celsonae,
405 2379 559 2423 oppidum
585 2380 625 2413 ab
637 2380 815 2423 Urgellensi
842 2380 980 2414 dioecesi
1005 2379 1152 2424 pluribus
1177 2380 1216 2412 de
1233 2378 1336 2412 causis
1353 2378 1542 2421 seiungitur,
1556 2377 1596 2412 67
1616 2379 1770 2423 betseq.,·

316 2432 349 2465 in
374 2432 533 2466 civitatem
559 2433 704 2476 erigitur,
721 2433 871 2478 illiusque
896 2433 1091 2477 parochialis
1117 2432 1251 2466 ecclesia
1276 2432 1468 2465 cathedralis
1493 2431 1616 2466 honore
1642 2432 1775 2475 insigni-

319 2491 380 2527 tur,
398 2485 439 2519 68
465 2497 483 2518 α
510 2492 541 2520 et
565 2487 592 2520 b.
616 2488 701 2520 llaec
726 2498 801 2520 vero
826 2487 1025 2520 Celsonensis
1049 2486 1190 2519 Ecclesia
1216 2485 1416 2527 suffraganea
1443 2485 1676 2530 archiepiscopi
1701 2487 1775 2519 'far-

318 2541 503 2573 raconensis
528 2540 675 2581 efficitur,
704 2540 745 2574 69
769 2552 799 2574 ιι,
828 2540 1008 2584 Capitulum
1036 2550 1107 2572 cum
1134 2545 1272 2583 quatuor
1304 2539 1522 2582 dignitatibus,
1551 2551 1586 2572 ac
1623 2540 1777 2573 dioecesis

322 2593 449 2626 termini
475 2594 689 2637 assignantur,
717 2594 797 2627 ibid.
827 2599 858 2627 et
890 2595 917 2626 b.
957 2593 1105 2637 Episcopi
1142 2593 1199 2626 dos
1231 2598 1259 2626 ct
1294 2603 1424 2633 merua,
1451 2592 1531 2626 ibid.
1560 2593 1665 2627 Mensa
1701 2593 1774 2627 item

319 2646 465 2690 Capituli,
490 2646 530 2680 70
555 2659 585 2681 α.
614 2648 707 2691 Regis
732 2647 881 2681 catholici
908 2647 955 2680 ius
980 2646 1203 2690 praesentandi
1230 2646 1268 2679 ad
1294 2646 1512 2691 episcopatum
1540 2652 1568 2680 et
1594 2647 1774 2690 dignitates,

321 2699 401 2733 ibid.
430 2699 457 2733 b.
1399 2716 1403 2719 ·

351 2762 430 2792 Buzz.
445 2762 530 2791 Rom.
549 2762 609 2791 Vol.
625 2763 661 2792 X.
873 2762 923 2789 113
