2253 3195
24 236 59 255 in.
76 227 104 254 C.
122 226 190 254 1600

47 2459 186 2490 Trausumptis

25 2487 78 2509 anda
92 2489 150 2512 fides.

818 226 964 250 CLEMENS
987 226 1041 249 l'lll
1063 227 1113 249 Pr.

205 274 449 307 confirmatione
474 274 666 318 apostolica,
691 275 738 307 vel
759 274 870 318 quavis
890 274 946 306 tir-

205 328 315 360 mitate
340 328 402 360 alia
423 328 593 367 roboratis,
618 329 742 361 statutis
763 334 791 362 et
813 339 947 362 consuc-

206 380 382 420 tudinibus,
406 380 580 424 privilegiis
601 392 741 424 quoque,
766 382 897 415 indultis
917 388 946 415 et

204 434 318 467 litteris
336 433 521 478 apostolicis
535 435 708 478 praedietis
729 435 946 478 archiepisco-

203 487 252 531 pis
277 493 308 520 et
325 487 502 531 episcopis,
529 498 565 520 ac
585 487 707 521 eisdem
730 493 760 520 et
781 488 946 530 quibusvis

203 539 274 572 aliis
295 540 446 580 ecelesiis,
476 539 695 580 iiionastei‘iis,
728 540 896 573 ordinibus
917 546 947 573 et

204 593 431 636 religionibus,
456 605 492 627 ac
524 593 602 627 locis
626 594 709 637 piis,
739 599 770 626 et
800 594 946 637 personis

203 647 436 690 cuiuscumque
465 647 595 689 gradus,
620 647 816 680 conditionis
841 652 872 680 et
892 647 943 680 di-

203 700 333 742 gnitatis
358 700 578 739 existentibus,
602 700 662 733 sub
686 700 945 744 quibuscumque

205 753 370 786 tenoribus
401 759 431 786 et
463 753 597 793 formis,
626 764 662 786 ac
683 764 755 786 cum
782 754 946 796 quibusvis

203 806 299 840 etiam
318 807 595 849 derogatoriarum
617 808 840 850 derogatoriis,
861 808 946 841 aliis-

203 871 265 903 que
284 860 519 894 efficacioribus
547 868 574 894 et
609 861 745 894 insolitis
781 861 941 901 clausulis,

203 913 466 957 irritantibusque
488 920 517 947 et
532 914 602 947 aliis
620 914 756 947 decretis
777 914 808 946 111
829 925 945 956 genere

203 967 251 999 vel
278 967 309 999 in
343 967 467 1010 specie,
503 973 557 1000 aut
586 967 663 1000 alias
701 968 943 1010 quomodolibet

204 1020 375 1059 concessis,
399 1021 586 1064 approbatis
607 1026 639 1053 et
660 1020 828 1053 innovatis.
863 1021 941 1059 Qui-

203 1073 263 1106 bus
298 1073 448 1106 omuibus
477 1079 506 1106 et
543 1073 698 1116 singulis,
734 1074 858 1106 etiamsi
885 1084 943 1117 pro

203 1126 332 1159 illorum
367 1127 537 1160 sufficienti
569 1127 779 1169 derogatione
812 1128 850 1160 de
883 1127 944 1160 illis

203 1190 381 1224 eorumque
407 1181 480 1214 totis
499 1181 664 1214 tenoribus
692 1181 849 1225 specialis,
873 1192 944 1225 spe-

202 1233 304 1273 cifica,
328 1245 476 1278 expressa
497 1240 527 1267 et.
547 1234 723 1275 individua,
748 1245 813 1268 non
834 1241 941 1268 autem

202 1298 260 1331 per
284 1288 442 1320 clausulas
463 1289 629 1330 generales
648 1288 732 1321 idem
764 1288 943 1332 importan-

203 1346 249 1374 tes
262 1341 394 1381 mentio,
410 1352 467 1374 seu
486 1341 617 1385 quaevis
631 1342 692 1374 alia
712 1342 874 1386 expressio
888 1342 943 1375 ba-

201 1394 318 1434 bendo,
335 1399 391 1427 aut
408 1395 515 1438 aliqua
530 1395 591 1428 alia
603 1395 758 1439 exquisita
779 1396 883 1429 forma
903 1396 942 1429 ad

202 1447 264 1481 hoc
290 1449 446 1482 servanda
468 1449 559 1488 soret,
587 1449 716 1482 illorum
745 1450 890 1482 omnium
911 1456 942 1483 et

202 1501 403 1543 singulorum
437 1508 585 1543 tenores,
608 1513 645 1536 ac
676 1502 701 1536 si
725 1503 763 1536 de
785 1504 882 1537 verbo
902 1505 942 1537 ad

203 1555 335 1587 verbum
358 1555 617 1599 exprimerentur
643 1561 674 1589 et
699 1556 939 1598 insererentur,

200 1609 423 1652 praesentibus
443 1620 502 1653 pro
523 1610 617 1653 plene
635 1615 665 1642 et
682 1610 878 1644 sufficienter
892 1623 943 1645 ex-

201 1661 318 1705 pressis
339 1668 368 1695 et
389 1662 516 1696 insertis
536 1663 707 1703 habentes,
733 1663 794 1696 illis
812 1664 889 1697 alias
910 1665 942 1697 in

202 1725 259 1748 suo
279 1716 396 1748 robore
422 1716 653 1759 permansuris,
678 1717 737 1750 liae
754 1717 822 1750 Vlce
844 1719 940 1751 dum-

203 1775 285 1803 taxat
305 1770 419 1803 harum
442 1771 535 1811 serie,
558 1771 942 1815 specialiteretexpresse

202 1823 404 1866 derogamus,
429 1828 460 1856 et
479 1824 629 1857 omnibus
649 1824 722 1865 illis,
746 1836 829 1868 quae
850 1837 942 1870 prae-

202 1876 305 1909 dictus
326 1877 556 1920 praedecessor
576 1877 608 1910 iu
628 1878 694 1911 suis
715 1878 830 1912 litteris
850 1891 943 1923 prae-

202 1930 295 1963 dictis
328 1931 429 1964 voluit
460 1941 524 1963 non
560 1931 708 1971 obstare,
743 1933 942 1977 eaeterisque

201 1983 371 2017 contrariis
391 1984 659 2028 quibuscumque.
687 1986 748 2018 Aut
765 1986 790 2019 si
816 1987 943 2029 praedi-

201 2037 257 2070 ctis
281 2038 328 2070 vel
354 2037 519 2081 quibusvis
547 2038 628 2078 aliis,
657 2040 873 2073 communiter
894 2041 941 2074 vel

201 2090 337 2130 divisim,
349 2091 388 2123 ab
401 2091 513 2124 eadem
528 2091 568 2124 sit
580 2092 661 2125 Sede
672 2092 843 2134 indultum,
855 2095 942 2137 quod

200 2143 372 2183 interdici,
407 2144 560 2187 suspendi
594 2145 642 2177 vel
669 2147 942 2180 excommunicari

199 2207 264 2230 non
285 2197 408 2241 possint
434 2208 491 2241 per
520 2197 641 2230 litteras
666 2199 857 2242 apostolicas
877 2211 941 2233 non

200 2250 351 2283 facientes
380 2251 509 2294 plenam
542 2257 572 2284 et
596 2262 798 2295 expressam,
834 2264 871 2286 ac
903 2254 941 2286 de

200 2303 297 2336 verbo
319 2304 358 2337 ad
381 2304 524 2344 verbum,
549 2305 588 2337 de
609 2305 734 2338 indulto
754 2305 940 2339 huiusmodi

201 2357 411 2390 mentionem.

247 2411 263 2452 ξ
285 2409 337 2443 10.
361 2411 516 2444 Volumus
542 2417 649 2444 autem
671 2413 758 2455 quod
784 2423 938 2456 praescn-

203 2463 280 2496 tium
309 2465 514 2508 transumptis
535 2465 631 2497 etiam
653 2465 827 2509 impressis,
845 2477 942 2500 manu

1629 214 1687 247 ott

981 274 1151 313 hibentur,
1176 284 1257 317 quae
1278 273 1398 306 eisdem
1419 273 1642 317 praesentibus
1667 274 1722 305 ad-

981 327 1158 367 hiberetur,
1170 327 1195 360 si
1209 328 1311 360 forent
1333 327 1492 360 exhibitae
1506 327 1550 360 vel
1562 332 1718 360 ostensae.

1024 381 1138 413 Datum
1174 381 1295 413 Romae
1325 381 1411 423 apud
1443 380 1472 413 S.
1498 381 1638 419 Petrum,
1662 379 1720 412 sub

980 434 1100 466 annulo
1121 433 1300 473 Piscatoris‚
1328 434 1379 466 die
1399 444 1459 467 xxv
1481 433 1622 466 octobris
1642 443 1717 473 111110,

979 486 1186 530 pontificatus
1206 486 1306 519 nostri
1325 497 1408 519 anuo
1430 497 1471 520 1x.

1017 549 1074 576 Dat.
1096 548 1139 576 die
1155 549 1189 575 25
1205 549 1323 576 octobris
1346 550 1422 583 totto,
1441 549 1534 585 pontif.
1552 557 1595 576 au.
1613 556 1647 576 ix.

1295 710 1400 744 CCXL.

979 808 1078 850 Regyio
1109 808 1243 850 colleqio
1275 807 1389 851 oppidi
1413 808 1604 848 Duaeensz's,
1628 809 1722 842 Atre-

1025 861 1165 894 balensis
1185 861 1350 901 dioecesis,
1365 862 1477 905 pensio
1495 870 1512 890 D
1525 862 1722 905 florenorum

1023 924 1118 956 super
1149 914 1310 956 fructibus
1340 915 1490 947 abbatiae
1513 915 1545 948 S.
1579 914 1718 956 Vedasti,

1023 967 1165 999 eiusdem
1184 967 1408 1000 Atrebalensi's
1433 968 1594 1008 dioecesis,
1622 979 1723 1001 reser-

1022 1024 1118 1052 vatur
1138 1021 1173 1052 in
1191 1024 1383 1064 perpetuum
1398 1021 1417 1054 ¹.

1194 1111 1328 1137 clemens
1349 1111 1428 1144 Papa
1447 1111 1533 1144 VIII,

1092 1165 1127 1191 ad
1143 1167 1318 1198 perpetuam
1334 1164 1380 1191 rei
1399 1165 1579 1192 memoriam.

1022 1236 1144 1278 Magna,
1177 1245 1260 1279 quae
1276 1235 1314 1278 'in
1341 1235 1407 1268 dies
1428 1246 1464 1268 ex
1485 1236 1629 1279 collegiis
1646 1264 1655 1276 ,
1690 1237 1722 1269 in

977 1289 1093 1333 quibus
1124 1289 1287 1322 scholares
1309 1295 1339 1322 et
1360 1289 1440 1322 aliae
1461 1301 1619 1333 personae
1640 1291 1723 1324 litte-

977 1353 1086 1375 rarum
1107 1342 1221 1375 studiis
1242 1353 1372 1385 operam
1396 1343 1482 1383 dant,
1507 1343 1628 1376 utilitas
1648 1354 1722 1387 pro-

977 1396 1084 1429 venire
1113 1395 1333 1438 dignoscitur,
1359 1406 1417 1429 nos
1447 1397 1599 1429 admonet
1621 1403 1651 1430 et
1672 1397 1720 1430 in-

978 1450 1076 1488 ducit,
1098 1455 1132 1482 ut
1153 1460 1189 1482 ea
1218 1449 1361 1491 collegiis
1382 1449 1458 1493 ipsis
1478 1449 1618 1483 libenter
1638 1461 1718 1484 con-

977 1503 1140 1543 cedamus,
1158 1513 1215 1546 per
1226 1513 1308 1546 quae
1327 1513 1439 1535 eorum
1456 1514 1491 1536 ac
1506 1514 1719 1547 personarum

978 1556 1009 1588 in
1030 1556 1076 1589 eis
1100 1556 1285 1598 degentium
1305 1561 1335 1588 et
1355 1556 1554 1589 studentium
1577 1568 1721 1590 commo-

978 1610 1130 1643 ditatibus
1148 1611 1250 1642 valeat
1267 1610 1440 1653 provideri.

1022 1665 1038 1706 g
1060 1663 1089 1696 1.
1111 1664 1196 1696 Alias
1213 1663 1373 1707 siquidem
1396 1664 1497 1697 seliciS
1518 1665 1719 1699 recordatio-

977 1717 1025 1749 nis
1045 1717 1162 1749 Paulus
1178 1715 1325 1760 PapalV,
1346 1718 1577 1760 praedecessor
1597 1725 1716 1759 noster,

977 1770 1267 1814 supplicationibus
1281 1771 1384 1803 clarae
1396 1771 1570 1804 memoriae
1581 1772 1719 1816 Philippi
1750 1788 1767 1800 οι

976 1823 1108 1857 secundi
1140 1823 1365 1867 Hispaniarum
1396 1824 1481 1866 regis
1513 1825 1665 1858 catholici
1688 1826 1719 1858 in

978 1888 1013 1910 ea
1031 1883 1120 1921 parte
1136 1877 1317 1917 inclinatus,
1333 1878 1452 1911 nuncio
1474 1878 1563 1911 Sedis
1584 1880 1721 1922 Aposto-

978 1932 1099 1964 licaeiu
1118 1932 1224 1974 regnis
1245 1931 1485 1975 HIspaniarum,
1503 1944 1559 1966 seu
1578 1933 1720 1966 inferiori

977 1985 1148 2018 Germania
1170 1991 1245 2018 tune
1263 1985 1489 2026 commoranti,
1518 1997 1577 2030 per
1588 1986 1720 2019 suaslit-

979 2046 1060 2071 teras
1082 2039 1170 2071 dedit
1198 2038 1229 2071 in
1262 2039 1422 2072 mandatis
1451 2045 1496 2078 ut,
1522 2040 1561 2072 de
1584 2040 1720 2073 consilio

977 2092 1051 2125 dicti
1080 2092 1219 2136 Philippi
1250 2092 1350 2135 regis,
1375 2103 1392 2125 a
1413 2092 1578 2136 quibusvis
1600 2103 1718 2126 mona-

977 2146 1079 2178 steriis
1100 2145 1272 2179 ditioribus
1282 2152 1309 2178 et
1329 2146 1589 2189 opulentioribus
1610 2147 1720 2190 oppidi

976 2199 1159 2239 Duaeensis,
1176 2199 1394 2232 Atrebatensis
1408 2199 1576 2239 dioecesis,
1595 2200 1716 2239 vicinis,

977 2263 1045 2286 eant
1071 2253 1230 2285 fruetuum
1264 2259 1400 2296 partem,
1425 2264 1507 2296 quae
1537 2253 1595 2285 sibi
1627 2253 1716 2286 vide—

976 2312 1081 2346 retur,
1115 2305 1291 2349 apostolica
1318 2306 1529 2346 auctoritate,
1563 2312 1721 2349 perpetuo

977 2359 1225 2392 dismembraret
1256 2365 1287 2392 et
1318 2365 1499 2403 separaret,
1536 2359 1722 2404 dictamque

977 2418 1100 2456 partem
1132 2413 1293 2445 fructuum
1327 2413 1371 2445 sie.
1401 2413 1664 2446 (bsmembratam
1693 2420 1723 2447 et

977 2471 1156 2509 separatam
1174 2477 1232 2509 pro
1252 2467 1325 2499 dote
1341 2466 1541 2510 etstipendio
1554 2467 1722 2500 cathedra-

203 2516 318 2549 notarii
337 2517 456 2560 publici
475 2518 672 2561 subscriptis,
690 2528 726 2551 ac
746 2518 850 2561 sigillo
872 2530 943 2563 per—
977 2519 1131 2559 1100111111,
1156 2519 1220 2552 sive
1253 2520 1434 2559 doctorum,
1459 2526 1489 2553 et
1509 2531 1720 2564 personarum

203 2579 300 2603 sonae
332 2570 362 2602 in
396 2571 549 2613 dignitate
576 2571 789 2605 ecelesiastica
820 2574 940 2606 consti·
978 2573 1008 2605 iu
1030 2573 1236 2606 universitate
1253 2574 1351 2606 studii
1373 2575 1543 2616 generalis,
1565 2586 1601 2608 ac
1622 2575 1720 2609 colle-

206 2627 291 2656 tutae
312 2624 465 2665 munitis,
490 2625 601 2658 eadem
630 2635 761 2669 prorsus
786 2626 865 2659 tides
890 2621 961 2666 acl-l

1016 2637 1024 2662 1
1046 2636 1082 2663 Ex
1097 2636 1203 2673 Regest.
1221 2636 1246 2663 iu
1267 2637 1370 2665 Secrct.
1391 2637 1522 2666 111-01111111.

1739 224 1789 250 Α11.
1809 224 1836 251 C.
1857 224 1924 251 1600

1766 1243 1907 1264 Prooemium.

1800 1674 1878 1694 Paulus
1892 1675 1919 1695 IV

1736 1701 1811 1721 biturio
1845 1701 1920 1725 Hispu-

1735 1728 1815 1748 niarum
1834 1728 1920 1748 sarnun-

1827 1755 1921 1775 'ont'udth

1838 1788 1856 1801 tu
1883 1782 1920 1801 ali-

1831 1808 1920 1832 collegio

1785 1836 1841 1855 vensi
1854 1835 1919 1860 11111111-

1748 1861 1804 1881 ⁴iudi.
