<?xml version="1.0" encoding="UTF-8"?>
<!DOCTYPE html PUBLIC "-//W3C//DTD XHTML 1.0 Transitional//EN"
    "http://www.w3.org/TR/xhtml1/DTD/xhtml1-transitional.dtd">
<html xmlns="http://www.w3.org/1999/xhtml" xml:lang="en" lang="en">
 <head>
  <title>
</title>
<meta http-equiv="Content-Type" content="text/html;charset=utf-8" />
  <meta name='ocr-system' content='tesseract 3.04.00' />
  <meta name='ocr-capabilities' content='ocr_page ocr_carea ocr_par ocr_line ocrx_word'/>
</head>
<body>
  <div class='ocr_page' id='page_1' title='image "./bullarumdiplomat10cath_0544.png"; bbox 0 0 2253 3195; ppageno 0'>
   <div class='ocr_carea' id='block_1_1' title="bbox 279 258 572 298">
    <p class='ocr_par' dir='ltr' id='par_1_1' title="bbox 279 258 572 298">
     <span class='ocr_line' id='line_1_1' title="bbox 279 258 572 298; baseline -0.02 0"><span class='ocrx_word' id='word_1_1' title='bbox 279 271 328 298; x_wconf 78' lang='lat' dir='ltr'>An.</span> <span class='ocrx_word' id='word_1_2' title='bbox 346 269 375 298; x_wconf 88' lang='lat' dir='ltr'>c.</span> <span class='ocrx_word' id='word_1_3' title='bbox 394 267 463 296; x_wconf 79' lang='lat'>1599</span> <span class='ocrx_word' id='word_1_4' title='bbox 507 258 572 293; x_wconf 78' lang='grc'>496</span> 
     </span>
    </p>
   </div>
   <div class='ocr_carea' id='block_1_2' title="bbox 476 313 1219 519">
    <p class='ocr_par' dir='ltr' id='par_1_2' title="bbox 476 313 1219 519">
     <span class='ocr_line' id='line_1_2' title="bbox 477 313 1215 361; baseline -0.005 -11"><span class='ocrx_word' id='word_1_5' title='bbox 477 316 710 361; x_wconf 83' lang='lat' dir='ltr'>privationem,</span> <span class='ocrx_word' id='word_1_6' title='bbox 739 320 793 347; x_wconf 87' lang='lat' dir='ltr'>aut</span> <span class='ocrx_word' id='word_1_7' title='bbox 822 313 988 356; x_wconf 80' lang='lat' dir='ltr'>religionis</span> <span class='ocrx_word' id='word_1_8' title='bbox 1016 313 1215 356; x_wconf 81' lang='lat' dir='ltr'>ingressum,</span> 
     </span>
     <span class='ocr_line' id='line_1_3' title="bbox 477 366 1216 411; baseline -0.004 -9"><span class='ocrx_word' id='word_1_9' title='bbox 477 371 568 402; x_wconf 85' lang='lat' dir='ltr'>illum</span> <span class='ocrx_word' id='word_1_10' title='bbox 589 374 619 402; x_wconf 89' lang='lat' dir='ltr'>et</span> <span class='ocrx_word' id='word_1_11' title='bbox 639 368 709 400; x_wconf 89' lang='lat' dir='ltr'>illas</span> <span class='ocrx_word' id='word_1_12' title='bbox 729 368 770 400; x_wconf 91' lang='lat' dir='ltr'>ad</span> <span class='ocrx_word' id='word_1_13' title='bbox 793 377 946 411; x_wconf 82' lang='lat' dir='ltr'>praesens</span> <span class='ocrx_word' id='word_1_14' title='bbox 977 366 1193 400; x_wconf 85' lang='lat' dir='ltr'>obtinentium</span> <span class='ocrx_word' id='word_1_15' title='bbox 1209 394 1216 407; x_wconf 89' lang='lat'>,</span> 
     </span>
     <span class='ocr_line' id='line_1_4' title="bbox 476 420 1217 465; baseline -0.004 -9"><span class='ocrx_word' id='word_1_16' title='bbox 476 423 524 456; x_wconf 79' lang='lat' dir='ltr'>vel</span> <span class='ocrx_word' id='word_1_17' title='bbox 552 422 630 454; x_wconf 88' lang='lat' dir='ltr'>alias</span> <span class='ocrx_word' id='word_1_18' title='bbox 659 421 773 465; x_wconf 88' lang='lat' dir='ltr'>quovis</span> <span class='ocrx_word' id='word_1_19' title='bbox 798 421 907 461; x_wconf 87' lang='lat' dir='ltr'>modo,</span> <span class='ocrx_word' id='word_1_20' title='bbox 934 420 1032 454; x_wconf 89' lang='lat' dir='ltr'>etiam</span> <span class='ocrx_word' id='word_1_21' title='bbox 1052 421 1138 464; x_wconf 89' lang='lat' dir='ltr'>apud</span> <span class='ocrx_word' id='word_1_22' title='bbox 1158 420 1217 454; x_wconf 87' lang='lat' dir='ltr'>Se-</span> 
     </span>
     <span class='ocr_line' id='line_1_5' title="bbox 478 474 1219 519; baseline -0.004 -10"><span class='ocrx_word' id='word_1_23' title='bbox 478 477 552 509; x_wconf 91' lang='lat' dir='ltr'>dem</span> <span class='ocrx_word' id='word_1_24' title='bbox 585 475 823 519; x_wconf 78' lang='lat' dir='ltr'>Apostolicam‚</span> <span class='ocrx_word' id='word_1_25' title='bbox 854 475 951 508; x_wconf 87' lang='lat' dir='ltr'>etiam</span> <span class='ocrx_word' id='word_1_26' title='bbox 983 475 1015 507; x_wconf 93' lang='lat' dir='ltr'>in</span> <span class='ocrx_word' id='word_1_27' title='bbox 1047 474 1156 518; x_wconf 90' lang='lat' dir='ltr'>aliquo</span> <span class='ocrx_word' id='word_1_28' title='bbox 1183 484 1219 506; x_wconf 77' lang='lat' dir='ltr'>ex</span> 
     </span>
    </p>
   </div>
   <div class='ocr_carea' id='block_1_3' title="bbox 1058 264 1414 290">
    <p class='ocr_par' dir='ltr' id='par_1_3' title="bbox 1058 264 1414 290">
     <span class='ocr_line' id='line_1_6' title="bbox 1058 264 1414 290; baseline -0.003 0"><span class='ocrx_word' id='word_1_29' title='bbox 1058 265 1241 290; x_wconf 77' lang='lat' dir='ltr'>BULLARIUM</span> <span class='ocrx_word' id='word_1_30' title='bbox 1260 264 1414 289; x_wconf 75' lang='lat' dir='ltr'><strong>ROMANUM</strong></span> 
     </span>
    </p>
   </div>
   <div class='ocr_carea' id='block_1_4' title="bbox 1252 312 1994 507">
    <p class='ocr_par' dir='ltr' id='par_1_4' title="bbox 1252 312 1994 507">
     <span class='ocr_line' id='line_1_7' title="bbox 1252 312 1994 357; baseline 0.003 -12"><span class='ocrx_word' id='word_1_31' title='bbox 1252 313 1406 346; x_wconf 85' lang='lat' dir='ltr'>membris</span> <span class='ocrx_word' id='word_1_32' title='bbox 1423 317 1454 345; x_wconf 89' lang='lat' dir='ltr'>et</span> <span class='ocrx_word' id='word_1_33' title='bbox 1470 312 1673 356; x_wconf 82' lang='lat' dir='ltr'>pertinentiis</span> <span class='ocrx_word' id='word_1_34' title='bbox 1685 312 1852 355; x_wconf 86' lang='lat' dir='ltr'>universis,</span> <span class='ocrx_word' id='word_1_35' title='bbox 1865 318 1994 357; x_wconf 89' lang='lat' dir='ltr'>aposto-</span> 
     </span>
     <span class='ocr_line' id='line_1_8' title="bbox 1252 366 1994 412; baseline 0.001 -13"><span class='ocrx_word' id='word_1_36' title='bbox 1252 366 1314 400; x_wconf 87' lang='lat' dir='ltr'>lica</span> <span class='ocrx_word' id='word_1_37' title='bbox 1327 366 1529 407; x_wconf 88' lang='lat' dir='ltr'>auctoritate,</span> <span class='ocrx_word' id='word_1_38' title='bbox 1546 371 1659 400; x_wconf 86' lang='lat' dir='ltr'>tenore</span> <span class='ocrx_word' id='word_1_39' title='bbox 1671 367 1903 410; x_wconf 87' lang='lat' dir='ltr'>praesentium,</span> <span class='ocrx_word' id='word_1_40' title='bbox 1920 378 1994 412; x_wconf 87' lang='lat' dir='ltr'>per-</span> 
     </span>
     <span class='ocr_line' id='line_1_9' title="bbox 1253 419 1991 464; baseline 0 -10"><span class='ocrx_word' id='word_1_41' title='bbox 1253 426 1350 464; x_wconf 87' lang='lat' dir='ltr'>petuo</span> <span class='ocrx_word' id='word_1_42' title='bbox 1369 419 1500 453; x_wconf 90' lang='lat' dir='ltr'>unimus</span> <span class='ocrx_word' id='word_1_43' title='bbox 1514 447 1521 461; x_wconf 93' lang='lat'>‚</span> <span class='ocrx_word' id='word_1_44' title='bbox 1553 419 1756 453; x_wconf 83' lang='lat' dir='ltr'>annectimus</span> <span class='ocrx_word' id='word_1_45' title='bbox 1788 426 1819 453; x_wconf 90' lang='lat' dir='ltr'>et</span> <span class='ocrx_word' id='word_1_46' title='bbox 1839 421 1991 464; x_wconf 84' lang='lat' dir='ltr'>incorpo-</span> 
     </span>
     <span class='ocr_line' id='line_1_10' title="bbox 1254 484 1374 507; baseline 0 -1"><span class='ocrx_word' id='word_1_47' title='bbox 1254 484 1374 507; x_wconf 85' lang='lat' dir='ltr'>ramus.</span> 
     </span>
    </p>
   </div>
   <div class='ocr_carea' id='block_1_5' title="bbox 2011 263 2193 291">
    <p class='ocr_par' dir='ltr' id='par_1_5' title="bbox 2011 263 2193 291">
     <span class='ocr_line' id='line_1_11' title="bbox 2011 263 2193 291; baseline 0.005 -1"><span class='ocrx_word' id='word_1_48' title='bbox 2011 264 2060 291; x_wconf 76' lang='lat' dir='ltr'>An.</span> <span class='ocrx_word' id='word_1_49' title='bbox 2078 263 2106 291; x_wconf 91' lang='lat' dir='ltr'>C.</span> <span class='ocrx_word' id='word_1_50' title='bbox 2125 263 2193 291; x_wconf 74' lang='lat'>1599</span> 
     </span>
    </p>
   </div>
   <div class='ocr_carea' id='block_1_6' title="bbox 478 526 1221 679">
    <p class='ocr_par' dir='ltr' id='par_1_6' title="bbox 478 526 1221 679">
     <span class='ocr_line' id='line_1_12' title="bbox 478 526 1219 570; baseline -0.003 -9"><span class='ocrx_word' id='word_1_51' title='bbox 478 528 642 562; x_wconf 89' lang='lat' dir='ltr'>mensibus</span> <span class='ocrx_word' id='word_1_52' title='bbox 661 528 755 561; x_wconf 91' lang='lat' dir='ltr'>nobis</span> <span class='ocrx_word' id='word_1_53' title='bbox 773 533 803 561; x_wconf 89' lang='lat' dir='ltr'>et</span> <span class='ocrx_word' id='word_1_54' title='bbox 822 528 970 561; x_wconf 84' lang='lat' dir='ltr'>Romano</span> <span class='ocrx_word' id='word_1_55' title='bbox 990 526 1139 560; x_wconf 80' lang='lat' dir='ltr'>Pontifici</span> <span class='ocrx_word' id='word_1_56' title='bbox 1160 537 1219 570; x_wconf 89' lang='lat' dir='ltr'>pro</span> 
     </span>
     <span class='ocr_line' id='line_1_13' title="bbox 479 580 1219 625; baseline -0.003 -11"><span class='ocrx_word' id='word_1_57' title='bbox 479 588 624 625; x_wconf 88' lang='lat' dir='ltr'>tempore</span> <span class='ocrx_word' id='word_1_58' title='bbox 646 581 814 622; x_wconf 70' lang='lat' dir='ltr'>existenti,</span> <span class='ocrx_word' id='word_1_59' title='bbox 844 586 899 614; x_wconf 85' lang='lat' dir='ltr'>aut</span> <span class='ocrx_word' id='word_1_60' title='bbox 928 580 1003 614; x_wconf 91' lang='lat' dir='ltr'>Sedi</span> <span class='ocrx_word' id='word_1_61' title='bbox 1032 580 1219 624; x_wconf 77' lang='lat' dir='ltr'>praedictae</span> 
     </span>
     <span class='ocr_line' id='line_1_14' title="bbox 478 634 1221 679; baseline -0.003 -11"><span class='ocrx_word' id='word_1_62' title='bbox 478 646 536 678; x_wconf 90' lang='lat' dir='ltr'>per</span> <span class='ocrx_word' id='word_1_63' title='bbox 560 645 781 679; x_wconf 86' lang='lat' dir='ltr'>quascumque</span> <span class='ocrx_word' id='word_1_64' title='bbox 810 634 1060 667; x_wconf 82' lang='lat' dir='ltr'>constitutiones</span> <span class='ocrx_word' id='word_1_65' title='bbox 1091 639 1221 677; x_wconf 89' lang='lat' dir='ltr'>aposto-</span> 
     </span>
    </p>
   </div>
   <div class='ocr_carea' id='block_1_7' title="bbox 1255 526 2197 624">
    <p class='ocr_par' dir='ltr' id='par_1_7' title="bbox 1255 526 2197 624">
     <span class='ocr_line' id='line_1_15' title="bbox 1299 526 2196 570; baseline -0.003 -10"><span class='ocrx_word' id='word_1_66' title='bbox 1299 528 1314 570; x_wconf 57' lang='grc' dir='ltr'>ᾗ</span> <span class='ocrx_word' id='word_1_67' title='bbox 1334 526 1365 559; x_wconf 71' lang='grc'>4.</span> <span class='ocrx_word' id='word_1_68' title='bbox 1389 528 1433 560; x_wconf 85' lang='lat' dir='ltr'>Ac</span> <span class='ocrx_word' id='word_1_69' title='bbox 1458 538 1495 560; x_wconf 82' lang='lat' dir='ltr'>ex</span> <span class='ocrx_word' id='word_1_70' title='bbox 1514 537 1600 560; x_wconf 90' lang='lat' dir='ltr'>nunc</span> <span class='ocrx_word' id='word_1_71' title='bbox 1615 554 1622 567; x_wconf 83' lang='lat'>,</span> <span class='ocrx_word' id='word_1_72' title='bbox 1644 533 1742 570; x_wconf 82' lang='lat' dir='ltr'>prout</span> <span class='ocrx_word' id='word_1_73' title='bbox 1759 537 1796 560; x_wconf 77' lang='lat' dir='ltr'>ex</span> <span class='ocrx_word' id='word_1_74' title='bbox 1818 532 1904 567; x_wconf 89' lang='lat' dir='ltr'>tunc,</span> <span class='ocrx_word' id='word_1_75' title='bbox 1927 532 1959 560; x_wconf 87' lang='lat' dir='ltr'>et</span> <span class='ocrx_word' id='word_1_76' title='bbox 1979 538 1995 560; x_wconf 85' lang='lat' dir='ltr'>e</span> <span class='ocrx_word' id='word_1_77' title='bbox 2026 537 2196 568; x_wconf 37' lang='lat' dir='ltr'>mesquinus.</span> 
     </span>
     <span class='ocr_line' id='line_1_16' title="bbox 1255 566 2197 624; baseline -0.002 -11"><span class='ocrx_word' id='word_1_78' title='bbox 1255 585 1376 621; x_wconf 88' lang='lat' dir='ltr'>contra,</span> <span class='ocrx_word' id='word_1_79' title='bbox 1386 586 1557 624; x_wconf 83' lang='lat' dir='ltr'>postquam</span> <span class='ocrx_word' id='word_1_80' title='bbox 1568 579 1644 613; x_wconf 88' lang='lat' dir='ltr'>unio</span> <span class='ocrx_word' id='word_1_81' title='bbox 1652 580 1995 613; x_wconf 80' lang='lat' dir='ltr'>huiusmodieffectum</span> <span class='ocrx_word' id='word_1_82' title='bbox 2011 566 2197 617; x_wconf 51' lang='lat' dir='ltr'>{l-ss&#39;ffssffibus‘ssl‘sf</span> 
     </span>
    </p>
   </div>
   <div class='ocr_carea' id='block_1_8' title="bbox 1254 618 2197 677">
    <p class='ocr_par' dir='ltr' id='par_1_8' title="bbox 1254 618 2197 677">
     <span class='ocr_line' id='line_1_17' title="bbox 1441 618 2197 639; baseline -0.003 0"><span class='ocrx_word' id='word_1_83' title='bbox 1441 633 1447 639; x_wconf 89' lang='lat'><strong>.</strong></span> <span class='ocrx_word' id='word_1_84' title='bbox 1566 633 1571 638; x_wconf 95' lang='lat'>.</span> <span class='ocrx_word' id='word_1_85' title='bbox 1616 633 1622 639; x_wconf 85' lang='lat'><em>.</em></span> <span class='ocrx_word' id='word_1_86' title='bbox 1707 633 1713 639; x_wconf 89' lang='lat'><strong>.</strong></span> <span class='ocrx_word' id='word_1_87' title='bbox 1799 633 1804 638; x_wconf 89' lang='lat'><em>.</em></span> <span class='ocrx_word' id='word_1_88' title='bbox 2012 618 2101 638; x_wconf 72' lang='lat' dir='ltr'>shvteris</span> <span class='ocrx_word' id='word_1_89' title='bbox 2121 622 2197 638; x_wconf 80' lang='lat' dir='ltr'>saecu-</span> 
     </span>
     <span class='ocr_line' id='line_1_18' title="bbox 1254 634 2098 677; baseline -0.002 -11"><span class='ocrx_word' id='word_1_90' title='bbox 1254 644 1348 666; x_wconf 89' lang='lat' dir='ltr'>suum</span> <span class='ocrx_word' id='word_1_91' title='bbox 1370 639 1482 667; x_wconf 80' lang='lat' dir='ltr'>sortita</span> <span class='ocrx_word' id='word_1_92' title='bbox 1493 634 1598 674; x_wconf 81' lang='lat' dir='ltr'>fuerit,</span> <span class='ocrx_word' id='word_1_93' title='bbox 1615 644 1646 666; x_wconf 92' lang='lat' dir='ltr'>1n</span> <span class='ocrx_word' id='word_1_94' title='bbox 1664 634 1859 677; x_wconf 82' lang='lat' dir='ltr'>primodicta</span> <span class='ocrx_word' id='word_1_95' title='bbox 1882 643 1993 673; x_wconf 86' lang='lat' dir='ltr'>unam,</span> <span class='ocrx_word' id='word_1_96' title='bbox 2012 640 2098 664; x_wconf 62' lang='lat' dir='ltr'>nimus.</span> 
     </span>
    </p>
   </div>
   <div class='ocr_carea' id='block_1_9' title="bbox 478 687 1237 2700">
    <p class='ocr_par' dir='ltr' id='par_1_9' title="bbox 478 687 1237 2700">
     <span class='ocr_line' id='line_1_19' title="bbox 478 687 1222 731; baseline -0.001 -11"><span class='ocrx_word' id='word_1_97' title='bbox 478 688 565 728; x_wconf 90' lang='lat' dir='ltr'>licas,</span> <span class='ocrx_word' id='word_1_98' title='bbox 586 698 622 721; x_wconf 89' lang='lat' dir='ltr'>ac</span> <span class='ocrx_word' id='word_1_99' title='bbox 641 687 856 721; x_wconf 89' lang='lat' dir='ltr'>Cancellariae</span> <span class='ocrx_word' id='word_1_100' title='bbox 870 687 1072 731; x_wconf 77' lang='lat' dir='ltr'>Apostolicac</span> <span class='ocrx_word' id='word_1_101' title='bbox 1094 687 1222 729; x_wconf 80' lang='lat' dir='ltr'>regulas</span> 
     </span>
     <span class='ocr_line' id='line_1_20' title="bbox 478 740 1223 785; baseline -0.001 -11"><span class='ocrx_word' id='word_1_102' title='bbox 478 752 565 774; x_wconf 90' lang='lat' dir='ltr'>nunc</span> <span class='ocrx_word' id='word_1_103' title='bbox 585 747 616 774; x_wconf 90' lang='lat' dir='ltr'>et</span> <span class='ocrx_word' id='word_1_104' title='bbox 645 751 706 785; x_wconf 91' lang='lat' dir='ltr'>pro</span> <span class='ocrx_word' id='word_1_105' title='bbox 727 746 873 784; x_wconf 90' lang='lat' dir='ltr'>tempore</span> <span class='ocrx_word' id='word_1_106' title='bbox 893 740 1073 781; x_wconf 82' lang='lat' dir='ltr'>reservatis,</span> <span class='ocrx_word' id='word_1_107' title='bbox 1097 745 1151 773; x_wconf 85' lang='lat' dir='ltr'>aut</span> <span class='ocrx_word' id='word_1_108' title='bbox 1170 751 1223 773; x_wconf 89' lang='lat' dir='ltr'>or-</span> 
     </span>
     <span class='ocr_line' id='line_1_21' title="bbox 479 793 1223 837; baseline -0.003 -10"><span class='ocrx_word' id='word_1_109' title='bbox 479 794 612 828; x_wconf 89' lang='lat' dir='ltr'>dinariis</span> <span class='ocrx_word' id='word_1_110' title='bbox 633 794 842 827; x_wconf 87' lang='lat' dir='ltr'>collatoribus</span> <span class='ocrx_word' id='word_1_111' title='bbox 862 804 919 837; x_wconf 85' lang='lat' dir='ltr'>per</span> <span class='ocrx_word' id='word_1_112' title='bbox 936 793 1179 826; x_wconf 77' lang='lat' dir='ltr'>constitutiones</span> <span class='ocrx_word' id='word_1_113' title='bbox 1193 799 1223 826; x_wconf 82' lang='lat' dir='ltr'>et</span> 
     </span>
     <span class='ocr_line' id='line_1_22' title="bbox 479 846 1223 890; baseline -0.003 -9"><span class='ocrx_word' id='word_1_114' title='bbox 479 848 607 890; x_wconf 82' lang='lat' dir='ltr'>regulas</span> <span class='ocrx_word' id='word_1_115' title='bbox 618 847 817 888; x_wconf 89' lang='lat' dir='ltr'>huiusmodi,</span> <span class='ocrx_word' id='word_1_116' title='bbox 840 858 896 880; x_wconf 89' lang='lat' dir='ltr'>seu</span> <span class='ocrx_word' id='word_1_117' title='bbox 917 847 1039 880; x_wconf 81' lang='lat' dir='ltr'>litteras</span> <span class='ocrx_word' id='word_1_118' title='bbox 1059 846 1223 880; x_wconf 88' lang='lat' dir='ltr'>alternati-</span> 
     </span>
     <span class='ocr_line' id='line_1_23' title="bbox 480 900 1223 944; baseline -0.003 -10"><span class='ocrx_word' id='word_1_119' title='bbox 480 912 603 941; x_wconf 89' lang='lat' dir='ltr'>varum,</span> <span class='ocrx_word' id='word_1_120' title='bbox 627 906 682 933; x_wconf 89' lang='lat' dir='ltr'>aut</span> <span class='ocrx_word' id='word_1_121' title='bbox 701 900 763 933; x_wconf 85' lang='lat' dir='ltr'>alia</span> <span class='ocrx_word' id='word_1_122' title='bbox 782 900 951 944; x_wconf 75' lang='lat' dir='ltr'>privilegia</span> <span class='ocrx_word' id='word_1_123' title='bbox 963 906 993 934; x_wconf 90' lang='lat' dir='ltr'>et</span> <span class='ocrx_word' id='word_1_124' title='bbox 1010 900 1135 933; x_wconf 90' lang='lat' dir='ltr'>indulta</span> <span class='ocrx_word' id='word_1_125' title='bbox 1148 910 1223 932; x_wconf 88' lang='lat' dir='ltr'>con-</span> 
     </span>
     <span class='ocr_line' id='line_1_24' title="bbox 480 954 1221 998; baseline -0.003 -10"><span class='ocrx_word' id='word_1_126' title='bbox 480 955 576 988; x_wconf 86' lang='lat' dir='ltr'>cessis</span> <span class='ocrx_word' id='word_1_127' title='bbox 605 955 760 988; x_wconf 83' lang='lat' dir='ltr'>hactenus</span> <span class='ocrx_word' id='word_1_128' title='bbox 775 982 783 995; x_wconf 90' lang='lat'>,</span> <span class='ocrx_word' id='word_1_129' title='bbox 817 960 847 987; x_wconf 88' lang='lat' dir='ltr'>et</span> <span class='ocrx_word' id='word_1_130' title='bbox 870 954 1081 998; x_wconf 84' lang='lat' dir='ltr'>imposterum</span> <span class='ocrx_word' id='word_1_131' title='bbox 1102 964 1221 987; x_wconf 84' lang='lat' dir='ltr'>eonce-</span> 
     </span>
     <span class='ocr_line' id='line_1_25' title="bbox 481 1008 1224 1049; baseline -0.004 -6"><span class='ocrx_word' id='word_1_132' title='bbox 481 1009 605 1049; x_wconf 88' lang='lat' dir='ltr'>dendis,</span> <span class='ocrx_word' id='word_1_133' title='bbox 629 1009 724 1042; x_wconf 91' lang='lat' dir='ltr'>simul</span> <span class='ocrx_word' id='word_1_134' title='bbox 744 1009 793 1042; x_wconf 87' lang='lat' dir='ltr'>vel</span> <span class='ocrx_word' id='word_1_135' title='bbox 814 1008 991 1042; x_wconf 85' lang='lat' dir='ltr'>successive</span> <span class='ocrx_word' id='word_1_136' title='bbox 1015 1018 1128 1041; x_wconf 86' lang='lat' dir='ltr'>vacare</span> <span class='ocrx_word' id='word_1_137' title='bbox 1149 1018 1224 1041; x_wconf 89' lang='lat' dir='ltr'>con-</span> 
     </span>
     <span class='ocr_line' id='line_1_26' title="bbox 483 1061 1222 1106; baseline -0.001 -11"><span class='ocrx_word' id='word_1_138' title='bbox 483 1062 600 1105; x_wconf 85' lang='lat' dir='ltr'>tigerit,</span> <span class='ocrx_word' id='word_1_139' title='bbox 625 1062 749 1096; x_wconf 87' lang='lat' dir='ltr'>etiamsi</span> <span class='ocrx_word' id='word_1_140' title='bbox 777 1068 849 1096; x_wconf 87' lang='lat' dir='ltr'>actu</span> <span class='ocrx_word' id='word_1_141' title='bbox 869 1072 956 1095; x_wconf 88' lang='lat' dir='ltr'>nunc</span> <span class='ocrx_word' id='word_1_142' title='bbox 976 1061 1088 1106; x_wconf 87' lang='lat' dir='ltr'>quovis</span> <span class='ocrx_word' id='word_1_143' title='bbox 1113 1061 1222 1101; x_wconf 86' lang='lat' dir='ltr'>modo,</span> 
     </span>
     <span class='ocr_line' id='line_1_27' title="bbox 481 1113 1225 1159; baseline -0.003 -11"><span class='ocrx_word' id='word_1_144' title='bbox 481 1126 576 1159; x_wconf 85' lang='lat' dir='ltr'>quem</span> <span class='ocrx_word' id='word_1_145' title='bbox 605 1115 730 1148; x_wconf 88' lang='lat' dir='ltr'>etiamsi</span> <span class='ocrx_word' id='word_1_146' title='bbox 757 1126 793 1148; x_wconf 77' lang='lat' dir='ltr'>ex</span> <span class='ocrx_word' id='word_1_147' title='bbox 823 1115 878 1148; x_wconf 91' lang='lat' dir='ltr'>illo</span> <span class='ocrx_word' id='word_1_148' title='bbox 909 1114 1041 1158; x_wconf 85' lang='lat' dir='ltr'>quaevis</span> <span class='ocrx_word' id='word_1_149' title='bbox 1067 1113 1225 1157; x_wconf 78' lang='lat' dir='ltr'>generalis</span> 
     </span>
     <span class='ocr_line' id='line_1_28' title="bbox 482 1168 1225 1213; baseline -0.003 -10"><span class='ocrx_word' id='word_1_150' title='bbox 482 1170 667 1211; x_wconf 85' lang='lat' dir='ltr'>reservatio,</span> <span class='ocrx_word' id='word_1_151' title='bbox 688 1170 784 1203; x_wconf 88' lang='lat' dir='ltr'>etiam</span> <span class='ocrx_word' id='word_1_152' title='bbox 807 1169 837 1202; x_wconf 89' lang='lat' dir='ltr'>in</span> <span class='ocrx_word' id='word_1_153' title='bbox 863 1180 1000 1213; x_wconf 87' lang='lat' dir='ltr'>corpore</span> <span class='ocrx_word' id='word_1_154' title='bbox 1021 1168 1100 1202; x_wconf 87' lang='lat' dir='ltr'>iuris</span> <span class='ocrx_word' id='word_1_155' title='bbox 1117 1169 1225 1201; x_wconf 88' lang='lat' dir='ltr'>clausa</span> 
     </span>
     <span class='ocr_line' id='line_1_29' title="bbox 485 1222 1226 1267; baseline -0.003 -11"><span class='ocrx_word' id='word_1_156' title='bbox 485 1223 628 1264; x_wconf 88' lang='lat' dir='ltr'>resultet,</span> <span class='ocrx_word' id='word_1_157' title='bbox 652 1223 746 1257; x_wconf 91' lang='lat' dir='ltr'>etiam</span> <span class='ocrx_word' id='word_1_158' title='bbox 761 1222 984 1267; x_wconf 88' lang='lat' dir='ltr'>praesentibus</span> <span class='ocrx_word' id='word_1_159' title='bbox 1003 1222 1116 1255; x_wconf 89' lang='lat' dir='ltr'>haberi</span> <span class='ocrx_word' id='word_1_160' title='bbox 1137 1222 1226 1254; x_wconf 90' lang='lat' dir='ltr'>volu-</span> 
     </span>
     <span class='ocr_line' id='line_1_30' title="bbox 484 1282 1226 1320; baseline -0.001 -11"><span class='ocrx_word' id='word_1_161' title='bbox 484 1287 554 1309; x_wconf 87' lang='lat' dir='ltr'>mus</span> <span class='ocrx_word' id='word_1_162' title='bbox 572 1287 632 1320; x_wconf 90' lang='lat' dir='ltr'>pro</span> <span class='ocrx_word' id='word_1_163' title='bbox 653 1287 814 1320; x_wconf 82' lang='lat' dir='ltr'>expresso,</span> <span class='ocrx_word' id='word_1_164' title='bbox 835 1282 866 1309; x_wconf 86' lang='lat' dir='ltr'>et</span> <span class='ocrx_word' id='word_1_165' title='bbox 886 1287 923 1309; x_wconf 83' lang='lat' dir='ltr'>ex</span> <span class='ocrx_word' id='word_1_166' title='bbox 944 1285 1226 1319; x_wconf 84' lang='lat' dir='ltr'>quorumcumque</span> 
     </span>
     <span class='ocr_line' id='line_1_31' title="bbox 483 1329 1227 1375; baseline -0.001 -12"><span class='ocrx_word' id='word_1_167' title='bbox 483 1330 650 1375; x_wconf 87' lang='lat' dir='ltr'>personis,</span> <span class='ocrx_word' id='word_1_168' title='bbox 683 1341 739 1363; x_wconf 88' lang='lat' dir='ltr'>seu</span> <span class='ocrx_word' id='word_1_169' title='bbox 774 1340 832 1373; x_wconf 89' lang='lat' dir='ltr'>per</span> <span class='ocrx_word' id='word_1_170' title='bbox 856 1329 972 1362; x_wconf 89' lang='lat' dir='ltr'>liberas</span> <span class='ocrx_word' id='word_1_171' title='bbox 992 1329 1227 1371; x_wconf 76' lang='lat' dir='ltr'>resignatione-s</span> 
     </span>
     <span class='ocr_line' id='line_1_32' title="bbox 484 1382 1223 1427; baseline -0.001 -11"><span class='ocrx_word' id='word_1_172' title='bbox 484 1384 573 1417; x_wconf 90' lang='lat' dir='ltr'>illum</span> <span class='ocrx_word' id='word_1_173' title='bbox 596 1389 627 1417; x_wconf 88' lang='lat' dir='ltr'>et</span> <span class='ocrx_word' id='word_1_174' title='bbox 647 1383 716 1417; x_wconf 89' lang='lat' dir='ltr'>illas</span> <span class='ocrx_word' id='word_1_175' title='bbox 748 1384 787 1417; x_wconf 90' lang='lat' dir='ltr'>ad</span> <span class='ocrx_word' id='word_1_176' title='bbox 815 1393 966 1427; x_wconf 85' lang='lat' dir='ltr'>praesens</span> <span class='ocrx_word' id='word_1_177' title='bbox 996 1382 1223 1422; x_wconf 86' lang='lat' dir='ltr'>obtinentium,</span> 
     </span>
     <span class='ocr_line' id='line_1_33' title="bbox 484 1436 1228 1481; baseline -0.001 -12"><span class='ocrx_word' id='word_1_178' title='bbox 484 1437 532 1470; x_wconf 87' lang='lat' dir='ltr'>vel</span> <span class='ocrx_word' id='word_1_179' title='bbox 553 1437 740 1481; x_wconf 81' lang='lat' dir='ltr'>quorumvis</span> <span class='ocrx_word' id='word_1_180' title='bbox 754 1436 891 1470; x_wconf 91' lang='lat' dir='ltr'>aliorum</span> <span class='ocrx_word' id='word_1_181' title='bbox 907 1437 946 1470; x_wconf 91' lang='lat' dir='ltr'>de</span> <span class='ocrx_word' id='word_1_182' title='bbox 965 1436 1026 1469; x_wconf 90' lang='lat' dir='ltr'>illis</span> <span class='ocrx_word' id='word_1_183' title='bbox 1038 1436 1068 1469; x_wconf 90' lang='lat' dir='ltr'>in</span> <span class='ocrx_word' id='word_1_184' title='bbox 1083 1437 1228 1469; x_wconf 79' lang='lat' dir='ltr'>Romana</span> 
     </span>
     <span class='ocr_line' id='line_1_34' title="bbox 485 1490 1227 1530; baseline 0.001 -7"><span class='ocrx_word' id='word_1_185' title='bbox 485 1490 589 1530; x_wconf 84' lang='lat' dir='ltr'>Curia,</span> <span class='ocrx_word' id='word_1_186' title='bbox 617 1491 665 1524; x_wconf 83' lang='lat' dir='ltr'>vel</span> <span class='ocrx_word' id='word_1_187' title='bbox 697 1496 785 1524; x_wconf 86' lang='lat' dir='ltr'>extra</span> <span class='ocrx_word' id='word_1_188' title='bbox 815 1501 897 1529; x_wconf 84' lang='lat' dir='ltr'>eam,</span> <span class='ocrx_word' id='word_1_189' title='bbox 921 1490 1016 1524; x_wconf 88' lang='lat' dir='ltr'>etiam</span> <span class='ocrx_word' id='word_1_190' title='bbox 1038 1500 1148 1523; x_wconf 87' lang='lat' dir='ltr'>coram</span> <span class='ocrx_word' id='word_1_191' title='bbox 1168 1501 1227 1524; x_wconf 91' lang='lat' dir='ltr'>no-</span> 
     </span>
     <span class='ocr_line' id='line_1_35' title="bbox 486 1543 1224 1587; baseline -0.001 -11"><span class='ocrx_word' id='word_1_192' title='bbox 486 1543 567 1576; x_wconf 83' lang='lat' dir='ltr'>tario</span> <span class='ocrx_word' id='word_1_193' title='bbox 588 1544 718 1587; x_wconf 87' lang='lat' dir='ltr'>publico</span> <span class='ocrx_word' id='word_1_194' title='bbox 739 1550 769 1577; x_wconf 87' lang='lat' dir='ltr'>et</span> <span class='ocrx_word' id='word_1_195' title='bbox 799 1544 933 1577; x_wconf 90' lang='lat' dir='ltr'>testibus</span> <span class='ocrx_word' id='word_1_196' title='bbox 961 1549 1075 1587; x_wconf 83' lang='lat' dir='ltr'>sponte</span> <span class='ocrx_word' id='word_1_197' title='bbox 1105 1544 1224 1584; x_wconf 82' lang='lat' dir='ltr'>saetas,</span> 
     </span>
     <span class='ocr_line' id='line_1_36' title="bbox 484 1597 1229 1641; baseline 0 -11"><span class='ocrx_word' id='word_1_198' title='bbox 484 1604 539 1630; x_wconf 90' lang='lat' dir='ltr'>aut</span> <span class='ocrx_word' id='word_1_199' title='bbox 560 1597 761 1641; x_wconf 83' lang='lat' dir='ltr'>parochiales</span> <span class='ocrx_word' id='word_1_200' title='bbox 781 1597 936 1631; x_wconf 84' lang='lat' dir='ltr'>ecclesiae</span> <span class='ocrx_word' id='word_1_201' title='bbox 961 1597 1146 1631; x_wconf 89' lang='lat' dir='ltr'>huiusmodi</span> <span class='ocrx_word' id='word_1_202' title='bbox 1172 1608 1229 1640; x_wconf 88' lang='lat' dir='ltr'>per</span> 
     </span>
     <span class='ocr_line' id='line_1_37' title="bbox 485 1649 1229 1683; baseline -0.001 0"><span class='ocrx_word' id='word_1_203' title='bbox 485 1650 747 1683; x_wconf 87' lang='lat' dir='ltr'>constitutionem</span> <span class='ocrx_word' id='word_1_204' title='bbox 767 1650 867 1683; x_wconf 82' lang='lat' dir='ltr'>felicis</span> <span class='ocrx_word' id='word_1_205' title='bbox 881 1649 1117 1683; x_wconf 88' lang='lat' dir='ltr'>recordationis</span> <span class='ocrx_word' id='word_1_206' title='bbox 1138 1650 1229 1683; x_wconf 87' lang='lat' dir='ltr'>loan-</span> 
     </span>
     <span class='ocr_line' id='line_1_38' title="bbox 485 1703 1225 1747; baseline -0.003 -10"><span class='ocrx_word' id='word_1_207' title='bbox 485 1703 534 1737; x_wconf 91' lang='lat' dir='ltr'>nis</span> <span class='ocrx_word' id='word_1_208' title='bbox 547 1704 639 1743; x_wconf 82' lang='lat' dir='ltr'>XXII,</span> <span class='ocrx_word' id='word_1_209' title='bbox 654 1703 913 1747; x_wconf 87' lang='lat' dir='ltr'>praedecessoris</span> <span class='ocrx_word' id='word_1_210' title='bbox 933 1703 1046 1744; x_wconf 87' lang='lat' dir='ltr'>nostri,</span> <span class='ocrx_word' id='word_1_211' title='bbox 1071 1713 1153 1747; x_wconf 90' lang='lat' dir='ltr'>quae</span> <span class='ocrx_word' id='word_1_212' title='bbox 1174 1703 1225 1735; x_wconf 90' lang='lat' dir='ltr'>in-</span> 
     </span>
     <span class='ocr_line' id='line_1_39' title="bbox 485 1757 1228 1801; baseline -0.001 -11"><span class='ocrx_word' id='word_1_213' title='bbox 485 1757 578 1801; x_wconf 87' lang='lat' dir='ltr'>cipit:</span> <span class='ocrx_word' id='word_1_214' title='bbox 615 1757 839 1799; x_wconf 70' lang='lat' dir='ltr'>Ececrabilis,</span> <span class='ocrx_word' id='word_1_215' title='bbox 863 1768 899 1790; x_wconf 87' lang='lat' dir='ltr'>ac</span> <span class='ocrx_word' id='word_1_216' title='bbox 919 1763 984 1790; x_wconf 90' lang='lat' dir='ltr'>tam</span> <span class='ocrx_word' id='word_1_217' title='bbox 1014 1757 1106 1797; x_wconf 92' lang='lat' dir='ltr'>illae,</span> <span class='ocrx_word' id='word_1_218' title='bbox 1131 1767 1228 1800; x_wconf 90' lang='lat' dir='ltr'>quam</span> 
     </span>
     <span class='ocr_line' id='line_1_40' title="bbox 486 1811 1228 1855; baseline -0.001 -12"><span class='ocrx_word' id='word_1_219' title='bbox 486 1811 648 1855; x_wconf 77' lang='lat' dir='ltr'>prioratus</span> <span class='ocrx_word' id='word_1_220' title='bbox 669 1811 855 1844; x_wconf 88' lang='lat' dir='ltr'>huiusmodi</span> <span class='ocrx_word' id='word_1_221' title='bbox 877 1822 935 1855; x_wconf 89' lang='lat' dir='ltr'>per</span> <span class='ocrx_word' id='word_1_222' title='bbox 965 1811 1228 1854; x_wconf 84' lang='lat' dir='ltr'>assequutionem</span> 
     </span>
     <span class='ocr_line' id='line_1_41' title="bbox 486 1863 1229 1907; baseline 0 -11"><span class='ocrx_word' id='word_1_223' title='bbox 486 1863 616 1897; x_wconf 88' lang='lat' dir='ltr'>alterius</span> <span class='ocrx_word' id='word_1_224' title='bbox 636 1863 785 1896; x_wconf 77' lang='lat' dir='ltr'>beneficii</span> <span class='ocrx_word' id='word_1_225' title='bbox 808 1864 1014 1897; x_wconf 85' lang='lat' dir='ltr'>ecclesiastici</span> <span class='ocrx_word' id='word_1_226' title='bbox 1041 1863 1152 1907; x_wconf 86' lang='lat' dir='ltr'>quavis</span> <span class='ocrx_word' id='word_1_227' title='bbox 1173 1874 1229 1896; x_wconf 87' lang='lat' dir='ltr'>au-</span> 
     </span>
     <span class='ocr_line' id='line_1_42' title="bbox 486 1917 1231 1955; baseline -0.001 -5"><span class='ocrx_word' id='word_1_228' title='bbox 486 1917 635 1950; x_wconf 87' lang='lat' dir='ltr'>ctoritate</span> <span class='ocrx_word' id='word_1_229' title='bbox 646 1917 753 1950; x_wconf 82' lang='lat' dir='ltr'>collati</span> <span class='ocrx_word' id='word_1_230' title='bbox 768 1923 890 1955; x_wconf 84' lang='lat' dir='ltr'>vacent,</span> <span class='ocrx_word' id='word_1_231' title='bbox 907 1917 1033 1950; x_wconf 81' lang='lat' dir='ltr'>etiamsi</span> <span class='ocrx_word' id='word_1_232' title='bbox 1049 1922 1136 1950; x_wconf 87' lang='lat' dir='ltr'>tanto</span> <span class='ocrx_word' id='word_1_233' title='bbox 1151 1923 1231 1950; x_wconf 86' lang='lat' dir='ltr'>tem-</span> 
     </span>
     <span class='ocr_line' id='line_1_43' title="bbox 486 1969 1227 2013; baseline -0.001 -11"><span class='ocrx_word' id='word_1_234' title='bbox 486 1980 564 2013; x_wconf 90' lang='lat' dir='ltr'>pore</span> <span class='ocrx_word' id='word_1_235' title='bbox 594 1970 786 2009; x_wconf 76' lang='lat' dir='ltr'>vacaverint,</span> <span class='ocrx_word' id='word_1_236' title='bbox 820 1970 907 2013; x_wconf 81' lang='lat' dir='ltr'>quod</span> <span class='ocrx_word' id='word_1_237' title='bbox 940 1980 1051 2002; x_wconf 88' lang='lat' dir='ltr'>eorum</span> <span class='ocrx_word' id='word_1_238' title='bbox 1084 1969 1227 2007; x_wconf 81' lang='lat' dir='ltr'>collatio,</span> 
     </span>
     <span class='ocr_line' id='line_1_44' title="bbox 490 2022 1230 2062; baseline -0.001 -6"><span class='ocrx_word' id='word_1_239' title='bbox 490 2023 575 2056; x_wconf 83' lang='lat' dir='ltr'>iuxta</span> <span class='ocrx_word' id='word_1_240' title='bbox 607 2023 827 2056; x_wconf 86' lang='lat' dir='ltr'>Lateranensis</span> <span class='ocrx_word' id='word_1_241' title='bbox 858 2028 975 2056; x_wconf 78' lang='lat' dir='ltr'>statuta</span> <span class='ocrx_word' id='word_1_242' title='bbox 1004 2022 1158 2062; x_wconf 84' lang='lat' dir='ltr'>Concilii,</span> <span class='ocrx_word' id='word_1_243' title='bbox 1191 2023 1230 2055; x_wconf 88' lang='lat' dir='ltr'>ad</span> 
     </span>
     <span class='ocr_line' id='line_1_45' title="bbox 487 2076 1232 2120; baseline -0.003 -11"><span class='ocrx_word' id='word_1_244' title='bbox 487 2076 602 2110; x_wconf 86' lang='lat' dir='ltr'>Sedem</span> <span class='ocrx_word' id='word_1_245' title='bbox 626 2077 822 2120; x_wconf 75' lang='lat' dir='ltr'>praedictam</span> <span class='ocrx_word' id='word_1_246' title='bbox 846 2076 987 2117; x_wconf 67' lang='lat' dir='ltr'>legitime</span> <span class='ocrx_word' id='word_1_247' title='bbox 1013 2076 1173 2115; x_wconf 84' lang='lat' dir='ltr'>devoluta,</span> <span class='ocrx_word' id='word_1_248' title='bbox 1195 2086 1232 2108; x_wconf 84' lang='lat' dir='ltr'>ac</span> 
     </span>
     <span class='ocr_line' id='line_1_46' title="bbox 489 2129 1232 2174; baseline 0 -12"><span class='ocrx_word' id='word_1_249' title='bbox 489 2130 650 2174; x_wconf 81' lang='lat' dir='ltr'>prioratus</span> <span class='ocrx_word' id='word_1_250' title='bbox 670 2137 701 2163; x_wconf 80' lang='lat' dir='ltr'>et</span> <span class='ocrx_word' id='word_1_251' title='bbox 722 2129 924 2174; x_wconf 70' lang='lat' dir='ltr'>parochiales</span> <span class='ocrx_word' id='word_1_252' title='bbox 949 2129 1102 2162; x_wconf 81' lang='lat' dir='ltr'>ccclesiae</span> <span class='ocrx_word' id='word_1_253' title='bbox 1124 2129 1232 2162; x_wconf 81' lang='lat' dir='ltr'>huius-</span> 
     </span>
     <span class='ocr_line' id='line_1_47' title="bbox 489 2182 1229 2227; baseline -0.001 -12"><span class='ocrx_word' id='word_1_254' title='bbox 489 2184 574 2216; x_wconf 84' lang='lat' dir='ltr'>modi</span> <span class='ocrx_word' id='word_1_255' title='bbox 597 2183 800 2227; x_wconf 85' lang='lat' dir='ltr'>dispositioni</span> <span class='ocrx_word' id='word_1_256' title='bbox 822 2183 1016 2227; x_wconf 78' lang='lat' dir='ltr'>apostolicae</span> <span class='ocrx_word' id='word_1_257' title='bbox 1037 2182 1229 2226; x_wconf 75' lang='lat' dir='ltr'>specialiter,</span> 
     </span>
     <span class='ocr_line' id='line_1_48' title="bbox 490 2235 1232 2280; baseline -0.003 -11"><span class='ocrx_word' id='word_1_258' title='bbox 490 2237 536 2269; x_wconf 86' lang='lat' dir='ltr'>vel</span> <span class='ocrx_word' id='word_1_259' title='bbox 559 2248 595 2269; x_wconf 81' lang='lat' dir='ltr'>cx</span> <span class='ocrx_word' id='word_1_260' title='bbox 616 2236 726 2280; x_wconf 79' lang='lat' dir='ltr'>quavis</span> <span class='ocrx_word' id='word_1_261' title='bbox 747 2247 842 2269; x_wconf 87' lang='lat' dir='ltr'>causa</span> <span class='ocrx_word' id='word_1_262' title='bbox 867 2235 1060 2278; x_wconf 78' lang='lat' dir='ltr'>generaliter</span> <span class='ocrx_word' id='word_1_263' title='bbox 1081 2235 1232 2268; x_wconf 81' lang='lat' dir='ltr'>reservati</span> 
     </span>
     <span class='ocr_line' id='line_1_49' title="bbox 492 2288 1234 2333; baseline -0.001 -11"><span class='ocrx_word' id='word_1_264' title='bbox 492 2289 639 2330; x_wconf 72' lang='lat' dir='ltr'>existant,</span> <span class='ocrx_word' id='word_1_265' title='bbox 657 2296 687 2322; x_wconf 87' lang='lat' dir='ltr'>ct</span> <span class='ocrx_word' id='word_1_266' title='bbox 707 2290 745 2322; x_wconf 83' lang='lat' dir='ltr'>ad</span> <span class='ocrx_word' id='word_1_267' title='bbox 768 2289 946 2333; x_wconf 86' lang='lat' dir='ltr'>prioratum</span> <span class='ocrx_word' id='word_1_268' title='bbox 962 2288 1146 2321; x_wconf 88' lang='lat' dir='ltr'>huiusmodi</span> <span class='ocrx_word' id='word_1_269' title='bbox 1159 2299 1234 2321; x_wconf 71' lang='lat' dir='ltr'>von-</span> 
     </span>
     <span class='ocr_line' id='line_1_50' title="bbox 490 2341 1232 2386; baseline -0.001 -12"><span class='ocrx_word' id='word_1_270' title='bbox 490 2343 625 2375; x_wconf 71' lang='lat' dir='ltr'>sueverit</span> <span class='ocrx_word' id='word_1_271' title='bbox 648 2343 719 2386; x_wconf 81' lang='lat' dir='ltr'>quis</span> <span class='ocrx_word' id='word_1_272' title='bbox 738 2354 794 2386; x_wconf 84' lang='lat' dir='ltr'>per</span> <span class='ocrx_word' id='word_1_273' title='bbox 815 2342 1006 2375; x_wconf 80' lang='lat' dir='ltr'>electionem</span> <span class='ocrx_word' id='word_1_274' title='bbox 1029 2341 1160 2380; x_wconf 80' lang='lat' dir='ltr'>assumi,</span> <span class='ocrx_word' id='word_1_275' title='bbox 1189 2341 1232 2374; x_wconf 82' lang='lat' dir='ltr'>ei-</span> 
     </span>
     <span class='ocr_line' id='line_1_51' title="bbox 490 2395 1235 2440; baseline -0.001 -13"><span class='ocrx_word' id='word_1_276' title='bbox 490 2408 552 2440; x_wconf 81' lang='lat' dir='ltr'>que</span> <span class='ocrx_word' id='word_1_277' title='bbox 574 2407 651 2429; x_wconf 76' lang='lat' dir='ltr'>eura</span> <span class='ocrx_word' id='word_1_278' title='bbox 672 2395 934 2429; x_wconf 77' lang='lat' dir='ltr'>iurisdictionalis</span> <span class='ocrx_word' id='word_1_279' title='bbox 952 2395 1116 2427; x_wconf 81' lang='lat' dir='ltr'>dumtaxat</span> <span class='ocrx_word' id='word_1_280' title='bbox 1131 2395 1235 2427; x_wconf 81' lang='lat' dir='ltr'>inuni-</span> 
     </span>
     <span class='ocr_line' id='line_1_52' title="bbox 492 2448 1236 2493; baseline -0.003 -12"><span class='ocrx_word' id='word_1_281' title='bbox 492 2456 576 2488; x_wconf 84' lang='lat' dir='ltr'>neat,</span> <span class='ocrx_word' id='word_1_282' title='bbox 601 2461 748 2493; x_wconf 77' lang='lat' dir='ltr'>supereo</span> <span class='ocrx_word' id='word_1_283' title='bbox 762 2460 904 2493; x_wconf 77' lang='lat' dir='ltr'>quoque,</span> <span class='ocrx_word' id='word_1_284' title='bbox 927 2454 981 2481; x_wconf 87' lang='lat' dir='ltr'>aut</span> <span class='ocrx_word' id='word_1_285' title='bbox 996 2448 1236 2491; x_wconf 77' lang='lat' dir='ltr'>parochialibus</span> 
     </span>
     <span class='ocr_line' id='line_1_53' title="bbox 492 2501 1236 2545; baseline 0 -12"><span class='ocrx_word' id='word_1_286' title='bbox 492 2503 633 2536; x_wconf 66' lang='lat' dir='ltr'>ecclesiis</span> <span class='ocrx_word' id='word_1_287' title='bbox 651 2503 835 2535; x_wconf 81' lang='lat' dir='ltr'>huiusmodi</span> <span class='ocrx_word' id='word_1_288' title='bbox 850 2502 931 2535; x_wconf 81' lang='lat' dir='ltr'>mter</span> <span class='ocrx_word' id='word_1_289' title='bbox 945 2502 1069 2545; x_wconf 80' lang='lat' dir='ltr'>aliquos</span> <span class='ocrx_word' id='word_1_290' title='bbox 1084 2501 1236 2541; x_wconf 60' lang='lat' dir='ltr'>tiso-nius</span> 
     </span>
     <span class='ocr_line' id='line_1_54' title="bbox 493 2555 1237 2600; baseline -0.003 -12"><span class='ocrx_word' id='word_1_291' title='bbox 493 2563 609 2589; x_wconf 74' lang='lat' dir='ltr'>statum</span> <span class='ocrx_word' id='word_1_292' title='bbox 621 2556 715 2589; x_wconf 83' lang='lat' dir='ltr'>etiam</span> <span class='ocrx_word' id='word_1_293' title='bbox 729 2556 950 2600; x_wconf 72' lang='lat' dir='ltr'>praesentibus</span> <span class='ocrx_word' id='word_1_294' title='bbox 965 2555 1074 2587; x_wconf 80' lang='lat' dir='ltr'>haberi</span> <span class='ocrx_word' id='word_1_295' title='bbox 1090 2555 1237 2587; x_wconf 78' lang='lat' dir='ltr'>volumus</span> 
     </span>
     <span class='ocr_line' id='line_1_55' title="bbox 495 2608 1235 2653; baseline -0.004 -12"><span class='ocrx_word' id='word_1_296' title='bbox 495 2621 553 2653; x_wconf 85' lang='lat' dir='ltr'>pro</span> <span class='ocrx_word' id='word_1_297' title='bbox 574 2617 736 2653; x_wconf 75' lang='lat' dir='ltr'>expresso)</span> <span class='ocrx_word' id='word_1_298' title='bbox 759 2610 897 2653; x_wconf 81' lang='lat' dir='ltr'>pendeat</span> <span class='ocrx_word' id='word_1_299' title='bbox 917 2608 1071 2645; x_wconf 84' lang='lat' dir='ltr'>indecisa,</span> <span class='ocrx_word' id='word_1_300' title='bbox 1087 2608 1172 2640; x_wconf 83' lang='lat' dir='ltr'>dicto</span> <span class='ocrx_word' id='word_1_301' title='bbox 1186 2619 1235 2640; x_wconf 85' lang='lat' dir='ltr'>se-</span> 
     </span>
     <span class='ocr_line' id='line_1_56' title="bbox 496 2661 1234 2700; baseline -0.003 -5"><span class='ocrx_word' id='word_1_302' title='bbox 496 2663 632 2695; x_wconf 67' lang='lat' dir='ltr'>minaris·</span> <span class='ocrx_word' id='word_1_303' title='bbox 648 2674 709 2695; x_wconf 80' lang='lat' dir='ltr'>ima</span> <span class='ocrx_word' id='word_1_304' title='bbox 721 2674 793 2694; x_wconf 74' lang='lat' dir='ltr'>rum</span> <span class='ocrx_word' id='word_1_305' title='bbox 813 2674 925 2694; x_wconf 74' lang='lat' dir='ltr'>eorum</span> <span class='ocrx_word' id='word_1_306' title='bbox 941 2661 1075 2700; x_wconf 80' lang='lat' dir='ltr'>iuribus,</span> <span class='ocrx_word' id='word_1_307' title='bbox 1092 2661 1234 2698; x_wconf 74' lang='lat' dir='ltr'>aimcxis,</span> 
     </span>
    </p>
   </div>
   <div class='ocr_carea' id='block_1_10' title="bbox 1242 1261 1256 2697">
    <p class='ocr_par' dir='ltr' id='par_1_10' title="bbox 1242 1261 1256 2697">
     <span class='ocr_line' id='line_1_57' title="bbox 1242 1261 1256 2697; baseline 0 0"><span class='ocrx_word' id='word_1_308' title='bbox 1242 1261 1256 2697; x_wconf 95' lang='lat' dir='ltr'> </span> 
     </span>
    </p>
   </div>
   <div class='ocr_carea' id='block_1_11' title="bbox 1255 686 2010 2702">
    <p class='ocr_par' dir='ltr' id='par_1_11' title="bbox 1255 686 2004 1692">
     <span class='ocr_line' id='line_1_58' title="bbox 1255 686 1998 732; baseline -0.001 -12"><span class='ocrx_word' id='word_1_309' title='bbox 1255 693 1287 720; x_wconf 84' lang='lat' dir='ltr'>et</span> <span class='ocrx_word' id='word_1_310' title='bbox 1299 687 1330 720; x_wconf 91' lang='lat' dir='ltr'>in</span> <span class='ocrx_word' id='word_1_311' title='bbox 1344 688 1575 721; x_wconf 87' lang='lat' dir='ltr'>secundodicta</span> <span class='ocrx_word' id='word_1_312' title='bbox 1596 687 1838 732; x_wconf 82' lang='lat' dir='ltr'>parochialibus</span> <span class='ocrx_word' id='word_1_313' title='bbox 1856 686 1998 720; x_wconf 87' lang='lat' dir='ltr'>ecclesiis</span> 
     </span>
     <span class='ocr_line' id='line_1_59' title="bbox 1255 740 1999 785; baseline -0.001 -11"><span class='ocrx_word' id='word_1_314' title='bbox 1255 741 1440 774; x_wconf 88' lang='lat' dir='ltr'>huiusmodi</span> <span class='ocrx_word' id='word_1_315' title='bbox 1461 741 1595 774; x_wconf 89' lang='lat' dir='ltr'>alteram</span> <span class='ocrx_word' id='word_1_316' title='bbox 1615 746 1786 785; x_wconf 85' lang='lat' dir='ltr'>perpetuas</span> <span class='ocrx_word' id='word_1_317' title='bbox 1798 740 1942 781; x_wconf 83' lang='lat' dir='ltr'>vicarias,</span> <span class='ocrx_word' id='word_1_318' title='bbox 1959 740 1999 774; x_wconf 92' lang='lat' dir='ltr'>de</span> 
     </span>
     <span class='ocr_line' id='line_1_60' title="bbox 1256 794 1999 838; baseline 0 -11"><span class='ocrx_word' id='word_1_319' title='bbox 1256 795 1373 838; x_wconf 85' lang='lat' dir='ltr'>quibus</span> <span class='ocrx_word' id='word_1_320' title='bbox 1392 800 1457 828; x_wconf 89' lang='lat' dir='ltr'>tam</span> <span class='ocrx_word' id='word_1_321' title='bbox 1479 805 1497 827; x_wconf 91' lang='lat' dir='ltr'>a</span> <span class='ocrx_word' id='word_1_322' title='bbox 1520 795 1685 838; x_wconf 88' lang='lat' dir='ltr'>primaeva</span> <span class='ocrx_word' id='word_1_323' title='bbox 1702 805 1813 828; x_wconf 87' lang='lat' dir='ltr'>earum</span> <span class='ocrx_word' id='word_1_324' title='bbox 1834 794 1999 828; x_wconf 85' lang='lat' dir='ltr'>erectione</span> 
     </span>
     <span class='ocr_line' id='line_1_61' title="bbox 1257 848 2000 893; baseline -0.001 -11"><span class='ocrx_word' id='word_1_325' title='bbox 1257 853 1288 882; x_wconf 85' lang='lat' dir='ltr'>et</span> <span class='ocrx_word' id='word_1_326' title='bbox 1312 848 1510 882; x_wconf 88' lang='lat' dir='ltr'>institutione</span> <span class='ocrx_word' id='word_1_327' title='bbox 1525 876 1532 889; x_wconf 94' lang='lat'>,</span> <span class='ocrx_word' id='word_1_328' title='bbox 1555 860 1654 893; x_wconf 88' lang='lat' dir='ltr'>quam</span> <span class='ocrx_word' id='word_1_329' title='bbox 1684 849 1762 882; x_wconf 85' lang='lat' dir='ltr'>alias</span> <span class='ocrx_word' id='word_1_330' title='bbox 1793 858 2000 892; x_wconf 88' lang='lat' dir='ltr'>quocumque</span> 
     </span>
     <span class='ocr_line' id='line_1_62' title="bbox 1257 901 1997 946; baseline -0.001 -11"><span class='ocrx_word' id='word_1_331' title='bbox 1257 902 1355 935; x_wconf 91' lang='lat' dir='ltr'>modo</span> <span class='ocrx_word' id='word_1_332' title='bbox 1384 912 1444 945; x_wconf 90' lang='lat' dir='ltr'>pro</span> <span class='ocrx_word' id='word_1_333' title='bbox 1464 908 1611 946; x_wconf 88' lang='lat' dir='ltr'>tempore</span> <span class='ocrx_word' id='word_1_334' title='bbox 1635 902 1821 935; x_wconf 88' lang='lat' dir='ltr'>vacantibus</span> <span class='ocrx_word' id='word_1_335' title='bbox 1836 929 1843 943; x_wconf 89' lang='lat'><em>‚</em></span> <span class='ocrx_word' id='word_1_336' title='bbox 1864 901 1897 934; x_wconf 90' lang='lat' dir='ltr'>in</span> <span class='ocrx_word' id='word_1_337' title='bbox 1917 911 1997 934; x_wconf 90' lang='lat' dir='ltr'>eon-</span> 
     </span>
     <span class='ocr_line' id='line_1_63' title="bbox 1258 955 2000 1000; baseline -0.001 -12"><span class='ocrx_word' id='word_1_338' title='bbox 1258 966 1355 989; x_wconf 92' lang='lat' dir='ltr'>cursu</span> <span class='ocrx_word' id='word_1_339' title='bbox 1385 955 1546 999; x_wconf 88' lang='lat' dir='ltr'>provideri</span> <span class='ocrx_word' id='word_1_340' title='bbox 1578 962 1609 989; x_wconf 84' lang='lat' dir='ltr'>et</span> <span class='ocrx_word' id='word_1_341' title='bbox 1637 955 1765 1000; x_wconf 90' lang='lat' dir='ltr'>disponi</span> <span class='ocrx_word' id='word_1_342' title='bbox 1796 955 1911 988; x_wconf 86' lang='lat' dir='ltr'>debeat</span> <span class='ocrx_word' id='word_1_343' title='bbox 1940 964 2000 998; x_wconf 89' lang='lat' dir='ltr'>pro</span> 
     </span>
     <span class='ocr_line' id='line_1_64' title="bbox 1259 1007 2001 1054; baseline -0.003 -12"><span class='ocrx_word' id='word_1_344' title='bbox 1259 1009 1385 1042; x_wconf 90' lang='lat' dir='ltr'>duobus</span> <span class='ocrx_word' id='word_1_345' title='bbox 1416 1009 1610 1054; x_wconf 77' lang='lat' dir='ltr'>presbyteris</span> <span class='ocrx_word' id='word_1_346' title='bbox 1645 1008 1862 1042; x_wconf 85' lang='lat' dir='ltr'>saecularibus</span> <span class='ocrx_word' id='word_1_347' title='bbox 1886 1007 2001 1041; x_wconf 89' lang='lat' dir='ltr'>suturis</span> 
     </span>
     <span class='ocr_line' id='line_1_65' title="bbox 1259 1060 1999 1106; baseline -0.001 -12"><span class='ocrx_word' id='word_1_348' title='bbox 1259 1062 1339 1094; x_wconf 91' lang='lat' dir='ltr'>inibi</span> <span class='ocrx_word' id='word_1_349' title='bbox 1363 1062 1528 1106; x_wconf 86' lang='lat' dir='ltr'>perpetuis</span> <span class='ocrx_word' id='word_1_350' title='bbox 1545 1062 1683 1103; x_wconf 87' lang='lat' dir='ltr'>vicariis,</span> <span class='ocrx_word' id='word_1_351' title='bbox 1711 1062 1767 1106; x_wconf 90' lang='lat' dir='ltr'>qui</span> <span class='ocrx_word' id='word_1_352' title='bbox 1789 1071 1898 1095; x_wconf 86' lang='lat' dir='ltr'>curam</span> <span class='ocrx_word' id='word_1_353' title='bbox 1927 1060 1999 1093; x_wconf 89' lang='lat' dir='ltr'>ani-</span> 
     </span>
     <span class='ocr_line' id='line_1_66' title="bbox 1260 1114 2000 1160; baseline -0.001 -12"><span class='ocrx_word' id='word_1_354' title='bbox 1260 1126 1386 1149; x_wconf 87' lang='lat' dir='ltr'>marum</span> <span class='ocrx_word' id='word_1_355' title='bbox 1407 1116 1606 1160; x_wconf 88' lang='lat' dir='ltr'>praedictam</span> <span class='ocrx_word' id='word_1_356' title='bbox 1625 1114 1860 1159; x_wconf 88' lang='lat' dir='ltr'>(unusquisque</span> <span class='ocrx_word' id='word_1_357' title='bbox 1888 1124 2000 1148; x_wconf 89' lang='lat' dir='ltr'>eorum</span> 
     </span>
     <span class='ocr_line' id='line_1_67' title="bbox 1260 1167 2003 1212; baseline 0 -12"><span class='ocrx_word' id='word_1_358' title='bbox 1260 1168 1292 1201; x_wconf 92' lang='lat' dir='ltr'>in</span> <span class='ocrx_word' id='word_1_359' title='bbox 1305 1180 1362 1202; x_wconf 90' lang='lat' dir='ltr'>sua</span> <span class='ocrx_word' id='word_1_360' title='bbox 1375 1169 1524 1212; x_wconf 88' lang='lat' dir='ltr'>ecclesia)</span> <span class='ocrx_word' id='word_1_361' title='bbox 1539 1180 1700 1209; x_wconf 80' lang='lat' dir='ltr'>exercere,</span> <span class='ocrx_word' id='word_1_362' title='bbox 1716 1179 1753 1202; x_wconf 92' lang='lat' dir='ltr'>ac</span> <span class='ocrx_word' id='word_1_363' title='bbox 1768 1168 1878 1201; x_wconf 91' lang='lat' dir='ltr'>omnia</span> <span class='ocrx_word' id='word_1_364' title='bbox 1891 1173 1923 1201; x_wconf 89' lang='lat' dir='ltr'>et</span> <span class='ocrx_word' id='word_1_365' title='bbox 1939 1167 2003 1201; x_wconf 91' lang='lat' dir='ltr'>sin-</span> 
     </span>
     <span class='ocr_line' id='line_1_68' title="bbox 1260 1221 2002 1266; baseline 0 -12"><span class='ocrx_word' id='word_1_366' title='bbox 1260 1221 1334 1264; x_wconf 81' lang='lat' dir='ltr'>gula</span> <span class='ocrx_word' id='word_1_367' title='bbox 1354 1222 1552 1266; x_wconf 86' lang='lat' dir='ltr'>parochialia</span> <span class='ocrx_word' id='word_1_368' title='bbox 1580 1232 1680 1255; x_wconf 88' lang='lat' dir='ltr'>onera</span> <span class='ocrx_word' id='word_1_369' title='bbox 1705 1221 1886 1255; x_wconf 85' lang='lat' dir='ltr'>rectoribus</span> <span class='ocrx_word' id='word_1_370' title='bbox 1906 1230 2002 1264; x_wconf 88' lang='lat' dir='ltr'>paro-</span> 
     </span>
     <span class='ocr_line' id='line_1_69' title="bbox 1261 1275 2004 1318; baseline -0.001 -9"><span class='ocrx_word' id='word_1_371' title='bbox 1261 1276 1412 1309; x_wconf 88' lang='lat' dir='ltr'>chialium</span> <span class='ocrx_word' id='word_1_372' title='bbox 1427 1276 1638 1309; x_wconf 87' lang='lat' dir='ltr'>ecelesiarum</span> <span class='ocrx_word' id='word_1_373' title='bbox 1658 1275 1846 1309; x_wconf 88' lang='lat' dir='ltr'>huiusmodi</span> <span class='ocrx_word' id='word_1_374' title='bbox 1859 1275 1899 1308; x_wconf 91' lang='lat' dir='ltr'>ad</span> <span class='ocrx_word' id='word_1_375' title='bbox 1912 1285 2004 1318; x_wconf 87' lang='lat' dir='ltr'>prae—</span> 
     </span>
     <span class='ocr_line' id='line_1_70' title="bbox 1260 1328 2000 1373; baseline -0.001 -11"><span class='ocrx_word' id='word_1_376' title='bbox 1260 1339 1333 1362; x_wconf 90' lang='lat' dir='ltr'>sens</span> <span class='ocrx_word' id='word_1_377' title='bbox 1361 1329 1568 1362; x_wconf 86' lang='lat' dir='ltr'>existentibus</span> <span class='ocrx_word' id='word_1_378' title='bbox 1589 1329 1764 1373; x_wconf 88' lang='lat' dir='ltr'>respective</span> <span class='ocrx_word' id='word_1_379' title='bbox 1784 1328 2000 1367; x_wconf 88' lang='lat' dir='ltr'>imminentia,</span> 
     </span>
     <span class='ocr_line' id='line_1_71' title="bbox 1261 1381 2002 1426; baseline -0.001 -11"><span class='ocrx_word' id='word_1_380' title='bbox 1261 1388 1293 1416; x_wconf 89' lang='lat' dir='ltr'>et</span> <span class='ocrx_word' id='word_1_381' title='bbox 1322 1383 1383 1415; x_wconf 91' lang='lat' dir='ltr'>alia</span> <span class='ocrx_word' id='word_1_382' title='bbox 1414 1383 1454 1416; x_wconf 90' lang='lat' dir='ltr'>ad</span> <span class='ocrx_word' id='word_1_383' title='bbox 1483 1382 1631 1415; x_wconf 68' lang='lat' dir='ltr'>ellectum</span> <span class='ocrx_word' id='word_1_384' title='bbox 1660 1382 1793 1426; x_wconf 87' lang='lat' dir='ltr'>parochi</span> <span class='ocrx_word' id='word_1_385' title='bbox 1818 1381 2002 1415; x_wconf 90' lang='lat' dir='ltr'>huiusmodi</span> 
     </span>
     <span class='ocr_line' id='line_1_72' title="bbox 1262 1435 2004 1480; baseline -0.001 -11"><span class='ocrx_word' id='word_1_386' title='bbox 1262 1436 1509 1480; x_wconf 83' lang='lat' dir='ltr'>quomodolibet</span> <span class='ocrx_word' id='word_1_387' title='bbox 1543 1436 1721 1479; x_wconf 86' lang='lat' dir='ltr'>spectantia</span> <span class='ocrx_word' id='word_1_388' title='bbox 1751 1441 1782 1469; x_wconf 86' lang='lat' dir='ltr'>et</span> <span class='ocrx_word' id='word_1_389' title='bbox 1811 1435 2004 1479; x_wconf 87' lang='lat' dir='ltr'>pertinentia</span> 
     </span>
     <span class='ocr_line' id='line_1_73' title="bbox 1261 1489 2003 1533; baseline -0.001 -11"><span class='ocrx_word' id='word_1_390' title='bbox 1261 1489 1394 1522; x_wconf 91' lang='lat' dir='ltr'>omnino</span> <span class='ocrx_word' id='word_1_391' title='bbox 1412 1489 1520 1522; x_wconf 90' lang='lat' dir='ltr'>subire</span> <span class='ocrx_word' id='word_1_392' title='bbox 1541 1494 1572 1521; x_wconf 91' lang='lat' dir='ltr'>et</span> <span class='ocrx_word' id='word_1_393' title='bbox 1591 1489 1736 1533; x_wconf 79' lang='lat' dir='ltr'>perferre</span> <span class='ocrx_word' id='word_1_394' title='bbox 1750 1493 1930 1529; x_wconf 87' lang='lat' dir='ltr'>teneantur,</span> <span class='ocrx_word' id='word_1_395' title='bbox 1946 1498 2003 1521; x_wconf 88' lang='lat' dir='ltr'>au-</span> 
     </span>
     <span class='ocr_line' id='line_1_74' title="bbox 1262 1541 2001 1586; baseline -0.003 -10"><span class='ocrx_word' id='word_1_396' title='bbox 1262 1543 1409 1576; x_wconf 86' lang='lat' dir='ltr'>ctoritate</span> <span class='ocrx_word' id='word_1_397' title='bbox 1434 1548 1465 1575; x_wconf 88' lang='lat' dir='ltr'>et</span> <span class='ocrx_word' id='word_1_398' title='bbox 1486 1549 1597 1576; x_wconf 87' lang='lat' dir='ltr'>tenore</span> <span class='ocrx_word' id='word_1_399' title='bbox 1629 1542 1835 1586; x_wconf 88' lang='lat' dir='ltr'>praemissis,</span> <span class='ocrx_word' id='word_1_400' title='bbox 1868 1541 2001 1582; x_wconf 90' lang='lat' dir='ltr'>ibidem,</span> 
     </span>
     <span class='ocr_line' id='line_1_75' title="bbox 1263 1594 2002 1640; baseline 0 -12"><span class='ocrx_word' id='word_1_401' title='bbox 1263 1596 1358 1628; x_wconf 87' lang='lat' dir='ltr'>etiam</span> <span class='ocrx_word' id='word_1_402' title='bbox 1370 1601 1539 1640; x_wconf 76' lang='lat' dir='ltr'>perpetuo,</span> <span class='ocrx_word' id='word_1_403' title='bbox 1558 1595 1626 1628; x_wconf 90' lang='lat' dir='ltr'>sine</span> <span class='ocrx_word' id='word_1_404' title='bbox 1640 1595 1774 1628; x_wconf 88' lang='lat' dir='ltr'>alicuius</span> <span class='ocrx_word' id='word_1_405' title='bbox 1791 1594 2002 1638; x_wconf 82' lang='lat' dir='ltr'>praeiudicio,</span> 
     </span>
     <span class='ocr_line' id='line_1_76' title="bbox 1263 1649 1693 1692; baseline 0 -11"><span class='ocrx_word' id='word_1_406' title='bbox 1263 1649 1417 1692; x_wconf 75' lang='lat' dir='ltr'>erigimus</span> <span class='ocrx_word' id='word_1_407' title='bbox 1437 1655 1467 1682; x_wconf 87' lang='lat' dir='ltr'>et</span> <span class='ocrx_word' id='word_1_408' title='bbox 1487 1649 1693 1682; x_wconf 87' lang='lat' dir='ltr'>instituimus.</span> 
     </span>
    </p>

    <p class='ocr_par' dir='ltr' id='par_1_12' title="bbox 1264 1701 2010 2702">
     <span class='ocr_line' id='line_1_77' title="bbox 1307 1701 2003 1746; baseline -0.003 -10"><span class='ocrx_word' id='word_1_409' title='bbox 1307 1703 1322 1746; x_wconf 54' lang='grc' dir='ltr'>ᾗ</span> <span class='ocrx_word' id='word_1_410' title='bbox 1343 1702 1373 1736; x_wconf 80' lang='grc'>5.</span> <span class='ocrx_word' id='word_1_411' title='bbox 1401 1703 1531 1736; x_wconf 86' lang='lat' dir='ltr'>Necnon</span> <span class='ocrx_word' id='word_1_412' title='bbox 1557 1703 1596 1736; x_wconf 88' lang='lat' dir='ltr'>ab</span> <span class='ocrx_word' id='word_1_413' title='bbox 1618 1703 1730 1736; x_wconf 88' lang='lat' dir='ltr'>cadem</span> <span class='ocrx_word' id='word_1_414' title='bbox 1752 1712 1862 1736; x_wconf 89' lang='lat' dir='ltr'>mensa</span> <span class='ocrx_word' id='word_1_415' title='bbox 1886 1701 2003 1735; x_wconf 87' lang='lat' dir='ltr'>dictam</span> 
     </span>
     <span class='ocr_line' id='line_1_78' title="bbox 1264 1755 2006 1800; baseline -0.003 -10"><span class='ocrx_word' id='word_1_416' title='bbox 1264 1756 1462 1790; x_wconf 84' lang='lat' dir='ltr'>deeimarum</span> <span class='ocrx_word' id='word_1_417' title='bbox 1484 1757 1679 1800; x_wconf 88' lang='lat' dir='ltr'>portionem,</span> <span class='ocrx_word' id='word_1_418' title='bbox 1707 1762 1739 1789; x_wconf 92' lang='lat' dir='ltr'>et</span> <span class='ocrx_word' id='word_1_419' title='bbox 1766 1766 1785 1789; x_wconf 90' lang='lat' dir='ltr'>a</span> <span class='ocrx_word' id='word_1_420' title='bbox 1813 1755 2006 1800; x_wconf 88' lang='lat' dir='ltr'>primodicta</span> 
     </span>
     <span class='ocr_line' id='line_1_79' title="bbox 1265 1808 2003 1854; baseline -0.003 -11"><span class='ocrx_word' id='word_1_421' title='bbox 1265 1815 1322 1850; x_wconf 91' lang='lat' dir='ltr'>tot,</span> <span class='ocrx_word' id='word_1_422' title='bbox 1338 1821 1375 1843; x_wconf 84' lang='lat' dir='ltr'>ex</span> <span class='ocrx_word' id='word_1_423' title='bbox 1398 1810 1516 1854; x_wconf 87' lang='lat' dir='ltr'>quibus</span> <span class='ocrx_word' id='word_1_424' title='bbox 1538 1809 1734 1852; x_wconf 81' lang='lat' dir='ltr'>octuaginta,</span> <span class='ocrx_word' id='word_1_425' title='bbox 1758 1814 1789 1842; x_wconf 89' lang='lat' dir='ltr'>et</span> <span class='ocrx_word' id='word_1_426' title='bbox 1808 1808 2003 1842; x_wconf 89' lang='lat' dir='ltr'>seeundodi-</span> 
     </span>
     <span class='ocr_line' id='line_1_80' title="bbox 1264 1861 2006 1907; baseline -0.003 -11"><span class='ocrx_word' id='word_1_427' title='bbox 1264 1869 1314 1896; x_wconf 89' lang='lat' dir='ltr'>cta</span> <span class='ocrx_word' id='word_1_428' title='bbox 1335 1874 1410 1896; x_wconf 87' lang='lat' dir='ltr'>vcro</span> <span class='ocrx_word' id='word_1_429' title='bbox 1438 1863 1677 1907; x_wconf 88' lang='lat' dir='ltr'>parochialibus</span> <span class='ocrx_word' id='word_1_430' title='bbox 1695 1862 1837 1895; x_wconf 81' lang='lat' dir='ltr'>eeclesiis</span> <span class='ocrx_word' id='word_1_431' title='bbox 1862 1867 1907 1895; x_wconf 91' lang='lat' dir='ltr'>tot.</span> <span class='ocrx_word' id='word_1_432' title='bbox 1926 1861 2006 1895; x_wconf 83' lang='lat' dir='ltr'>aliae</span> 
     </span>
     <span class='ocr_line' id='line_1_81' title="bbox 1264 1916 2006 1961; baseline -0.003 -11"><span class='ocrx_word' id='word_1_433' title='bbox 1264 1917 1478 1961; x_wconf 89' lang='lat' dir='ltr'>proprietates</span> <span class='ocrx_word' id='word_1_434' title='bbox 1498 1924 1527 1950; x_wconf 88' lang='lat' dir='ltr'>et</span> <span class='ocrx_word' id='word_1_435' title='bbox 1549 1918 1635 1950; x_wconf 88' lang='lat' dir='ltr'>bona</span> <span class='ocrx_word' id='word_1_436' title='bbox 1655 1917 1803 1957; x_wconf 88' lang='lat' dir='ltr'>stabilia,</span> <span class='ocrx_word' id='word_1_437' title='bbox 1827 1927 1863 1949; x_wconf 74' lang='lat' dir='ltr'>ex</span> <span class='ocrx_word' id='word_1_438' title='bbox 1888 1916 2006 1960; x_wconf 86' lang='lat' dir='ltr'>quihus</span> 
     </span>
     <span class='ocr_line' id='line_1_82' title="bbox 1265 1969 2008 2014; baseline -0.003 -10"><span class='ocrx_word' id='word_1_439' title='bbox 1265 1970 1360 2007; x_wconf 87' lang='lat' dir='ltr'>etiam</span> <span class='ocrx_word' id='word_1_440' title='bbox 1382 1971 1566 2013; x_wconf 73' lang='lat' dir='ltr'>octuaginta</span> <span class='ocrx_word' id='word_1_441' title='bbox 1584 1970 1690 2004; x_wconf 82' lang='lat' dir='ltr'>ducati</span> <span class='ocrx_word' id='word_1_442' title='bbox 1712 1970 1782 2003; x_wconf 88' lang='lat' dir='ltr'>auri</span> <span class='ocrx_word' id='word_1_443' title='bbox 1801 1969 1922 2003; x_wconf 89' lang='lat' dir='ltr'>similes</span> <span class='ocrx_word' id='word_1_444' title='bbox 1933 1979 2008 2014; x_wconf 89' lang='lat' dir='ltr'>pro-</span> 
     </span>
     <span class='ocr_line' id='line_1_83' title="bbox 1265 2023 2008 2062; baseline -0.001 -5"><span class='ocrx_word' id='word_1_445' title='bbox 1265 2030 1377 2057; x_wconf 80' lang='lat' dir='ltr'>ventus</span> <span class='ocrx_word' id='word_1_446' title='bbox 1394 2023 1492 2057; x_wconf 90' lang='lat' dir='ltr'>annui</span> <span class='ocrx_word' id='word_1_447' title='bbox 1513 2024 1695 2062; x_wconf 77' lang='lat' dir='ltr'>commode,</span> <span class='ocrx_word' id='word_1_448' title='bbox 1719 2023 1853 2056; x_wconf 87' lang='lat' dir='ltr'>arbitrio</span> <span class='ocrx_word' id='word_1_449' title='bbox 1873 2029 1904 2056; x_wconf 90' lang='lat' dir='ltr'>et</span> <span class='ocrx_word' id='word_1_450' title='bbox 1925 2023 2008 2056; x_wconf 90' lang='lat' dir='ltr'>iudi-</span> 
     </span>
     <span class='ocr_line' id='line_1_84' title="bbox 1266 2076 2008 2120; baseline -0.001 -10"><span class='ocrx_word' id='word_1_451' title='bbox 1266 2078 1316 2110; x_wconf 89' lang='lat' dir='ltr'>cio</span> <span class='ocrx_word' id='word_1_452' title='bbox 1347 2078 1424 2111; x_wconf 90' lang='lat' dir='ltr'>dicti</span> <span class='ocrx_word' id='word_1_453' title='bbox 1467 2077 1625 2110; x_wconf 73' lang='lat' dir='ltr'>Francisci</span> <span class='ocrx_word' id='word_1_454' title='bbox 1658 2077 1853 2117; x_wconf 82' lang='lat' dir='ltr'>cardinalis,</span> <span class='ocrx_word' id='word_1_455' title='bbox 1885 2076 2008 2120; x_wconf 84' lang='lat' dir='ltr'>percipi</span> 
     </span>
     <span class='ocr_line' id='line_1_85' title="bbox 1266 2130 2009 2174; baseline -0.003 -11"><span class='ocrx_word' id='word_1_456' title='bbox 1266 2131 1400 2174; x_wconf 84' lang='lat' dir='ltr'>possint,</span> <span class='ocrx_word' id='word_1_457' title='bbox 1425 2131 1520 2164; x_wconf 89' lang='lat' dir='ltr'>etiam</span> <span class='ocrx_word' id='word_1_458' title='bbox 1548 2136 1706 2174; x_wconf 83' lang='lat' dir='ltr'>perpetuo</span> <span class='ocrx_word' id='word_1_459' title='bbox 1737 2130 2009 2164; x_wconf 76' lang='lat' dir='ltr'>dismemliramus</span> 
     </span>
     <span class='ocr_line' id='line_1_86' title="bbox 1268 2183 2009 2227; baseline 0 -13"><span class='ocrx_word' id='word_1_460' title='bbox 1268 2189 1297 2216; x_wconf 89' lang='lat' dir='ltr'>et</span> <span class='ocrx_word' id='word_1_461' title='bbox 1310 2194 1508 2227; x_wconf 79' lang='lat' dir='ltr'>separamus,</span> <span class='ocrx_word' id='word_1_462' title='bbox 1533 2184 1650 2227; x_wconf 80' lang='lat' dir='ltr'>illaque</span> <span class='ocrx_word' id='word_1_463' title='bbox 1668 2183 1712 2216; x_wconf 81' lang='lat' dir='ltr'>sie</span> <span class='ocrx_word' id='word_1_464' title='bbox 1734 2183 1965 2216; x_wconf 77' lang='lat' dir='ltr'>dismemlirata</span> <span class='ocrx_word' id='word_1_465' title='bbox 1978 2187 2009 2214; x_wconf 89' lang='lat' dir='ltr'>et</span> 
     </span>
     <span class='ocr_line' id='line_1_87' title="bbox 1267 2235 2010 2280; baseline -0.003 -11"><span class='ocrx_word' id='word_1_466' title='bbox 1267 2242 1413 2280; x_wconf 83' lang='lat' dir='ltr'>separata</span> <span class='ocrx_word' id='word_1_467' title='bbox 1435 2237 1618 2280; x_wconf 83' lang='lat' dir='ltr'>portionem</span> <span class='ocrx_word' id='word_1_468' title='bbox 1641 2236 1840 2269; x_wconf 68' lang='lat' dir='ltr'>dei-imarum</span> <span class='ocrx_word' id='word_1_469' title='bbox 1862 2235 2010 2268; x_wconf 74' lang='lat' dir='ltr'>videlicet</span> 
     </span>
     <span class='ocr_line' id='line_1_88' title="bbox 1267 2287 2006 2333; baseline -0.003 -11"><span class='ocrx_word' id='word_1_470' title='bbox 1267 2289 1442 2322; x_wconf 84' lang='lat' dir='ltr'>seminario</span> <span class='ocrx_word' id='word_1_471' title='bbox 1464 2300 1522 2333; x_wconf 88' lang='lat' dir='ltr'>pro</span> <span class='ocrx_word' id='word_1_472' title='bbox 1544 2289 1686 2322; x_wconf 75' lang='lat' dir='ltr'>uberiori</span> <span class='ocrx_word' id='word_1_473' title='bbox 1701 2289 1768 2322; x_wconf 90' lang='lat' dir='ltr'>eius</span> <span class='ocrx_word' id='word_1_474' title='bbox 1785 2287 2006 2327; x_wconf 85' lang='lat' dir='ltr'>subventione,</span> 
     </span>
     <span class='ocr_line' id='line_1_89' title="bbox 1269 2339 2010 2387; baseline -0.003 -12"><span class='ocrx_word' id='word_1_475' title='bbox 1269 2343 1481 2387; x_wconf 81' lang='lat' dir='ltr'>proprietates</span> <span class='ocrx_word' id='word_1_476' title='bbox 1501 2354 1576 2375; x_wconf 78' lang='lat' dir='ltr'>vero</span> <span class='ocrx_word' id='word_1_477' title='bbox 1597 2348 1627 2375; x_wconf 88' lang='lat' dir='ltr'>et</span> <span class='ocrx_word' id='word_1_478' title='bbox 1645 2342 1729 2375; x_wconf 89' lang='lat' dir='ltr'>hona</span> <span class='ocrx_word' id='word_1_479' title='bbox 1749 2341 1933 2374; x_wconf 87' lang='lat' dir='ltr'>huiusmodi</span> <span class='ocrx_word' id='word_1_480' title='bbox 1964 2339 2010 2373; x_wconf 90' lang='lat' dir='ltr'>vi-</span> 
     </span>
     <span class='ocr_line' id='line_1_90' title="bbox 1269 2392 2006 2437; baseline -0.003 -11"><span class='ocrx_word' id='word_1_481' title='bbox 1269 2394 1363 2426; x_wconf 77' lang='lat' dir='ltr'>cariis</span> <span class='ocrx_word' id='word_1_482' title='bbox 1373 2394 1545 2437; x_wconf 76' lang='lat' dir='ltr'>praedictis</span> <span class='ocrx_word' id='word_1_483' title='bbox 1558 2405 1617 2437; x_wconf 87' lang='lat' dir='ltr'>pro</span> <span class='ocrx_word' id='word_1_484' title='bbox 1629 2404 1771 2434; x_wconf 57' lang='lat' dir='ltr'>congrua</span> <span class='ocrx_word' id='word_1_485' title='bbox 1784 2393 1911 2425; x_wconf 88' lang='lat' dir='ltr'>illarum</span> <span class='ocrx_word' id='word_1_486' title='bbox 1922 2392 2006 2431; x_wconf 88' lang='lat' dir='ltr'>dote,</span> 
     </span>
     <span class='ocr_line' id='line_1_91' title="bbox 1269 2445 2007 2486; baseline -0.003 -6"><span class='ocrx_word' id='word_1_487' title='bbox 1269 2453 1300 2480; x_wconf 89' lang='lat' dir='ltr'>et</span> <span class='ocrx_word' id='word_1_488' title='bbox 1318 2447 1511 2480; x_wconf 80' lang='lat' dir='ltr'>vi‹·:u·i0rmn</span> <span class='ocrx_word' id='word_1_489' title='bbox 1545 2447 1728 2479; x_wconf 76' lang='lat' dir='ltr'>huiusmodi</span> <span class='ocrx_word' id='word_1_490' title='bbox 1755 2445 2007 2486; x_wconf 86' lang='lat' dir='ltr'>manutentione,</span> 
     </span>
     <span class='ocr_line' id='line_1_92' title="bbox 1270 2499 2010 2544; baseline -0.003 -12"><span class='ocrx_word' id='word_1_491' title='bbox 1270 2512 1472 2544; x_wconf 80' lang='lat' dir='ltr'>(merumque</span> <span class='ocrx_word' id='word_1_492' title='bbox 1505 2501 1566 2533; x_wconf 82' lang='lat' dir='ltr'>illis</span> <span class='ocrx_word' id='word_1_493' title='bbox 1598 2499 1852 2533; x_wconf 69' lang='lat' dir='ltr'>invmuheniimn</span> <span class='ocrx_word' id='word_1_494' title='bbox 1873 2508 2010 2541; x_wconf 87' lang='lat' dir='ltr'>suppor-</span> 
     </span>
     <span class='ocr_line' id='line_1_93' title="bbox 1271 2550 2006 2595; baseline -0.005 -9"><span class='ocrx_word' id='word_1_495' title='bbox 1271 2553 1411 2592; x_wconf 84' lang='lat' dir='ltr'>tatione,</span> <span class='ocrx_word' id='word_1_496' title='bbox 1440 2553 1588 2586; x_wconf 70' lang='lat' dir='ltr'>‹listincte</span> <span class='ocrx_word' id='word_1_497' title='bbox 1621 2559 1726 2586; x_wconf 82' lang='lat' dir='ltr'>tamen</span> <span class='ocrx_word' id='word_1_498' title='bbox 1752 2558 1782 2584; x_wconf 82' lang='lat' dir='ltr'>et</span> <span class='ocrx_word' id='word_1_499' title='bbox 1808 2550 2006 2595; x_wconf 83' lang='lat' dir='ltr'>separatim,</span> 
     </span>
     <span class='ocr_line' id='line_1_94' title="bbox 1270 2603 2010 2650; baseline -0.005 -11"><span class='ocrx_word' id='word_1_500' title='bbox 1270 2607 1351 2639; x_wconf 81' lang='lat' dir='ltr'>sicut</span> <span class='ocrx_word' id='word_1_501' title='bbox 1372 2607 1545 2650; x_wconf 81' lang='lat' dir='ltr'>uniruique</span> <span class='ocrx_word' id='word_1_502' title='bbox 1575 2606 1715 2650; x_wconf 88' lang='lat' dir='ltr'>ipsarum</span> <span class='ocrx_word' id='word_1_503' title='bbox 1742 2604 1931 2637; x_wconf 63' lang='lat' dir='ltr'>vicar-iarum</span> <span class='ocrx_word' id='word_1_504' title='bbox 1957 2603 2010 2635; x_wconf 82' lang='lat' dir='ltr'>illa</span> 
     </span>
     <span class='ocr_line' id='line_1_95' title="bbox 1272 2657 2009 2702; baseline -0.003 -10"><span class='ocrx_word' id='word_1_505' title='bbox 1272 2661 1354 2692; x_wconf 83' lang='lat' dir='ltr'>hona</span> <span class='ocrx_word' id='word_1_506' title='bbox 1381 2660 1495 2692; x_wconf 71' lang='lat' dir='ltr'>redere</span> <span class='ocrx_word' id='word_1_507' title='bbox 1521 2660 1679 2697; x_wconf 74' lang='lat' dir='ltr'>debeant,</span> <span class='ocrx_word' id='word_1_508' title='bbox 1703 2669 1785 2702; x_wconf 80' lang='lat' dir='ltr'>quae</span> <span class='ocrx_word' id='word_1_509' title='bbox 1806 2658 1844 2690; x_wconf 77' lang='lat' dir='ltr'>al·</span> <span class='ocrx_word' id='word_1_510' title='bbox 1870 2657 1937 2701; x_wconf 81' lang='lat' dir='ltr'>ipsa</span> <span class='ocrx_word' id='word_1_511' title='bbox 1957 2667 2009 2690; x_wconf 87' lang='lat' dir='ltr'>ec-</span> 
     </span>
    </p>
   </div>
   <div class='ocr_carea' id='block_1_12' title="bbox 2020 1703 2206 1779">
    <p class='ocr_par' dir='ltr' id='par_1_13' title="bbox 2020 1703 2206 1779">
     <span class='ocr_line' id='line_1_96' title="bbox 2048 1703 2205 1726; baseline -0.019 0"><span class='ocrx_word' id='word_1_512' title='bbox 2048 1704 2136 1726; x_wconf 71' lang='lat' dir='ltr'>Fruetus</span> <span class='ocrx_word' id='word_1_513' title='bbox 2151 1703 2205 1724; x_wconf 78' lang='lat' dir='ltr'>intur</span> 
     </span>
     <span class='ocr_line' id='line_1_97' title="bbox 2020 1731 2206 1752; baseline -0.011 0"><span class='ocrx_word' id='word_1_514' title='bbox 2020 1731 2157 1752; x_wconf 74' lang='lat' dir='ltr'>seminarium</span> <span class='ocrx_word' id='word_1_515' title='bbox 2184 1731 2206 1750; x_wconf 76' lang='lat' dir='ltr'>et</span> 
     </span>
     <span class='ocr_line' id='line_1_98' title="bbox 2021 1756 2205 1779; baseline -0.011 0"><span class='ocrx_word' id='word_1_516' title='bbox 2021 1757 2113 1779; x_wconf 73' lang='lat' dir='ltr'>vicarias</span> <span class='ocrx_word' id='word_1_517' title='bbox 2123 1756 2205 1778; x_wconf 74' lang='lat' dir='ltr'>dividit.</span> 
     </span>
    </p>
   </div>
  </div>
 </body>
</html>
