2253 3195
231 242 280 269 An.
300 241 328 270 c.
348 242 418 270 1595
463 232 527 266 202

428 291 488 324 bus
505 291 601 324 etiam
615 291 807 324 dilectorum
822 289 964 323 filiorum
979 289 1103 322 abbatis
1117 299 1171 331 ge-

428 342 546 377 nerali's
565 350 594 377 et
615 343 849 377 monachorum
870 342 947 376 dicti
966 342 1095 376 Ordinis
1113 342 1170 376 Ca-

429 397 647 437 maldulensis,
676 407 735 440 pro
755 396 922 440 praeclaro
942 395 1086 430 eiusdem
1107 395 1168 430 Or-

428 450 511 482 dinis
529 450 712 483 institutore
725 449 819 482 nobis
831 449 998 482 humiliter
1013 449 1172 493 porrectis

429 503 584 543 inclinati,
596 503 636 535 de
647 502 882 536 venerabilium
899 503 1034 536 fratrum
1045 508 1172 536 nostro-

428 567 499 589 rum
519 556 548 590 S.
573 557 608 589 R.
633 556 666 589 E.
690 555 904 589 cardinalium
929 556 1171 600 congregationi

374 617 379 621 '
426 620 592 643 sacrorum
613 609 734 643 rituum
751 610 1030 654 praepositorum,
1054 610 1172 654 quibus

427 663 486 696 boc
516 663 688 706 negocium
718 664 970 698 examinandum
1001 665 1168 698 commisi-

427 726 508 757 mus,
533 716 668 750 consilio
690 723 721 750 et
741 727 882 758 assensu,
900 718 1044 752 eiusdem
1065 718 1096 752 S.
1109 718 1173 751 Ro-

427 770 548 802 mualdi
568 780 686 803 nomen
708 776 740 804 et
760 771 846 804 diem
867 772 980 805 festum
1006 772 1039 805 in
1055 772 1172 805 Kalen-

427 823 516 856 dario
537 823 694 864 Romano,
715 834 780 868 quo
799 835 885 858 nunc
906 825 1039 864 utimur,
1057 825 1108 858 die
1123 836 1171 858 se-

426 875 528 919 ptimo
549 876 723 916 februarii,
747 888 812 920 quo
841 878 893 911 die
913 878 981 912 eius
1005 878 1172 911 translatio

427 928 508 962 faeta
535 935 603 969 est,
634 930 886 964 adscribendum
902 959 909 970 ‚
933 932 1068 976 eiusque
1096 932 1169 965 ossi-

426 982 511 1015 cium
537 993 554 1015 a
574 983 834 1028 quibuscumque
855 985 1002 1029 personis
1023 985 1173 1019 ecelesia-

424 1035 511 1068 sticis
530 1036 750 1070 saecularibus
769 1038 1030 1080 etregularibus,
1053 1038 1174 1082 ubique

425 1094 583 1122 terrarum
614 1089 822 1123 existentibus
837 1118 844 1131 ,
867 1091 926 1124 sub
955 1091 1018 1124 ritu
1038 1091 1169 1136 duplici,

424 1142 463 1175 de
487 1142 653 1175 communi
685 1144 906 1177 consessorum
939 1155 1004 1177 non
1035 1144 1169 1189 pontifi-

424 1205 510 1236 cum,
525 1195 581 1229 ubi
602 1196 771 1240 proprium
794 1197 894 1238 deest,
910 1203 1039 1241 praeter
1058 1198 1171 1232 lectio-

375 1246 377 1248 ’
423 1258 480 1281 nes
500 1248 634 1281 secundi
655 1249 819 1290 nocturni,
844 1260 926 1294 quae
952 1250 1104 1295 propriae
1124 1262 1172 1284 as-

423 1301 603 1345 signantur,
620 1303 660 1335 ab
673 1303 818 1336 eiusdem
833 1304 1092 1347 congregationis
1103 1316 1173 1339 car-

423 1354 584 1388 dinalibus
605 1355 815 1399 approbatae,
833 1357 1066 1391 celebrandum
1087 1368 1168 1399 esse,

422 1408 613 1441 auctoritate
633 1414 664 1441 et
690 1414 800 1443 tenore
827 1411 1068 1453 praesentium,
1092 1423 1168 1455 per-

422 1467 520 1504 petuo
541 1462 746 1496 decernimus
768 1469 796 1497 et
819 1464 1003 1498 statuimus.
1018 1465 1171 1498 Mandan-

423 1520 469 1547 tes
504 1511 692 1558 propterea,
724 1515 755 1548 in
784 1516 898 1550 virtute
928 1523 1057 1551 sanctae
1088 1518 1167 1552 obe-

421 1567 573 1609 dientiae,
601 1569 759 1603 universis
780 1570 984 1614 patriarchis,
1012 1572 1171 1617 arehiepi-

421 1622 538 1665 scopis,
555 1623 727 1667 episcopis,
751 1624 920 1658 abbatibus
934 1630 962 1658 et
977 1625 1048 1659 aliis
1065 1627 1169 1660 eecle-

421 1675 540 1708 siarum
563 1677 730 1719 praelatis,
757 1683 788 1710 ut
813 1677 843 1710 in
862 1678 928 1711 suis
953 1679 1089 1723 quisque
1111 1691 1165 1713 ee-

420 1728 544 1767 clesiis,
572 1730 798 1768 conventibus,
824 1731 1004 1772 ordinibus,
1033 1731 1164 1773 militiis,

421 1781 604 1824 provinciis,
621 1783 801 1817 vivitatibus
815 1790 846 1818 et
859 1785 1062 1819 dioecesibus
1075 1797 1168 1829 prae-

420 1841 526 1868 sentes
552 1842 678 1869 nostras
703 1837 825 1870 litteras
845 1839 1035 1872 solemniter
1054 1840 1163 1883 publi-

421 1898 515 1928 care,
543 1886 579 1921 a'e
609 1889 693 1923 dieta
720 1890 771 1923 die
803 1891 945 1925 officium
978 1892 1165 1926 huiusmodi

419 1942 449 1974 S.
474 1942 645 1976 Rotnualdi
666 1943 730 1976 ritu
751 1944 883 1988 duplici,
908 1951 972 1977 tam
995 1945 1052 1989 ipsi
1067 1957 1163 1990 quam

419 1996 536 2029 «aeteri
557 2007 670 2030 omnes
694 1997 869 2041 presbyteri
892 2003 921 2031 et
942 1998 1065 2038 clerici,
1090 2010 1162 2033 sae-

419 2049 544 2082 culares
564 2055 592 2082 et
616 2050 779 2091 regulares
805 2051 973 2095 utriusque
992 2062 1104 2089 sexus.
1128 2063 1164 2085 ac

419 2103 500 2136 alia(¹
522 2114 690 2147 personae,
715 2103 810 2137 etiam
833 2110 1020 2148 tweiuptae,
1046 2105 1165 2149 quibus

419 2156 560 2189 officium
577 2156 712 2189 docendi
728 2162 757 2189 et
779 2157 934 2201 psallendi
951 2169 1068 2191 munus
1085 2170 1165 2202 quo-

420 2209 658 2253 modovuuupie
680 2210 859 2243 iniunt-tutu
881 2217 939 2248 est,
957 2212 1119 2245 celebrare
1133 2218 1162 2246 et

420 2264 553 2306 psallere
578 2263 712 2297 omniuo
733 2264 882 2298 debeant.
900 2265 1112 2299 tim-ernanus
1131 2278 1164 2298 o-

421 2328 509 2349 mnes
530 2323 556 2349 ot
580 2318 721 2360 singulas
742 2328 897 2362 personas
918 2318 1102 2353 huiusmodi
1124 2320 1162 2353 ad

420 2369 513 2401 aliam
541 2369 761 2403 recitationem
783 2371 879 2403 officii
900 2382 937 2404 ea
957 2371 1009 2404 dic»
1031 2383 1093 2405 non
1117 2378 1162 2405 te-

421 2423 500 2460 neri,
515 2423 568 2455 sed
588 2424 696 2456 ‹lc-bito
718 2430 745 2457 rt
765 2424 953 2464 obligationi
977 2425 1162 2459 huiusmodi

420 2476 552 2519 perinde
572 2475 770 2516 satist'mwf‘rn,
794 2489 829 2510 ar
861 2478 886 2510 si
918 2478 1061 2511 divinum
1091 2478 1162 2512 ossi-

419 2528 502 2561 «rium
526 2529 608 2562 iuxta
630 2541 761 2563 suorum
793 2531 1029 2564 t=··.·.via1·iormn
1063 2541 1159 2575 prae-

419 2581 571 2625 scriptum
595 2583 777 2616 seviunt-ent.
1051 2590 1057 2596 '

272 936 309 956 bie
334 942 360 956 ιιι
384 936 411 955 se-

227 962 412 988 turnarii.quieius

225 988 411 1013 translationise<t‚

227 1017 300 1036 testum
315 1017 353 1036 sut]
369 1016 409 1035 ritu

225 1043 304 1069 duplici
354 1043 408 1062 coto-

226 1069 334 1090 brandum.

464 2634 527 2677 353.
552 2635 619 2668 Nou
642 2636 843 2669 obstantibus
874 2637 974 2670 solie-is
1007 2637 1179 2678 reeorda—¹

1015 241 1199 266 numanum
1218 232 1372 266 Romanu

1968 242 2019 270 An.
2033 242 2062 271 C,
2082 242 2150 273 iva?

1206 288 1301 322 tionis
1312 289 1359 322 Pii
1373 288 1409 330 V,
1423 289 1681 333 praedecessoris
1699 290 1812 332 nostri,
1829 301 1866 324 ac
1878 291 1949 324 aliis
1978 303 2116 336 ouibuscmp
2155 290 2161 326 .’

1205 341 1403 385 apostolicis,
1425 347 1553 376 necnon
1583 343 1615 376 in
1641 343 1894 387 provincialibus
1917 349 1951 378 et
1963 331 2148 353 ”⁰⁰⁰⁰⁵‘²¹'²¹¹'

1205 395 1412 439 synodalibus
1436 396 1596 437 conciliis,
1620 396 1717 430 etiam
1742 407 1839 441 super
1868 408 1951 431 nova

1204 449 1358 482 Breviarii
1377 449 1610 483 reformatione
1630 450 1734 491 editis,
1747 450 1952 484 constitutio-

1206 501 1301 535 nibus
1320 507 1351 536 et
1375 502 1645 544 ordinationibus,
1668 503 1794 537 statutis
1822 514 1952 548 quoque

1207 560 1237 588 et
1257 556 1557 595 consuetudinibus,
1581 556 1677 589 etiam
1703 550 1950 590 immemorabi-

1206 609 1301 651 libus,
1325 611 1477 654 quodque
1498 610 1566 644 dies
1591 611 1689 644 festus
1708 611 1895 644 huiusmodi
1920 611 1953 644 in

1205 662 1400 696 Kalendario
1431 664 1578 698 Romano
1614 664 1794 708 descriptus
1827 664 1950 702 hueus-

1206 725 1269 759 que
1289 726 1354 748 non
1381 715 1441 757 sit,
1465 716 1664 761 caeterisque
1684 716 1856 750 contrariis
1875 716 1950 760 qui-

1206 768 1418 812 busoumque.

1252 822 1268 863 ξ
1288 821 1319 854 4.
1343 821 1497 855 Volumus
1518 828 1645 864 autem,
1668 829 1704 856 ut
1731 822 1952 867 praesentium
2002 834 2066 856 rates
2082 840 2094 856 a

1207 875 1416 919 transumptis
1435 875 1532 909 etiam
1557 876 1740 920 impressis,
1765 887 1864 910 manu
1882 887 1946 910 no-
1966 862 2056 888 ‘'mmm''

1208 927 1279 960 tarii
1299 927 1420 971 publici
1444 929 1642 973 subscriptis,
1666 935 1697 962 et
1716 928 1822 972 sigillo
1842 939 1954 973 perso-

1207 991 1268 1014 nae
1287 981 1319 1014 in
1339 981 1496 1024 dignitate
1516 982 1733 1016 ecelesiastica
1759 981 1953 1016 constitutae

1208 1034 1351 1074 munitis,
1374 1025 1487 1068 eadem
1508 1035 1589 1069 fides
1608 1036 1729 1079 ubique
1746 1035 1950 1075 adhibeatur,

1208 1097 1290 1130 quae
1310 1087 1388 1131 ipsis
1418 1088 1643 1131 praesentibus
1671 1088 1903 1127 adhiberetur.
1926 1089 1952 1121 si

1208 1141 1315 1174 forent
1334 1141 1494 1175 exhibitae
1514 1143 1563 1175 vel
1584 1149 1753 1183 ostensae„

1251 1194 1364 1228 Datum
1385 1195 1506 1228 Romae
1524 1196 1610 1239 apud
1628 1196 1780 1230 Sanctum
1794 1196 1948 1237 Marcum,

1206 1247 1265 1281 sub
1286 1249 1407 1282 annulo
1426 1248 1608 1290 Piscatoris‚
1623 1249 1676 1283 die
1693 1259 1780 1283 nona
1795 1249 1864 1283 iulii
1878 1249 1951 1283 mil-

1206 1301 1318 1336 lesimo
1332 1302 1592 1347 quingentesimo
1603 1304 1814 1347 nonagesimo
1823 1304 1948 1348 quinto,

1206 1355 1412 1398 pontificatus
1432 1356 1534 1390 nostri
1558 1367 1643 1390 anno
1661 1363 1789 1401 quarto.

1242 1417 1299 1445 Dat.
1315 1417 1360 1445 die
1370 1418 1387 1445 9
1401 1418 1460 1445 iulii
1472 1418 1550 1454 1595,
1573 1419 1670 1455 pontis.
1681 1427 1726 1448 an.
1740 1426 1776 1447 tv.

1532 1580 1617 1614 CVll.

1206 1677 1360 1720 Officinae
1390 1687 1499 1711 omnes
1528 1679 1730 1712 monetariae
1752 1678 1872 1712 Status
1891 1679 1948 1713 Εε-

1247 1730 1434 1770 clesi'asticv',
1467 1730 1613 1764 Romana
1643 1735 1788 1775 eoecepta,
1810 1732 1945 1776 suppri-

1246 1787 1385 1816 mimam·
1405 1785 1426 1816 ¹.

1369 1866 1378 1875 ⁰
1414 1873 1549 1901 clemens
1565 1873 1643 1912 Papa
1657 1875 1733 1907 vm,

1349 1927 1386 1954 ad
1401 1927 1535 1955 futuram
1550 1928 1596 1955 rei
1615 1928 1800 1956 memoriam.

1244 1997 1380 2030 Paterna
1398 2003 1507 2030 nostra
1521 1997 1551 2030 in
1567 1998 1714 2031 subditos
1731 2005 1860 2033 nostros
1872 1999 1947 2034 cha—

1201 2050 1288 2089 ritas,
1312 2061 1394 2094 quae
1415 2061 1472 2084 nos
1500 2052 1539 2084 de
1566 2051 1710 2096 ipsorum
1732 2052 1946 2087 indemnitate
1960 2059 2088 2113 03332232
2104 2064 2119 2105 3³

1199 2104 1340 2147 rogitare
1361 2104 1474 2137 sedulo
1495 2105 1580 2145 sac-it,
1605 2115 1641 2139 ac
1662 2105 1831 2150 pastoralis
1851 2106 1942 2140 solli·
1960 2112 2063 2135 subdiu2·-
2099 2115 2108 2130 ³

1199 2157 1309 2190 (itudo
1321 2163 1431 2191 nostra
1442 2158 1623 2201 requirunt,
1640 2164 1674 2192 ut
1688 2159 1726 2192 iis
1738 2159 1844 2199 rebus,
1861 2169 1945 2203 quae

1198 2211 1337 2244 subditis
1358 2211 1434 2254 ipsis
1455 2211 1608 2244 damnum
1641 2212 1756 2246 afferre
1785 2218 1940 2256 possunt,

1198 2270 1380 2309 opportuna
1402 2265 1585 2308 provisione
1606 2275 1827 2299 oerurranms.

1242 2318 1257 2359 ξ
1283 2318 1307 2351 l.
1324 2318 1406 2352 Sane
1427 2330 1500 2352 cum
1522 2318 1719 2362 experientia
1740 2325 1942 2363 compertum

1198 2371 1234 2405 sit
1259 2372 1289 2405 in
1310 2372 1474 2405 nonnullis
1496 2372 1576 2406 locis
1597 2372 1703 2406 Status
1716 2372 1939 2415 Ecclesiastici,
1971 2377 1993 2399 ¹¹¹
2012 2371 2087 2403 „ocuti
2106 2397 2108 2399 v

1199 2425 1228 2457 iu
1244 2425 1362 2468 ‹pribus
1375 2425 1479 2458 ossieia
1492 2425 1680 2458 zeccbarum
1693 2430 1769 2463 sunt
1780 2425 1939 2470 permissu
1956 2403 2060 2453 mmo&

1197 2478 1416 2512 Romanorum
1439 2478 1632 2511 Pontificum
1654 2479 1940 2522 praedecessorum
1956 2457 2099 2506 sistimur&

1197 2536 1380 2564 nostrorum
1405 2531 1557 2570 instituta,
1583 2537 1745 2565 monetam
1765 2531 1872 2566 minus
1892 2531 1939 2565 le-

1196 2584 1311 2623 ιιῑιΙυιιι,
1336 2595 1394 2618 nec
1415 2584 1483 2618 eius
1512 2584 1664 2618 bonitatis
1684 2590 1715 2618 et
1735 2584 1836 2628 lagae,
1860 2584 1936 2630 qui-

1233 2647 1241 2673 l
1263 2645 1298 2673 Ex
1317 2645 1425 2682 [lt-gest.
1442 2646 1467 2673 iu
1482 2646 1584 2674 Secret.
1604 2645 1738 2674 tiu-evium.
