2253 3195
53 259 101 286 ΑηΑ
123 256 235 285 (21593

75 425 153 446 Variae
164 429 236 450 proi-o-

53 454 150 481 nationes
165 451 236 481 dictae

52 483 238 504 concessionispei·

53 505 165 528 Pontifices
208 504 237 524 sa-

54 536 108 553 rme.

865 254 1012 280 CLEMENS

251 305 462 350 quinquennii
483 304 672 339 confirmata
693 315 747 337 seu
769 309 950 348 prorogata,
964 308 991 336 et
1009 303 1010 307 ’

251 359 366 392 deinde
381 359 547 392 abeodem
568 357 723 400 Gregorio
744 357 828 400 Papa
848 356 887 389 ad
906 356 992 388 aliud
1009 351 1010 365 ¹

251 412 520 457 quinquennium,
537 423 554 445 a
568 412 631 444 fine
651 410 783 444 secundi
804 410 880 443 dicti
898 409 992 453 quin-
1009 435 1010 449 2

252 466 383 509 quennii
412 465 644 503 inchoandum,
666 469 696 496 et
716 468 826 507 postea
846 463 886 495 ad
906 462 992 495 aliud
1009 453 1011 475 ‘¹

253 519 348 552 etiam
371 517 645 562 quinquennium,
669 526 687 549 a
708 516 771 548 fine
803 515 877 548 dicti
910 507 1011 556 tertii{

253 571 462 615 quinquennii
496 570 642 604 similiter
673 569 911 605 inchoandum,
937 557 1011 612 per*

252 625 364 658 similis
396 623 626 657 recordationis
656 622 778 656 Sixtum
807 622 926 665 Papam
947 621 990 661 V,

252 678 348 710 etiam
362 688 419 721 per
436 687 508 710 suas
528 676 650 709 litteras
670 674 864 719 apostolicas
881 684 994 718 proro-

251 736 333 773 gata,
355 737 386 763 et
405 740 491 763 nune
509 730 549 763 ad
569 729 656 762 aliud
686 728 782 761 etiam
812 727 994 771 quinquen-

251 784 352 825 nium,
376 794 394 817 a
413 783 477 816 fine
495 783 570 816 dicti
588 782 693 826 quarti
715 780 928 825 quinquennii
948 780 1012 830 in-:k

252 837 448 881 cipiendum,
469 848 526 881 per
545 837 596 870 SS.
614 837 647 869 D.
669 836 704 869 N.
728 835 920 878 Gregorium
938 831 1012 867 Pa-²

252 901 326 934 pam
346 890 427 929 xlv,
453 901 509 934 per
542 900 614 923 suas
647 888 838 933 apostolicas
873 887 995 920 litteras

253 949 436 988 prorogata,
453 954 490 977 ac
509 953 605 987 super
624 942 774 986 portione
795 947 823 975 et
845 947 934 986 parte
955 943 995 975 ad
1011 933 1013 963 ἶ

253 1007 311 1030 nos
331 1003 362 1030 et
380 997 566 1030 universum
596 997 718 1030 clerum
740 1001 770 1029 et
794 1001 910 1028 statum
937 1006 991 1028 ec-

253 1050 465 1084 clesiasticum
496 1050 590 1083 huius
621 1048 805 1093 provinciae
836 1048 1013 1081 Tarraco-t

253 1103 370 1143 nensis,
395 1102 598 1146 episcopatus
618 1101 753 1146 praefati
774 1101 935 1140 Elnensis,
960 1109 1013 1134 ac*

252 1156 431 1190 abbatiatus
448 1156 617 1199 Aget-ensis
630 1155 809 1199 pertinente
827 1159 857 1187 et
874 1154 997 1188 contin·
1012 1164 1014 1192 j,

253 1214 348 1252 gente
368 1220 403 1242 ex
423 1209 578 1242 fructibus
597 1209 699 1242 dietae
713 1208 836 1252 primae
853 1208 996 1241 decimae
1012 1208 1014 1240 ἔ

253 1263 483 1306 cuiuscumque
504 1262 699 1306 parochialis
722 1261 876 1295 ecclesiae
902 1261 997 1294 huius

253 1316 438 1361 provinciae
460 1315 720 1355 Tarraconensis,
744 1321 774 1348 et
794 1315 1014 1360 episcopatus,

253 1370 397 1404 Elnensis
411 1398 418 1411 ,
441 1381 478 1404 ac
498 1370 679 1403 abbatiatus
704 1369 873 1411 Agerensis
894 1369 996 1402 dictae
1013 1388 1014 1414 i

254 1424 284 1457 S.
308 1423 338 1458 C.
370 1429 401 1457 et
431 1424 466 1457 R.
494 1422 664 1456 Maiestatis
690 1433 750 1466 pro
781 1422 866 1456 dicto
896 1422 993 1466 quin-

255 1476 408 1520 quennio,
422 1476 532 1518 vigore
545 1475 704 1508 dictarum
718 1475 898 1508 litterarum
919 1486 996 1519 apo-
1013 1485 1014 1508 t

256 1529 441 1563 stolicarum
453 1529 545 1562 nohis
558 1534 588 1562 et
600 1529 702 1562 dictae
711 1529 894 1573 provinciae
905 1540 998 1573 prae-

257 1587 464 1622 sentatarum,
481 1581 589 1615 debita
602 1587 632 1615 et
645 1582 871 1625 persolvenda3
895 1582 998 1615 consi-

257 1635 405 1668 derantes
419 1635 551 1679 insuper
563 1635 595 1668 in
609 1635 700 1668 dictis
714 1635 831 1679 primo,
842 1636 995 1675 secundo,
1015 1656 1016 1666 t

256 1688 350 1722 tertio
367 1693 398 1722 et
414 1694 529 1732 quarto
542 1688 771 1732 quinquenniis
785 1688 999 1722 concessionis
1014 1688 1016 1700 ¹

256 1741 380 1785 primae
405 1741 549 1774 decimae
574 1741 771 1781 huiusmodi,
795 1751 835 1774 ne
864 1741 895 1773 in
923 1752 1017 1785 pro-2

256 1794 443 1828 vincialibus
473 1794 615 1828 conciliis
650 1800 726 1827 tunc
757 1795 939 1828 convocatis
970 1785 1017 1828 et:¹

257 1848 458 1891 congregatis
478 1848 573 1892 plene
590 1847 733 1881 discussa
744 1852 775 1880 et
788 1852 913 1880 mature
928 1858 1000 1891 per-

256 1911 365 1944 pensa,
382 1901 501 1934 dictum
522 1900 719 1945 provinciale
735 1900 907 1934 concilium
927 1912 999 1933 cum
1015 1906 1017 1914 ¹

258 1954 341 1988 dieta
360 1955 390 1988 S.
413 1955 444 1989 C.
471 1961 502 1988 et
520 1956 555 1988 R.
579 1954 748 1989 Maiestatis
768 1955 953 1988 convenisse
971 1961 1002 1988 et

259 2008 482 2048 concordasse,
495 2014 532 2041 ut
545 2008 668 2042 ratione
682 2009 921 2053 praedictorum
936 2009 1001 2041 fru-

261 2065 382 2101 ctuum,
404 2071 463 2094 nos
482 2071 538 2094 seu
559 2062 757 2105 provinciam
784 2068 815 2095 et
836 2062 1002 2106 episcopa-

261 2118 329 2146 tum
349 2113 516 2147 Elnensem
530 2141 538 2154 ‚
561 2125 597 2147 ac
626 2114 825 2148 abbatiatum
854 2116 998 2157 Ageren-

261 2176 327 2199 sem
348 2167 507 2210 praefatos
527 2167 907 2210 contingentium,dictae
927 2178 1002 2201 suae

261 2218 419 2253 maiestati
437 2225 468 2253 et
487 2220 612 2253 aerario
635 2221 723 2263 regio
744 2231 813 2261 suo,
837 2226 946 2254 nostra
967 2231 1003 2254 ex

259 2278 350 2316 parte
381 2278 411 2306 et
441 2273 572 2306 nomine
592 2279 718 2313 nostro,
750 2279 780 2306 et
808 2273 904 2306 totius
926 2273 1002 2306 cleri

259 2326 446 2359 universalis
485 2327 581 2359 huius
619 2327 803 2371 provinciae
843 2328 1000 2361 Tarraco-

259 2379 378 2419 nensis,
399 2385 430 2412 et
449 2380 652 2424 episcopatus
672 2380 828 2420 Etnensis,
851 2391 887 2413 ac
907 2381 1005 2413 abba-

260 2431 355 2465 tiatus
375 2433 543 2475 Agerensis
557 2460 565 2474 ,
590 2433 681 2466 annis
701 2433 845 2476 singulis,
869 2434 1003 2467 durante

260 2489 406 2529 tempore
426 2486 547 2528 gratiae
568 2492 598 2520 et
618 2486 833 2520 concessionis
853 2487 1005 2530 apostoli-

261 2549 316 2572 eae
326 2539 498 2583 praefatae,
509 2546 631 2584 septem
643 2540 731 2573 mille
742 2540 842 2574 librae
856 2546 1004 2574 monetae

260 2592 539 2635 Barchinonensis,
558 2594 598 2628 ad
620 2594 777 2628 rationem
795 2594 907 2637 viginti
927 2594 1003 2627 soli-

261 2645 377 2679 dorum
401 2647 709 2682 Barchinonensium
725 2658 785 2692 pro
810 2658 1022 2692 unaquaque,

347 2708 426 2736 Bull.
447 2710 524 2738 Rom.
548 2711 609 2738 Vol.
625 2711 652 2739 X
848 2711 862 2737 7

1032 254 1089 278 vin
1110 254 1159 278 ιη’.
1699 239 1740 273 49

1027 303 1119 339 libra,
1143 302 1201 335 sub
1223 301 1317 334 certis
1339 300 1435 333 modo
1456 306 1487 332 et
1504 299 1620 337 forma,
1645 303 1676 331 et
1696 308 1768 330 cum

1028 355 1127 398 pactis
1158 361 1186 388 et
1217 353 1457 387 conditionibus
1489 358 1564 385 tunc
1592 351 1767 395 expressis,

1028 408 1297 452 persolverentur.
1322 407 1528 439 Attendentes
1548 410 1716 449 praeterea
1743 410 1773 437 et

1028 462 1268 495 considerantes
1292 461 1469 504 praefatam
1495 458 1685 492 catholicam
1711 458 1773 491 Ma-

1028 515 1171 548 iestatem
1190 514 1221 546 id
1243 514 1346 557 ipsum
1368 524 1453 546 nunc
1471 513 1562 552 velle,
1584 518 1614 545 et
1634 512 1695 545 hoe
1716 522 1774 555 per

1027 579 1100 602 suas
1122 573 1266 612 patentes
1287 567 1390 609 regias
1417 567 1536 600 litteras
1557 565 1774 599 excell.¹¹¹⁰do-

1028 622 1116 654 mino
1130 622 1197 655 Don
1218 621 1311 654 Petro
1329 620 1490 653 Ludovico
1504 619 1719 662 Gaglierando
1734 619 1773 651 de

1028 676 1136 712 Borsa,
1160 674 1339 707 marchioni
1362 673 1401 706 de
1427 674 1592 709 Nararres,
1616 677 1647 705 et
1666 671 1771 714 magi-

1028 735 1093 761 stro
1114 728 1240 761 Ordinis
1261 733 1291 761 et
1310 727 1443 759 militiae
1457 727 1489 759 B.
1507 726 1623 759 Mariae
1637 726 1675 758 de
1688 725 1775 758 Mon-

1030 788 1114 821 tesa,
1139 788 1166 815 et
1189 782 1262 815 duci
1291 781 1419 824 Georgii
1452 781 1585 823 eiusque
1617 780 1775 813 locumte-

1029 836 1128 873 nenti,
1152 842 1183 869 et
1203 835 1372 879 capitaneo
1393 833 1535 877 generali
1558 833 1588 865 in
1614 832 1775 876 praesenti

1029 889 1233 922 Catl‘ialoniae
1275 888 1455 932 principatu
1494 886 1711 928 significasse,
1746 892 1773 918 et

1029 942 1209 985 praefatum
1229 941 1400 975 concilium
1423 940 1618 984 provinciale
1636 949 1708 972 cum
1730 939 1776 972 di-

1011 989 1080 1046 }eto
1108 994 1402 1027 exceltsswdomino
1423 994 1661 1026 locumtenente
1681 1002 1776 1034 gene-

1031 1048 1089 1081 rali
1113 1048 1321 1081 concordiam
1344 1053 1374 1080 ct
1394 1046 1656 1085 conventionem,
1680 1051 1777 1089 prout

1030 1101 1107 1134 alias
1140 1101 1171 1133 in
1203 1101 1272 1133 aliis
1302 1099 1532 1144 quinquenniis
1563 1104 1714 1132 tractasse
1747 1104 1778 1131 et

1031 1155 1157 1195 secisse,
1181 1154 1301 1187 idcirco
1324 1164 1381 1187 nos
1401 1164 1513 1186 omnes
1534 1152 1718 1196 supradicti,
1736 1152 1777 1184 si-

1031 1214 1081 1241 cut
1101 1208 1309 1252 praedicitur,
1331 1207 1572 1251 provincialiter
1593 1205 1777 1248 congregati

1031 1273 1090 1306 pro
1111 1262 1204 1295 nohis
1225 1267 1253 1294 et
1276 1261 1407 1294 nomine
1428 1265 1554 1300 nostro,
1578 1265 1609 1292 et
1633 1258 1778 1292 omnium

1031 1315 1240 1349 ecclesiarum
1274 1314 1370 1347 totius
1406 1313 1590 1357 provinciae
1619 1313 1776 1345 Tarraco-

1031 1369 1149 1407 nensis,
1170 1374 1202 1401 et
1222 1368 1425 1412 episcopatus
1446 1366 1591 1400 Elnensis
1615 1376 1652 1399 ac
1683 1366 1780 1398 ahba-

1032 1423 1126 1457 tiatus
1155 1422 1325 1464 Agerensis
1357 1421 1569 1454 universalem
1598 1420 1720 1453 clerum
1750 1425 1781 1452 et

1031 1481 1147 1509 statum
1179 1475 1431 1509 ecclesiasticum
1461 1474 1606 1507 eiusdem
1644 1483 1776 1517 reprae-

1031 1535 1203 1570 sentantes,
1229 1529 1459 1573 cupientesqne
1488 1527 1623 1569 gratiam
1645 1532 1777 1570 aposto-

1032 1583 1127 1616 licam
1152 1582 1354 1621 huiusmodi,
1378 1581 1410 1614 in
1432 1586 1588 1625 quantum
1620 1580 1653 1612 in
1685 1579 1779 1613 nobis

1033 1643 1090 1677 est,
1114 1636 1240 1670 debitae
1269 1635 1475 1679 exequutioni
1507 1634 1724 1674 demandare,
1750 1638 1781 1666 et

1033 1691 1062 1724 S.
1085 1689 1237 1723 Maiestati
1259 1701 1295 1722 ex
1312 1688 1421 1721 animo
1442 1688 1559 1721 servire
1580 1692 1777 1731 exoptantes,

1034 1754 1106 1777 eum
1128 1742 1228 1786 pactis
1249 1748 1357 1775 tamen
1378 1747 1408 1774 et
1425 1740 1665 1774 conditionibus
1682 1740 1780 1772 infra-

1033 1796 1170 1840 scriptis,
1195 1802 1226 1830 et
1247 1806 1312 1829 non
1339 1795 1406 1828 sine
1427 1794 1483 1834 eis,
1504 1805 1541 1827 ac
1560 1794 1648 1827 salvo
1665 1792 1781 1837 praeli-

1033 1849 1098 1882 bati
1112 1849 1164 1883 SS.
1179 1850 1213 1882 D,
1230 1849 1266 1882 N.
1283 1849 1388 1891 Papae
1409 1847 1583 1881 etSanctae
1595 1846 1685 1880 Sedis
1697 1847 1782 1890 Apo-

1034 1903 1165 1936 stolicae
1194 1901 1418 1945 beneplacito,
1443 1906 1474 1934 et
1502 1911 1567 1934 non
1600 1900 1693 1933 aliter
1723 1910 1782 1932 nec

1035 1956 1097 1989 alio
1119 1956 1228 1995 modo,
1250 1960 1281 1987 et
1308 1955 1347 1987 de
1379 1959 1488 1987 nostra
1519 1959 1606 1987 certa
1634 1952 1778 1993 scientia,

1035 2008 1198 2052 gratisque
1220 2019 1256 2041 ac
1276 2007 1426 2041 omnihus
1450 2006 1488 2040 iis
1508 2006 1697 2039 melioribus
1717 2005 1778 2046 via,

1036 2062 1133 2095 modo
1152 2067 1183 2094 et
1202 2061 1321 2101 forma,
1343 2060 1459 2104 quihus
1491 2060 1606 2093 melius
1638 2059 1756 2092 seimus
1771 2085 1778 2098 ,

1036 2121 1067 2149 et
1087 2116 1125 2148 de
1145 2114 1215 2148 iure
1235 2124 1405 2158 possumus
1431 2119 1462 2146 et
1482 2113 1652 2152 debemus,
1676 2117 1707 2145 et
1725 2122 1783 2155 per

1036 2169 1164 2201 firmam
1185 2173 1216 2201 et
1235 2168 1412 2201 solemnem
1434 2166 1686 2210 stipulationem,
1706 2175 1782 2198 eon-

1036 2222 1182 2255 venimus
1202 2227 1232 2255 et
1252 2221 1338 2254 bona
1358 2220 1422 2253 fide
1442 2219 1662 2263 promittimus
1683 2229 1779 2262 prae-

1037 2275 1119 2308 fatae
1148 2275 1178 2308 S.
1202 2275 1233 2308 C.
1258 2280 1288 2307 et
1312 2275 1348 2307 R.
1372 2272 1524 2306 Maiestati
1557 2271 1679 2305 domini
1709 2271 1783 2304 Phi-

1037 2327 1116 2371 lippi
1150 2327 1378 2371 Hispaniarum
1415 2326 1498 2368 regis
1534 2325 1780 2369 pontentissimi‚

1038 2379 1111 2413 lieet
1148 2380 1293 2419 absenti,
1329 2385 1359 2412 et
1399 2378 1525 2412 notario
1559 2378 1781 2422 infrascripto,

1040 2440 1204 2477 tamquam
1240 2433 1389 2477 publicae
1421 2438 1452 2465 et
1480 2431 1683 2465 authenticae
1713 2443 1785 2475 per-

1038 2498 1135 2521 sonae
1155 2498 1214 2532 pro
1235 2487 1318 2520 dicta
1338 2487 1368 2520 S,
1392 2486 1553 2519 Maiestate
1582 2491 1612 2519 et
1632 2496 1690 2530 pro
1715 2486 1785 2519 aliis

1039 2540 1135 2573 etiam
1157 2540 1313 2584 personis,
1337 2539 1453 2583 quibus
1477 2539 1602 2572 intersit
1622 2544 1652 2571 et
1669 2538 1785 2582 quibus

1038 2594 1067 2627 S.
1092 2594 1236 2627 Maiestas
1263 2593 1411 2634 voluerit,
1441 2603 1497 2626 seu
1529 2592 1569 2625 ad
1599 2591 1785 2625 huiusmodi

1039 2647 1236 2681 exactionem
1258 2646 1438 2680 faciendam
1456 2644 1677 2685 destinaverit,
1698 2645 1785 2688 quod

1787 250 1834 275 An.
1857 249 1885 275 C.
1906 249 1971 276 1593

1814 416 1927 442 Stipulatio
1943 417 1972 437 in·

1788 445 1819 463 tei·
1833 445 1904 469 partes
1924 448 1972 463 ron-

1788 469 1902 490 trahentes.
