2253 3195
66 232 116 258 An.
133 231 163 258 C.
185 230 252 257 ³593

84 1247 199 1268 Elec-tionis
210 1245 253 1266 offi-

71 1274 154 1295 cialium
164 1274 228 1294 fornia
240 1274 254 1294 Ι.

109 1830 257 1856 Euganeorum

74 1857 218 1883 qualitatibus.

114 2148 263 2169 Monacherum

79 2175 193 2200 peritorum
228 2175 263 2195 de-

79 2202 208 2227 putatione,
236 2202 263 2222 ad

79 2229 229 2250 examinandos
237 2229 263 2250 le-

80 2259 162 2281 ctores,
180 2257 263 2283 praedi-

80 2288 162 2306 catnrns
189 2288 210 2305 et
237 2285 263 2304 ssti

80 2314 164 2333 ordines
181 2318 263 2339 promo-

79 2340 164 2361 ren-jos.

890 231 1036 255 CLEMENS
1052 231 1109 254 vll!
1129 230 1178 254 ΡΡ.

265 290 336 313 rum
358 280 594 324 procuratione,
610 286 672 313 tam
693 290 750 323 pro
771 290 803 311 se
823 279 897 323 ipsis
911 290 1006 322 quam

265 344 323 377 pro
344 333 424 371 aliis,
446 339 512 366 tum
534 333 564 366 in
585 333 742 376 'Capitulis
760 333 916 369 locormn,
942 340 1006 365 tum

266 387 296 419 in
315 387 459 424 caeteris,
476 387 665 431 pracsertim
685 386 899 429 generalibus,
916 386 1007 429 (Iapi-

268 440 339 472 tulis
360 445 413 473 aut
434 439 737 482 congregationibus
769 445 796 471 et
819 439 905 472 alibi.
935 439 1009 477 Qui-

266 504 403 537 cumque
423 505 513 526 secus
532 494 673 531 severint,
695 498 821 536 praeter
835 493 912 525 alius
934 504 1009 537 poe-

267 558 322 580 nas
350 552 378 580 et
400 558 560 585 censuras,
585 547 737 579 haetenus
762 551 873 578 contra
893 546 1000 578 buius-

268 601 353 633 modi
385 601 562 633 ambientes
596 601 741 638 intlirtas,
777 612 855 644 quas
888 601 918 632 in
950 611 1008 633 suo

267 654 382 687 robore
401 664 591 697 permanere
623 655 784 690 volumus,
809 654 840 686 in
870 664 1007 697 poenam

266 706 452 750 privationis
473 707 665 747 officiorum,
690 717 771 750 quae
793 706 949 747 obtinent,
971 716 1008 739 eo

267 760 335 804 ipso
357 760 509 797 incidant,
534 767 564 794 et
595 761 633 793 ad
655 761 760 793 sutura
785 771 1009 804 quaecumque

266 814 386 858 pariter
414 813 570 847 inhabiles
598 815 791 855 habeantur3
823 825 920 858 super
946 825 1009 857 quo

268 879 339 901 cum
361 868 405 900 eis
426 868 602 911 dispensari
624 879 641 900 a
662 868 789 900 nemine
817 867 926 911 possit,
950 867 1009 900 nisi

267 932 284 955 a
301 922 393 954 nohis
414 922 461 954 vel
487 921 725 954 suecessoribus
754 921 880 958 nostris,
901 927 929 954 et
951 932 1010 964 pro

268 975 420 1019 qualitate
434 976 600 1019 culparum
615 975 741 1018 gravius
753 975 847 1008 etiam
866 976 1010 1018 plectan-

268 1034 328 1061 tur.
353 1029 451 1062 Porro
483 1029 681 1073 supradictas
702 1040 814 1062 omnes
839 1039 959 1072 poenas
980 1040 1009 1061 e-

268 1082 343 1114 tiarn
364 1083 403 1115 ad
421 1083 593 1126 complices
614 1094 650 1116 ae
670 1082 859 1125 simpliciter
876 1082 1011 1115 scientes

269 1141 299 1168 et
317 1146 382 1168 non
403 1137 579 1169 revelantes
600 1127 812 1169 extendimus.

314 1190 329 1230 Ξ
360 1188 411 1221 021.
452 1190 484 1222 In
519 1190 724 1233 superiorum
760 1195 790 1222 et
825 1189 1010 1222 officialium

269 1242 413 1275 omnium
440 1243 650 1276 electionibus
682 1244 783 1277 forma
814 1244 1011 1288 praescripta

270 1307 287 1328 a
307 1307 398 1329 sacro
426 1289 566 1330 Concilio
589 1298 776 1331 Tridentino
802 1304 832 1331 ct
851 1298 1008 1331 constitu-

272 1350 411 1383 tionibus
434 1351 561 1384 Ordinis
593 1351 819 1384 inriolabiliter
849 1357 1008 1391 servetur3

272 1404 438 1448 iurentque
471 1405 623 1438 electores
648 1405 824 1437 seeundum
847 1405 1010 1438 veritatem

272 1458 425 1501 cuiusque
446 1458 670 1498 conscientiae⁷
694 1458 863 1501 probiores
887 1469 923 1491 ac
944 1469 1012 1491 ma-

273 1512 319 1554 gis
340 1511 472 1544 idoneos
501 1522 533 1543 se
565 1512 739 1551 electuros;
775 1523 810 1545 ac
841 1518 1013 1556 propterea

272 1564 458 1608 priusquam
480 1564 518 1597 ad
541 1564 730 1597 electionem
753 1565 949 1604 deveniatur,
982 1565 1013 1597 in

271 1618 382 1661 primis
403 1624 433 1650 et
453 1624 524 1651 ante
546 1618 653 1650 omnia
670 1619 876 1662 perlegantur
896 1619 1014 1651 consti-

272 1672 410 1705 tutiones
431 1672 470 1705 de
490 1672 643 1715 qualitate
662 1678 692 1704 et
712 1672 873 1716 requisitis
894 1673 1014 1715 eligen-

274 1726 401 1758 dorum.

317 1781 333 1822 S
355 1779 406 1812 ⁶22.
431 1780 477 1812 Ad
498 1779 613 1817 officia,
631 1780 748 1821 gradus
769 1785 797 1811 et
818 1779 1016 1824 praelaturas

274 1833 318 1865 illi
340 1833 499 1875 eligantur
519 1833 573 1876 qui
594 1833 715 1876 possint
737 1838 765 1865 et
794 1833 1018 1866 consueverint

274 1887 400 1929 regulas
419 1886 545 1920 Ordinis
566 1892 593 1920 et
626 1887 870 1920 constitutiones
900 1887 1014 1920 obser-

273 1951 358 1981 vare,
382 1940 570 1984 praesertim
592 1951 673 1984 quae
703 1941 866 1985 pertinent
885 1941 925 1973 ad
945 1951 1015 1974 ser—

275 1993 385 2026 vitium
407 1993 496 2026 chori
516 2004 552 2026 ac
572 1994 720 2027 vestitum
741 1999 771 2027 et
792 1994 909 2027 victum
931 2004 1019 2027 eom-

277 2057 418 2079 munem.

323 2101 339 2141 g
366 2099 418 2132 23.
450 2100 616 2142 Eligantur
649 2101 680 2134 in
702 2101 847 2145 Capitulo
879 2101 1020 2144 generali

279 2164 334 2187 seu
352 2153 537 2197 provinciali
560 2153 682 2197 aliquot
701 2165 810 2196 graves
828 2160 859 2188 et
871 2155 964 2198 periti
985 2166 1022 2188 ex

280 2206 445 2239 monacbis
476 2206 643 2239 cuiuslibet
676 2206 874 2249 provinciae,
910 2208 1021 2240 saltem

280 2266 353 2299 tres,
377 2260 430 2304 qui
452 2260 668 2293 admittendos
689 2261 728 2293 ad
749 2261 1022 2304 praedicationem

280 2313 366 2346 verbi
384 2313 449 2353 Dei,
467 2314 513 2346 vel
535 2314 574 2346 ad
596 2314 772 2347 audiendas
793 2314 1019 2355 consessiones,

281 2367 374 2400 etiarn
397 2367 540 2410 ipsorum
564 2367 810 2405 monachorum,
831 2378 867 2400 ac
888 2368 1024 2400 lectores

280 2421 426 2465 publicos
435 2422 605 2465 diligenter
617 2422 709 2455 simul
721 2423 1025 2466 exaininent‚prius-

281 2485 377 2518 quam
396 2469 584 2518 probentur*⁷
608 2482 637 2508 et
660 2476 700 2509 ad
721 2475 905 2509 huiusmodi
924 2476 1021 2508 mini-

1708 219 1745 252 41

1042 279 1176 311 ctrinam
1200 289 1294 322 quam
1323 278 1428 322 quoad
1451 288 1567 315 mores,
1592 288 1786 321 promoven-

1043 335 1099 365 dos
1118 333 1157 365 ad
1179 342 1399 375 quoscumque
1421 331 1561 368 ordines,
1587 331 1616 363 in
1639 342 1701 374 quo
1722 342 1788 364 ser-

1042 392 1132 419 vetur
1154 387 1317 419 decrmum
1341 385 1605 427 Congregationis
1626 385 1785 429 interpre-

1043 445 1108 472 tum
1129 440 1208 471 sarri
1228 439 1359 472 Concilii
1380 439 1555 472 Tridentini
1577 449 1614 472 ea
1635 440 1673 472 de
1694 450 1789 472 causa

1043 504 1147 536 nuper
1168 493 1287 525 editum
1311 499 1338 525 el
1363 493 1614 536 lucinulgatum.

1087 547 1101 589 ξ
1123 546 1173 578 Μ.
1196 547 1275 579 lllud
1299 557 1395 590 porro
1416 547 1598 590 superiores
1624 557 1735 580 omnes
1756 547 1787 580 in

1042 600 1177 633 Domino
1192 600 1415 638 admonemus,
1433 606 1465 633 ut
1480 612 1640 633 memores
1658 600 1717 634 sint
1739 611 1789 633 ra-

1045 653 1148 692 tionis,
1173 664 1268 696 quam
1299 653 1328 685 iu
1357 653 1530 686 novissimo
1552 653 1602 686 die
1631 653 1788 687 reddituri

1043 712 1116 739 sunt
1136 717 1193 750 pro
1215 717 1311 747 grege
1329 706 1389 739 sibi
1403 707 1587 747 commisso,
1605 718 1641 740 ac
1661 712 1790 751 propte-

1044 771 1097 793 rea
1118 759 1205 792 omni
1227 759 1332 792 studio
1354 759 1517 799 inrigilent
1538 765 1570 792 ut
1592 771 1673 803 quae
1692 760 1723 792 in
1738 771 1791 793 eo-

1043 824 1114 846 rum
1132 813 1260 847 Ordinis
1273 813 1566 853 constitutiffliilms,
1588 814 1627 846 de
1645 814 1791 847 oratione

1045 868 1187 907 mentali,
1218 867 1356 906 silentio,
1382 867 1523 905 ieiuniis,
1556 868 1696 911 capitulo
1718 868 1788 900 cul-

1044 932 1158 965 parum
1191 921 1325 965 aliisque
1361 920 1581 964 spiritualibus
1614 921 1788 962 exercitiis,

1044 976 1220 1019 prudenter
1247 987 1282 1008 ac
1302 976 1353 1019 pie
1373 975 1495 1008 sancita
1517 980 1601 1015 sunl,
1626 986 1663 1007 ca
1683 975 1793 1008 omnia

1045 1035 1074 1062 ct
1095 1030 1221 1072 singula
1241 1031 1280 1062 ad
1298 1040 1439 1072 unguem
1458 1030 1680 1070 observentur,
1698 1029 1791 1062 intel-

1045 1082 1209 1126 ligantque
1241 1093 1338 1126 super
1370 1082 1418 1115 bis
1448 1082 1543 1115 veluti
1577 1082 1793 1115 fundamentis

1045 1136 1190 1169 omnium
1220 1136 1506 1178 congregationum
1540 1135 1686 1168 aedificia
1718 1146 1794 1169 con-

1045 1191 1196 1223 struenda
1218 1195 1248 1222 et
1277 1190 1461 1233 amplianda
1482 1195 1560 1229 esse,
1585 1201 1667 1233 quae
1688 1194 1722 1222 ut
1743 1190 1790 1222 fa-

1046 1243 1190 1276 ciliorem
1218 1243 1335 1276 exitum
1366 1243 1552 1283 sortiantur,
1577 1249 1605 1275 et
1627 1242 1794 1275 uberiores

1045 1298 1167 1330 fructus
1181 1297 1210 1329 in
1223 1297 1338 1330 animis
1350 1297 1584 1330 monachorum
1598 1297 1790 1340 producant,

1045 1351 1136 1383 valde
1154 1357 1372 1395 opportunum
1386 1351 1446 1384 erit
1465 1351 1490 1382 si
1512 1351 1543 1383 in
1565 1350 1710 1394 quolibet
1724 1361 1793 1384 mo-

1045 1404 1186 1438 nasterio
1218 1404 1352 1447 singulis
1388 1404 1602 1437 hebdomadis
1638 1403 1795 1437 habeatur

1046 1469 1153 1491 sermo
1175 1459 1214 1491 de
1234 1458 1384 1500 religiosa
1413 1458 1581 1502 disciplina
1602 1464 1632 1491 et
1652 1457 1794 1500 regulari

1047 1512 1260 1545 observantia.

1093 1567 1108 1607 g
1134 1565 1186 1598 25.
1211 1566 1250 1599 Ut
1270 1571 1375 1598 autem
1397 1565 1506 1598 onmia
1533 1565 1678 1599 ordinate
1702 1576 1796 1609 pera-
1810 1575 1843 1621 hi?
1858 1579 1996 1621 quaelgnopa-

1048 1624 1185 1660 gantur,
1221 1619 1423 1662 appendatur
1454 1619 1486 1651 in
1518 1619 1589 1651 loco
1622 1618 1796 1662 conspicuo
1811 1606 1997 1653 i>11¹s³¹¹³pgi¹22⁵sia¹52

1049 1672 1300 1715 uniuscuiusque
1322 1672 1507 1705 monasterii
1529 1672 1656 1711 tabella,
1681 1672 1712 1704 in
1734 1683 1797 1716 qua
1812 1654 1896 1675 ‘mmm'

1050 1726 1197 1759 distincte
1215 1726 1386 1759 adnotetur
1399 1725 1477 1769 quid
1494 1725 1629 1767 singulis
1643 1725 1798 1769 cuiusque

1050 1779 1112 1812 diei
1134 1779 1222 1812 horis
1242 1779 1359 1821 singuli
1381 1779 1531 1812 monachi
1553 1784 1716 1822 praestare
1737 1780 1795 1813 de-

1050 1833 1182 1873 bebunt,
1200 1839 1232 1866 ut
1255 1839 1342 1866 certo
1360 1833 1457 1866 etiam
1477 1833 1568 1875 signo
1589 1833 1795 1877 praemoniti,

1051 1888 1174 1921 maiore
1204 1887 1300 1920 animi
1333 1887 1579 1930 praeparatione
1613 1893 1800 1931 opportune

1051 1941 1116 1975 suis
1136 1940 1325 1974 muneribus
1345 1941 1527 1974 satisfacere
1549 1946 1677 1984 queant.
1816 1948 1947 1995 dinssessxrigges
1959 1946 2000 1995 11⁰1}ss

1098 1996 1113 2037 ξ
1135 1993 1187 2027 26.
1209 1993 1295 2033 Quae
1309 1993 1447 2027 Ordinis
1479 1994 1723 2028 constitutiones
1751 1993 1800 2028 his
1816 2002 1928 2032 contrariis
1964 2007 2000 2022 cu-

1054 2047 1190 2081 decretis
1210 2058 1274 2080 non
1294 2047 1504 2080 adversantur
1524 2047 1673 2080 inviolate
1695 2053 1800 2080 custo·
1814 2028 1939 2049 smmum

1055 2102 1190 2135 diendae
1211 2107 1315 2134 erunt.
1827 2109 2001 2145 eontra-egien-

1100 2157 1116 2197 ξ
1137 2155 1189 2188 27.
1214 2155 1334 2194 Quibus
1355 2155 1471 2188 horum
1492 2155 1695 2188 decretorum
1717 2155 1802 2198 capi·
1816 2138 1867 2156 uum
1882 2141 1964 2162 poem».

1056 2209 1140 2242 tibus
1158 2214 1243 2242 certa
1261 2219 1366 2252 poena
1386 2208 1585 2252 praescripta
1602 2218 1667 2241 non
1679 2214 1736 2249 est,
1753 2219 1804 2241 ar-

1056 2262 1152 2295 bitrio
1183 2261 1342 2302 generalis
1373 2262 1421 2293 vel
1456 2261 1585 2294 alterius
1617 2261 1803 2294 immediate

1057 2316 1233 2359 superioris
1262 2316 1435 2358 infligatur.
1465 2315 1504 2348 Ut
1535 2322 1642 2348 autem
1675 2316 1804 2348 decreta

1057 2369 1136 2402 hacc
1157 2370 1259 2403 donec
1281 2369 1354 2407 alia,
1376 2360 1457 2412 quae
1479 2369 1518 2401 ad
1546 2369 1723 2413 pleniorem
1745 2380 1800 2402 su-

1058 2423 1195 2470 pradicti
1224 2423 1351 2455 Ordinis
1384 2422 1646 2455 reformationem
1673 2422 1801 2462 sacient,

1059 2476 1211 2514 edantur,
1236 2477 1274 2508 :ub
1296 2475 1447 2509 omnibus
1477 2476 1639 2509 observari
1668 2476 1801 2520 possint,

1798 230 1847 256 An.
1864 229 1893 256 C.
1916 229 1985 257 1593

1825 559 1948 580 Adhortauo
1962 560 1988 579 ad

1804 587 1925 611 superiores
1956 592 1987 607 re·

1804 614 1862 638 gulas
1892 613 1988 634 adamus-

1804 640 1841 660 sim
1876 640 1988 660 observan-

1805 667 1849 687 das.

1837 1520 1938 1541 'fabellae
1956 1520 1995 1541 for-

1810 1548 1914 1571 matione,
1932 1553 1996 1573 super

281 2527 377 2560 steria
398 2527 618 2561 admittantur.
650 2529 771 2561 Horum
804 2528 899 2561 etiam
931 2539 1027 2562 curae
1060 2529 1201 2562 districte
1223 2529 1438 2573 praecipimus
1452 2534 1482 2561 et
1499 2529 1690 2562 mandamus
1707 2540 1805 2572 gene-

282 2579 319 2612 sit
344 2580 525 2614 examinare
546 2587 575 2614 et
592 2581 741 2625 probare,
764 2587 827 2614 tam
842 2582 951 2626 quoad
972 2582 1029 2615 do·
1061 2582 1120 2615 rali
1141 2593 1177 2615 ac
1197 2582 1348 2615 omnibus
1367 2581 1437 2615 aliis
1467 2582 1726 2626 quibuscumque
1751 2594 1806 2616 su-

320 2645 330 2670 1
354 2643 505 2671 Concilium
527 2644 663 2679 T1·ident.‚
680 2654 747 2672 sess.
767 2653 829 2680 xxv,
851 2654 909 2680 cap.
931 2652 967 2672 vt.

335 2698 411 2725 Bull.
428 2698 510 2726 Rom.
532 2697 594 2727 Vol.
611 2699 636 2726 X
914 2699 930 2725 6

1063 2636 1245 2680 perioribus
1263 2637 1302 2670 ad
1320 2646 1401 2680 quos
1419 2636 1479 2669 boc
1499 2641 1631 2679 spectat,
1647 2641 1681 2669 ut
1695 2642 1807 2670 curent
