2253 3195
291 244 341 270 An.
357 243 388 271 c.
406 243 470 272 ¹601
519 233 582 268 730

313 1466 401 1492 Atiaque
410 1465 444 1486 bic
453 1471 484 1486 re·

300 1493 381 1513 consita
396 1497 484 1518 perage-

301 1525 330 1540 ΓΕ.

491 291 533 325 sis
551 290 771 325 communium
790 290 887 328 rixae,
911 288 1028 331 iurgia,
1049 288 1232 322 eontentio-

492 355 560 384 nes,
584 343 796 382 differentiae,
816 353 852 375 ac
873 341 970 375 etiam
988 342 1095 375 forsan
1116 341 1186 375 lites
1204 347 1235 375 et

492 396 729 431 controversiae
743 395 896 439 utrinque
910 395 1026 428 exoriri
1041 401 1183 438 possent,
1199 400 1235 427 ut.

492 451 554 483 illis
574 455 780 490 occurratur,
804 448 1088 483 venerabilifratri
1108 448 1234 482 archic-

491 504 623 547 piscopo
643 503 894 544 Tarraconensi,
919 503 969 536 cui
989 503 1074 536 dicta
1092 502 1235 536 Ecclesia

491 557 635 590 Elnensis
649 556 887 601 metropolitico
898 556 966 590 iure
979 556 1109 590 subesse
1123 556 1235 598 digno-

493 609 612 649 scitur,
646 619 704 653 per
729 614 915 653 praesentes
947 608 1179 642 committimus
1206 614 1237 642 et

494 663 695 702 mandamus,
716 667 874 706 quatenus
894 672 952 706 per
969 672 1001 695 se
1017 689 1024 702 ‚
1048 662 1096 695 vel
1121 662 1232 702 alium,

493 726 550 749 seu
567 715 657 756 alios,
677 725 758 758 quos
772 715 898 748 duxerit
911 714 1124 758 deputandos,
1140 714 1235 747 faciat

494 768 683 801 auctoritate
707 773 818 801 nostra
841 778 948 800 sacras
967 767 1120 810 reliquias
1136 794 1143 807 ,
1176 777 1236 800 nec

495 831 561 854 non
578 831 699 861 cruces,
714 820 920 858 candelabra,
941 820 1067 860 calices,
1090 825 1233 863 patenas,

497 874 681 914 thuribula,
704 879 893 918 paramenta
924 879 953 906 et
973 879 1164 906 ornamenta
1185 883 1237 906 ec-

497 927 693 967 clesiastica,
716 926 904 971 praesertim
927 932 1078 969 argentea
1107 931 1138 960 ct
1166 937 1238 970 pre-

498 979 661 1014 tiosiorem
693 979 948 1024 suppellectilem
977 979 1098 1023 (aliqua
1131 985 1237 1012 tamen

497 1032 623 1066 decenti
650 1038 681 1066 et
706 1043 849 1076 congrua
874 1033 1024 1077 portione
1053 1043 1088 1065 ex
1117 1032 1237 1066 eisdem

497 1085 642 1128 reliquiis
655 1096 728 1119 cum
741 1086 806 1119 suis
820 1085 939 1119 tbaecis
952 1086 1048 1119 etiam
1066 1086 1236 1128 argenteis,

497 1148 533 1171 ac
546 1139 744 1182 paramentis
762 1144 791 1172 et
806 1139 1004 1173 ornamentis
1018 1139 1240 1173 ecclesiasticis

498 1192 596 1225 ctiam
613 1192 774 1235 argenteis
786 1219 793 1232 ‚
818 1192 968 1225 crucibus
981 1219 988 1232 ,
1013 1192 1215 1226 candelabris
1229 1219 1236 1233 ,

499 1245 664 1287 calicibus,
678 1245 803 1289 patenis
813 1251 841 1279 et
856 1245 1038 1286 thuribulis,
1049 1245 1238 1289 praesertim

499 1299 547 1339 iis,
564 1309 646 1342 quac
666 1309 726 1332 usu
747 1304 995 1338 consumuntur,
1012 1298 1144 1331 arbitrio
1165 1298 1239 1331 dicti

498 1352 744 1396 archiepiscopi,
768 1358 923 1396 quantum
946 1352 1060 1385 decere
1081 1352 1241 1385 existima-

500 1405 591 1446 verit,
612 1406 643 1438 in
671 1406 784 1439 eadem
812 1405 951 1439 Ecclesia
972 1406 1099 1439 Eluensi
1117 1406 1241 1448 relicta)

499 1468 564 1491 una
584 1468 657 1491 cum
684 1458 835 1502 praefatis
860 1458 1000 1502 capitulo
1027 1464 1057 1492 et
1078 1459 1242 1492 canonicis

499 1511 689 1545 Elnensibus
706 1511 869 1545 transferri
881 1523 888 1551 ;
902 1511 1142 1545 distributiones
1151 1522 1238 1553 vero,

501 1571 532 1598 et
551 1565 770 1598 emolumenta
790 1576 862 1598 cum
877 1565 1040 1599 canonicis
1059 1570 1090 1599 et
1114 1565 1238 1599 benefi-

501 1618 591 1651 ciatis
610 1617 770 1651 Ecclesiae
790 1618 935 1652 Elnensis
949 1619 1134 1652 huiusmodi
1155 1629 1242 1652 com-

502 1670 623 1711 munia,
643 1680 680 1704 ac
699 1670 927 1710 anniversaria,
944 1671 1157 1713 fundationes,
1172 1682 1239 1705 cae·

503 1728 635 1767 teraque
656 1724 762 1757 divina
782 1723 888 1757 officia
918 1723 1052 1765 dividat,
1081 1730 1111 1757 ct
1131 1735 1241 1768 repar-

504 1776 653 1817 tiatur‚ac
663 1777 793 1810 cuilibet
805 1782 906 1810 ratam
918 1783 1040 1821 partem
1055 1777 1238 1814 constituat.

503 1835 534 1863 et
550 1830 699 1871 assignet,
720 1836 815 1874 prout
837 1830 922 1864 iuxta
940 1841 1048 1864 rerum
1060 1858 1067 1870 ‚
1091 1841 1243 1875 persona-

505 1894 576 1916 rum
613 1889 643 1916 ct
677 1894 812 1917 onerum
853 1883 970 1928 cuique
1005 1885 1242 1918 remanentium

504 1937 673 1981 qualitates
687 1937 717 1971 in
732 1938 868 1971 Domino
879 1938 1062 1971 iudicaverit
1079 1939 1239 1982 expedire,

504 1991 592 2023 omni
607 1996 637 2024 et
651 2002 855 2035 quincumque
876 1991 1091 2035 appellatione
1107 1998 1240 2031 remota,

504 2045 727 2088 procedendo,
753 2045 966 2078 concedentes
984 2045 1088 2078 eidem
1114 2045 1241 2078 archie-

505 2097 637 2141 piscopo
668 2098 796 2142 plenam
829 2103 858 2131 et
884 2097 1016 2131 liberam
1054 2104 1242 2141 potestati-m

505 2155 537 2183 et
557 2151 739 2183 facultatem
761 2150 870 2184 omnia
891 2156 921 2183 et
941 2150 1066 2190 singula
1087 2151 1170 2183 circa
1193 2151 1244 2184 illa

505 2203 750 2247 quomodolibet
785 2203 962 2236 necessaria
995 2210 1022 2236 et
1063 2210 1246 2248 opportuna

507 2256 655 2294 sanciendi,
679 2256 812 2296 uerendi
831 2262 861 2289 et
875 2256 1065 2300 ‹facquemlh

551 2311 567 2351 5
593 2311 622 2342 8.
648 2311 690 2343 Ac
711 2310 921 2342 decerni-ntes
946 2320 994 2347 ea,
1016 2321 1097 2353 quau·
1116 2310 1155 2342 ab
1177 2310 1245 2354 ipso

472 2368 492 2405 ’ζ
508 2362 537 2394 in
556 2362 803 2406 exequutionem
837 2362 880 2395 siv
912 2362 970 2395 sibi
994 2363 1244 2395 conmissorum

508 2421 594 2453 gesta
622 2416 762 2453 tuci-unt,
787 2426 843 2447 uer
870 2426 932 2448 nou
955 2415 1245 2459 easdempraesen-

510 2473 572 2507 ivs,
596 2474 623 2500 et
645 2469 674 2501 in
697 2469 740 2501 eis
761 2474 910 2502 vomenta
939 2480 1162 2512 quaecumque
1188 2469 1247 2502 sut»

509 2521 670 2564 quibusvis
692 2522 960 2561 1·evo·.·:ui0nit›us‚
973 2527 1025 2554 aut
1042 2522 1244 2555 limitationi—

510 2573 579 2609 lnus,
596 2574 690 2605 etiam
710 2580 874 2617 praetextu
897 2575 982 2617 qumi
1006 2574 1078 2606 illac
1099 2575 1246 2607 ellectum

510 2625 639 2658 eoititm·
673 2637 734 2657 unu
767 2627 901 2661 liu-rint,
943 2639 999 2669 per
1029 2638 1247 2669 quascumque

1069 242 1255 266 nULLARIUM
1274 241 1428 266 ROMANUM

1266 288 1371 322 dictae
1391 289 1602 323 cancellariae
1613 290 1741 333 regulas
1757 290 1854 324 etium
1862 301 1922 335 per
1932 302 2002 333 nos,

1267 347 1298 375 et
1318 347 1542 386 quoscumque
1563 343 1642 377 alios
1661 343 1824 378 Romanos
1835 345 2006 379 Pontifices

1267 405 1468 429 successores
1487 401 1626 437 nostros,
1650 402 1681 430 et
1705 396 1738 430 in
1755 397 1930 431 crastinum
1951 408 2004 431 as-

1267 449 1461 494 sumptionis
1481 450 1651 484 cuiuslibet
1670 450 1815 494 ipsorum
1832 451 1873 485 ad
1889 452 2007 485 summi

1268 503 1467 546 apostolatus
1493 503 1618 548 apicem
1647 503 1748 537 editas
1771 504 1819 537 vel
1844 505 2004 546 edendas,

1269 553 1364 586 etiam
1384 554 1522 587 uniones
1541 559 1573 587 et
1592 554 1836 598 suppressiones
1857 554 2007 588 effectum

1269 612 1343 640 tunc
1363 617 1429 640 non
1448 607 1575 640 sortitas
1589 635 1596 648 ‚
1617 618 1765 651 expresse
1792 612 1978 641 revocantes
1993 634 2001 648 ,

1271 659 1403 692 minime
1438 659 1691 704 comprehendi,
1722 660 1779 694 sed
1807 659 1861 693 illa
1886 660 2007 694 eisdem

1270 713 1526 747 revocationibus
1561 718 1593 747 et
1626 713 1874 747 limitationibns
1889 741 1896 754 ,
1931 713 2006 758 qui-

1270 766 1471 810 buscumque
1498 766 1646 800 formulis
1665 766 1785 800 suerint
1813 771 2006 811 conceptae,

1271 829 1336 853 non
1349 819 1560 861 obstantibus,
1577 820 1609 853 in
1618 830 1677 853 suo
1685 820 1804 854 robore
1819 819 2006 861 subsistere,

1271 883 1308 906 ac
1319 866 1444 916 quoties
1456 873 1663 914 emanabunt,
1679 873 1771 906 toties
1780 873 1813 906 in
1823 873 2006 917 pristinum,

1272 931 1302 959 et
1321 935 1394 958 eum
1417 925 1448 958 in
1469 935 1534 969 quo
1553 931 1645 959 erant
1664 931 1737 958 ante
1755 925 1932 970 praemissa
1944 918 2010 959 sta—

1274 984 1352 1020 tum,
1376 979 1471 1012 etiam
1490 979 1549 1012 sub
1571 979 1643 1012 data
1663 977 1835 1023 posteriori
1859 989 1918 1022 per
1936 978 2007 1023 epi-

1272 1042 1424 1075 scopum,
1455 1031 1632 1076 capitulum
1653 1037 1684 1065 et
1703 1031 1876 1065 canonicos
1898 1031 2010 1065 huius-

1274 1085 1360 1118 modi
1386 1085 1659 1129 quandocumque
1679 1085 1826 1128 eligenda
1851 1085 2008 1126 restituta,

1273 1138 1414 1182 reposita
1442 1143 1473 1171 ct
1496 1138 1641 1182 plenarie
1672 1137 1866 1180 reintegrata
1887 1138 1955 1172 sore
1979 1142 2012 1171 et

1274 1203 1357 1229 esse,
1379 1192 1489 1236 sicque
1502 1203 1560 1236 per
1571 1202 1793 1236 quoscumque
1811 1191 1932 1225 iudices
1951 1195 2008 1225 etc.

1273 1246 1399 1279 sublata
1417 1245 1462 1279 cis
1482 1251 1510 1278 ct
1533 1255 1646 1278 eorum
1668 1245 1800 1279 cuilibet
1820 1244 1931 1288 quavis
1947 1243 2010 1277 ali-

1276 1305 1324 1332 ter
1349 1298 1512 1332 iudicandi
1545 1304 1575 1332 et
1600 1297 1832 1342 interpretandi
1864 1297 2014 1331 facultate

1274 1351 1520 1392 etauctoritate,
1543 1351 1665 1395 ubique
1686 1351 1717 1384 in
1738 1350 1850 1394 quavis
1862 1350 2013 1384 instantia

1276 1404 1409 1438 iudicari
1430 1411 1461 1438 et
1478 1404 1605 1438 definiri
1624 1404 1758 1445 debere,
1787 1404 1913 1438 irritum
1934 1413 2015 1448 quo-

1275 1468 1338 1501 que
1359 1461 1415 1490 etc.
1439 1457 1599 1491 attentari.

1320 1511 1335 1554 g
1355 1511 1385 1544 9.
1414 1510 1482 1544 Non
1500 1510 1701 1544 obstantibus
1724 1510 1824 1554 priori
1851 1509 2012 1544 voluntate

1275 1569 1396 1604 nostra,
1420 1568 1448 1597 et
1467 1563 1538 1597 aliis
1557 1563 1753 1607 praemissis,
1773 1573 1809 1596 ae
1822 1563 2014 1597 Lateranen-
2026 1553 2038 1571 ⁰

1275 1617 1317 1651 sis
1343 1616 1463 1651 Conciti
1497 1616 1668 1650 novissime
1699 1615 1851 1650 celebrati
1879 1615 2015 1650 uniones

1276 1675 1458 1714 perpetuas,
1467 1669 1528 1702 nisi
1546 1669 1577 1702 in
1590 1668 1715 1703 casibus
1728 1679 1747 1702 a
1757 1669 1826 1703 iure
1836 1669 2011 1713 permissis,

1277 1724 1346 1757 ficri
1371 1722 1589 1767 prohibentis,
1613 1728 1641 1756 et
1663 1727 1821 1767 quatenus
1851 1732 1932 1766 opus
1961 1722 2012 1764 sit,

1277 1783 1385 1810 nostra
1421 1776 1460 1810 dc
1491 1787 1555 1809 non
1589 1775 1732 1810 tollendo
1753 1775 1820 1809 iure
1855 1775 2012 1820 quaesito,

1277 1831 1411 1874 aliisque
1424 1829 1707 1864 constitutionibus
1715 1835 1745 1863 et
1757 1828 2016 1863 ordinationibus

1277 1883 1476 1928 apostolicis,
1499 1895 1534 1917 ac
1555 1883 1699 1917 eiusdem
1725 1883 1938 1917 cancellariae
1958 1893 2012 1917 re-

1278 1938 1360 1981 gulis
1377 1937 1471 1971 editis
1491 1943 1522 1971 et
1542 1937 1686 1977 odendis,
1709 1948 1767 1970 nec
1788 1947 1853 1970 non
1867 1936 2018 1983 ecclesia-

1279 2002 1348 2024 rum
1369 1991 1586 2035 praefatarum
1607 1989 1858 2031 tundationibus,
1886 1989 2014 2024 institu-

1279 2044 1420 2078 tionibus
1436 2071 1442 2083 ,
1475 2042 1711 2083 erectionibus,
1742 2041 1961 2076 dolationibus
1980 2052 2017 2076 ac

1279 2097 1374 2131 etiam
1396 2096 1589 2135 iuramento,
1613 2094 1859 2129 confirmatione
1889 2099 2017 2139 aposto-

1281 2151 1340 2184 tiva
1368 2150 1414 2182 wt
1449 2149 1558 2193 quavis
1590 2148 1741 2181 firmitate
1761 2147 1823 2181 alia
1858 2147 2017 2182 roboratis

1280 2203 1404 2238 statutis
1425 2209 1451 2236 ct
1475 2201 1772 2241 consuctmlinilms,
1789 2201 1885 2234 ctiam
1905 2201 2018 2234 imme-

1282 2255 1505 2293 mm'abilibus,
1527 2253 1700 2299 privilegiis
1720 2263 1862 2298 quoque,
1886 2252 2018 2287 indultis

1281 2317 1309 2344 ct
1330 2309 1444 2342 litteris
1457 2307 1640 2352 apostolicis
1661 2307 1779 2341 eisdem
1799 2306 1946 2341 Ecclesiis
1958 2306 2018 2341 sub

1262 2391 1263 2394 ,
1281 2363 1539 2407 ‹miluuscmuque
1571 2360 1737 2394 tenoribus
1761 2365 1791 2393 ct
1811 2359 1921 2393 t'ormis
1935 2386 1943 2399 .
1981 2369 2018 2393 ac

1282 2427 1354 2449 vum
1376 2413 1649 2459 ‹piibusrisctiam
1671 2411 1949 2454 derogatoriarum
1964 2412 2019 2446 de-

1282 2467 1464 2509 rognum-iis,
1485 2466 1620 2511 aliisque
1637 2464 1902 2499 cilicinae-ionibus
1922 2470 1951 2498 ct
1970 2463 2019 2498 in-

1281 2520 1384 2554 solitis
1409 2519 1582 2560 clausulis,
1607 2530 1664 2552 net·
1685 2529 1748 2552 non
1771 2517 1970 2551 irritantibus
1989 2521 2021 2551 et

1281 2574 1350 2607 aliis
1364 2573 1510 2613 decretis,
1534 2573 1628 2606 ctiam
1651 2578 1739 2605 motu
1761 2570 1902 2615 proprio,
1923 2568 2019 2604 etiam

1282 2626 1544 2660 ‹visisunt-intuet-
1573 2625 1742 2662 rom-ossis,
1776 2622 2016 2667 appi·ol¹atis‚et

1969 262 1973 264 -
2019 242 2144 275 Amo-i
2191 280 2200 298 3

2094 1520 2128 1547 m

2039 1549 2110 1571 outre!
