2253 3195
249 193 298 220 An.
316 193 346 220 c.
364 192 432 220 1593
477 181 519 217 90

273 308 365 334 Dei-egat
381 313 430 328 con-

247 335 324 356 trariis.

270 1424 388 1443 bantium.

270 1902 291 1923 tn
307 1907 371 1922 causa
384 1908 425 1922 ier·

249 1931 304 1948 tenir
320 1931 373 1948 ints-r
389 1929 426 1948 (Ia-

243 1956 331 1980 punt-im
348 1958 368 1975 el
384 1961 426 1975 nna·

244 1984 342 2006 (istratus
363 1981 426 2001 Vero·

243 2013 318 2027 netues
346 2014 426 2033 epus-¹0·

244 2040 280 2059 νυ.
318 2034 427 2054 ita-netum

244 2062 289 2080 tutu
305 2067 367 2086 nuper
385 2068 417 2080 riu

244 2087 270 2105 ιΙι.
290 2094 311 2105 w
327 2090 426 2107 rumitan-

244 2114 271 2135 dn,
282 2114 427 2139 ‘imputatum

243 2142 307 2165 ²¹¹3&
321 2144 426 2164 inanium·

244 2170 286 2187 tum
304 2170 423 2190 thurifican-

244 2195 272 2214 di.

489 241 504 285 ξ
533 240 563 273 5.
598 241 667 274 Non
699 239 898 273 obstantibus
929 238 1079 271 omnibus
1110 237 1182 278 illis,

445 304 526 338 quae
546 293 643 326 iidem
667 292 930 336 praedecessores
951 290 981 323 in
1003 300 1115 323 eorum
1136 289 1187 322 lit-

445 347 519 380 teris
547 346 717 391 praedietis
746 345 917 378 voluerunt,
942 355 1006 377 non
1034 343 1182 380 obstare,

445 401 640 444 caeterisque
662 399 828 433 contrariis
853 397 1120 442 quibuscumque.

487 454 599 487 Datum
620 454 740 486 Romae
761 452 846 496 apud
864 452 1014 485 Sanctum
1040 451 1181 487 Petrum,

443 507 501 540 sub
525 506 644 539 annulo
668 505 854 545 Piscatoris‚
879 504 931 538 die
950 515 1030 538 xxiii
1054 514 1185 537 novem-

442 559 507 592 bris
526 569 660 599 unxcui,
684 557 890 603 pontificatus
913 556 1015 591 nostri
1040 567 1126 590 anno
1145 567 1180 590 11.

477 621 535 648 Dat.
553 621 595 648 die
605 621 640 649 23
655 621 795 648 novembr.
816 620 892 653 1593,
903 620 999 657 pontif.
1009 628 1052 647 an.
1065 626 1094 646 ιι.

744 792 874 826 Lxxtx.

441 899 626 933 Declaraeio
645 909 742 942 super
760 898 866 931 causis
880 895 1183 941 praecedentiarum

486 963 573 996 inter
587 960 775 1005 Capitulum
793 951 821 993 et
838 961 1070 1003 iizasyistratum
1092 959 1184 992 Vero-

487 1036 608 1066 nense&
632 1036 701 1058 cum
725 1025 911 1058 avocatione
930 1024 1077 1056 aliarum
1101 1033 1180 1055 cau-

485 1098 597 1121 sarum
630 1088 715 1120 inter
734 1087 916 1130 episcopum
943 1090 972 1118 el
993 1084 1183 1129 Capitulum

485 1149 626 1184 eiusdem
649 1149 798 1183 ecclesiae
816 1148 1009 1182 vertentium
1027 1148 1047 1179 ¹.

649 1240 782 1267 Clemens
802 1238 881 1272 Papa
900 1237 980 1271 v111,

583 1295 618 1321 ad
639 1293 772 1320 futuram
793 1292 839 1320 rei
861 1291 1040 1319 memoriam.

485 1365 528 1398 Ex
548 1364 656 1398 debito
683 1363 851 1408 pastoralis
882 1362 979 1396 officii
1003 1362 1180 1399 studemus,

442 1424 598 1462 quantum
620 1418 651 1450 in
680 1417 773 1451 nobis
793 1423 849 1457 est,
875 1416 977 1449 litium
999 1422 1029 1449 et
1049 1422 1180 1449 contro-

442 1471 618 1515 versiarum
650 1471 851 1509 occasiones,
884 1469 1073 1513 praesertim
1102 1469 1185 1502 inter

441 1526 602 1569 praelatos
631 1524 761 1559 sublimi
791 1523 944 1567 dignitate
972 1523 1130 1564 fulgentes
1154 1528 1184 1556 et

442 1579 630 1612 inferiorum
653 1578 803 1611 ordinum
825 1576 1055 1610 ecclesiasticas
1075 1586 1183 1620 perso-

442 1643 509 1672 nas,
527 1632 565 1666 de
580 1631 688 1665 medio
708 1631 831 1671 tollere,
852 1636 886 1664 ut
906 1630 1096 1664 coniunctae
1115 1640 1183 1662 mu-

443 1692 495 1719 tua
514 1696 592 1730 pace
614 1692 643 1719 et
665 1685 832 1724 charitate,
854 1690 1017 1728 tamquam
1038 1683 1184 1716 membra

442 1740 536 1773 unius
566 1739 728 1782 corporis,
752 1743 877 1780 gratum
907 1737 1000 1770 simul
1022 1736 1184 1770 Altissimo

443 1792 612 1826 exhibeant
626 1791 826 1824 famulatum.

487 1846 502 1888 ξ
526 1845 554 1878 ’1.
575 1845 651 1879 Cum
674 1845 791 1888 itaque,
815 1845 896 1877 sis-ut
921 1844 1114 1888 accepimus,
1135 1843 1183 1876 di-

443 1900 542 1933 lectus
573 1899 657 1931 tilius
689 1898 883 1939 Augustinus
915 1897 995 1930 tituli
1016 1898 1045 1931 S.
1070 1896 1180 1936 Marci,

443 1953 610 1996 presbyter
627 1951 798 1985 cardinalis
816 1951 854 1984 de
877 1951 999 1984 Verona
1019 1961 1185 1994 nuncupa-

445 2011 504 2046 tus,
522 2005 711 2039 Veronensis
725 2005 876 2038 ecclesiae
894 2016 928 2037 ex
947 2003 1184 2047 dispensatione

420 2058 618 2103 ·apostolica
639 2059 776 2102 praesul,
801 2059 839 2091 ad
872 2057 1028 2091 tollendas
1057 2057 1181 2090 dissen-

443 2113 548 2146 siones
567 2112 648 2145 inis—r
669 2112 800 2145 dilectos
826 2111 907 2144 lilios
927 2111 1106 2154 Capitulum
1128 2111 1185 2143 Ve-

444 2177 578 2199 ronense
608 2172 637 2199 et
668 2165 869 2208 magistratus
899 2164 1005 2197 euriae
1037 2164 1181 2197 saecula-

443 2220 496 2259 ris,
523 2221 576 2264 qui
606 2219 741 2252 vicarius
769 2219 884 2252 doinus
905 2224 1118 2251 mercatorum
1149 2228 1184 2250 au

444 2273 588 2316 provisor
619 2272 752 2305 civitatis
782 2272 924 2304 Veronae
957 2276 1180 2314 nuncupatur,

444 2326 631 2370 iampridem
657 2337 754 2370 super
783 2324 1007 2370 praec-edentia
1028 2330 1056 2356 et
1087 2323 1183 2356 modo

443 2379 611 2412 exhibendi
632 2379 730 2412 tlruris
751 2379 814 2411 sive
834 2378 953 2411 incensi
975 2383 1071 2413 ortas,
1093 2383 1120 2409 et
1143 2377 1181 2410 ad

443 2432 678 2465 occurrendum
710 2432 867 2464 ⁴scandalis
888 2443 969 2475 quia<¹
1002 2431 1074 2463 iud·-
1106 2429 1182 2462 oriri

443 2491 600 2529 poterant,
626 2496 682 2529 pro
705 2486 789 2518 bono
810 2485 907 2528 pacis,
932 2485 1061 2517 ‹locri-to
1082 2483 1178 2521 edito,

443 2544 565 2572 coitum
580 2538 832 2582 praescripsisset
847 2538 976 2571 niodum
989 2544 1017 2570 et
1033 2536 1180 2571 ordinem

481 2602 489 2627 ¹
514 2600 549 2628 Ex
568 2600 672 2636 lli-gest.
691 2600 716 2626 iu
737 2600 836 2627 Secret.
860 2599 989 2627 brevium.

1028 189 1211 214 BULLARIUM
1231 189 1383 213 ROMANUM

2038 157 2054 170 ο
2178 154 2186 161 ·’
2233 160 2235 171 ι

1979 190 2029 217 An.
2046 190 2076 217 c.
2095 183 2170 224 ¹592
2247 205 2250 227 ;

1201 243 1314 281 tqueni
1334 236 1393 280 ipsi
1412 236 1558 270 canonici
1579 242 1607 270 et
1621 237 1800 281 Capitulum
1819 248 1877 271 nec
1898 248 1962 272 non
2176 251 2178 254 ’
2232 225 2235 235 ¹

1202 274 1364 333 'singulae
1386 289 1628 333 magistratuum
1649 289 1835 324 huiusmodi
1855 301 1964 336 perso-

1220 354 1291 384 nae,
1315 343 1347 376 iu
1368 343 1492 376 incessu
1513 349 1543 377 et
1563 343 1717 377 comitatu
1742 344 1885 388 episcopi
1905 345 1964 378 Ve-

1222 396 1366 430 rcinensis
1383 407 1441 440 pro
1457 402 1600 440 tempore
1617 396 1789 438 existentis,
1807 397 1884 430 dum
1898 397 1964 431 die-

1220 449 1279 483 bus
1298 449 1496 483 solemnibus
1525 460 1563 482 ex
1582 450 1646 483 suis
1675 450 1808 483 aedibus
1839 450 1963 494 episeo-

1220 503 1345 546 palibus
1362 503 1401 536 ad
1422 503 1590 536 ecelesiam
1615 504 1769 536 maiorem
1795 503 1963 547 progredi-

1221 562 1280 597 tur,
1297 568 1332 589 ιιι·
1355 557 1385 590 in
1403 558 1510 590 eundo
1531 564 1559 590 et
1575 558 1741 591 redeundo
1766 568 1785 591 a
1803 557 1870 591 suis
1886 557 1965 591 locis

1219 621 1236 643 a
1255 610 1495 654 praedicatione
1516 622 1643 644 serrare
1665 611 1830 652 deberent,
1853 611 1965 644 simul-

1219 674 1281 707 que
1293 663 1452 697 statuisset
1469 675 1506 697 ac
1518 664 1734 708 praecepisset
1745 670 1779 698 ut
1791 665 1873 698 inter
1886 665 1962 699 mis-

1218 727 1326 749 sarum
1339 722 1369 750 et
1387 717 1568 750 divinorum
1590 717 1771 751 officiorum
1792 719 1960 760 solemnia,

1218 780 1300 813 quae
1320 780 1458 813 persona
1477 770 1611 813 singulis
1631 771 1796 804 canonicis
1810 771 1882 804 thus
1899 772 1964 805 sive

1218 822 1383 856 incensum
1416 823 1592 864 exhiberet,
1616 824 1728 857 eadem
1762 824 1857 858 etiam
1888 835 1964 868 erga

1218 877 1377 920 praefatos
1407 876 1612 919 magistratus
1642 877 1829 911 huiusmodi
1857 878 1963 912 officio

1219 930 1416 972 fungeretur,
1440 936 1471 963 et
1491 930 1580 971 alias,
1604 936 1700 974 prout
1720 931 1752 963 in
1767 931 1880 964 eodem
1902 931 1960 965 de-

1219 989 1306 1016 creto
1324 983 1417 1016 latius
1438 984 1631 1018 continetur.
1647 984 1748 1018 Iidem
1767 985 1913 1019 canonici
1934 991 1965 1019 et

1218 1037 1396 1080 Capitulum
1419 1037 1548 1071 decreto
1569 1043 1598 1071 et
1617 1038 1815 1072 ordinationi
1836 1039 1965 1082 praedi·
2001 1045 2185 1078 Afiundecreto.

1218 1090 1276 1123 ctis
1295 1090 1426 1123 minime
1445 1091 1695 1134 acquiescentes,
1719 1092 1758 1124 ad
1778 1102 1837 1125 nos
1857 1098 1888 1125 et
1907 1092 1963 1126 Se·
1978 1072 2098 1126 iigffl’ilf'm
2126 1078 2176 1110 ³⁹²

1219 1144 1290 1177 dem
1313 1144 1529 1188 Apostolicam
1551 1145 1764 1189 appellarunt,
1788 1146 1906 1187 eiusve,
1929 1151 1963 1179 ut

1219 1198 1444 1241 praetendunt,
1469 1198 1648 1231 nullitatem
1667 1199 1858 1242 allegarunt.

1263 1251 1331 1293 §⁵2-
1364 1251 1427 1285 Nos
1456 1257 1562 1285 autem
1590 1251 1715 1286 dilectis
1746 1251 1820 1286 filiis
1845 1253 1963 1287 nostris
2015 1246 2184 1280 formamw'

1260 1305 1266 1310 .
1295 1305 1301 1310 .
1352 1304 1357 1310 .
1396 1305 1402 1310 .
1457 1305 1463 1310 .
1584 1306 1589 1312 .
1763 1306 1769 1312 .
1809 1306 1814 1312 .
1977 1285 2065 1307 iuuandi
2080 1286 2163 1312 episco-

1218 1305 1358 1349 Seipioni
1381 1305 1464 1338 tituli
1485 1305 1590 1339 Sancti
1615 1306 1787 1339 Salvatoris
1808 1317 1839 1339 m
1859 1307 1963 1341 Lauro
1977 1318 2026 1361 gum
2036 1311 2192 1342 praescribit.

1218 1358 1427 1398 Lancellotto‚
1444 1369 1503 1392 nec
1524 1369 1587 1392 non
1608 1359 1766 1392 Flaminio
1785 1359 1865 1393 tituli
1886 1359 1964 1394 San·
1995 1340 2081 1360 lmen*

1219 1411 1259 1445 eti
1291 1411 1472 1451 Clementis,
1508 1412 1702 1456 presbyteris
1733 1412 1960 1454 cardinalibus,

1218 1465 1321 1498 Platto
1353 1465 1560 1509 nuncupatis,
1584 1466 1732 1500 dedimus
1752 1466 1784 1499 in
1805 1466 1964 1500 mandatis

1218 1525 1251 1552 ut
1270 1519 1309 1553 de
1329 1519 1493 1564 praedicta
1507 1520 1726 1554 controversia
1743 1531 1776 1555 se
1789 1520 1964 1554 summarie

1219 1579 1246 1606 et
1269 1573 1553 1606 extraiudicialiter
1573 1573 1802 1614 informarent,
1826 1583 1963 1618 eamque

1218 1628 1258 1661 ad
1279 1637 1337 1660 nos
1357 1628 1522 1661 referrent.
1543 1627 1646 1667 Quare
1667 1628 1886 1672 postmodum,
1910 1637 1965 1662 eo-

1219 1692 1289 1714 rum
1313 1682 1469 1715 relatione
1489 1681 1614 1721 audita,
1632 1687 1662 1715 et
1679 1681 1781 1715 litium
1803 1682 1964 1715 anfractus

1219 1734 1422 1778 praecidere,
1453 1740 1484 1767 et
1504 1735 1650 1768 eamdem
1673 1735 1842 1768 ecclesiam
1867 1735 1964 1769 Vero-

1219 1798 1363 1829 nensem,
1387 1798 1470 1832 quae
1491 1788 1550 1821 liae
1568 1788 1606 1821 do
1624 1799 1719 1822 eausa
1741 1799 1798 1832 per
1818 1789 1963 1833 complu-

1219 1853 1269 1876 res
1287 1853 1423 1879 menses,
1447 1850 1477 1875 ut
1500 1842 1692 1880 audivimus,
1712 1842 1807 1876 solito
1826 1841 1964 1876 nobilio-

1220 1907 1290 1930 ruin
1313 1906 1472 1929 concursu
1490 1902 1518 1930 et
1541 1895 1719 1940 frequentia
1737 1895 1888 1929 destituta
1904 1901 1960 1936 est,

1220 1949 1249 1982 in
1280 1949 1449 1994 pristinum
1476 1950 1627 1983 decorem
1651 1949 1831 1988 restituere,
1854 1949 1965 1982 simul-

1219 2014 1281 2047 que
1302 2003 1378 2036 cleri
1408 2003 1594 2045 dignitatem
1617 2012 1806 2036 conservare
1832 2002 1964 2046 cupien-

1221 2063 1281 2095 tes·‚
1299 2063 1387 2089 motu
1409 2056 1552 2100 proprio.
1571 2066 1633 2089 non
1652 2056 1691 2089 ad
1712 2055 1847 2089 alicuius
1867 2066 1965 2100 super

1221 2110 1280 2143 hoc
1301 2109 1427 2143 oblatae
1448 2109 1611 2153 petitionis
1632 2108 1827 2149 instantiam,
1850 2107 1906 2142 sed
1926 2118 1963 2142 ex

1221 2174 1307 2196 mera
1329 2169 1437 2196 nostra
1455 2162 1686 2214 deliberatione
1707 2167 1734 2195 et
1757 2167 1843 2195 certa
1860 2160 1963 2195 seien-

1221 2217 1272 2254 tia,
1297 2216 1462 2249 decretum
1481 2215 1694 2260 praedit-tum,
1708 2214 1798 2247 cuius
1817 2219 1960 2247 tenorem

1219 2268 1440 2313 praesentibus
1461 2268 1571 2301 haberi
1594 2267 1739 2300 volumus
1760 2276 1817 2310 pro
1835 2276 1962 2310 expres-

1218 2332 1264 2358 sn,
1289 2321 1477 2354 auctoritate
1506 2319 1697 2364 apostolic-a,
1723 2324 1834 2352 tenore
1863 2329 1958 2362 prae-

1217 2376 1366 2412 sentium.
1398 2375 1438 2408 ita
1460 2375 1669 2408 moderamur
1692 2379 1719 2405 et
1747 2373 1785 2405 ad
1809 2372 1962 2406 terminos

1217 2429 1404 2462 earumdem
1435 2426 1649 2472 praesentiunt
1682 2425 1878 2465 reducimus,
1913 2430 1958 2465 ut,

1217 2482 1364 2526 exemplo
1395 2480 1610 2525 complurium
1648 2479 1821 2520 insignium
1853 2478 1962 2512 ltaliae

1218 2535 1443 2573 vetit-siarum,
1479 2532 1666 2578 praesertim
1701 2532 1759 2565 sub
1791 2530 1961 2576 temporali

1196 2580 1336 2631 {ditione
1358 2587 1548 2621 dilectorum
1571 2585 1711 2618 tiliorum
1737 2584 1896 2619 nobilium
1917 2583 1961 2617 vi-
