2253 3195
261 250 310 276 Au.
328 251 357 278 C.
383 250 448 278 1602

495 241 559 275 804

461 300 660 343 mesquitam,
694 299 857 341 sexaginta
889 299 982 347 aunis
1007 305 1038 332 et
1068 299 1210 342 amplius

461 355 544 387 inter
561 365 618 387 sua
638 355 724 386 bona
746 353 956 397 computavit,
971 360 1003 387 et
1023 353 1105 396 exigi
1123 353 1207 393 fecit,

460 398 571 447 nullo,
600 407 655 450 qui
685 407 815 447 sciatur,
833 407 949 446 titulo,
979 413 1009 440 ct
1040 417 1126 439 nunc
1152 416 1211 450 per

460 471 534 493 suos
555 465 783 503 procuratores
804 459 957 493 ecclesiae
977 460 1161 493 relaxantur
1182 465 1212 492 et

461 513 685 553 restituuntur,
709 514 888 546 curandum
910 519 968 554 est,
986 519 1020 546 ut
1040 514 1079 546 de
1101 512 1212 546 rediti-

461 566 520 599 bus
548 566 593 599 sic
622 566 740 599 exactis
772 566 853 599 ratio
882 566 1058 606 habeatur,
1083 565 1139 609 qui
1171 565 1210 598 ad

461 630 622 652 summam
653 619 740 652 mille
769 619 1026 661 octingentarum
1052 619 1209 652 librarum

461 673 635 706 ascendere
660 672 833 709 videntur:
857 672 1123 716 administrentur
1148 682 1207 705 au-

462 733 524 759 tem
547 737 605 770 per
625 733 782 760 rectorem
801 732 831 759 et
851 726 983 759 iuratos.

608 807 832 840 Beuiculeimc
851 811 879 839 et
906 807 1064 841 Gaudent.

506 887 631 931 Oppida
647 886 869 920 Beniculeime
882 892 912 920 et
927 886 1074 921 Gaudent
1088 897 1212 920 annexa

462 947 536 974 sunt
553 940 730 985 parochiali
751 939 903 983 antiquae
921 940 1046 973 Castelli
1071 946 1102 973 et
1116 940 1212 973 Vallis

463 995 502 1027 de
523 995 644 1033 Cuera,
668 999 699 1027 et
731 993 884 1036 quoniam
918 993 1025 1026 multis
1056 999 1144 1026 retro
1171 994 1210 1026 ab

466 1049 541 1081 hinc
562 1047 655 1080 annis
674 1047 840 1081 castellum
861 1047 1051 1080 derelictum
1075 1058 1112 1080 ac
1130 1058 1212 1091 pene

464 1102 607 1135 dirutum
632 1107 689 1141 cst,
704 1101 813 1133 nullus
834 1100 865 1133 in
887 1111 925 1133 eo
946 1106 1053 1133 rector
1074 1106 1128 1133 aut
1141 1111 1214 1144 pre-

464 1155 573 1198 shyter
593 1159 724 1187 curatus
755 1153 916 1186 habitasse
948 1153 1128 1196 reperitur,
1157 1154 1211 1186 sed

464 1208 630 1252 presbyter
643 1207 754 1250 oppidi
777 1207 816 1240 de
838 1207 979 1246 Faucara
1001 1212 1117 1250 quarto
1131 1217 1212 1251 quo-

467 1272 530 1305 que
551 1261 715 1294 dominico
734 1267 789 1293 aut
808 1260 919 1293 festivo
939 1259 989 1293 die
1003 1260 1135 1293 adhaec
1156 1271 1213 1304 op-

463 1315 540 1358 pida
564 1325 581 1347 a
598 1314 750 1354 Faucara,
775 1313 899 1346 duabus
920 1313 1019 1346 leucis
1043 1313 1213 1357 asperrimi

464 1367 586 1401 itineris
599 1367 760 1406 distantia,
777 1367 817 1400 ad
834 1367 962 1400 missam
985 1366 1212 1400 celebrandam

463 1432 496 1455 se
515 1421 722 1459 conterebat,
747 1420 777 1452 in
799 1420 933 1453 ecclesia
947 1419 1057 1463 oppidi
1074 1419 1210 1453 Benicu-

464 1474 575 1513 leime,
599 1473 639 1507 ad
660 1483 757 1516 quain
783 1472 977 1505 audiendam
1011 1471 1207 1506 habitatores

465 1528 504 1560 de
530 1527 674 1561 Caudcut
705 1525 924 1565 vocabantur,
948 1531 978 1558 ct
1009 1536 1069 1569 pro
1092 1525 1215 1562 ssalario

465 1579 639 1613 duodecim
662 1579 760 1612 libras
789 1585 819 1612 ct
840 1579 950 1612 decem
969 1578 1091 1612 solidos
1108 1578 1213 1612 eidem

464 1633 652 1677 presbytero
674 1638 847 1676 utrumque
872 1632 1028 1676 oppidum
1048 1632 1214 1675 impende-

465 1687 531 1719 hat:
561 1692 591 1719 ct
613 1685 765 1729 quoniam
793 1685 1009 1718 Beuieulcimc
1031 1684 1140 1726 viginti
1162 1696 1214 1718 sex

465 1739 617 1773 domibus
647 1745 792 1779 constat,
817 1745 847 1771 ct
877 1739 1019 1771 Gaudent
1044 1739 1154 1771 decem
1185 1744 1215 1771 et

465 1800 538 1827 octo
557 1793 806 1826 clu-istianorum
829 1792 954 1826 noviter
967 1792 1006 1825 ad
1026 1792 1122 1825 tidem
1138 1802 1215 1825 con—

466 1846 833 1889 versorum,distantquc
848 1845 931 1878 iuter
941 1856 973 1878 sc
987 1845 1092 1878 mcdia
1101 1851 1215 1888 quarta

469 1905 558 1943 partc
580 1899 702 1939 leucae,
724 1905 754 1932 ct
775 1899 805 1930 in
831 1897 1019 1942 asperrimis
1045 1898 1122 1931 loris
1142 1904 1214 1931 sunt

467 1952 537 1992 sita,
562 1957 590 1984 et
613 1952 652 1984 ah
671 1952 741 1984 aliis·
763 1951 891 1995 populis
913 1951 1056 1994 nudique
1076 1957 1212 1991 semota,

467 2012 595 2049 oportet
612 2006 699 2049 quod
717 2016 733 2038 a
759 2005 844 2038 dicta
871 2004 1047 2048 parochiali
1063 2005 1101 2038 dc
1115 2006 1215 2037 (litera

468 2070 522 2092 seu
545 2059 583 2092 dc
606 2060 745 2099 Faucara
766 2065 968 2102 separentur,
990 2064 1021 2091 vt
1043 2058 1073 2091 in
1095 2058 1215 2102 oppido

470 2111 685 2144 norimus-ime
708 2111 900 2155 parochialis
921 2110 1054 2143 ccrlcsia
1074 2110 1216 2153 erigatur

470 2171 497 2197 ct
521 2171 625 2197 crecta
648 2170 774 2197 mam-at
796 2176 867 2197 rum
889 2164 1041 2204 sacrario,
1059 2163 1212 2202 sacristia,

470 2224 499 2250 vt
521 2220 605 2251 luuh?
629 2217 822 2261 baptismali,
847 2223 876 2250 et
894 2217 1078 2261 rmupanili,
1103 2217 1211 2250 onmi-

470 2284 532 2315 quc
553 2272 616 2304 alio
638 2272 733 2316 pleno
760 2272 839 2309 iuro,
863 2278 891 2304 vl
919 2271 1086 2315 prixilcgio
1108 2272 1211 2304 verle-

470 2325 525 2357 siai
537 2337 589 2357 um
606 2325 853 2368 parochialium,
865 2331 893 2358 ct
906 2325 1037 2368 proprio
1052 2325 1211 2368 parorho:

471 2378 573 2420 sitque
596 2378 640 2410 illi
663 2389 821 2411 aum-xum
843 2378 999 2421 oppidum
1021 2378 1212 2418 (kttulcnt,‹·t

472 2432 557 2472 «prod
589 2432 718 2463 «hm-mr
749 2432 788 2464 «lc
814 2437 942 2464 «vntum
977 2431 1087 2470 libris,
1111 2431 1214 2475 sitque

473 2484 579 2515 ululata
604 2485 662 2516 ho.-
690 2485 833 2517 ridvlhust
866 2485 991 2517 unuln:⁴
1008 2485 1094 2527 qnod
1117 2496 1211 2528 pran-

475 2537 554 2567 t'ata··
591 2547 690 2568 uorzu·
725 2537 902 2580 parochiali
931 2538 969 2569 ‹h-
1001 2537 1215 2570 ltvuiruleimc
1252 2537 1299 2570 uis
1330 2536 1507 2580 llaptistac;
1541 2535 1649 2568 dotata
1681 2540 1724 2568 ost
1759 2534 1824 2567 suis
1857 2533 1996 2578 propriis

473 2588 605 2631 riu-qus·
627 2590 741 2622 rra-tuni
764 2590 967 2633 appla-cutm·
995 2601 1054 2633 pro
1075 2590 1148 2623 ‹lotc
1171 2589 1215 2622 vi·
1252 2589 1413 2633 primitiis,
1431 2600 1512 2632 quac
1534 2587 1649 2621 valoris
1665 2593 1736 2621 suut
1760 2594 1888 2621 contum
1903 2586 1995 2631 ‹ptin-

473 2641 551 2682 gimi
566 2642 708 2685 «purique
730 2643 828 2676 lihrao:
851 2649 998 2677 mont-tao
1015 2643 1217 2677 Valentiucn-
1232 2633 1234 2673 l
1251 2642 1406 2687 quaginta
1422 2642 1589 2682 litwarum,
1607 2651 1689 2685 quae
1710 2651 1782 2674 cum
1805 2639 1993 2683 congruenti

1049 251 1232 275 nULLARfflM
1249 252 1403 276 ROMANUM
1424 280 1430 286 .

1245 299 1298 340 sis,
1321 311 1401 343 quas
1429 300 1590 344 syndicus,
1607 299 1705 333 iurati
1722 305 1753 333 et
1770 300 1992 333 universitates

1246 353 1465 386 Beniculeime
1495 359 1525 386 et
1551 353 1693 387 Gaudent
1715 352 1936 396 promiserunt
1963 358 1993 386 et

1245 417 1279 439 se
1298 405 1485 448 obligarunt
1503 405 1649 449 quolibet
1668 416 1753 439 anno
1764 406 1887 439 solvere
1899 416 1993 449 prae-

1247 461 1311 493 sato
1339 459 1475 500 rectori,
1500 459 1742 503 comprehensis
1764 459 1936 492 duodecim
1954 459 1992 492 li-

1246 513 1312 546 bris
1332 524 1404 546 cum
1427 512 1572 554 dimidia,
1590 524 1663 546 cum
1683 513 1789 546 tritico
1805 517 1836 546 et
1852 512 1992 556 panicio,

1246 577 1325 611 quas
1345 572 1439 599 antea
1455 566 1622 599 solvebant
1635 565 1760 599 ratione
1773 565 1991 610 primitiarum

1245 626 1276 654 et
1301 619 1520 658 decimarum,
1551 629 1630 663 quas
1656 629 1755 663 penes
1783 629 1816 652 se
1839 618 1990 659 retinent,

1247 673 1363 707 virtute
1384 672 1537 716 antiquae
1558 671 1754 706 concordiae
1775 682 1848 705 cum
1863 671 1994 704 domino

1246 725 1418 770 temporali
1440 725 1550 766 initae,
1566 731 1602 758 ut
1619 725 1768 769 superius
1789 724 1911 758 dictum
1933 730 1991 765 est,

1246 790 1329 824 quae
1345 779 1371 812 si
1392 779 1609 821 exigerentur,
1627 778 1813 812 aestimatae
1832 782 1908 811 sunt
1921 787 1995 810 cen—

1247 839 1313 866 tum
1339 832 1440 865 tribus
1460 831 1566 873 libris,
1595 831 1677 865 sacta
1697 831 1842 873 legitima
1861 841 1995 874 compu-

1247 885 1378 925 tatione,
1404 890 1476 918 acto
1501 890 1632 928 recepto
1661 895 1721 928 per
1751 883 1993 927 infrascriptum

1246 939 1406 972 notarium
1425 938 1485 972 sub
1500 937 1550 982 die
1567 948 1620 971 xvi
1641 937 1720 970 iunii
1741 947 1871 971 mnxcvl.
1888 937 1995 970 Mensa

1247 1003 1321 1026 vero
1354 991 1546 1036 episcopalis
1580 991 1781 1025 Dcrtusensis
1808 990 1910 1024 solvat
1942 1000 1993 1024 se-

1247 1046 1412 1090 ptuaginta
1432 1045 1577 1089 quinque
1595 1044 1703 1085 libras,
1727 1043 1852 1077 ratione
1872 1043 1991 1077 decreti

1247 1100 1474 1143 episcoporum
1499 1099 1538 1132 de
1563 1108 1648 1131 anno
1673 1107 1820 1131 uncxxm
1843 1096 1994 1141 superius

1247 1154 1310 1187 iam
1332 1153 1436 1186 relati.
1461 1153 1578 1186 Rector
1607 1157 1752 1185 teneatur
1771 1150 1944 1185 dominicis
1963 1157 1995 1184 et

1248 1207 1366 1241 festivis
1377 1206 1490 1240 diebus
1505 1206 1584 1239 duas
1596 1205 1761 1239 celebrare
1779 1204 1902 1246 missas,
1916 1204 1994 1238 alte-

1249 1271 1317 1294 ram
1338 1260 1370 1292 in
1392 1259 1526 1293 ccclesia
1547 1259 1586 1292 dc
1606 1257 1834 1298 Beniculeime,
1857 1257 1992 1290 alteram

1249 1315 1280 1347 in
1301 1313 1435 1347 ecclesia
1455 1312 1566 1356 oppidi
1586 1312 1740 1351 Gaudent,
1768 1317 1851 1355 quae
1876 1310 1992 1344 aedifi-
2013 1351 2016 1354 Α

1249 1369 1351 1402 canda
1376 1373 1433 1407 est,
1455 1373 1485 1400 ct
1510 1366 1679 1409 utriusque
1697 1365 1808 1409 oppidi
1834 1364 1995 1398 habitato-

1251 1433 1300 1455 res
1321 1421 1353 1454 in
1374 1420 1437 1454 fide
1458 1419 1615 1453 calholica
1636 1419 1772 1452 solerter
1796 1417 1942 1457 instruat,
1965 1423 1997 1451 et

1249 1474 1428 1509 doctrinam
1447 1472 1656 1507 christianam
1677 1472 1802 1506 doceat.
1819 1472 1854 1505 In
1874 1470 1995 1515 oppido

1250 1527 1468 1562 Beniculeime
1489 1526 1655 1560 reficiatur
1674 1525 1811 1560 ccclesia
1827 1525 1886 1558 sub
1907 1524 1997 1558 invo-

1250 1582 1374 1616 catione
1394 1580 1501 1615 Sancti
1519 1579 1768 1621 Bartholomaei,
1789 1589 1872 1623 quae
1893 1578 1997 1612 suerat

1250 1635 1326 1668 olim
1350 1633 1518 1677 mesquita‚
1547 1639 1577 1667 et
1598 1644 1616 1666 a
1641 1632 1781 1675 vestigiis
1801 1642 1918 1676 pravae
1937 1642 1991 1666 se-

1251 1694 1319 1722 ctae
1340 1687 1553 1726 emundetur,
1581 1692 1612 1720 et
1639 1685 1784 1720 sacristia
1815 1685 1997 1729 domusque

1251 1752 1309 1785 pro
1325 1740 1459 1774 rectoris
1477 1738 1676 1772 habitatione
1697 1738 1898 1779 aedificetur,
1912 1737 1996 1771 iuxta

1252 1796 1388 1828 sormam
1409 1799 1440 1826 ct
1465 1793 1571 1826 locum
1593 1791 1807 1834 designatum.
1832 1792 1868 1824 Et
1888 1791 1919 1824 in
1939 1801 1997 1835 op-

1251 1848 1326 1892 pido
1347 1846 1488 1881 Gaudent
1511 1855 1592 1879 nova
1618 1845 1753 1879 ecclesia
1778 1850 1944 1878 extruatur
1964 1844 1996 1877 in

1250 1901 1410 1935 delineato
1424 1899 1504 1933 situ:
1530 1905 1632 1932 terrac
1651 1909 1724 1932 vcro
1739 1904 1767 1931 et
1784 1898 1905 1931 reditus
1919 1898 1995 1931 olim

1252 1953 1440 1998 mesquitam,
1458 1963 1538 1996 quos
1559 1951 1710 1986 dominus
1732 1951 1920 1995 temporalis
1939 1951 1995 1984 ha-

1250 2014 1361 2041 cteuus
1382 2012 1540 2048 exegerat,
1569 2010 1813 2049 recuperentrw,
1837 2010 1868 2038 ct
1887 2004 1993 2038 cccle-

1250 2061 1304 2094 siis
1321 2059 1496 2104 respective
1510 2059 1660 2104 applicati
1681 2065 1843 2098 maneant,
1859 2057 1995 2092 admini-

1250 2119 1457 2157 strenturqm·
1479 2124 1536 2157 per
1558 2118 1715 2146 rectorem
1735 2118 1765 2145 ct
1787 2111 1918 2145 imatos.

1553 2193 1696 2226 Arlanu.

1294 2273 1453 2317 Oppidum
1473 2274 1613 2311 Ariana,
1634 2271 1724 2305 cuius
1744 2271 1896 2305 domiuus
1918 2276 1997 2304 tem-

1251 2327 1370 2371 poralis
1391 2332 1437 2360 est
1455 2327 1516 2359 dux
1543 2326 1582 2359 de
1614 2325 1691 2358 Villa
1724 2326 1896 2365 llcrmosa‚
1918 2335 1994 2358 cen-

1252 2385 1316 2412 tum
1340 2379 1451 2411 ‹luri-m
1473 2377 1614 2410 continet
1637 2376 1751 2409 domos
1772 2386 1875 2419 nuper
1892 2376 1931 2409 ad
1953 2376 1993 2408 fi-

1251 2432 1322 2464 ‹lnm
1342 2440 1590 2469 ‹·om·crsor1uu;
1609 2429 1802 2473 parochialis
1814 2427 1949 2462 ecclesia
1964 2428 1995 2461 in

1251 2496 1287 2517 no
1315 2490 1359 2517 cst
1385 2483 1515 2527 antiqua
1536 2482 1595 2515 suh
1622 2481 1822 2515 invorationc
1843 2483 1874 2514 S.
1904 2482 1995 2515 loan-
