2253 3195
265 254 316 281 An.
333 253 362 281 c.
384 253 454 281 4594
498 242 565 277 184

291 1217 449 1238 Contrariorum

264 1244 380 1270 derogatio.

303 2547 365 2569 ''uit-
381 2547 451 2568 stan-ia

268 2578 409 2601 tun-omium.

1051 251 1237 276 BULLARIUM
1253 251 1409 276 Romnum

465 303 601 336 trarium
615 311 675 346 pro
696 307 841 344 tempore
859 300 1107 344 quomodolibet
1120 300 1211 333 sactis
1246 305 1306 340 tae,
1330 299 1496 344 autipsius
1509 300 1649 334 ministri
1661 301 1820 344 generalis
1840 301 1984 343 munitis,

466 356 600 388 minime
614 354 857 398 comprehendi,
877 354 933 387 sed
953 363 1082 397 semper
1095 353 1134 386 ab
1148 353 1210 386 illis

466 415 630 453 exceptas,
670 414 698 441 et
728 407 854 451 quoties
885 407 960 440 illae
990 406 1206 447 emanabunt,

466 463 559 496 toties
579 462 609 494 in
641 461 812 505 pristinum
835 466 866 493 et
893 460 1127 494 validissimum
1148 466 1211 493 sia—

466 523 532 549 tuin
547 515 720 552 restitutas.
738 513 905 558 repositas,
926 519 957 547 et
968 514 1112 557 plenarie
1125 513 1210 547 rein-

467 575 603 612 tegratas
623 579 691 601 esse
712 573 743 601 et
762 567 903 608 censeri,
919 567 1030 612 sieque
1043 578 1101 612 per
1114 577 1210 611 quos-

465 632 605 665 cumque
636 621 759 654 iudices
779 616 964 654 ordinarios
980 627 1011 654 et
1031 621 1206 663 delegatos,

465 676 562 709 etiam
583 685 755 708 causarum
775 674 885 718 palatii
915 674 1084 718 apostolici
1119 674 1211 707 audi-

465 735 561 769 tores,
578 739 615 762 ac
632 728 767 762 Sanctae
787 728 952 761 Romanae
965 728 1125 762 Ecclesiae
1142 739 1211 761 car-

465 782 610 823 dinales,
643 782 770 815 sublata
797 781 842 815 eis
873 787 905 815 et
929 792 1043 816 eorum
1078 781 1211 815 cuilibet

464 835 576 879 quavis
602 835 696 868 aliter
721 835 885 868 iudicandi
915 840 946 868 et
975 835 1210 879 interpretandi

465 888 614 922 facultate
621 894 652 921 et
665 888 868 929 auctoritate,
879 888 1015 921 iudicari
1029 893 1060 921 et
1081 887 1210 921 definiri

465 942 600 983 debere,
633 952 669 974 ac
701 941 829 974 irritum
857 947 888 974 et
918 941 1013 974 inane
1051 942 1209 986 quidquid

464 1006 557 1028 secus
575 994 734 1038 superbis
748 1005 765 1027 a
778 1005 955 1039 quoquam,
976 995 1087 1039 quavis
1100 1001 1210 1029 aucto-

463 1049 569 1090 ritate,
592 1049 791 1083 scientervel
817 1049 1015 1093 ignoranter,
1039 1050 1209 1093 contigerit

466 1104 627 1138 attentari.

510 1160 526 1201 ξ
550 1157 601 1191 10.
624 1159 694 1192 Non
713 1158 916 1192 obstantibus
940 1158 1106 1202 quibusvis
1126 1169 1206 1202 apo-

466 1211 599 1253 stolicis,
621 1223 658 1246 ac
679 1212 711 1246 in
735 1212 988 1256 provincialibus
1012 1218 1040 1245 et
1070 1213 1209 1257 synoda-

465 1265 550 1300 libus
574 1265 720 1300 coneiliis
734 1266 827 1300 editis
839 1265 1055 1308 generalibus,
1078 1266 1127 1299 vel
1139 1277 1210 1310 spe-

465 1319 602 1353 cialibus
622 1319 908 1353 constitutionibus
933 1326 961 1353 et
988 1320 1206 1354 ordinationi-

464 1373 536 1414 bus,
559 1384 595 1406 ac
616 1373 715 1417 ipsius
739 1372 877 1413 Ordinis,
906 1383 943 1407 ac
963 1384 1210 1418 quorucumque

466 1427 551 1460 illius
577 1427 762 1471 provinciae
785 1433 815 1461 et
847 1427 1080 1469 custodiarum,
1112 1428 1208 1461 etiam

465 1481 658 1521 iuramento,
675 1481 921 1515 confirmatione
946 1482 1134 1526 apostolica,
1161 1482 1208 1515 vel

464 1535 575 1579 quavis
596 1534 747 1568 firmitate
769 1535 1011 1576 aliar-eboratis,
1035 1536 1159 1569 statutis
1179 1541 1210 1569 et

464 1588 751 1622 consuetudinibus
777 1589 952 1632 privilegiis
977 1599 1125 1633 quoquc,
1160 1589 1209 1622 in-

465 1641 561 1675 dultis
579 1647 609 1675 ct
623 1641 738 1675 litteris
752 1642 938 1686 apostolicis
955 1642 987 1675 in
1009 1642 1208 1676 contrarium

464 1695 718 1739 praemissorum
740 1697 1064 1741 quomodocumque,
1093 1703 1122 1730 et
1149 1697 1209 1729 sub

464 1748 724 1792 quibuscumque
737 1749 904 1783 tenoribus
913 1755 943 1783 et
955 1750 1078 1789 formis,
1090 1761 1208 1783 aecum

465 1801 630 1845 quibusvis
661 1802 941 1845 derogatoriarum
970 1803 1206 1845 derogatoriis‚

464 1854 599 1898 aliisque
631 1855 866 1889 efficacioribus
904 1861 931 1888 et
956 1855 1091 1889 insolitis
1116 1856 1206 1890 clau-

464 1908 561 1948 sulis,
585 1919 622 1941 ac
643 1908 843 1941 irritantibus
871 1915 899 1942 et
926 1909 995 1942 aliis
1017 1909 1154 1943 decretis
1178 1910 1208 1943 in

465 1972 583 2002 genere
604 1962 651 1995 vel
673 1962 704 1994 in
729 1962 846 2006 specie.
868 1962 1115 2006 quomodolibet
1133 1974 1210 1996 con-

465 2015 572 2055 cessis,
600 2016 800 2049 confirmatis
825 2022 853 2049 ct
876 2016 1072 2060 approbatis.
1089 2016 1210 2055 Quibus

465 2068 616 2101 omnibus
629 2074 657 2102 et
679 2068 831 2111 singulis,
849 2069 975 2102 etiamsi
999 2080 1056 2113 pro
1079 2069 1208 2103 illorum

465 2121 635 2154 sufficienti
654 2122 877 2163 derogatione,
895 2123 934 2155 dc
948 2123 1009 2155 illis
1030 2133 1210 2167 eorumque

467 2175 540 2208 totis
562 2175 727 2208 tenoribus
744 2175 902 2220 specialis,
926 2177 1077 2220 spccilira
1101 2182 1132 2210 et
1158 2188 1210 2210 cx-

466 2239 574 2271 pressa
592 2227 714 2262 mentio
735 2229 882 2262 habenda
908 2235 1002 2269 esset,
1020 2229 1149 2262 illorum
1164 2235 1209 2263 te-

466 2292 571 2321 nores,
592 2281 815 2325 praesentibus
836 2293 894 2326 pro
911 2282 1068 2326 expressis
1090 2282 1211 2316 baben—

467 2341 522 2374 tes,
547 2335 606 2368 bac
626 2335 693 2368 vieo
718 2336 882 2369 ‹huutaxat
902 2336 1085 2380 specialiter
1109 2342 1135 2369 et
1159 2337 1229 2370 ex-³

466 2399 572 2431 presse
594 2388 799 2429 derogamus,
820 2389 1020 2433 eaeterisque
1041 2389 1211 2422 contrariis

467 2442 736 2486 ‹piilmscuuupist

512 2498 528 2536 ᾖ
554 2494 601 2528 ll.
627 2496 780 2528 Volumus
799 2501 918 2534 autem.
944 2502 974 2529 ut
994 2495 1209 2540 praesentium

468 2549 686 2592 transumptis,
711 2549 805 2582 etiam
829 2561 925 2583 manu
941 2549 1076 2583 alieuius
1094 2548 1209 2582 notarii

468 2602 586 2645 publici
607 2602 806 2646 subscriptis,
823 2609 853 2636 et
865 2603 970 2646 sigillo
984 2603 1119 2637 alieuius
1131 2614 1208 2647 per-

468 2665 565 2688 sonae
592 2654 622 2688 in
648 2655 803 2695 dignitate
824 2656 1037 2689 ecelesiastica
1053 2656 1210 2689 constitu-

1245 353 1357 386 eadem
1388 364 1522 397 prorsus
1557 353 1638 387 {ides
1657 354 1871 396 adhibeatur,
1905 366 1988 399 quae

1245 406 1389 450 ipsismet
1413 407 1638 451 praesentibus
1652 407 1872 450 adhiberetur,
1893 409 1919 442 si
1939 409 1988 441 so-

1243 465 1315 492 rent
1340 460 1500 494 exhibitae
1519 461 1567 493 vel
1593 466 1750 494 ostensae.

1287 513 1402 547 Datum
1424 514 1546 547 Romae
1567 514 1654 558 apud
1673 514 1824 548 Sanctum
1846 515 1988 549 Marcum

1244 567 1303 600 sub
1328 567 1449 600 annulo
1473 567 1657 607 Piscatoris‚
1681 567 1733 602 die
1763 579 1816 602 xxi
1845 568 1989 602 octobris

1244 629 1375 660 Mnxciv,
1403 620 1611 664 pontificatus
1631 621 1733 654 nostri
1753 631 1838 654 anno
1864 631 1912 655 111.

1281 681 1339 709 Dat.
1360 681 1403 709 die
1418 683 1448 709 Ἥ
1468 683 1573 710 octobr.
1594 683 1672 717 1594,
1692 683 1789 719 pontif.
1806 692 1851 711 an.
1867 690 1905 711 ui.

1600 854 1630 887 C.

1247 959 1458 1003 Confirmatio
1471 960 1722 994 ordinationum
1732 961 1989 1005 praefinitarum

1285 1033 1346 1066 pro
1373 1023 1453 1056 bono
1490 1023 1649 1067 reyimine
1680 1023 1815 1057 Ordinis
1844 1025 1988 1068 fratrum

1288 1085 1408 1118 Beatae
1424 1085 1552 1119 Mariae
1571 1085 1609 1119 cte
1622 1086 1764 1120 Mercede
1783 1087 1989 1131 Redemptio-

1288 1149 1342 1181 nis
1363 1149 1584 1192 Captivorum,
1611 1132 1722 1192 efpro
1741 1149 1894 1183 electione
1916 1140 1988 1183 miz-

1288 1212 1388 1255 yistri
1405 1211 1569 1255 qenai-alis
1593 1211 1739 1245 eiusdem
1758 1212 1778 1245 ¹.

1452 1302 1586 1330 clemens
1607 1302 1685 1336 Papa
1704 1302 1785 1336 VIII,

1373 1355 1409 1382 ad
1424 1358 1600 1390 perpetuam
1615 1355 1660 1383 rei
1675 1355 1858 1383 memoriam.

1288 1427 1328 1461 lis
1349 1437 1431 1471 quae
1456 1437 1515 1470 pro
1539 1426 1623 1459 felici
1654 1426 1854 1469 regularium
1880 1437 1991 1471 perso-

1244 1490 1357 1513 narum
1372 1484 1466 1520 statu,
1483 1485 1514 1513 et
1534 1479 1663 1513 illorum
1677 1479 1796 1513 salubri
1812 1478 1990 1514 directione

1244 1533 1376 1578 provide
1393 1539 1511 1566 statuta
1529 1533 1758 1577 comperimus,
1781 1538 1818 1566 ut
1844 1532 1990 1567 firmiora

1243 1587 1427 1626 subsistant,
1445 1593 1476 1620 et
1490 1592 1647 1631 perpetuo
1664 1586 1778 1621 suturis
1791 1587 1991 1631 temporibus

1244 1640 1477 1681 observentur,
1508 1639 1764 1674 confirmationis
1790 1640 1989 1685 apostolicae

1243 1694 1345 1728 robur
1363 1694 1500 1727 libenter
1520 1693 1702 1735 adiicimus,
1725 1699 1823 1738 prout
1843 1693 1988 1738 ipsorum

1245 1748 1471 1790 religiosorum
1491 1753 1564 1781 rota
1583 1753 1771 1791 exposcunt,
1793 1753 1823 1781 et
1836 1758 1894 1782 nos
1912 1758 1990 1782 con-

1244 1801 1399 1845 spicimus
1420 1801 1450 1834 in
1471 1800 1610 1834 Domino
1630 1800 1791 1845 expedire.

1290 1856 1306 1897 ξ
1326 1854 1355 1887 l.
1376 1856 1459 1889 Sane
1479 1854 1587 1888 dilecti
1608 1853 1665 1886 filii
1687 1853 1840 1896 magister
1856 1865 1989 1898 genera-

1245 1908 1282 1942 lis
1309 1915 1339 1941 et
1361 1908 1548 1942 definitores
1567 1907 1696 1941 Ordinis
1716 1908 1850 1941 fratrum
1870 1908 1988 1942 Beatae

1244 1962 1360 1996 Mariae
1387 1962 1425 1995 de
1452 1962 1598 1996 Mercede
1617 1961 1860 2005 liedemptionis
1885 1961 1988 2006 Capti-

1245 2027 1356 2050 vorum
1384 2016 1478 2050 nobis
1500 2016 1615 2060 exponi
1638 2016 1793 2056 fecerunt,
1813 2016 1905 2060 ‘quod
1930 2026 1990 2049 nu-

1245 2081 1302 2114 per
1323 2069 1353 2102 in
1381 2070 1522 2114 capitulo
1547 2069 1688 2112 generali
1710 2069 1786 2103 dicti
1811 2069 1940 2104 Ordinis
1956 2070 1989 2103 in

1245 2122 1378 2155 eeclesia
1393 2122 1580 2155 monasterii
1592 2122 1698 2155 Sancti
1721 2121 1888 2165 Augustini
1905 2121 1990 2156 eius-

1245 2175 1317 2207 dem
1339 2174 1467 2208 Ordinis
1487 2175 1518 2208 in
1530 2175 1651 2219 oppido
1665 2175 1704 2208 de
1717 2175 1900 2220 Calatayud‚
1915 2175 1990 2209 Tar-

1245 2228 1431 2262 raconensis
1451 2229 1617 2267 dioecesis,
1634 2239 1718 2262 anno
1732 2229 1878 2273 proxime
1897 2239 1990 2273 prae-

1247 2282 1352 2321 terito,
1382 2293 1454 2316 cum
1470 2282 1649 2316 assistentia
1670 2283 1863 2316 venerabilis
1883 2283 1990 2317 fratris

1246 2335 1345 2369 nostri
1366 2335 1550 2380 ldelpbonsi
1569 2335 1802 2379 archiepiscopi
1816 2335 1989 2370 Caesarau-

1245 2389 1370 2430 gustani
1396 2389 1426 2422 in
1449 2389 1564 2422 codem
1590 2388 1731 2433 capitulo
1753 2389 1986 2433 praesidentis,

1245 2442 1420 2486 apostolica
1433 2442 1623 2476 auctoritate
1642 2442 1797 2486 deputati,
1813 2442 1986 2484 celebrato,

1246 2496 1285 2529 :ul
1317 2495 1460 2530 eiusdem
1487 2495 1615 2529 Ordinis
1640 2495 1790 2540 illiusque
1820 2496 1988 2540 religioso-

1284 2561 1445 2603 1⁵Nonnulla
1459 2575 1493 2603 de
1507 2576 1558 2603 hoc
1574 2575 1682 2610 Ordine,
1698 2575 1758 2603 vide
1779 2576 1805 2603 in
1821 2580 1908 2605 const.
1924 2582 1989 2611 xut,

1245 2619 1367 2656 Gregorii
1383 2619 1426 2655 tx,
1451 2624 1521 2656 quae
1544 2619 1651 2656 incipit:
1670 2621 1852 2656 Deuotionis,
1868 2625 1933 2650 tom.
1947 2627 1990 2658 iu,

1246 2672 1306 2701 pag.
1324 2664 1385 2692 11⁸5.

2002 251 2052 280 An.
2068 252 2097 281 c.
2110 253 2128 281 71
2154 251 2187 292 ³2³

2031 1433 2156 1456 Exordium:

2038 1862 2118 1885 onum
2132 1853 2134 1855 ’
2156 1861 2163 1889 ζ

2003 1890 2137 1938 ίιιΐτςιιεῶἱίμι
2144 1892 2162 1921 )

2003 1923 2129 1993 {iffi—mitae
2149 1939 2164 1959 ³¹1
