2253 3195
23 74 71 100 An.
89 73 118 100 C.
136 71 204 99 1596

45 502 88 522 Non
100 501 200 522 obstanti-

18 529 57 550 bus
71 528 145 549 litteris
162 528 202 548 Eu-

19 555 73 581 xenii
90 557 108 575 ut
124 555 202 575 Leonis

18 581 141 603 Pontificum
161 581 202 602 Ro-

19 614 133 629 manorum.

162 1193 169 1196 ”
217 1185 382 1219 bedientes
411 1185 713 1223 excommunicare,
739 1192 769 1219 et,
796 1196 814 1218 a
847 1186 961 1219 divinis

842 70 988 95 CLEMENS
1008 70 1064 93 Vlll
1087 71 1136 93 PP.

215 120 289 153 stito
327 119 501 153 summarie
540 125 568 152 et
604 119 887 153 extraiudicialiter
920 120 958 151 de

216 183 280 206 non
307 178 373 205 tuto
395 173 433 205 ad
455 183 509 205 eos
529 184 675 213 accessu,
701 173 738 205 ad
761 172 958 205 satisfacien-

216 226 291 258 dum
319 226 358 258 dc
379 236 491 258 eorum
515 226 650 265 debitis,
675 232 702 258 et
729 226 957 269 praestandum

216 289 264 320 ea,
279 279 318 312 ad
336 290 418 322 quae
438 290 496 322 pro
518 285 662 323 tempore
684 280 879 312 tenebuntur
893 289 960 311 mo-

216 342 292 364 nere
321 338 350 364 et
381 332 490 366 citare.
522 334 565 365 Ac
593 333 714 365 litteras
739 342 960 375 quascumque

217 385 449 418 remissoriales
469 391 499 418 et
516 385 791 428 compulsoriales,
818 390 879 417 tam
901 395 957 426 ge-

217 440 343 473 nerales
370 449 465 482 quam
494 439 666 481 speciales,
693 439 747 471 ubi
778 444 809 471 et
837 438 961 481 quoties

218 503 298 537 opus
323 491 428 532 suerit,
453 492 585 524 arbitrio
607 497 661 525 tuo
691 492 875 525 decernere.
899 492 960 524 Nec

219 546 314 580 etIam
345 545 377 577 in
406 545 469 577 vim
496 545 732 578 constitutionis
758 544 961 586 Eugeuianae

217 599 249 631 in
268 599 407 631 favorem
429 598 599 631 curialium
621 603 800 635 emanatae,
824 609 860 631 ac
882 599 960 630 Leo-

217 652 324 692 ninae,
348 657 378 685 et
404 651 635 695 cuiuscumque
656 652 740 685 illius
770 651 961 684 extensionis

216 705 375 739 inhibere.
390 706 434 738 Ac
445 705 628 744 monitoria,
644 705 809 738 citationes
830 711 858 738 et
880 705 961 737 inhi-
978 716 979 731 t

216 759 354 792 bitiones
375 759 415 792 ad
435 764 542 802 partes
563 759 658 791 etiam
680 770 738 802 per
768 759 872 792 simile
893 759 960 792 edi-

217 819 302 846 ctum
324 814 510 851 decernere,
531 823 585 846 eos
603 823 732 856 quoque
753 818 911 845 arrestare
932 819 959 845 et

217 876 393 906 carcerare,
416 876 452 898 ac
471 865 496 898 si
517 865 573 898 tibi
591 865 767 903 videbitur,
791 876 962 908 quascum-

217 931 280 964 que
312 930 434 963 poenas
465 930 501 952 ac
533 920 667 952 mulctas
698 919 795 952 simili
828 920 960 952 arbitrio

217 973 378 1006 dimittere
401 978 431 1005 et
454 972 608 1011 relaxare,
632 982 668 1004 ac
688 982 748 1015 pro
769 973 960 1005 delictorum

217 1031 247 1059 et
260 1036 458 1066 excessuum,
475 1036 602 1058 necnon
620 1025 791 1058 criminum
806 1027 961 1069 qualitate

217 1079 262 1113 eis
282 1090 339 1123 per
365 1085 394 1112 te
419 1085 556 1122 tuosque
587 1080 842 1112 locumtenentes
872 1079 958 1112 inssi-

217 1142 293 1175 gere
313 1137 344 1165 et
363 1132 542 1176 imponere.
559 1132 690 1165 Necnon
711 1132 868 1175 quoslibet
893 1133 961 1165 ino-

216 1239 414 1282 suspendere
429 1266 436 1279 ,
465 1238 659 1281 generaliter
696 1239 744 1271 vel
780 1239 981 1282 specialiter*

218 1293 432 1331 interdicere,
463 1304 499 1325 ac
525 1293 721 1333 sententias,
751 1304 902 1327 censuras
933 1288 981 1326 et3

216 1356 337 1390 poenas
358 1346 588 1379 ecclesiasticas
609 1357 667 1390 per
694 1353 723 1380 te
744 1353 772 1379 et
799 1347 959 1380 locumte-

217 1405 328 1432 nentes
346 1404 418 1432 tuos
438 1409 496 1443 pro
517 1405 662 1443 tempore
682 1400 773 1439 latas,
789 1400 885 1432 etiam
906 1400 963 1433 ite-
980 1412 982 1422 ³

217 1452 294 1485 ratis
313 1452 436 1485 vicibus
450 1462 634 1495 aggravare.
659 1453 694 1485 Et
714 1453 800 1496 quod
821 1464 838 1485 a
858 1459 898 1494 te,
915 1455 962 1486 vel

218 1505 512 1539 locumtenentibus
532 1505 705 1549 praedictis
732 1517 791 1550 pro
818 1512 963 1550 tempore

218 1559 504 1599 excommunicati,
529 1570 585 1592 seu
607 1559 700 1592 aliter
720 1561 879 1593 censurati
895 1588 902 1601 ,
924 1561 962 1593 ab

218 1612 298 1653 aliis,
313 1623 409 1656 quam
422 1623 439 1644 a
457 1618 487 1645 te
504 1613 552 1646 vel
566 1612 860 1646 locumtenentibus
872 1625 963 1657 prae-

218 1665 321 1705 dictis,
346 1665 441 1698 etiam
464 1665 503 1698 de
520 1665 660 1709 partium
679 1676 847 1705 consensu,
872 1678 962 1710 prae-

219 1724 364 1762 terquam
397 1718 428 1751 in
461 1718 573 1751 mortis
603 1719 739 1752 articulo
774 1720 937 1752 constituti
954 1748 959 1757 ,

219 1771 339 1805 absolvi
365 1782 429 1804 non
452 1771 596 1815 possint,
621 1772 660 1805 ad
681 1772 867 1805 evitandum
899 1758 982 1806 col-¹

219 1824 360 1858 lusiones
380 1830 530 1857 statuere,
552 1825 588 1857 Et
605 1836 677 1858 cum
697 1825 753 1857 tibi
774 1825 876 1858 visum
898 1826 964 1859 fue-

219 1878 260 1911 rit
273 1878 434 1922 expedire,
451 1879 711 1919 communitates,
728 1879 961 1920 universitates,

219 1932 370 1974 collegia,
395 1931 534 1975 capitula
555 1938 585 1965 et
611 1943 765 1975 personas
786 1943 961 1976 quoscum-

219 1996 282 2029 que
297 2012 304 2025 ,
328 1996 345 2017 a
366 1985 530 2029 quibusvis
555 1986 740 2026 sententiis,
768 1987 911 2020 censuris
936 1994 962 2020 ct

220 2038 332 2082 poenis
347 2066 354 2079 ,
383 2049 418 2071 ac
451 2038 578 2071 mulctis
599 2039 843 2078 ecclesiasticis,
866 2040 962 2083 spiri·
982 2074 984 2084 ἱ

220 2091 359 2124 tualibus
382 2092 428 2124 vel
455 2092 687 2134 temporalibus
707 2102 765 2135 per
782 2092 860 2125 alios
880 2093 966 2126 vide-

220 2145 306 2185 licet,
331 2155 427 2188 quam
449 2155 506 2188 per
535 2151 562 2177 te
590 2151 621 2178 et
648 2151 734 2177 tuam
764 2146 886 2178 curiam
917 2146 984 2181 in-,

221 2197 325 2238 ssictis,
349 2197 380 2229 in
402 2198 515 2230 diebus
538 2198 743 2242 paschalibus
764 2204 794 2231 et
815 2195 984 2237 natalitiisi

221 2262 294 2284 cum
310 2251 520 2285 reincidentia
540 2252 715 2292 absolvere,
732 2263 790 2286 nec
811 2263 875 2285 non
896 2264 967 2286 sen-

221 2304 347 2345 tentias,
371 2315 522 2338 censuras
542 2311 573 2338 et
593 2316 734 2349 poenas,
759 2318 794 2339 ac
828 2307 964 2339 mulctas
983 2319 985 2347 ¹,

222 2357 418 2399 huiusmodi,
436 2364 466 2391 et
486 2370 710 2403 quaecumque
732 2360 903 2393 interdieta
916 2371 967 2393 su-
983 2351 985 2392 i

221 2412 390 2455 spendere,
414 2413 527 2446 tollere
547 2418 577 2446 et
598 2413 642 2446 eis
663 2414 815 2446 relaxare.
837 2414 985 2457 Necnon¹

222 2465 435 2508 obligationes
455 2465 487 2499 in
506 2466 609 2500 forma
626 2467 787 2507 Gamerae,
803 2467 898 2500 etiam
911 2478 968 2511 per
984 2467 985 2470 ’

994 124 1130 151 mortem
1153 117 1318 155 debitoris,
1343 117 1448 160 quoad
1476 116 1559 148 illius
1580 116 1664 148 bona
1687 123 1734 147 ta-

996 182 1066 203 men
1086 172 1181 204 ntiam
1198 182 1254 214 per
1274 170 1356 203 viam
1379 169 1617 203 ‹ronfisvationis
1639 169 1736 201 debiti

995 237 1051 268 pei·
1072 225 1211 267 aliquem
1232 236 1266 256 cx
1293 223 1556 267 procuratoribus
1578 222 1607 254 in
1630 222 1735 265 quali-

996 278 1044 311 bet
1078 278 1275 317 obligatione
1307 276 1487 310 constitutis
1526 288 1614 309 more
1645 277 1738 310 solito

997 331 1152 370 facienda,
1177 337 1205 363 et
1231 331 1423 363 haeredibus
1451 331 1592 372 legitime
1614 330 1736 367 vitatis,

996 395 1051 416 seu
1072 384 1149 416 alias
1170 384 1303 416 arbitrio
1322 390 1375 416 tuo
1394 384 1527 427 exequi,
1551 390 1580 416 et
1601 395 1741 427 exequu-

997 437 1074 469 tioni
1111 437 1297 470 demandari
1330 438 1443 470 sarcre.
1477 438 1511 469 Et
1544 438 1740 479 generaliter

997 490 1103 522 omnia
1124 496 1154 523 ct
1171 490 1306 532 singula,
1328 501 1410 533 quac
1428 491 1468 523 ad
1489 490 1629 523 officium
1651 491 1740 523 autli-

997 544 1073 576 toris
1094 554 1262 576 causarum
1280 544 1391 576 Curiae
1404 544 1588 576 huiusmodi
1601 544 1639 576 de
1658 544 1737 581 iure,

996 598 1043 630 vel
1065 608 1101 629 ex
1119 597 1299 641 privilegio,
1324 602 1378 630 aut,
1397 608 1467 637 usu,
1491 608 1547 629 seu
1568 597 1693 634 litteris,
1711 604 1737 629 et

996 651 1226 683 consiwtudine
1249 650 1420 693 praedictis
1440 650 1517 682 olim
1539 651 1737 693 spectabant,

996 709 1026 736 ct
1047 714 1128 747 quae
1151 704 1206 740 itti,
1222 703 1275 746 qui
1290 714 1346 747 pro
1364 709 1507 747 tempore
1525 704 1651 736 fuerunt
1667 715 1741 735 cau-

996 768 1102 789 sarum
1135 757 1247 789 Curiae
1277 756 1462 789 huiusmodi
1492 756 1677 795 auditores,
1706 769 1740 789 ex

997 811 1156 843 concessis
1184 811 1229 843 eis
1256 811 1461 844 facultatibus
1487 812 1591 844 facere
1623 816 1653 843 et
1680 811 1738 843 dc-

996 875 1140 901 cerneie,
1165 864 1330 902 mandare,
1355 870 1506 903 statuere,
1533 864 1682 897 ordinare
1712 870 1739 896 ct

997 917 1109 960 exequi
1131 917 1375 960 quomodolibet
1397 922 1557 960 poterant,
1581 928 1637 950 seu
1659 927 1739 950 con-

997 976 1175 1007 sueverant,
1200 972 1318 1011 facere,
1343 970 1461 1009 dicere,
1486 970 1650 1010 mandare,
1675 976 1739 1003 sta-

999 1030 1104 1063 tuere,
1133 1024 1285 1057 ordinare
1306 1030 1336 1056 et
1361 1023 1474 1067 exequi
1496 1024 1620 1061 valeas,
1645 1024 1739 1056 habi-

998 1077 1059 1110 turi
1080 1083 1166 1110 ratos
1193 1084 1224 1110 et
1244 1082 1352 1119 gratos
1373 1087 1540 1120 processus
1565 1082 1593 1109 et
1616 1082 1743 1109 sentcn—

999 1131 1066 1171 tias,
1091 1141 1169 1173 quas
1191 1135 1223 1162 tu
1249 1135 1279 1163 et
1310 1130 1566 1162 locumtenentcs
1588 1129 1632 1162 tui
1650 1140 1743 1173 prac-

997 1183 1071 1216 dicti
1094 1193 1152 1226 pro
1175 1189 1320 1226 tempore
1350 1183 1523 1215 habuerint
1547 1188 1577 1215 et
1600 1183 1740 1222 tulerint,

997 1248 1032 1270 ac
1058 1237 1183 1280 reliqua
1203 1237 1323 1277 onmia,
1344 1247 1426 1279 quae
1448 1237 1479 1269 in
1500 1236 1698 1279 praemissis,
1716 1242 1743 1269 et

998 1290 1082 1324 circa
1102 1302 1149 1330 ea,
1178 1296 1230 1323 aut
1255 1290 1423 1333 quodlibet
1449 1300 1561 1323 eorum
1588 1290 1719 1322 fecerint
1735 1318 1742 1329 ,

979 1334 1153 1383 *dixerinss
1179 1344 1423 1381 mandaverint,
1448 1344 1617 1376 statuerint
1639 1349 1670 1377 et
1690 1355 1743 1377 or-

999 1398 1188 1437 dinaverint,
1209 1408 1245 1430 ac
1266 1397 1381 1430 facturi
1406 1408 1443 1429 ea
1463 1397 1588 1437 onmia,
1614 1403 1745 1431 auctore

998 1451 1144 1491 Domino,
1160 1451 1199 1484 ab
1214 1451 1364 1484 omnibus
1378 1461 1479 1494 usque
1497 1451 1536 1483 ad
1551 1450 1742 1483 satisfactio-

998 1516 1071 1538 nem
1093 1505 1287 1547 condignam
1309 1504 1538 1537 inviolabiliter
1563 1505 1741 1537 observari.

1043 1560 1058 1601 ξ
1080 1558 1110 1591 4.
1132 1560 1276 1601 Insuper,
1293 1558 1414 1591 eisdem
1429 1558 1620 1591 auctoritate
1642 1564 1669 1591 et
1689 1569 1745 1601 po-
1761 1565 1850 1606 ww·
1863 1565 1945 1605 fipsnjn

999 1612 1118 1645 testatis
1139 1611 1356 1655 plenitudine,
1380 1617 1444 1644 tam
1470 1611 1584 1644 litteris
1604 1611 1676 1644 Iulii
1696 1612 1741 1649 ll,
1762 1622 1801 1661 m}
1848 1647 1854 1658 x
1897 1620 1923 1658 μ’

998 1666 1111 1699 Leonis
1125 1666 1158 1704 X,
1169 1665 1373 1708 aliorumque
1387 1665 1672 1708 praedecessorum
1687 1665 1745 1697 hu-
1760 1659 1810 1715 *Cgh
1824 1703 1826 1715 Ι
1840 1675 1879 1715 ᾗῇ

980 1747 981 1750 ,
999 1719 1150 1757 iusmodi,
1174 1730 1269 1763 quam
1293 1719 1401 1753 onmia
1419 1724 1448 1752 et
1470 1719 1595 1761 singula
1616 1719 1746 1763 privile·
1762 1730 1778 1743 ²¹¹
1807 1739 1810 1742 <

999 1774 1060 1816 gia,
1082 1773 1221 1812 indulta,
1246 1773 1429 1813 facultates,
1454 1772 1692 1806 iurisdictiones
1717 1779 1747 1806 et

999 1827 1118 1870 gratias
1139 1827 1245 1860 officio
1266 1827 1466 1860 auditoratus
1487 1832 1515 1859 et
1544 1826 1746 1859 auditoribus

999 1881 1169 1925 praedictis
1190 1880 1435 1924 quomodolibet
1448 1890 1609 1920 concessa,
1624 1891 1660 1913 ac
1672 1891 1743 1913 cum

1000 1934 1151 1967 omnibus
1172 1939 1202 1966 et
1223 1933 1358 1974 singulis
1373 1933 1404 1966 in
1419 1933 1463 1966 eis
1485 1933 1643 1965 contentis
1660 1933 1746 1965 clau-

999 1988 1088 2025 sulis,
1109 1987 1251 2029 singulas
1265 1987 1404 2030 denique
1425 1987 1565 2030 desuper
1585 1987 1747 2019 confectas

1000 2041 1134 2077 litteras,
1159 2050 1298 2083 quorum
1323 2039 1469 2072 omnium
1492 2045 1521 2071 et
1548 2039 1747 2081 singularum

1001 2094 1181 2126 litterarum
1200 2092 1638 2137 praedictarumhuiusmodi
1659 2097 1749 2125 teno-

1001 2157 1062 2187 res,
1079 2158 1114 2178 ac
1128 2147 1153 2179 si
1173 2147 1211 2179 de
1233 2146 1331 2179 verbo
1352 2147 1390 2178 ad
1412 2146 1544 2178 verbnm
1568 2145 1748 2178 insereren-

1003 2206 1064 2241 tur,
1088 2200 1210 2243 pariter
1230 2200 1454 2243 praesentibus
1474 2199 1586 2232 haberi
1601 2199 1749 2232 volumus

1001 2265 1060 2297 pro
1081 2254 1247 2297 expressis,
1264 2248 1460 2286 'auctoritate
1481 2259 1510 2286 et
1531 2258 1642 2285 tenore
1654 2263 1748 2296 prae-

1001 2307 1105 2345 dietis,
1130 2307 1359 2350 approbamus,
1384 2306 1615 2339 confirmamus
1637 2312 1665 2339 et
1691 2306 1743 2338 in-

1001 2371 1167 2398 novamus,
1197 2371 1232 2393 ac
1253 2366 1429 2404 perpetuae
1460 2359 1620 2392 firmitatis
1648 2359 1748 2392 robur

1001 2414 1168 2452 obtinere,
1193 2419 1222 2446 et
1245 2413 1472 2446 inviolabiliter
1497 2413 1661 2446 observari
1691 2413 1746 2446 de-

1002 2468 1078 2501 bere
1099 2467 1325 2509 decernimus,
1350 2467 1469 2511 illaque
1496 2467 1604 2501 omnia
1626 2473 1656 2500 et
1681 2467 1746 2501 sin-

1642 56 1706 89 0285
1754 66 1801 92 Αη.
1820 66 1847 92 c.
1870 67 1937 93 msto
