2253 3195
61 233 109 260 Αη.
127 234 156 260 C.
174 233 241 261 ¹599

60 295 121 317 nibus
159 295 242 320 tampi-i-
259 281 438 315 etiustitiae
451 282 538 315 cultu
556 283 736 323 confovere,
762 293 798 316 ac
819 293 877 316 nos
898 283 1000 316 etRo-

61 322 107 343 ‹leni
140 322 243 347 expressis

61 348 163 370 concedit.

16 485 19 497 0
16 431 21 456 -u-
17 187 25 410 ——W—‚-

3 1325 7 1360 ἓ
14 1336 15 1339 ,

2 1364 6 1402 l

872 234 1019 258 CLEMENS
1039 235 1096 258 VIII
1118 235 1167 258 Pt‘.

259 345 387 367 manain
403 335 588 375 Ecclesiam,
602 336 700 380 ipsius
720 336 809 378 regni
835 347 891 380 per
908 347 999 380 prae-

259 389 362 421 claros
381 395 408 421 et
431 389 570 422 directos
591 390 740 422 dominos
757 390 764 406 ¹
786 396 876 432 grata
896 391 995 423 devo-

260 442 345 475 tione
367 448 396 475 ct
415 442 477 475 side
495 443 618 476 sincera
640 454 882 484 recognoscere,
907 454 998 476 maii-

258 495 332 528 dato
352 496 589 539 procurationis
619 496 717 539 ipsius
745 496 883 539 Philippi
915 496 999 538 regis

258 549 444 582 huiusmodi
466 549 593 593 publice
608 555 637 582 et
659 550 721 582 alta
743 559 818 581 voce
840 549 870 581 in
886 549 997 582 eadem

258 603 508 645 congregatione
530 603 684 646 perlecto,
709 609 738 635 et
760 602 932 644 diligenter
953 603 999 635 in-

257 662 366 699 specto
387 667 422 689 ac
449 657 674 696 considerato,
703 667 738 689 ac
768 656 877 689 habita
903 667 999 700 super

258 709 295 742 iis
327 720 398 742 eum
429 709 549 742 eisdem
582 709 821 742 venerabilibus
848 710 998 743 fratribus

256 763 372 795 nostris
384 762 413 799 S.
428 763 463 796 R.
483 763 514 795 E.
533 763 750 796 cardinalibus
764 763 792 795 iii
807 763 998 796 consistorio

255 821 366 849 nostro
397 822 544 855 secreto,
569 823 599 849 et
619 816 736 849 deinde
765 817 859 849 etiam
882 817 913 849 in
937 817 998 850 alia

254 870 351 902 simili
366 870 618 912 congregatione
633 870 788 912 generali,
806 871 844 902 ad
867 870 927 903 hoc
942 881 998 903 no—

256 923 403 956 minatim
425 923 534 956 habita
555 923 585 955 in
607 923 725 967 palatio
743 929 853 956 nostro
871 930 999 967 aposto-

255 976 317 1009 lico
332 976 362 1009 in
374 977 537 1016 Vaticano,
555 977 787 1010 deliberatione
802 983 938 1016 matura,
959 978 998 1011 de

255 1030 398 1073 ipsorum
421 1031 553 1064 fratrum
575 1036 760 1064 nostrorum
782 1031 916 1064 consilio
937 1042 995 1076 pa—

255 1084 334 1117 riter
354 1089 385 1117 et
402 1095 544 1123 assensu,
562 1090 592 1117 ct
609 1094 645 1117 ex
666 1090 753 1117 certa
772 1090 883 1117 nostra
896 1085 997 1118 scien-

259 1137 311 1176 tia,
332 1143 358 1170 et
382 1137 420 1170 de
441 1137 637 1180 apostolieae
661 1138 828 1181 potestatis
852 1138 995 1181 plenitu-

256 1190 342 1230 dine,
360 1191 391 1223 in
406 1190 537 1223 nomine
549 1191 661 1231 Patris,
677 1196 705 1224 et
724 1191 805 1231 Filii,
821 1197 852 1224 et
864 1192 999 1235 Spiritus

255 1244 380 1283 Sancti,
415 1244 634 1277 obedientiam
663 1245 702 1277 ab
724 1245 837 1278 eodem
859 1246 998 1278 Antonio

255 1298 336 1330 duce
349 1303 380 1330 et
392 1304 612 1341 procuratore,
629 1298 760 1331 nomine
780 1299 914 1342 proprio
927 1299 1000 1332 Phi-

255 1351 333 1395 lippi
348 1351 441 1393 regis,
455 1351 548 1384 nobis
561 1362 596 1384 ac
608 1352 721 1385 Sediet
734 1352 893 1386 Ecclesiae
904 1363 998 1396 prae-

255 1405 359 1443 dictis,
380 1411 415 1438 ut
434 1405 661 1449 praemittitur,
679 1405 875 1449 praestitam,
900 1405 995 1438 item—

255 1469 317 1502 que
340 1458 525 1499 homagium
545 1464 576 1492 et
596 1458 812 1492 iuramentum
834 1458 998 1493 fidelitatis

255 1511 440 1544 huiusmodi
468 1511 551 1544 laeto
572 1517 668 1555 atque
692 1511 785 1545 hilari
807 1512 915 1545 animo
936 1513 995 1546 ad-

256 1565 429 1605 mittimus,
462 1576 498 1598 ae
530 1576 666 1608 regnum
696 1566 796 1610 ipsius
818 1566 946 1600 Siciliae
967 1574 995 1600 et

254 1619 453 1652 llieriisalem
468 1630 540 1652 cum
557 1625 622 1653 tota
642 1625 728 1653 terra
739 1620 904 1664 praedicta
918 1621 996 1654 citra

255 1671 393 1705 Pharum
408 1683 509 1716 usque
524 1673 563 1706 ad
577 1672 717 1706 confinia
737 1679 896 1706 terrarum
915 1673 997 1707 eius-

255 1725 327 1760 dem
349 1726 508 1760 Ecclesiae
537 1726 700 1759 Romanae
733 1728 877 1771 (excepta
897 1738 993 1771 prae-

255 1779 340 1813 dicta
362 1780 489 1813 civitate
512 1780 734 1813 Beneventana
752 1791 824 1813 cum
847 1781 914 1814 eius
936 1787 997 1814 ter-

254 1833 387 1873 ritorio,
410 1834 568 1874 districtu,
592 1840 621 1867 ct
638 1834 840 1878 pertinentiis
860 1845 919 1878 per
938 1845 996 1869 iios

254 1898 311 1920 seu
341 1898 398 1931 per
426 1888 589 1920 Romanos
615 1887 786 1921 Pontifices
817 1898 854 1920 ac
883 1899 994 1921 eorum

255 1938 379 1979 incolis,
408 1949 503 1982 quam
534 1949 603 1977 nos,
627 1945 723 1982 prout
743 1939 828 1972 illam
850 1939 909 1973 sibi
931 1941 993 1973 du-

256 1991 332 2024 dum
354 1992 519 2035 praedicta
540 1992 681 2025 Ecclesia
702 1992 883 2036 specialiter
913 1994 992 2026 reti-

255 2044 325 2078 nuit
344 2050 375 2078 et
395 2045 576 2086 reservavit,
601 2045 716 2079 harum
738 2046 820 2079 serie
842 2047 934 2080 nobis
966 2054 995 2081 et

255 2099 359 2132 eidem
385 2099 544 2133 Ecclesiae
565 2099 748 2143 specialiter
779 2104 994 2145 reservamus)

255 2152 340 2186 dicto
360 2152 508 2196 Philippo
528 2153 595 2195 regi
616 2163 675 2196 pro
695 2164 739 2193 se,
763 2154 893 2198 suisque
913 2155 992 2188 hae-

254 2206 385 2239 redibus
405 2211 436 2239 et
453 2206 692 2239 successoribus
713 2207 892 2249 Aragoniae
913 2209 995 2251 regi-

254 2259 335 2298 bus,
359 2264 423 2292 tam
445 2258 595 2291 masculis
615 2269 711 2302 quam
733 2259 880 2292 foeminis
901 2271 936 2293 cx
958 2271 995 2294 eo

255 2317 342 2344 recta
361 2311 445 2344 linea
466 2311 756 2351 descendentibus,
777 2313 859 2345 natis
879 2318 909 2346 et
934 2324 992 2346 na-

255 2364 392 2405 scituris,
421 2375 457 2397 ac
474 2364 544 2398 aliis
564 2364 711 2408 personis
731 2365 761 2397 in
780 2366 996 2399 concessioni-

254 2417 314 2450 bus
334 2417 500 2461 utriusque
520 2418 590 2451 Iulii
612 2424 643 2452 et
665 2418 779 2452 Leonis
800 2420 992 2462 praedeces-

254 2481 364 2504 sorum
391 2471 578 2505 huiusmodi
608 2472 866 2516 comprehensis,
888 2478 916 2506 et
940 2484 997 2517 pei·

255 2534 308 2556 eas
338 2524 472 2565 vocatis,
498 2525 528 2557 in
555 2525 683 2558 seudum
714 2531 905 2569 perpetuum
937 2537 995 2570 pro

254 2577 349 2610 solito
362 2588 470 2612 annuo
491 2589 588 2612 censu
605 2584 727 2623 septem
751 2580 837 2613 mille
858 2580 993 2613 ducato-

292 2640 303 2666 1
325 2639 378 2666 Sic.

1035 293 1104 315 rum
1135 282 1288 315 similium
1321 288 1349 315 ct
1373 282 1466 316 unius
1493 283 1674 326 parati-aeni
1696 283 1771 323 albi,

1034 341 1067 368 ut,
1086 336 1275 379 praefertur,
1299 336 1463 377 solveiidO,
1478 347 1514 369 ac
1534 336 1592 368 sub
1610 336 1772 369 conditio-

1034 389 1149 427 nibus,
1183 389 1286 421 modis
1308 395 1338 421 et
1359 389 1482 429 formis,
1515 389 1750 422 adiectionibus
1765 417 1772 430 ‚

1033 443 1194 481 clausulis,
1219 443 1372 482 cautelis,
1395 443 1612 476 voluntatibus
1633 450 1662 475 et
1683 443 1773 476 ordi-

1034 496 1218 529 nationibus
1252 496 1283 528 in
1309 497 1422 529 litteris
1449 497 1618 540 utriusque
1649 497 1720 530 lulii
1746 503 1777 530 et

1034 549 1241 582 concessione
1271 550 1384 582 Leonis
1407 551 1692 593 praedecessorum
1714 551 1774 584 hu-

1034 603 1171 635 iusmodi
1193 603 1350 636 contentis
1376 606 1528 647 (quarum
1552 605 1774 638 remissionem

1034 665 1090 698 per
1109 655 1222 688 Sedem
1245 656 1441 699 praedictam
1463 657 1576 689 saetam
1599 657 1692 691 fuisse
1710 668 1775 691 non

1033 709 1215 752 apijiarebit)
1234 709 1322 742 omni
1345 710 1482 749 meliori,
1504 721 1567 754 quo
1588 721 1771 754 possumus,

1035 762 1131 794 modo
1152 762 1360 795 concedimus
1392 768 1421 795 et
1447 764 1637 805 elargimur;
1661 775 1697 797 ac
1718 776 1771 798 re-

1033 825 1130 857 gnum
1151 815 1253 859 ipsum
1276 816 1688 860 praedictoPhilipporegi,
1707 829 1775 851 mo-

1034 869 1074 902 do
1088 874 1119 902 et
1133 869 1235 902 forma
1248 869 1442 913 praemissis,
1457 869 1670 911 intendamus,
1687 882 1776 904 eum-

1034 933 1096 966 que
1115 923 1152 955 de
1175 923 1246 963 itto,
1269 934 1327 966 per
1352 923 1451 966 ipsius
1472 924 1601 956 Antonii
1630 925 1720 957 ducis
1740 936 1776 958 ac

1034 976 1252 1019 procuratoris
1273 977 1312 1009 ad
1333 977 1478 1009 osculum
1499 977 1616 1020 pedum
1643 984 1772 1011 nostro—

1033 1040 1104 1062 rum
1126 1029 1367 1070 admissionem,
1392 1029 1591 1063 investimus.

1078 1083 1093 1125 §
1119 1081 1149 1115 6.
1182 1083 1331 1116 Volentes
1352 1089 1381 1116 et
1410 1083 1611 1117 intendentes
1632 1090 1664 1118 ut
1693 1085 1775 1118 infra

1034 1144 1154 1166 annum
1185 1145 1202 1166 a
1234 1135 1307 1167 data
1337 1135 1554 1178 praesentium
1585 1142 1775 1179 computan-

1035 1187 1134 1227 dum,
1169 1187 1253 1220 idem
1283 1187 1450 1231 Philippus
1482 1198 1535 1220 rex
1568 1189 1773 1232 privilegium

1033 1251 1126 1273 suum
1148 1241 1235 1273 bulla
1256 1251 1352 1273 aurea
1371 1241 1540 1281 bullatum,
1562 1242 1593 1274 in
1614 1253 1678 1286 quo
1699 1254 1774 1286 pro-

1035 1294 1104 1338 prio
1129 1294 1312 1327 iuramento
1338 1295 1475 1327 fateatur
1504 1300 1534 1328 et
1565 1304 1775 1337 recognoscat

1035 1358 1183 1392 expresse
1202 1358 1337 1391 regnum
1363 1348 1490 1381 Siciliae
1512 1354 1538 1381 et
1562 1349 1772 1391 Hierusalem,

1034 1412 1070 1435 ac
1085 1407 1183 1434 totam
1205 1408 1335 1442 terram,
1360 1412 1442 1445 quae
1468 1408 1513 1435 est
1536 1402 1615 1435 citra
1635 1403 1774 1436 Pharum

1033 1466 1134 1499 usque
1155 1456 1195 1488 ad
1216 1455 1356 1488 confinia
1374 1455 1473 1499 ipsius
1488 1455 1645 1488 Ecclesiae
1659 1457 1775 1489 Roma-

1033 1520 1092 1542 nae
1124 1510 1135 1552 (
1153 1514 1285 1553 excepta
1305 1509 1431 1542 civitate
1451 1509 1674 1542 Beneventana
1702 1521 1775 1543 cum

1033 1563 1118 1596 illius
1144 1563 1319 1603 territorio,
1344 1563 1489 1596 districtu
1508 1568 1538 1596 et
1558 1564 1770 1607 pertinentiis,

1032 1627 1114 1660 quae
1132 1616 1235 1650 eidem
1258 1616 1416 1649 Ecclesiae
1437 1618 1650 1660 remaneant)
1678 1629 1773 1661 prae-

1032 1670 1118 1703 dicto
1143 1670 1292 1714 Philippo
1318 1670 1385 1712 regi
1419 1670 1549 1714 suisque
1580 1671 1775 1705 haeredibus

1032 1730 1060 1757 et
1083 1725 1341 1764 successoribus,
1366 1735 1402 1757 ex
1423 1725 1490 1757 sola
1511 1725 1612 1766 gratia
1636 1731 1667 1758 et
1686 1736 1775 1759 incra

1033 1779 1223 1811 liberalitate
1243 1778 1332 1812 Sedis
1352 1779 1554 1822 Apostolicae
1579 1789 1616 1812 ac
1642 1785 1770 1819 nostra,

1032 1833 1127 1866 fuisse
1149 1843 1322 1873 concessa;
1355 1843 1475 1876 eosque
1498 1833 1656 1877 recepisse
1677 1839 1706 1866 et
1728 1840 1773 1867 te-

1032 1897 1107 1919 nere
1121 1896 1257 1928 regnum
1271 1885 1397 1919 Siciliae
1411 1891 1438 1919 et
1455 1891 1574 1919 terram
1589 1886 1774 1920 huiusmodi

1031 1951 1047 1972 a
1068 1939 1161 1972 nobis
1175 1945 1205 1973 et
1218 1939 1301 1972 dicta
1319 1940 1463 1972 Romana
1480 1939 1630 1981 Ecclesia,
1647 1940 1705 1973 sub
1720 1951 1775 1984 pa-

1031 1993 1099 2034 ctis,
1124 1993 1228 2026 modis
1253 1998 1283 2026 et
1310 1993 1551 2026 conditionibus
1581 1994 1773 2037 supradictis

1030 2046 1133 2087 nobis,
1151 2057 1207 2079 seii
1231 2047 1376 2079 Romano
1390 2046 1536 2079 Pontifici
1554 2057 1613 2090 pro
1629 2053 1773 2091 tempore

1030 2100 1192 2140 existenti,
1218 2100 1294 2133 dare
1315 2105 1346 2133 et
1372 2101 1498 2133 tradere
1519 2106 1681 2140 teneatur;
1716 2111 1774 2144 per

1030 2153 1206 2197 praemissa
1220 2158 1326 2186 autom
1349 2163 1413 2186 non
1434 2153 1703 2186 intendimusiuri
1717 2164 1773 2186 cu-

1031 2207 1221 2250 iuscumque
1243 2207 1274 2239 in
1295 2207 1404 2251 aliquo
1425 2207 1659 2250 praeiudicare.

1075 2262 1091 2303 g
1113 2260 1142 2293 7.
1167 2262 1281 2294 Forma
1303 2271 1378 2294 vero
1399 2260 1569 2294 iuramenti
1591 2272 1648 2304 per
1666 2260 1770 2304 ipsum

1031 2313 1205 2346 Antonium
1228 2314 1342 2347 ducem
1369 2320 1400 2346 et
1420 2319 1664 2357 procuratorem
1680 2325 1772 2357 prae-

1031 2366 1095 2399 stiti
1115 2367 1184 2399 talis
1205 2373 1268 2400 est:
1293 2368 1358 2409 Ego
1379 2367 1535 2400 Antonius
1556 2368 1594 2400 de
1626 2368 1771 2401 Gai-dona

1031 2425 1062 2452 et
1078 2420 1237 2459 Corduba,
1256 2421 1318 2452 dux
1336 2421 1480 2460 Suessae,
1501 2421 1616 2454 Somae
1637 2427 1667 2454 ct
1688 2421 1768 2454 Var-

1031 2484 1111 2513 nae,
1137 2483 1244 2506 comes
1264 2473 1383 2506 Cabrac
1404 2479 1431 2506 et
1458 2474 1623 2515 Palaiicos,
1642 2474 1768 2507 viceco-

1032 2537 1098 2559 mes
1119 2527 1157 2559 de
1178 2527 1304 2568 llnaiar,
1334 2527 1529 2560 serenissimi
1550 2529 1584 2561 D.
1617 2528 1767 2572 Philippi,

1031 2581 1084 2614 Dei
1105 2582 1217 2622 gratia,
1242 2582 1325 2624 regis
1345 2582 1471 2616 Siciliae
1490 2582 1568 2616 citra
1588 2582 1726 2615 Pharum
1741 2588 1772 2615 et

1031 2634 1230 2668 Hierusalem
1250 2646 1286 2669 ac
1315 2635 1542 2680 Hispaniarum
1563 2635 1687 2669 domini
1708 2636 1770 2669 mei

1685 224 1748 259 539
1795 235 1842 262 An.
1861 236 1890 262 C.
1906 235 1974 263 1599

1816 1096 1911 1117 Iiiiuncta
1922 1102 1975 1122 quo-

1790 1128 1829 1148 que
1840 1124 1936 1150 i¹tiiti;·p0
1946 1124 1974 1145 te-

1790 1156 1814 1173 tre
1833 1156 1870 1175 pri·
1887 1157 1974 1171 aiii-eam

1790 1177 1866 1197 bullum
1879 1177 1930 1197 infr-i
1939 1184 1974 1198 aii-

1790 1210 1836 1223 iiiiiu
1851 1204 1975 1225 declarandi

1790 1231 1975 1252 sutateiiiinvesti-

1790 1259 1856 1277 turam
1875 1263 1899 1277 ex
1917 1264 1974 1278 mera

1791 1284 1918 1304 liberalitate
1936 1285 1974 1304 Pa-

1796 1316 1829 1331 Jac
1851 1311 1975 1331 obtinuisse.

1826 2267 1901 2288 Forma
1917 2267 1971 2289 tura-

1786 2295 1850 2315 menti
1870 2295 1895 2315 uh
1917 2295 1972 2315 illius

1787 2322 1876 2342 Oratore
1909 2324 1971 2348 prae-

1786 2348 1837 2368 suit.
