2253 3195
57 283 101 310 An,
124 281 236 308 (1.1602

104 720 236 741 Obstautiutn

56 747 169 773 derogatio.

869 284 1015 307 CLEMENS
1038 284 1093 306 VIII
1112 284 1161 307 FP.

251 329 409 362 habendis
430 330 561 362 servatis
587 331 803 374 processibus,
830 331 902 364 illos
924 342 994 364 sen—

253 383 377 423 tentias,
402 393 554 415 censuras
575 390 601 416 et
618 395 739 427 poenas
753 384 934 428 praedictas
949 384 995 416 in-

252 437 390 470 currisse
424 436 640 475 declarando,
679 448 715 470 ac
745 438 839 471 etiam
874 438 995 471 iteratis

253 489 374 522 vicibus
395 491 623 532 aggravando,
659 491 806 524 invocato
836 492 931 524 etiam
955 493 995 525 ad

252 543 324 583 hor,
348 543 372 576 si
394 554 475 587 opus
502 544 608 585 suerit,
637 545 756 577 auxilio
778 544 901 578 brachii
920 555 991 578 sae-

252 597 382 630 cularis.

297 651 361 691 §st
396 651 465 683 Non
495 650 696 683 obstantibus
716 650 834 683 nostris
859 650 890 683 in
911 652 992 684 Can-

253 704 382 737 cellaria
404 704 587 748 Apostolica
607 704 702 738 editis
727 705 846 747 regulis
871 706 910 738 de
931 716 994 738 non

253 756 462 800 expediendis
475 757 589 790 litteris
601 757 739 790 cuiusvis
760 758 923 801 pensionis
940 769 995 791 an-

252 821 334 843 nuae
353 821 450 854 super
468 811 656 854 quorumvis
677 811 911 844 beneficiorum
933 812 996 844 fru-

252 865 373 904 cubus,
401 865 459 898 nisi
482 865 520 898 dc
554 875 711 898 consensu
733 865 812 905 eius,
836 865 889 908 qui
911 876 992 908 pen-

251 918 374 951 sionem
397 918 583 952 huiusmodi
605 919 787 962 persolvere
803 918 992 951 tunchabe-

251 977 310 1012 ret,
334 982 370 1004 ac
391 973 430 1005 de
443 983 507 1005 non
531 972 672 1005 tollendo
694 972 763 1005 iure
783 971 942 1015 quaesito,
959 983 996 1005 ac

251 1025 474 1058 Lateranensis
494 1025 627 1060 Cone-ilii
650 1025 822 1058 novissime
843 1025 994 1058 celebrati

250 1079 422 1122 pensiones
443 1091 565 1113 annuas
586 1091 683 1124 super
703 1079 889 1123 quarumvis
907 1090 996 1112 men-

253 1145 361 1167 sarum
394 1134 625 1178 episcopalium
646 1135 695 1167 vel
725 1133 992 1177 metropolitana-

251 1199 323 1220 rum
354 1188 563 1221 ecclesiarum
597 1187 830 1231 proventibus.
862 1187 922 1220 nisi
960 1198 995 1219 ex

251 1242 395 1275 cessione
417 1248 468 1275 aut
498 1242 558 1275 alia
589 1241 750 1285 probabili
776 1252 872 1274 causa
893 1252 996 1274 reser-

250 1296 316 1329 vari
339 1296 551 1340 prohibentis,
580 1306 705 1329 necnon
727 1295 827 1328 felicis
849 1296 997 1328 reeorda-

252 1350 348 1383 tionis
376 1350 529 1384 Bonisacii
563 1351 667 1393 Papae
691 1350 753 1382 vul
787 1350 825 1382 de
858 1360 941 1391 una,
967 1356 995 1382 et

252 1404 380 1437 concilii
408 1404 567 1446 generalis
588 1404 627 1436 de
661 1403 786 1436 duabus
815 1403 945 1444 diaetis,
968 1409 994 1436 et

253 1458 323 1491 aliis
341 1458 527 1502 apostolicis
548 1457 833 1491 constitutionibus
854 1463 882 1491 et
904 1457 994 1491 ordi-

251 1511 457 1553 nationibus,
490 1511 661 1555 dictaeque
693 1511 848 1545 ecelesiae
878 1512 994 1545 Dertu-

251 1565 351 1599 sensis
365 1594 372 1606 ,
394 1565 491 1598 etiam
519 1565 701 1599 iuramento
717 1593 724 1606 ‚
749 1565 997 1599 confirmatione

216 1651 218 1653 ,
251 1619 439 1663 apostolica,
457 1619 503 1652 vel
518 1618 629 1662 quavis
649 1618 802 1652 firmitate
823 1619 884 1652 alia
901 1620 992 1653 1-01101

251 1673 343 1713 ratis,
367 1672 493 1706 statutis
515 1678 543 1706 et
566 1672 870 1714 consuetudinibus,
894 1674 993 1717 privi-

251 1727 342 1769 legus
363 1737 505 1770 quoque,
522 1726 654 1759 indultIs
677 1732 709 1759 et
733 1727 848 1760 litteris
869 1733 998 1772 aposto-

251 1781 321 1813 licis
342 1781 446 1814 eidem
474 1780 645 1820 ecclesiae,
671 1780 821 1824 illiusque
843 1781 994 1824 capitulo,

252 1839 283 1867 et
307 1834 453 1878 personis
479 1834 673 1876 dignitates,
705 1840 913 1877 personatus,
942 1835 998 1867 ad-

254 1888 506 1922 ministrationes
538 1889 585 1921 vel
619 1888 725 1921 officia
757 1889 804 1921 vel
841 1888 999 1922 beneficia

253 1953 478 1987 quaecumque
500 1942 531 1975 iu
552 1942 636 1975 dicta
661 1942 796 1975 ecelesia
817 1942 995 1976 obtinenti-

252 1997 324 2037 bus,
341 1996 399 2030 sub
414 1996 674 2040 quibuscumque
696 1996 863 2029 tenoribus
881 2002 908 2029 et
932 1997 997 2029 sor-

254 2051 329 2091 mis,
354 2061 390 2084 ac
413 2061 485 2083 cum
515 2050 680 2094 quibusvis
709 2050 861 2083 clausulis
886 2056 917 2083 et
937 2051 994 2083 de-

254 2104 360 2145 cretis,
384 2103 415 2136 in
434 2114 551 2146 genere
565 2104 612 2136 vel
635 2103 665 2136 in
686 2103 803 2147 specie,
825 2104 995 2145 concessis,

254 2157 455 2191 confirmatis
469 2162 500 2190 et
513 2157 682 2190 innovatis.
700 2157 821 2196 Quibus
833 2157 995 2195 omnibus,

255 2211 379 2244 etiamsi
401 2211 440 2244 de
461 2210 523 2243 illis
544 2221 724 2254 eorumque
747 2211 819 2244 totis
833 2211 998 2244 tenoribus

255 2263 402 2308 specialis
423 2269 454 2297 et
474 2274 625 2307 expressa
646 2263 767 2297 mentio
781 2264 928 2296 habenda
952 2264 998 2297 fo-

256 2323 314 2358 ret,
339 2317 467 2350 illorum
484 2322 610 2350 tenores
633 2316 855 2361 praesentibus
876 2328 934 2360 pro
948 2328 999 2350 ex-

255 2371 373 2415 pressis
390 2371 557 2411 habentes,
575 2370 636 2403 illis
656 2370 734 2403 alias
754 2370 784 2402 in
803 2381 860 2403 suo
883 2371 1000 2404 robore

256 2424 478 2469 permansuris
492 2451 499 2465 ,
524 2424 583 2457 hae
605 2424 671 2457 vice
690 2424 856 2457 dumtaxat
876 2424 999 2467 specia-

256 2478 329 2510 liter
350 2483 380 2510 et
401 2487 549 2521 expresse
571 2478 778 2520 derogamus,
801 2477 1000 2521 eaeterisque

257 2530 427 2565 contrariis
449 2531 719 2575 quibuscumque.
742 2532 800 2564 Aut
823 2531 847 2564 si
868 2531 999 2575 tlaspari

257 2585 428 2629 episcopo,
453 2585 585 2628 eiusque
607 2585 640 2619 in
661 2585 746 2619 dicta
772 2585 905 2618 eeclesia
926 2586 1001 2618 Der-

258 2639 376 2672 tusensi
403 2639 644 2672 successoribus
667 2667 673 2679 ,
706 2644 736 2672 et
767 2638 836 2671 aliis
862 2638 993 2682 quibus·

264 2704 403 2737 cumque
416 2693 455 2726 ab
473 2693 656 2737 Apostolica
677 2694 716 2727 sit
738 2693 818 2727 Sede
843 2692 1001 2725 indultum

1677 273 1735 305 811

1028 332 1114 374 quod
1137 331 1295 372 inim-(tivi,
1310 332 1461 375 suspendi
1485 333 1531 364 rel
1550 332 1769 364 excommuni-

1029 385 1092 417 cari
1114 396 1177 418 non
1207 385 1327 428 possint
1352 396 1408 429 per
1428 385 1549 418 litteras
1577 385 1769 428 apostolicas

1028 449 1092 471 non
1115 439 1265 471 l'acientes
1292 440 1419 482 plenam
1441 446 1469 472 et
1496 450 1701 482 expressam,
1734 451 1769 472 ac

1029 492 1068 524 de
1089 492 1186 524 verbo
1215 492 1254 525 ad
1281 492 1415 525 verbum
1442 493 1480 525 dc
1508 492 1632 525 indulto
1657 492 1769 525 huius-

1030 545 1116 577 modi
1143 545 1351 578 mentionem.
1381 546 1534 578 Volumus
1558 550 1663 578 autem
1684 546 1770 589 quod

1028 598 1246 641 praesentium
1268 599 1497 642 transumptis,
1520 599 1614 632 etiam
1637 599 1770 642 impres-

1029 651 1092 692 sis,
1119 663 1215 685 manu
1246 653 1382 686 alicuius
1410 653 1526 686 notarii
1553 653 1671 698 publici
1697 654 1771 687 sub-

1029 705 1176 749 scriptis,
1204 712 1230 739 et
1264 706 1368 748 sigillo
1401 706 1537 740 alicuius
1557 717 1713 750 personae
1740 707 1771 739 in

1029 759 1182 802 dignitate
1215 760 1430 793 ecclesiastica
1451 760 1643 793 constitutae
1665 761 1771 793 muni-

1030 813 1078 852 tis,
1103 813 1214 846 eadem
1238 813 1316 846 sides
1338 813 1368 846 in
1391 813 1510 846 iudicio
1532 820 1560 846 et
1583 820 1670 847 extra
1693 814 1771 847 illud

1030 866 1239 905 adhibeatur,
1272 877 1354 910 quae
1377 866 1452 910 ipsis
1473 866 1686 909 originalibus
1718 867 1770 900 lit-

1030 919 1105 951 teris
1125 919 1343 960 adhiberetur,
1371 919 1395 952 si
1418 920 1523 952 forent
1543 919 1703 953 exhibitae
1724 920 1771 953 vel

1029 978 1186 1006 ostensae.

1075 1025 1162 1070 glo.
1194 1027 1348 1059 Volumus
1376 1027 1492 1067 etiam,
1524 1028 1611 1070 quod
1632 1027 1656 1059 si
1689 1027 1771 1060 intra

1029 1091 1082 1113 sex
1116 1090 1241 1113 menses
1262 1091 1280 1112 a
1301 1080 1351 1113 die
1384 1080 1594 1113 Intimationis
1622 1092 1773 1124 praesen-

1031 1133 1107 1165 tium
1125 1133 1264 1177 capitulo
1280 1133 1444 1166 faciendae
1458 1135 1704 1177 computandos,
1726 1134 1774 1167 di-

1031 1188 1102 1220 lecti
1126 1187 1181 1219 lilii
1204 1188 1343 1220 decanus
1365 1193 1394 1220 et
1415 1188 1590 1232 capitulum
1619 1189 1773 1222 ecclesiae

1030 1241 1230 1273 Dertnsensis
1250 1247 1283 1280 „ct
1306 1241 1359 1273 alii
1380 1241 1532 1275 interesse
1553 1242 1708 1275 habentes
1720 1254 1773 1275 su-

1030 1304 1087 1337 per
1108 1294 1274 1327 dotatione
1289 1300 1316 1326 et
1336 1295 1498 1328 erectione
1518 1295 1704 1328 huiusmodi
1721 1307 1774 1339 pa-

1031 1348 1223 1381 rochialium
1237 1358 1269 1381 se
1283 1359 1316 1381 se
1335 1349 1365 1381 in
1381 1349 1501 1392 aliquo,
1520 1349 1774 1393 praemissorum

1030 1402 1211 1443 occasione,
1229 1409 1377 1445 gravatos
1392 1403 1564 1441 senserint,
1585 1404 1625 1437 ad
1644 1414 1775 1436 venera-

1031 1456 1128 1489 bilem
1167 1457 1298 1489 fratrem
1324 1457 1606 1501 archiepiscopum
1633 1457 1774 1491 Valenti-

1031 1520 1162 1542 nensem
1200 1520 1367 1543 recursum
1397 1511 1517 1543 habere
1540 1511 1684 1550 valeant,
1718 1511 1773 1554 qui

1032 1564 1159 1597 illorum
1180 1564 1423 1608 exceptionibus
1443 1565 1628 1605 summarie,
1652 1563 1775 1609 simpli-

1032 1619 1111 1652 citer
1131 1624 1162 1651 et
1176 1619 1214 1652 de
1227 1620 1323 1663 plano
1344 1619 1472 1660 auditis,
1492 1625 1554 1652 tam
1576 1619 1661 1652 circa
1674 1630 1776 1663 quan-

1034 1673 1155 1706 titatem
1177 1679 1266 1706 laxae
1294 1684 1329 1706 ac
1352 1673 1484 1706 modum
1513 1678 1543 1706 et
1575 1679 1700 1717 tempus
1725 1684 1775 1708 so*

1032 1727 1191 1759 lutionum
1219 1726 1461 1767 faciendarum,
1486 1737 1581 1770 quam
1613 1727 1771 1760 1611111110-

1032 1791 1103 1812 rum
1122 1780 1152 1812 in
1174 1780 1291 1823 quibus
1311 1779 1414 1813 dictae
1435 1780 1613 1813 solutiones
1631 1780 1774 1824 incipere

1033 1833 1182 1873 debiant,
1205 1833 1273 1866 sola
1294 1833 1367 1866 sacti
1394 1840 1425 1866 et
1445 1833 1489 1866 rei
1511 1833 1644 1867 veritate
1666 1834 1774 1877 inspe-

1033 1892 1092 1927 cta,
1109 1886 1267 1930 quidquid
1286 1887 1405 1920 iustum
1420 1887 1512 1920 suerit
1530 1887 1772 1928 declarandum,

1033 1940 1223 1973 auctoritate
1240 1946 1363 1981 nostra,
1386 1942 1543 1981 declaret,
1567 1947 1596 1974 et
1622 1941 1653 1974 id
1673 1947 1775 1974 totum

1033 1994 1119 2037 quod
1147 1994 1214 2037 ipse
1245 1994 1509 2038 archiepiscopus
1536 1995 1771 2033 declaraverit,

1033 2047 1249 2091 appellatione
1268 2054 1403 2089 remota,
1419 2048 1626 2091 exequutioni
1649 2049 1776 2081 deman-

1034 2101 1103 2134 dari
1118 2101 1221 2141 saciat,
1242 2112 1339 2145 super
1360 2112 1423 2145 quo
1437 2102 1567 2145 plenam
1589 2106 1619 2134 et
1634 2102 1773 2145 amplam

1033 2155 1137 2188 eidem
1169 2154 1414 2199 archiqiiscopo
1460 2155 1632 2188 tribuimus
1670 2155 1772 2188 sacul-

1034 2214 1141 2242 tatoni.

1077 2263 1191 2295 Datum
1209 2262 1330 2295 Romae
1352 2262 1436 2305 apud
1458 2262 1486 2295 S.
1504 2262 1634 2294 Petrum
1649 2262 1707 2295 sub
1722 2273 1777 2295 au-

1033 2317 1110 2349 nulo
1135 2315 1316 2355 Piscatoris‚
1349 2315 1399 2348 die
1424 2326 1523 2349 xxvut
1557 2315 1631 2348 maii
1660 2326 1772 2358 nuncu,

1034 2369 1240 2414 pontificatus
1261 2369 1361 2402 nostri
1383 2380 1468 2402 anno
1490 2381 1529 2402 xi.

1071 2433 1127 2459 [lat.
1145 2432 1187 2460 dic
1207 2432 1241 2458 ‘28
1258 2432 1318 2459 maii
1337 2432 1413 2467 1002,
1435 2431 1529 2467 pontis.
1546 2440 1590 2459 au.
1608 2439 1641 2458 xt.
1760 2450 1768 2463 ,

1788 283 1833 309 Au.
1853 284 1882 309 C.
1902 282 1968 309 1602

1838 1039 1893 1060 Data
1910 1039 1972 1059 sacul-

1788 1069 1820 1087 133
1829 1066 1971 1091 archiepisco·

1789 1100 1815 1119 po
1830 1093 1973 1113 t’alentinenzi

1788 1119 1931 1144 cognoscendi
1947 1120 1972 1139 de

1789 1146 1918 1171 munimine.
