2253 3195
299 268 347 295 An.
370 269 398 297 c.
417 270 485 299 1600
530 262 593 296 56ss

328 1189 434 1210 Adminiszu
441 1190 484 1217 alf-

299 1223 344 1238 rum
351 1216 439 1237 sacam*
449 1221 484 1235 nn·

301 1247 377 1264 uultu}
387 1259 391 1264 .

362 1511 461 1537 cupellam
472 1519 486 1532 *n

302 1542 321 1557 ot
335 1539 486 1559 sorites-arium

302 1566 429 1592 deputandu

336 2580 419 2600 Sintula
442 2586 451 2595 r

309 2609 371 2627 den-t·
381 2607 406 2626 alu
416 2615 441 2625 uo
451 2608 491 2626 leui

309 2641 344 2653 ur
363 2641 382 2653 ¹¹·
413 2640 491 2653 'ww
508 2630 579 2662 dem
612 2631 796 2663 monasterii
825 2642 883 2674 per
914 2635 1098 2674 praesentes
1125 2629 1244 2667 crecti,

310 2661 453 2686 atq-rutunda,

498 428 684 471 deputando
705 427 891 469 dumtaxat,
915 439 1027 463 omnes
1045 435 1076 463 et
1094 430 1241 473 singulae

498 481 578 521 lites,
602 492 718 514 causae
733 509 740 522 ,
765 482 971 526 quaestiones
992 489 1022 517 et
1050 485 1216 519 molestiae
1230 512 1238 525 ,

497 534 604 568 civiles
631 540 662 567 et
693 534 876 569 criminales
891 564 898 577 ,
922 548 959 570 ao
979 537 1095 571 mixtae
1110 566 1117 579 ,
1145 549 1243 583 super

498 587 575 621 dicti
604 589 791 622 monasterii
826 600 885 633 per
913 597 1098 634 praesentes
1124 592 1238 634 erecti,

498 641 649 685 illiusque
669 642 849 676 abbatissae
873 654 929 677 seu
949 644 1135 689 priorissae,
1159 656 1239 678 con-

498 701 622 735 ventus,
639 695 829 729 monialium
847 702 878 730 et
897 708 1122 741 personarum,
1135 698 1239 739 bonis,

498 748 605 789 rebus,
622 748 746 782 iuribus
765 755 796 782 et
816 750 997 784 actionibus
1010 752 1243 797 cuiuscumque

499 801 661 845 qualitatis
674 802 853 844 existentes,
871 810 978 838 motae
999 810 1030 838 et
1050 806 1240 844 movendae,

499 865 571 888 cum
592 856 742 890 omnibus
756 863 786 890 et
802 857 936 900 singulis
953 859 1141 892 earumdem
1163 859 1243 893 inei-

499 909 660 950 dentibus,
684 910 959 954 dependentibus,
981 912 1240 955 emergentibus,

499 963 630 996 annexis
660 969 689 997 et
715 964 888 1005 connexis,
912 965 1065 1007 tractari,
1093 967 1244 1009 cognosci

499 1022 530 1050 et
548 1017 653 1051 decidi
673 1018 830 1060 debeant)
848 1020 1073 1054 constituimus
1094 1027 1124 1054 et
1145 1022 1245 1066 depu-

502 1076 617 1103 tamus.

544 1125 559 1168 g
588 1124 636 1157 13.
664 1126 795 1160 Necnon
816 1127 1062 1169 fundatoribus,
1083 1130 1245 1172 guberna-

501 1177 625 1211 toribus
650 1184 679 1211 et
708 1179 1022 1214 administratoribus
1049 1183 1242 1225 praedictis,

500 1241 707 1273 oeconomos,
719 1233 872 1267 ossiciales
883 1240 912 1268 et
920 1234 1083 1269 ministros
1091 1236 1166 1269 dicti
1176 1247 1245 1270 ino-

501 1286 632 1320 nasterii
647 1298 705 1331 per
720 1294 905 1331 praesentes
917 1289 1026 1330 erecti,
1040 1290 1174 1324 arbitrio
1187 1302 1245 1325 suo

502 1341 677 1384 deputandi
698 1347 727 1374 et
749 1342 936 1383 amovendi,
953 1354 989 1376 ac
1008 1344 1078 1377 loco
1096 1354 1246 1378 amoven-

502 1394 618 1427 dorum
632 1406 688 1428 seu
698 1395 923 1429 decedentium
943 1397 1022 1430 alios
1033 1397 1242 1439 subrogandi.

543 1449 562 1492 v§
583 1448 636 1481 14.
652 1449 782 1483 Necnon
797 1450 977 1484 abbatissae
997 1462 1054 1484 scu
1074 1451 1246 1496 priorissae

502 1509 532 1536 ct
553 1503 747 1537 monialibus
767 1505 950 1548 praedictis,
971 1506 1009 1539 de
1029 1506 1202 1550 capellanis
1216 1513 1247 1541 et

502 1556 740 1591 consessoribus
762 1558 886 1591 idoneis
901 1558 997 1591 etiam
1010 1559 1243 1601 saecularibus,

501 1610 542 1643 ab
563 1611 676 1644 eodem
699 1611 793 1644 leris
812 1612 932 1645 vicario
957 1613 1192 1656 approbandis,
1217 1620 1245 1648 et

501 1663 542 1697 ad
561 1670 673 1697 nutum
695 1665 914 1705 fundatorum,
942 1666 1197 1708 gubernatorum
1217 1673 1245 1701 et

503 1717 801 1752 administratorum
827 1719 1066 1763 praedictorum
1089 1721 1247 1763 ponendis

503 1777 533 1804 ct
552 1773 751 1813 amovendis,
776 1773 830 1817 qui
856 1773 887 1805 iu
920 1773 1054 1807 ecclesia
1080 1774 1156 1807 dicti
1177 1785 1246 1807 mo-

504 1825 632 1858 nasterii
653 1837 711 1870 per
731 1833 916 1870 praesentes
936 1827 1033 1860 erecti
1050 1855 1056 1867 ‚
1082 1828 1195 1861 missas
1216 1835 1247 1862 et,

503 1879 564 1912 alia
596 1879 704 1913 divina
731 1881 837 1913 otlieia
866 1881 1047 1921 celebrare,
1078 1893 1115 1914 ac
1142 1881 1187 1914 illi
1216 1882 1246 1915 in

503 1932 618 1965 divinis
631 1933 802 1971 deservire,
824 1934 972 1978 ipsasque
985 1934 1178 1967 abbatissam
1190 1946 1246 1968 seu

503 1986 688 2030 priorissam
710 1993 741 2020 et
762 1987 929 2025 moniales,
951 1999 986 2020 ar
1007 1998 1119 2021 earum
1137 1987 1247 2030 singu-

504 2040 548 2072 las
580 2040 612 2073 in
643 2040 709 2073 suis
738 2041 993 2074 confessionibus
1023 2041 1155 2081 audire,
1180 2048 1207 2075 et
1230 2052 1247 2074 a

503 2093 653 2136 pcccatis,
670 2095 709 2127 de
729 2094 846 2138 quibus
864 2095 962 2128 corde
979 2094 1136 2127 contritae
1149 2101 1178 2128 et
1192 2106 1247 2129 ore

503 2148 668 2181 confessae
691 2148 820 2189 tuerint,
845 2148 1022 2192 apostolica
1041 2149 1244 2187 auctoritate,

504 2201 596 2234 toties
616 2202 742 2246 quoties
763 2213 844 2246 opus
868 2202 980 2241 suerit,
1002 2202 1144 2235 iniuncta
1173 2201 1247 2235 inde

503 2255 548 2288 eis
572 2267 631 2299 pro
653 2256 750 2289 modo
783 2256 897 2300 culpae
923 2255 1058 2290 arbitrio
1082 2267 1140 2288 suo
1170 2266 1247 2299 poe-

503 2308 636 2342 nitentia
666 2309 818 2349 salutari,
842 2309 1018 2348 absolvere,
1046 2309 1172 2352 illisque
1192 2320 1244 2342 sa-

504 2369 670 2396 cramenta
698 2362 915 2395 ecclesiastica
943 2361 1171 2394 :ulministrau¹
1198 2373 1248 2394 ra-

506 2417 601 2454 leant,
623 2427 657 2449 ar
680 2417 718 2449 ‹tc-
739 2416 870 2459 egregio
896 2415 982 2448 verbi
1005 2415 1057 2448 liei
1080 2415 1247 2459 praediea-

507 2476 575 2503 tore
598 2470 801 2514 providendi.

551 2527 566 2565 ς
593 2523 640 2556 t:'›.
657 2524 786 2557 Neriton
806 2534 1030 2567 «pulcrumque
1051 2528 1180 2561 statuta,
1197 2533 1248 2555 or-

507 2576 697 2614 dinanum-s,
721 2577 859 2621 capitula
886 2582 914 2608 ct
946 2577 1074 2609 decreta
1097 2576 1137 2608 ad
1157 2576 1245 2609 eius-

509 2683 658 2727 illiusqne
688 2695 921 2728 personarum,
946 2695 1052 2716 rerum
1079 2690 1107 2716 ct
1139 2683 1245 2717 bono-

1083 275 1265 299 BULLAmL'M
1287 275 1441 300 ROMA-atu

497 322 547 354 vel
564 321 648 354 cirea
668 331 705 354 ea
724 321 904 354 necessaria
921 327 1103 356 statuentur
1127 328 1158 356 et
1182 333 1238 356 or-
1275 334 1347 357 rum
1365 323 1581 368 spiritualium
1601 331 1633 358 et
1651 326 1878 370 temporalium
1892 337 2013 368 curam,

498 374 705 414 dinabuntur,
730 380 760 407 et
780 385 888 408 coram
910 375 1038 419 quibus,
1059 387 1115 409 seu
1135 376 1175 409 ab
1196 376 1241 410 eis
1276 377 1433 420 regimen,
1456 378 1662 421 gubernium,
1679 379 1890 413 directionem
1911 386 1943 414 et
1962 381 2017 414 ad-

2035 278 2082 305 An.
2105 279 2131 306 C.
2150 278 2245 319 1600&-

1276 431 1567 473 ministrationem,
1595 443 1631 466 ac
1662 433 1852 467 monialium
1883 435 2014 478 praedi-

1276 490 1400 518 ctarum
1431 485 1649 530 receptiones,
1673 486 1903 529 admissiones,
1926 493 2015 522 aeta-

1277 544 1340 572 tem
1353 566 1361 579 ,
1389 539 1559 583 qualitates
1573 567 1580 579 ,
1604 539 1723 573 victum
1737 567 1745 581 ,
1773 541 1927 574 amictum
1941 569 1948 582 ,
1971 541 2019 575 in-

1275 592 1500 633 structionem,
1517 592 1728 626 directionem
1750 599 1779 627 et
1801 593 2016 638 disciplinam,

1278 645 1476 690 modumque
1498 651 1529 679 et
1548 646 1687 680 sormam
1716 646 1913 680 recitationis
1933 647 2016 680 divi-

1277 708 1393 731 norum
1415 699 1609 740 officiorum,
1632 710 1778 744 precum,
1793 700 1976 734 orationum
1989 707 2021 735 et

1278 752 1416 785 aliorum
1436 752 1664 795 suffragiorum
1685 753 1889 797 pertinentia,
1905 765 1942 787 ac
1958 754 2021 787 alia

1279 805 1368 839 utilia
1379 812 1409 839 et
1418 807 1700 848 necessaria,licita
1712 813 1819 841 tamen
1831 813 1861 841 et
1870 807 2016 849 honesta,

1279 870 1315 893 ac
1335 860 1434 893 sacris
1455 860 1633 894 canonibus
1663 861 1867 906 decretisque
1888 861 2020 895 Concilii

1278 913 1457 947 Tridentini
1475 924 1512 947 ac
1533 914 1817 948 constitutionibus
1837 914 2022 959 apostolicis

1279 973 1309 1000 et
1328 966 1480 1001 institutis
1500 967 1704 1010 regularibus
1716 967 1874 1012 praedicti
1893 968 2021 1002 Ordinis

1279 1026 1406 1054 sanctae
1437 1021 1548 1055 Clarae
1572 1031 1637 1055 non
1669 1021 1852 1062 contraria,
1885 1021 1925 1054 ab
1952 1022 2021 1066 ipso

1280 1074 1374 1108 Urbis
1393 1074 1512 1108 vicario
1529 1085 1588 1118 pro
1608 1081 1755 1119 tempore
1783 1075 1950 1116 existenti,
1973 1076 2022 1109 vel

1279 1127 1411 1162 Caesare
1433 1128 1596 1162 cardinale
1609 1128 1787 1173 praedicto,
1811 1128 2024 1163 examinanda

1280 1188 1311 1215 et
1341 1182 1568 1226 approbanda,
1596 1182 1734 1216 faciendi
1764 1188 1795 1216 et
1821 1183 1955 1223 edendi,
1987 1194 2024 1217 ac

1281 1236 1405 1279 quoties
1429 1246 1489 1280 pro
1510 1246 1622 1269 eorum
1643 1241 1827 1280 temporum
1857 1236 2021 1280 qualitati-

1281 1289 1351 1329 bus,
1374 1300 1431 1322 scu
1454 1289 1532 1322 alias
1552 1289 1724 1334 expediens
1749 1290 1927 1331 videbitur,
1950 1301 2024 1323 eum

1282 1342 1462 1375 interventu
1484 1348 1590 1375 tamen
1616 1348 1647 1375 et
1666 1342 1812 1380 consilio,
1837 1354 1873 1376 ac
1893 1343 2024 1387 praevio

1281 1396 1428 1430 examine
1448 1402 1477 1429 et
1499 1396 1733 1440 approbatione
1752 1395 1862 1429 vicarii
1876 1401 1931 1430 aut
1945 1397 2024 1430 Cae-

1281 1449 1359 1483 saris
1385 1449 1558 1482 cardinalis
1581 1449 1793 1490 eorumdem,
1818 1449 1872 1482 illa
1901 1449 2025 1483 immu-

1282 1503 1380 1544 tandi,
1391 1502 1586 1545 corrigendi,
1597 1502 1800 1543 moderandi,
1814 1503 2021 1545 reformandi,

1281 1568 1318 1590 ac
1338 1556 1434 1590 etiam
1453 1556 1515 1589 alia
1535 1568 1571 1590 ex
1592 1556 1717 1598 integro
1743 1557 1914 1590 condendi.

1326 1612 1342 1653 ξ
1369 1610 1416 1643 16.
1442 1611 1571 1644 Necnon
1594 1610 1710 1643 vicario
1731 1616 1786 1643 aut
1811 1611 1936 1645 Caesari
1956 1622 2025 1645 ear·
2065 1620 2239 1658 asnaa-eume

1282 1664 1382 1698 dinali
1402 1663 1576 1708 praedictis
1596 1674 1655 1707 pro
1676 1663 1865 1697 monialium
1885 1664 1916 1697 in
1938 1664 2024 1699 dicto
2039 1648 2230 1713 ἷιῗῖτῖιιῗύοἶιῖἓῗῗιῗζ

1283 1718 1478 1752 monasterio
1508 1729 1567 1762 per
1602 1723 1786 1762 praesentes
1821 1724 1930 1752 erecto
1964 1729 2024 1762 pro
2039 1701 2233 1774 ἓέξὲἓέἓιωαὲῖξΞΞ-ἶ·

1284 1778 1429 1816 tempore
1465 1772 1774 1805 introducendarum
1811 1771 1894 1805 felici
1934 1771 2022 1805 dire·
2039 1781 2064 1802 rii
2080 1780 2196 1804 monium:

1282 1826 1400 1864 ctione,
1424 1837 1460 1860 ac
1482 1826 1513 1858 in
1533 1825 1660 1865 ritibus,
1682 1825 1827 1859 moribus
1847 1830 1877 1858 et
1898 1825 2024 1859 institu-

1284 1880 1321 1913 tis
1342 1879 1544 1919 regularibus
1565 1879 1788 1919 instructione,
1805 1879 1884 1912 duas
1901 1879 2024 1913 veltres

1283 1933 1427 1966 eiusdem
1447 1933 1478 1966 S.
1502 1933 1623 1973 Clarae,
1640 1932 1664 1965 si
1686 1932 1857 1966 counnode
1880 1931 1950 1966 fieri
1968 1942 2025 1977 po-

1284 1986 1375 2027 terit,
1399 1985 1544 2030 alioquin
1565 1986 1697 2019 alterius
1716 1985 1844 2020 Ordinis
1869 1986 2025 2027 regularis

1283 2040 1504 2073 observantiae
1537 2039 1716 2077 moniales,
1745 2050 1824 2083 quas
1844 2039 1884 2073 ad
1910 2039 1941 2072 id
1970 2049 2024 2073 vo-

1283 2094 1437 2127 luntarias
1457 2093 1634 2137 repererit,
1659 2104 1694 2126 ex
1722 2103 1832 2126 earum
1862 2098 2025 2126 monaste-

1284 2148 1338 2181 riis
1363 2149 1420 2181 liar
1443 2149 1546 2192 prima
1580 2147 1665 2187 vire,
1689 2147 1745 2180 sed
1776 2147 1965 2180 necessitate
1985 2147 2026 2180 ad

1283 2202 1343 2234 linc
1364 2207 1510 2243 urgente,
1533 2201 1632 2234 semel
1664 2207 1760 2244 atque
1786 2200 1902 2233 iterum
1930 2200 2025 2233 durn-

1283 2261 1362 2288 taxat
1385 2256 1424 2288 de
1444 2254 1649 2299 superiorum
1670 2264 1803 2287 suornm
1826 2253 1953 2287 licentia
1978 2264 2026 2287 as-

1282 2309 1441 2346 sumendi,
1453 2314 1484 2342 et
1498 2309 1528 2341 iu
1543 2308 1629 2341 dieto
1651 2307 1846 2341 monasterio
1865 2318 1922 2350 per
1935 2318 2026 2351 prae-

1282 2368 1387 2395 sentes
1406 2368 1524 2401 erecto,
1537 2361 1580 2395 ita
1593 2369 1624 2394 ut
1641 2361 1713 2394 illae
1725 2371 1763 2394 eo
1784 2371 1816 2393 sc
1838 2361 2022 2401 transferre,

1283 2427 1318 2449 ac
1341 2421 1496 2460 perpetuo
1517 2415 1564 2448 vel
1594 2415 1633 2447 ad
1663 2420 1788 2459 tempus
1819 2414 1878 2459 ipsi
1906 2413 2025 2447 vicario

1283 2476 1337 2502 aut
1357 2469 1481 2503 Caesari
1503 2468 1657 2501 cardinali
1679 2468 1760 2501 bene
1782 2467 1882 2501 visum
1898 2477 2025 2512 perina-

1283 2534 1370 2561 nere,
1394 2528 1422 2555 et
1444 2522 1468 2555 si
1489 2521 1621 2555 alterius
1641 2521 1769 2554 (lrdinis
1787 2521 1916 2558 suerint.
1938 2531 1972 2554 se
1993 2520 2024 2553 in

1283 2576 1394 2609 babitu
1416 2581 1447 2609 et
1469 2575 1669 2616 reguilaribus
1700 2574 1851 2608 institutis
1881 2573 2024 2607 eiusdem

1283 2629 1409 2662 ordinis
1437 2635 1566 2662 sanctae
1592 2629 1701 2662 Clarae
1730 2628 1932 2661 conformare
1953 2637 2026 2670 pos-

1282 2682 1345 2715 sint
1365 2688 1396 2715 ct
1421 2682 1570 2721 debeant,
1595 2679 1832 2714 introducendi.
