2253 3195
47 254 95 282 An.
117 253 146 281 C.
165 252 230 281 ¹5⁹7

78 679 202 701 Prohibiiio.

65 2521 176 2550 Derogatio
186 2530 235 2546 cou-

53 2549 168 2572 ini-iorum.

859 255 1007 280 CLEMENS
1026 255 1084 279 vul
1102 255 1152 279 Pr.

245 312 303 345 pro
317 301 384 335 eius
397 301 597 336 restitutione
617 308 728 347 postea
745 303 824 335 alios
844 303 987 336 redditus

247 354 388 387 eiusdem
414 354 579 398 hospitalis
610 356 749 390 alienare
776 362 936 398 coguntur
956 356 986 388 in

246 417 310 440 non
331 407 494 440 modicum
515 408 658 441 eiusdem
676 408 841 452 hospitalis
860 407 987 451 praeiu-

247 459 382 499 dicium,
399 471 463 504 quo
484 461 579 493 etiam
600 460 646 500 sit,
670 467 704 494 ut
720 461 773 494 alii
792 460 985 493 christifide-

247 514 292 546 les
315 524 372 546 sua
389 514 473 546 bona
494 514 563 547 aliis
583 514 661 547 locis
681 514 742 558 piis
762 514 868 557 potius
889 524 985 557 quam

247 566 332 600 dieto
352 567 501 610 hospitali
521 567 716 610 relinquant.

291 621 307 661 ξ
325 619 355 652 2.
372 619 475 658 Quare
488 630 545 653 nos
559 619 701 653 eiusdem
718 619 885 664 hospitalis
898 630 986 653 com-

247 673 343 705 modo
364 677 395 705 et
418 672 569 712 utilitati,
592 678 627 705 ut
648 684 705 716 par
725 678 782 712 est,
806 679 987 716 opportune

244 725 415 768 providere
444 726 601 766 volentes,
626 731 716 759 motu
745 726 880 770 proprio
901 731 931 758 et
951 736 987 758 ex

245 783 333 811 certa
358 777 512 819 scientia,
540 789 575 812 ac
608 780 647 812 de
676 779 872 824 apostolicae
900 784 989 823 pote-

245 831 332 865 statis
345 831 557 875 plenitudine,
579 833 744 866 modernis
764 844 822 877 pro
843 838 989 877 tempore

245 883 453 918 existentibus
474 885 549 918 dicti
573 885 739 929 hospitalis
758 885 985 928 gubernatori-

245 937 316 977 bus,
339 937 529 972 officialibus
554 944 585 972 et
605 938 759 972 ministris
779 939 988 982 quibuscum-

245 1001 308 1034 que
327 991 399 1034 <sub
416 991 603 1035 privationis
616 991 808 1032 officiorum,
832 1002 914 1035 quae
931 991 988 1023 ob-

247 1043 358 1084 tinent,
373 1055 410 1077 ac
430 1044 639 1078 inhabilitatis
659 1045 699 1078 ad
720 1044 774 1077 illa
798 1051 828 1078 et
848 1045 909 1077 alia
928 1044 988 1076 im-

246 1102 410 1140 posterum
421 1097 608 1138 obtinenda,
620 1108 746 1130 necnon
759 1097 989 1140 indignationis

245 1155 375 1183 nostrae
390 1150 516 1193 poenis)
537 1151 760 1184 interdicimus
785 1156 814 1184 et
831 1150 986 1194 prohibe-

247 1213 329 1243 mus,
353 1213 393 1235 ne
414 1213 619 1246 quacumque
636 1209 727 1247 parte
748 1203 990 1243 fructuum,bo-

245 1265 362 1288 norum
383 1261 414 1288 et
433 1255 667 1289 haereditatum
692 1256 857 1300 praedicto
876 1256 986 1300 hospi-

247 1308 312 1349 tali,
327 1313 392 1341 tam
407 1308 563 1342 hactenus
578 1309 775 1349 relictorum,
789 1320 886 1353 quam
901 1309 990 1342 dein-

246 1371 321 1405 ceps
345 1361 634 1405 relinquendorum
648 1389 655 1403 ,
680 1367 792 1395 contra
812 1368 842 1395 et
862 1369 990 1406 praeter

246 1414 443 1447 voluntatem
467 1419 657 1448 testatorum
684 1420 715 1448 et
739 1415 987 1458 legatariorum,

247 1472 302 1500 aut
327 1468 580 1509 donatariorum,
602 1468 698 1502 etiam
718 1479 777 1512 pro
795 1469 991 1503 necessitati-

246 1520 306 1553 bus
333 1521 477 1554 eiusdem
505 1521 695 1565 hospitalis,
719 1522 766 1555 uti
794 1522 918 1566 possint
942 1523 990 1556 vel

246 1574 397 1615 audeant3
420 1575 476 1608 sed
497 1575 619 1608 fructus
645 1575 732 1619 ipsos
757 1581 788 1609 et
813 1586 987 1619 quascum-

246 1637 309 1671 que
321 1627 451 1660 illorum
464 1634 582 1671 partes,
599 1628 685 1661 iuxta
698 1628 924 1672 dispositiones
938 1640 991 1662 eo-

245 1682 394 1714 rumdem
415 1687 615 1722 testatorum,
632 1682 863 1725 legatariorum
885 1688 916 1716 et
935 1684 991 1716 do-

245 1734 456 1775 natariorum,
471 1741 657 1769 convertere
671 1741 701 1768 et
712 1746 845 1778 erogare
859 1736 990 1769 omnino

246 1792 371 1820 curent.
394 1787 432 1820 Et
451 1787 679 1829 nihilominus,
703 1788 758 1832 qui
786 1800 876 1822 secus
903 1790 988 1822 sece-

246 1840 321 1881 rint‚
345 1840 417 1873 illos
437 1841 477 1873 ad
500 1841 738 1874 restitutionem
770 1842 809 1875 de
835 1853 893 1875 suo
914 1853 991 1886 pro-

246 1893 317 1937 prio
338 1893 440 1927 teneri
457 1894 605 1927 volumus
625 1901 656 1927 et
675 1895 854 1929 statuimus.
876 1896 991 1940 Sicque

247 1946 279 1978 in
307 1946 492 1990 praemissis
523 1947 673 1981 omnibus
707 1954 738 1982 et
768 1948 901 1991 singulis
934 1960 992 1993 per

247 2009 469 2043 quoscumque
490 2000 629 2041 iudices,
653 2001 836 2035 ordinarios
856 2008 886 2035 et
906 2003 992 2036 dele-

247 2057 347 2094 gatos,
372 2052 468 2085 etiam
493 2063 662 2086 causarum
686 2054 796 2097 palatii
824 2056 991 2098 apostolici

247 2104 427 2146 auditores,
450 2105 575 2138 sublata
595 2105 640 2139 eis
665 2106 832 2140 et'eorum
863 2108 993 2141 cuilibet

246 2158 358 2202 quavis
388 2158 482 2191 aliter
511 2158 676 2192 iudicandi
704 2165 735 2192 et
759 2159 992 2203 interpretandi

246 2211 399 2244 facultate
426 2216 457 2244 et
481 2211 673 2245 auctoritate
688 2239 695 2252 ,
719 2212 854 2245 iudicari
882 2218 912 2246 et
932 2214 989 2247 dea

246 2263 308 2296 niri
322 2264 450 2305 debere,
468 2275 505 2297 ac
522 2264 649 2297 irritum
672 2270 702 2298 et
721 2264 817 2298 inane
834 2265 993 2309 quidquid

245 2326 337 2350 secus
350 2327 447 2361 super
462 2316 512 2350 his
529 2328 546 2350 a
560 2328 736 2361 quoquam,
753 2318 864 2361 quavis
884 2324 993 2352 aucto-

246 2369 352 2410 ritate,
368 2370 508 2403 scienter
527 2371 576 2403 vel
596 2370 799 2412 ignoranter,
823 2371 995 2414 contigerit

248 2422 410 2463 attentari,
434 2423 649 2456 decernimus.

293 2475 308 2518 ἓ
328 2474 358 2508 3.
382 2475 453 2508 Non
482 2476 684 2510 obstantibus
710 2477 994 2511 constitutionibus

249 2533 280 2561 et
299 2527 557 2562 ordinationibus
576 2530 770 2573 apostolicis,
794 2541 830 2563 ac
851 2530 994 2564 eiusdem

248 2577 435 2625 hospitalis,
463 2582 560 2616 etiam
591 2583 775 2617 iuramento
790 2611 797 2625 ,
822 2584 994 2618 confirma-

250 2633 338 2667 tione
355 2635 542 2678 apostolica,
565 2636 614 2669 vel
638 2636 750 2680 quavis
769 2636 921 2670 firmitate
934 2637 996 2671 alia

1022 302 1181 335 roboratis
1201 301 1326 335 statutis
1339 307 1370 335 et
1383 300 1680 341 consuetudinibus,
1696 300 1763 344 pri-

1021 354 1142 396 vilegiis
1163 365 1308 398 quoque,
1334 354 1464 387 indultis
1485 359 1516 386 ct
1542 353 1654 387 litteris
1680 364 1760 396 apo-

1021 407 1140 440 stolicis
1161 408 1280 440 eisdem
1310 406 1597 450 gubernatoribus,
1621 406 1764 440 officiali-

1021 461 1079 493 bus
1100 461 1147 493 vel
1166 460 1319 493 ministris
1341 460 1371 493 in
1393 460 1589 494 contrarium
1609 460 1765 504 praemis-

1021 523 1129 546 sorum
1160 514 1408 557 quomodolibet
1437 514 1595 547 concessis
1611 541 1618 554 ,
1642 513 1762 547 contir-

1022 566 1114 598 matis
1135 571 1162 598 et
1184 566 1392 609 approbatis,
1416 566 1614 609 caeterisque
1632 571 1761 599 contra-

1022 618 1077 651 riis
1103 618 1374 662 quibuscumque.

1067 672 1179 705 Datum
1198 673 1318 705 Romae
1337 673 1423 716 apud
1443 674 1473 706 S.
1490 674 1619 706 Petrum
1637 673 1695 706 sub
1708 683 1763 705 an-

1023 726 1099 758 nulo
1120 725 1301 765 Piscatoris⁷
1325 726 1377 759 die
1397 736 1440 759 vu
1462 726 1598 759 ianuarii
1618 735 1761 766 noxum,

1023 778 1228 821 pontificatus
1248 778 1347 811 nostri
1373 789 1457 812 anno
1478 778 1602 822 quinto.

1061 840 1118 867 Dat.
1137 840 1180 866 die
1197 841 1210 867 7
1232 840 1345 866 ianuarii
1367 840 1446 875 1597,
1462 840 1557 876 pontif.
1570 849 1613 867 an.
1633 847 1657 867 v.

1333 1000 1458 1034 CXLIX.

1024 1105 1173 1138 Decerm't
1190 1106 1370 1148 provisores
1395 1110 1423 1139 et
1451 1110 1675 1149 procuratores
1705 1107 1763 1139 ho-

1068 1157 1239 1201 spitalium
1260 1159 1413 1201 Reqinae,
1430 1160 1466 1191 in
1486 1159 1601 1202 oppido
1621 1159 1764 1192 Batneo-

1068 1221 1153 1250 γυνη,
1170 1216 1198 1244 et
1212 1212 1318 1254 Bessis,
1334 1212 1370 1244 ‘in
1383 1212 1512 1244 civitate
1527 1212 1765 1252 colimbriensi,

1068 1265 1204 1308 qm'uno
1226 1265 1367 1298 triennio
1383 1266 1561 1308 provisoris
1580 1276 1636 1298 seu
1653 1276 1769 1308 procu-

1068 1319 1189 1351 ratoris
1208 1319 1307 1362 officio
1325 1320 1491 1362 perfuncti
1509 1323 1596 1359 stent,
1620 1319 1664 1351 ad
1683 1319 1770 1352 idem

1069 1372 1220 1414 officium,
1241 1372 1375 1405 nonnisi
1390 1376 1463 1415 post
1476 1373 1642 1416 inteyrum
1661 1382 1771 1405 sexen-

1069 1425 1174 1466 nium,
1199 1425 1279 1468 eliyi
1295 1436 1386 1468 posse
1406 1425 1425 1458 ¹.

1240 1503 1374 1531 Clemens
1395 1504 1474 1538 Papa
1494 1504 1572 1538 vm,

1150 1557 1187 1584 ad
1207 1560 1384 1591 perpetuam
1402 1557 1446 1585 rei
1463 1558 1647 1585 memoriam.

1071 1629 1087 1670 ξ
1113 1628 1143 1661 ’1.
1164 1628 1252 1668 Cum,
1276 1627 1358 1661 sicut
1378 1628 1573 1672 accepimus,
1589 1629 1770 1672 provisores

1026 1681 1233 1725 hospitalium
1254 1682 1405 1724 Reginae,
1430 1682 1462 1714 in
1483 1682 1604 1726 oppido
1628 1683 1767 1716 Balneo-

1026 1746 1109 1775 rum,
1130 1741 1160 1768 et
1179 1735 1285 1778 Regis,
1310 1736 1341 1768 in
1362 1735 1487 1769 civitate
1507 1736 1746 1770 Colimbriensis
1759 1764 1767 1778 ,

1026 1799 1151 1822 necnon
1172 1794 1409 1831 procuratores,
1427 1788 1481 1832 qui
1499 1789 1594 1831 vulgo
1614 1789 1772 1823 Almocoa-

1025 1842 1110 1885 rifeoe
1129 1842 1173 1874 ibi
1194 1841 1355 1882 dicuntur,
1379 1852 1416 1874 ex
1435 1842 1599 1875 canonicis
1621 1843 1768 1876 saecula-

1026 1895 1116 1929 ribus
1135 1895 1398 1938 Congregationis
1419 1895 1448 1929 S.
1472 1895 1602 1929 loannis
1626 1896 1770 1939 Evange-

1025 1949 1126 1990 listae,
1151 1949 1183 1981 in
1208 1948 1316 1991 regnis
1339 1949 1555 1997 Portugalliae
1574 1949 1633 1982 sub
1661 1950 1773 1992 regula

1026 2008 1056 2035 et
1072 2001 1183 2035 habitu
1201 2002 1307 2035 Sancti
1324 2002 1453 2044 Georgii
1474 2002 1506 2035 in
1526 2003 1605 2045 Alga
1625 2003 1772 2036 Venetia-

1028 2066 1099 2088 rum
1126 2054 1307 2095 institutae,
1331 2055 1405 2097 eligi
1426 2055 1571 2095 soleant,
1593 2065 1773 2099 eorumque

1026 2108 1168 2142 officium
1188 2108 1229 2141 ad
1248 2108 1424 2141 triennium
1443 2109 1548 2149 duret,
1565 2109 1770 2152 maximeque

1026 2161 1183 2205 expediat,
1201 2166 1236 2194 ut
1255 2161 1310 2205 qui
1331 2161 1415 2195 dicto
1437 2161 1542 2195 officio
1556 2172 1620 2195 uno
1634 2162 1773 2196 triennio

1026 2219 1100 2247 sunt
1120 2214 1292 2258 perfuncti,
1309 2225 1374 2248 non
1394 2214 1517 2258 possint
1537 2215 1576 2248 ad
1597 2214 1683 2247 idem
1701 2215 1771 2248 ossi-

1027 2266 1112 2299 cium
1134 2266 1251 2300 iterum
1277 2267 1463 2300 immediate
1484 2267 1569 2310 eligi.

1071 2319 1086 2362 ἓ
1110 2319 1140 2351 2.
1165 2319 1227 2352 Nos
1247 2325 1421 2363 propterea
1440 2320 1523 2353 felici
1545 2320 1694 2362 regimini
1715 2321 1767 2354 di-

1027 2377 1154 2404 ctorum
1178 2372 1385 2415 hospitalium
1407 2372 1576 2416 providere
1608 2374 1770 2415 volentes,

1028 2430 1117 2457 motu
1138 2425 1269 2468 proprio
1284 2452 1291 2465 ,
1316 2431 1347 2458 et
1368 2436 1403 2458 ex
1424 2431 1511 2458 certa
1535 2426 1680 2467 scientia,
1704 2437 1772 2460 ma-

1029 2484 1164 2521 turaque
1185 2478 1436 2519 deliberatione,
1459 2490 1495 2512 ac
1516 2479 1555 2512 de
1576 2480 1773 2523 apostolicae

1028 2530 1192 2574 potestatis
1219 2531 1434 2574 plenitudine,
1459 2531 1574 2565 haruin
1594 2532 1677 2566 serie
1697 2543 1772 2576 per-

1066 2603 1076 2628 1
1099 2601 1138 2627 Ex
1154 2601 1260 2637 Regest.
1279 2602 1304 2628 in
1320 2601 1422 2629 Secret.
1445 2602 1577 2630 Brevium.

1065 2645 1082 2673 2
1097 2645 1222 2681 Legimus
1240 2646 1427 2682 Almojarife.
1642 2648 1736 2683 (Rs.)-

1665 242 1730 276 325
1776 252 1824 279 An.
1843 252 1871 279 c.
1894 252 1960 280 ¹597

1810 1691 1831 1711 ln
1840 1691 1924 1711 statutis
1932 1689 1971 1709 hu-

1785 1717 1877 1737 iusmodi
1900 1716 1971 1741 hospi-
2001 1720 2007 1723 ‘

1786 1744 1858 1764 talium
1880 1743 1971 1771 caveha-

1785 1773 1830 1793 tur.
1854 1776 1880 1790 ne
1901 1774 1972 1795 provi-

1786 1802 1845 1817 sores
1875 1798 1896 1817 et.
1924 1801 1971 1821 pro·

1787 1825 1909 1845 curatores.
1923 1823 1973 1847 post

1786 1850 1875 1875 primum
1908 1849 1971 1868 trien-

1786 1876 1850 1900 nium,
1859 1876 1886 1896 ait
1897 1875 1972 1895 cadem

1787 1903 1857 1923 officia
1866 1902 1914 1928 eligi
1923 1907 1970 1928 pos·

1786 1931 1839 1951 sent.

1814 2378 1913 2399 Dect-mn
1928 2379 1974 2399 Cle-

1787 2412 1846 2426 mens
1870 2406 1973 2431 integi-uni

1788 2432 1911 2452 sexennium
1944 2432 1973 2451 in-

1787 2458 1864 2479 terlabi
1885 2458 1972 2479 dobere.
