2253 3195
17 213 68 239 An.
86 212 112 239 C,
134 212 199 239 1593

52 1117 144 1145 Eiusque
163 1119 200 1139 mi—

18 1145 94 1166 nistros
116 1148 137 1166 et
156 1147 200 1167 om.

17 1171 82 1192 eiates
93 1178 106 1193 a
119 1172 202 1194 iurisdi-

16 1197 85 1218 cuono
108 1199 201 1221 iudicum

18 1224 200 1248 ordinariorumh-

16 1251 84 1271 bera».

46 2127 88 2148 Eos
100 2132 157 2149 vei-0.
168 2127 202 2152 qui

20 2153 114 2174 fraudum
125 2153 146 2173 in
157 2154 202 2173 eius

19 2180 202 2200 administratione

19 2207 160 2227 commiserint
170 2214 174 2229 ;

59 2391 95 2412 Vel
111 2391 201 2411 eleemo-

17 2424 79 2447 synas
111 2418 201 2439 retinue-

17 2446 68 2468 rint,
84 2450 201 2464 excommu-

17 2471 118 2491 nicationi
136 2471 201 2491 subii-

17 2497 53 2521 cit,
67 2497 201 2518 absolutione

18 2523 76 2544 Rom.
105 2524 201 2544 Pontifici

18 2553 132 2571 reservata,

834 211 980 235 CLEMENS
1000 211 1056 234 Vlll
1081 211 1128 234 ΙΨ.

214 261 443 305 personalium,
477 260 690 304 praedialium
712 266 743 293 et
769 259 952 297 mixtorum,

214 314 308 348 etiam
330 314 506 358 apostolica
527 314 717 347 auctoritaie
736 324 794 357 pro
810 320 956 356 tempore

214 368 451 412 impositorum,
468 378 592 401 necnon
607 367 780 403 novalium,
795 367 956 410 pecudum

214 428 245 455 et
264 428 484 454 armentorum
507 421 665 454 solutione
684 420 953 463 etpraestatione,

215 476 403 509 auctoritate
431 475 626 518 apostolica,
662 479 773 506 tenore
800 484 954 516 praesen-

216 529 306 567 tium,
330 528 500 561 eximimus
520 533 551 560 et
571 527 758 563 liberamus,
792 526 957 569 liberaque

215 588 360 626 exempta
381 587 412 614 et.
432 581 588 613 immunia
609 591 677 613 esse
695 586 725 613 et
750 582 827 617 l'ore,
862 590 919 611 nee
941 590 957 611 a

215 645 377 679 quoquam
399 635 438 667 ad
456 633 649 667 solutionem
677 643 731 665 scu
761 632 954 675 praestatio-

214 700 288 722 nem
310 687 495 721 huiusmodi
517 686 696 719 faciendam
718 686 783 719 ullo
798 692 954 729 tempore,

214 743 325 787 quavis
342 741 531 775 auctoritate
552 741 600 773 vel
621 740 788 773 occasione
810 745 862 772 aut
884 750 957 783 pre-

204 803 312 837 textu,
337 796 433 829 etiam
455 795 580 828 ratione
601 794 822 838 praediorum,
851 794 954 838 sylva-

215 861 299 890 rum,
322 860 523 893 camporum,
548 849 713 882 vinearum
735 854 787 881 aut
819 847 955 879 aliorum

215 903 367 937 similium
394 903 577 939 bonorum,
613 912 739 935 necnon
767 901 953 944 pecudum,

215 961 435 989 armentorum
458 966 493 988 ac
514 955 675 988 novalium
697 954 767 996 rogi
789 959 840 986 aut
863 964 954 985 rom-

216 1009 291 1053 pelli
308 1021 314 1049 ;

260 1063 274 1106 ξ
291 1062 321 1095 3.
343 1062 503 1095 Ministros
517 1072 603 1099 vero,
621 1061 783 1097 officiales,
805 1061 953 1104 superio—

216 1127 266 1149 res
286 1122 316 1149 et
335 1116 412 1149 alias
433 1126 652 1159 quascumque
670 1126 823 1159 personas
837 1125 851 1147 a
867 1115 956 1147 nullo

216 1169 322 1202 iudice
353 1170 417 1202 sive
439 1169 502 1202 alio
541 1169 708 1213 superiore
736 1168 867 1205 visitari,
903 1174 954 1201 aut

216 1222 310 1255 etiam
338 1223 369 1254 in
399 1222 552 1255 iudicium
585 1222 680 1255 etiam
711 1222 836 1254 ratione
874 1221 957 1254 aeris

215 1275 309 1308 alieni
331 1281 383 1308 aut
399 1276 429 1308 in
443 1276 506 1308 vim
525 1275 658 1308 alieuius
674 1280 856 1307 contractus
870 1286 933 1318 quo
944 1294 954 1299 -

216 1328 392 1361 modolibet
427 1329 546 1361 directe
581 1329 627 1361 vel
649 1328 802 1361 indirecte
834 1328 952 1365 vocari,

215 1382 500 1422 excommunicari,
524 1382 687 1425 suspendi,
727 1382 873 1415 interdici
903 1387 954 1414 aut

215 1435 276 1468 alia
296 1445 519 1478 quaecumque
545 1445 680 1467 censura
699 1436 747 1468 vel
769 1445 873 1478 poena
899 1447 953 1467 et·-

216 1488 391 1522 clesiastica
424 1488 598 1527 innodari,
630 1494 694 1521 tam
727 1500 784 1532 per
810 1489 955 1521 locorum

216 1541 412 1581 Ordinarios,
437 1553 532 1585 quam
554 1542 649 1575 etiam
671 1553 728 1585 per
746 1542 882 1584 legatos,
907 1542 953 1574 vi-

216 1595 393 1637 ee-legatos
424 1601 449 1627 et
481 1595 627 1633 nuncios,
654 1595 713 1627 nisi
735 1606 806 1627 enm
828 1595 956 1638 speciali

216 1648 351 1680 Romani
371 1648 535 1681 Pontilicis
556 1648 684 1681 licentia
705 1649 744 1681 de
773 1648 957 1681 huiusmodi

215 1696 452 1733 immunitatem
473 1701 645 1744 specialem
679 1701 875 1734 mentionem
908 1702 954 1734 sa-

215 1754 332 1794 ciente3
356 1760 411 1786 aut
430 1754 469 1787 ad
490 1754 712 1797 processiones
735 1755 784 1787 vel
805 1755 954 1798 synodos,

216 1807 276 1840 nisi
297 1807 483 1849 generales,
516 1807 697 1848 convocari,
725 1818 782 1840 seu
803 1808 842 1840 ad
865 1808 954 1840 iura-

216 1866 325 1894 menta
363 1861 555 1904 praestanda
585 1861 633 1893 vel
675 1861 894 1894 testimonium
926 1862 956 1894 in

217 1924 420 1957 quacumque
441 1924 537 1946 causa
566 1914 804 1957 perhibendum
837 1915 958 1958 pariter

217 1967 287 2009 eogi
308 1967 440 2000 minime
461 1978 553 2011 posse
579 1973 632 2000 aut
661 1968 780 2001 debere
811 1969 957 2001 decerni-

218 2029 289 2052 mus
310 2025 338 2052 et
360 2020 570 2053 deelaranms.

263 2074 279 2113 §
293 2072 323 2105 lt.
340 2072 564 2116 Quoscumque
576 2073 673 2117 ipsius
684 2074 850 2118 hospitalis
864 2086 954 2108 eom-

220 2124 393 2165 missarios,
430 2132 655 2168 procuratores
676 2133 706 2160 et
733 2128 879 2167 nuncios,
903 2128 957 2172 qui

218 2178 327 2221 aliquo
342 2179 438 2211 modo
459 2178 829 2223 hospitalepraedictum
851 2181 958 2214 eiusve

217 2231 399 2275 superiores
430 2243 488 2275 pro
520 2238 664 2276 tempore
692 2233 723 2265 in
748 2234 958 2278 eleemosynis

217 2284 352 2328 aliisque
372 2285 521 2318 subsidiis
542 2286 739 2319 charitativis
771 2286 829 2330 ipsi
849 2287 958 2331 hospi-

219 2338 271 2371 tali
293 2349 352 2382 pro
375 2344 519 2382 temporo
544 2350 561 2371 a
587 2350 792 2383 quocumque
823 2346 853 2373 et.
873 2351 954 2384 quo-

218 2392 456 2435 modocumque
487 2393 602 2426 oblatis
632 2399 658 2426 et
693 2394 835 2427 collectis
867 2396 955 2427 t'rau-

218 2447 290 2479 dem
312 2447 514 2481 committere
532 2459 663 2492 quoquo
685 2449 781 2481 modo
793 2460 959 2493 praesum-

217 2500 353 2544 pserint‘,
389 2501 467 2534 alios
492 2501 568 2535 item
590 2513 822 2546 quoscumque,
862 2503 958 2536 etiam

217 2558 394 2594 extraneos,
419 2554 473 2598 qui
495 2555 724 2599 eleemosynas,
749 2556 844 2594 (lona,
877 2557 955 2589 sub-

216 2606 295 2639 sidia
317 2607 505 2641 charitativa
525 2609 624 2653 ipsius
644 2609 810 2653 hospitalis
831 2616 881 2642 aut
905 2622 959 2644 eo-

1665 199 1700 231 tn

992 270 1061 292 rum
1094 264 1217 303 partem
1251 257 1391 301 aliquam
1429 258 1738 301 quomodocumque

991 323 1160 356 occupare,
1187 312 1325 345 retinere
1340 317 1394 344 aut
1414 311 1523 355 aliquo
1544 311 1607 343 :ilio
1638 312 1736 344 modo

992 366 1148 409 hospitale
1181 365 1380 409 praedictum
1424 365 1571 397 fraudare
1616 364 1739 408 pariter

992 418 1238 462 praesumpserit
1263 429 1300 450 eo
1323 418 1392 461 ipso
1422 417 1734 451 exconnnunieatio-

992 472 1040 504 nis
1062 473 1143 504 latae
1174 472 1352 504 sententiae
1378 482 1494 515 poena,
1515 482 1532 503 a
1563 482 1625 514 qna
1646 471 1739 504 aliso-

993 526 1123 558 lutiunis
1144 526 1340 558 lwuotieium
1363 526 1422 558 nisi
1445 537 1461 558 a
1482 526 1628 559 Romano
1649 526 1735 558 Pon-

994 580 1095 616 tifice,
1132 580 1212 611 lacta
1244 580 1334 623 prius
1367 586 1473 612 tamen
1495 586 1547 612 aut
1570 579 1601 611 in
1627 579 1738 612 mortis

993 633 1129 665 articulo
1150 632 1273 673 integra
1297 639 1327 665 et
1341 633 1418 665 reali
1436 633 1739 676 restitutioneprae-

993 685 1078 718 dieto
1099 685 1260 728 hospitali,
1285 685 1418 718 minime
1440 686 1561 718 valeant
1576 686 1734 723 obtinere,

993 738 1198 771 innodanms.

1037 794 1051 835 ξ
1072 792 1101 825 Γ).
1128 793 1159 825 ln
1180 792 1323 824 notarios
1344 803 1474 836 quoque
1492 798 1519 825 et
1534 792 1733 831 tabelliones,

992 845 1045 889 qui
1068 851 1335 878 testamentorum
1354 856 1410 878 seu
1431 845 1656 877 codicillorum
1684 851 1739 878 aut

991 899 1126 931 aliarum
1148 898 1243 931 etiam
1265 898 1453 931 ultimarum
1475 898 1688 938 voluntatum,
1707 898 1737 931 in

992 952 1108 995 quibus
1129 952 1251 996 aliquid
1272 952 1303 985 in
1325 953 1465 985 savorem
1486 958 1516 985 et
1530 953 1738 985 connnodnm

992 1006 1146 1049 praedicti
1177 1006 1344 1049 hospitalis
1376 1006 1523 1038 relietum
1554 1012 1606 1038 aut
1630 1006 1738 1049 dispo-

991 1061 1087 1093 situm
1118 1059 1302 1099 i'utj·1·it,nisi
1331 1059 1361 1092 id
1391 1059 1548 1103 praedicti
1570 1058 1739 1102 hospitalis

991 1113 1307 1146 admiuisinum-ibus
1340 1123 1398 1156 pro
1433 1118 1577 1155 tempore
1610 1112 1736 1145 revela-

991 1165 1104 1204 verint,
1135 1171 1189 1198 aut
1227 1166 1305 1198 alias
1326 1171 1451 1208 sponte,
1477 1165 1572 1198 etiam
1607 1165 1740 1198 minime

991 1219 1155 1263 requisiti,
1191 1230 1255 1252 non
1285 1219 1556 1261 significaverint,
1592 1219 1740 1251 eamdem

991 1273 1334 1306 exconnmmirationis
1367 1272 1559 1305 sententiam
1594 1272 1736 1305 serimus.

992 1327 1051 1360 Eos
1071 1338 1213 1370 quoqufn
1237 1327 1291 1369 qui
1314 1326 1423 1359 dolose
1452 1331 1503 1358 aut
1538 1326 1740 1368 negligenter

991 1381 1210 1425 eleemosynas
1229 1386 1256 1413 et
1282 1380 1415 1413 nomina
1435 1380 1681 1413 benefactorum
1709 1386 1740 1413 et

991 1435 1140 1473 aliorum,
1169 1435 1223 1478 qui
1245 1435 1348 1474 legata
1380 1434 1440 1478 ipsi
1461 1434 1612 1477 hospitali
1634 1444 1738 1467 reser-

991 1487 1143 1525 vaverint,
1169 1487 1318 1520 innodari
1340 1498 1378 1520 eo
1393 1487 1461 1531 ipso
1482 1487 1641 1520 volumus.

1036 1544 1051 1583 g
1074 1543 1104 1574 (ἰ.
1129 1542 1263 1584 Insuper
1280 1541 1385 1574 eidem
1410 1541 1570 1584 superiori
1593 1541 1624 1573 in
1646 1541 1739 1584 spiri-

993 1595 1142 1633 tualibus,
1167 1596 1296 1638 quando
1318 1600 1348 1627 et
1368 1595 1493 1638 quoties
1513 1605 1593 1637 opus
1630 1594 1735 1634 suerit,

993 1659 1046 1681 eos
1067 1659 1190 1685 onmes,
1215 1648 1269 1691 qui
1297 1648 1406 1691 aliquo
1427 1648 1525 1681 modo
1547 1648 1652 1680 celare
1685 1653 1740 1681 aut

993 1702 1071 1734 alias
1090 1701 1230 1734 indebite
1252 1712 1423 1744 occupare,
1440 1701 1488 1733 vel
1503 1707 1659 1744 occupata
1685 1702 1739 1734 de—

994 1755 1095 1788 tinere
1120 1755 1205 1787 bona
1240 1755 1347 1798 aliqua
1378 1754 1534 1798 praedicti
1572 1754 1739 1798 hospitalis

993 1809 1099 1841 eiusve
1132 1809 1379 1848 membrorum,
1412 1809 1551 1849 casalia,
1590 1808 1735 1852 praedia,

992 1861 1110 1902 vineas,
1135 1872 1277 1905 campos,
1302 1862 1414 1906 sylvas,
1439 1872 1568 1905 pascua,
1597 1861 1739 1894 incidere

992 1916 1147 1955 arbores,
1185 1920 1311 1948 mutare
1341 1915 1518 1955 terminos,
1548 1915 1658 1948 dolum
1685 1921 1737 1948 aut

993 1969 1139 2002 fraudem
1161 1969 1245 2002 circa
1263 1979 1376 2002 census
1401 1975 1429 2002 et
1456 1969 1610 2010 redditus,
1637 1970 1736 2002 devo-

993 2022 1148 2055 lutionem
1169 2023 1342 2061 honorum,
1367 2022 1591 2062 instrumenta,
1613 2029 1740 2056 contra-

993 2081 1072 2115 ctus,
1097 2081 1300 2117 testamenta,
1330 2076 1531 2117 donationes,
1562 2076 1736 2118 obligatio-

992 2140 1048 2163 nes
1069 2130 1212 2173 aliasque
1236 2130 1423 2173 scripturas,
1439 2129 1584 2173 publicas
1605 2131 1653 2162 vel
1675 2130 1739 2173 pri-

993 2188 1100 2222 vatas,
1125 2183 1347 2219 committere,
1369 2188 1421 2215 aut
1444 2182 1570 2223 calices,
1591 2188 1735 2226 patenas,

993 2247 1125 2276 cruces,
1161 2236 1375 2275 candelabra,
1400 2241 1606 2279 paramenta,
1640 2236 1739 2269 libros

993 2295 1046 2322 aut
1066 2290 1127 2322 alia
1145 2290 1298 2323 ecclesiae
1320 2289 1467 2329 mobilia,
1489 2290 1639 2333 pecudes,
1664 2290 1736 2323 ani-

994 2343 1111 2383 malia,
1141 2344 1248 2383 lanas,
1284 2354 1436 2381 caseum,
1464 2343 1636 2387 butyrum,
1674 2344 1739 2376 t'ru-

995 2403 1150 2436 mentum,
1183 2398 1330 2435 ordeum,
1356 2398 1461 2437 blada,
1487 2397 1661 2440 legumina,
1683 2409 1737 2431 cu-

994 2450 1079 2488 bilia,
1104 2461 1225 2494 capsas,
1247 2456 1360 2491 vestes,
1384 2462 1457 2484 vasa
1477 2456 1531 2484 ant
1551 2451 1613 2484 alia
1633 2462 1735 2495 quae-

993 2514 1132 2547 cumque
1153 2504 1285 2537 mobilia
1305 2515 1361 2537 seu
1382 2504 1561 2537 immobilia
1583 2509 1614 2537 et
1634 2515 1739 2538 semo-

994 2557 1098 2589 ventia
1141 2557 1225 2589 bona
1261 2568 1392 2601 quoquo
1432 2558 1530 2591 modo
1569 2558 1738 2602 subripere

993 2610 1040 2643 vel
1066 2610 1144 2643 nlius
1165 2610 1309 2644 detinere
1341 2611 1410 2645 ausi
1437 2611 1574 2648 suerint,
1610 2612 1738 2656 praevia

1754 209 1800 235 An.
1821 209 1849 235 C.
1872 208 1937 237 1503

1773 801 1809 822 Cui
1821 807 1938 822 excmnmu-

1753 829 1854 848 uivatmni
1879 831 1937 849 nullit-

1754 856 1795 875 rios
1812 855 1874 875 etium
1890 856 1938 874 sul»-

1754 883 1810 907 ponit
1820 883 1889 905 leuata
1899 888 1938 901 non

1755 909 1883 931 revelantes,

1771 1548 1795 1568 Et
1807 1547 1894 1574 aliquod
1904 1547 1939 1568 ilu-

1754 1581 1823 1595 mnuui
1838 1575 1938 1600 hospitali

1755 1602 1774 1621 in
1803 1601 1863 1621 bonis
1889 1607 1939 1621 irru-

1755 1631 1836 1652 eunte&
