2253 3195
833 267 931 293 INDEX
954 267 1062 293 aarum
1612 254 1672 289 921

263 335 294 364 et
325 340 388 374 seq.
418 330 487 373 Ipse
511 339 566 362 rex
598 329 773 362 absolvitur
802 340 819 362 a
853 339 1058 373 quacumque
1084 338 1230 368 censura,
1265 327 1352 371 quod
1382 331 1556 370 proventus
1581 336 1617 359 ex
1640 326 1720 359 Cru-

264 383 357 423 ciata,
373 387 444 423 etc„
466 382 497 415 in
518 382 598 415 alios
618 393 693 415 usus
711 382 904 415 converterit
927 393 1023 425 quam
1045 393 1109 422 eos,
1131 391 1269 425 quorum
1289 380 1405 413 intuitu
1427 380 1568 413 concessi
1586 380 1721 419 fuerant,

265 436 329 470 673
349 436 365 469 b
386 442 416 469 et
439 446 503 479 seq.
531 435 679 468 Extensio
703 435 901 469 indultorum
924 435 1099 474 Cruciatae,
1123 434 1260 468 Subsidii
1284 433 1420 467 excusati
1443 439 1472 466 et
1490 433 1616 466 Primae
1637 433 1724 466 deri-

267 500 338 522 mae
356 489 395 522 ad
421 489 483 521 alia
503 488 556 532 pia
576 499 686 532 opera,
707 488 771 521 674
788 488 814 521 b.

177 543 344 587 Philippus
368 543 406 576 lll
431 541 656 585 Hispaniarum
689 553 761 583 rex,
783 542 885 575 tilium
918 553 950 575 se
976 543 1138 575 Romanae
1163 541 1320 574 Ecclesiae
1345 541 1528 579 declarans,
1557 540 1635 583 petit
1665 549 1725 583 ope

267 596 374 630 divina
398 595 542 628 adiuvari
569 595 599 627 in
629 595 677 628 sui
708 595 796 637 regni
823 596 1004 637 gubernio,
1025 595 1089 628 474
1120 595 1145 627 b.
1175 595 1314 627 Litterae
1345 595 1384 627 ad
1409 593 1598 626 Pontificem
1632 598 1663 625 et
1687 592 1727 625 ad

267 656 428 683 oratorem
448 650 569 683 Romae
583 649 776 682 residentem
792 649 919 689 missae,
942 648 1006 681 475
1028 660 1058 681 a.
1076 649 1220 681 Pontifex
1247 648 1279 681 in
1301 647 1384 681 illius
1403 647 1554 680 dominiis
1567 647 1727 679 solemnes

268 702 490 747 processiones
504 708 534 735 et
546 702 797 745 supplicationes
816 702 936 741 indicit⁷
950 702 1014 734 475
1027 701 1057 741 b;
1079 702 1204 744 aliaque
1218 701 1270 745 pia
1281 711 1390 744 opera,
1407 700 1571 744 proposita
1585 698 1729 743 plenaria

268 756 468 798 indulgentia
493 756 532 789 ad
558 756 690 788 modum
717 756 860 794 Iubilaei‚
884 755 948 788 476
973 767 992 788 α
1018 761 1049 788 et
1073 755 1110 795 123
1140 754 1323 797 cumvenia
1343 753 1403 787 sibi
1421 752 1650 787 confessarium
1673 752 1729 786 eli-

268 809 374 851 gendi,
397 808 460 841 477
475 820 504 841 α.
525 809 681 841 Eumdem
709 820 816 851 regem
844 809 992 841 bortatur
1016 809 1119 851 Papa,
1143 808 1287 840 sedulam
1312 807 1464 839 adhibeat
1489 817 1599 839 curam
1626 805 1657 838 in
1681 815 1729 838 se-

269 862 405 905 ligendis
430 862 478 901 iis,
507 862 560 906 qui
587 863 626 895 ad
651 862 872 905 episcopatum
898 868 971 894 sunt
996 861 1225 905 promovendi,
1253 860 1316 893 478
1342 860 1379 900 b·‚
1407 871 1486 893 neve
1515 859 1644 893 crebras
1669 868 1726 892 eo-

269 926 340 948 rum
360 915 584 949 translationes
605 920 702 959 petat,
723 914 787 948 470
812 926 830 948 α
856 921 886 948 et
911 915 944 952 ὂς
970 925 1048 948 neve
1069 915 1108 948 ad
1134 915 1240 947 aulam
1267 913 1387 956 regiam
1409 919 1511 954 vocet,
1540 918 1595 945 aut
1615 922 1728 945 eorum

270 979 379 1013 opera,
408 974 495 1001 extra
519 968 681 1008 ecclesias,
711 974 817 1001 utatur
841 968 902 1001 nisi
928 969 968 1001 ob
994 968 1198 1011 gravissimas
1223 978 1347 1007 causas,
1375 965 1438 999 480
1459 977 1478 999 a
1498 972 1528 999 et
1552 965 1578 998 I).
1599 965 1731 1009 Dispen-

271 1022 411 1056 sationes
435 1032 532 1066 super
556 1022 746 1055 residentias
767 1028 906 1062 revocat,
931 1022 972 1054 ib.
999 1022 1025 1054 b.
1044 1022 1077 1054 ln
1099 1021 1293 1054 investituris
1311 1020 1401 1063 regni
1420 1019 1586 1063 utriusque
1606 1018 1731 1052 Siciliae

272 1075 431 1109 concessis
448 1075 578 1117 regibus
592 1077 776 1117 Aragonum
795 1080 923 1108 cautum
947 1079 1015 1107 erat
1032 1085 1071 1107 ne
1090 1074 1148 1118 ipsi
1170 1074 1366 1116 eligerentur
1386 1073 1598 1116 imperatores
1616 1072 1732 1104 Roma-

274 1139 407 1169 norum,
436 1128 500 1161 534
519 1139 549 1161 a.
579 1128 724 1161 Clemens
751 1134 857 1160 tamen
883 1139 956 1160 cum
982 1127 1130 1171 Philippo
1156 1128 1194 1160 111
1216 1127 1379 1170 dispensat
1396 1132 1430 1159 ut
1450 1137 1514 1159 una
1535 1135 1607 1159 cum
1625 1124 1732 1158 Sicilia

273 1181 375 1226 possit
395 1182 546 1215 ducatum
565 1181 736 1214 Mediolani
755 1181 912 1221 obtinere,
940 1181 982 1213 ib.
1010 1181 1036 1212 b.
1064 1181 1166 1213 Huius
1191 1179 1439 1223 dispensationis
1467 1190 1579 1212 causas
1604 1177 1735 1222 exponit

275 1236 354 1274 fuse,
383 1234 446 1267 535
471 1246 490 1267 a
515 1240 546 1267 et
571 1235 598 1267 b.
627 1234 726 1267 Iulius
752 1234 777 1267 ll
808 1234 963 1267 concessit
999 1233 1219 1266 investituram
1252 1233 1343 1275 regni
1372 1232 1498 1266 Siciliae
1530 1231 1733 1265 Ferdinando

274 1288 500 1332 Hispaniarum
517 1287 583 1330 regi
605 1293 633 1320 et
655 1288 723 1320 eius
741 1287 990 1326 successoribus,
1012 1286 1075 1319 536
1089 1287 1115 1319 b.
1139 1287 1279 1330 Idipsum
1299 1286 1373 1319 fecit
1387 1287 1450 1319 Leo
1468 1286 1493 1318 X
1511 1296 1583 1318 cum
1605 1285 1731 1323 Carolo,

276 1342 331 1386 qui
352 1342 410 1375 suit
423 1341 518 1375 etiam
535 1341 724 1385 imperator,
741 1340 803 1374 537
818 1352 847 1373 α.
864 1340 960 1374 lulius
970 1341 1008 1374 ΙΙΙ
1023 1340 1243 1373 investituram
1259 1339 1415 1373 concessit
1429 1338 1577 1382 Philippo
1591 1338 1625 1379 II,
1640 1337 1682 1370 ib.
1702 1337 1729 1369 b.

279 1396 426 1430 Clemens
443 1395 509 1428 thl
535 1394 755 1427 investituram
776 1394 857 1427 lianc
881 1405 953 1427 cum
980 1394 1074 1427 solito
1099 1405 1195 1427 ceusu
1218 1403 1326 1426 annuo
1347 1398 1378 1426 et
1395 1391 1637 1425 conditionibus
1655 1390 1734 1423 iam-

278 1448 403 1493 pridem
423 1447 580 1491 expressis
596 1447 744 1491 Philippo
765 1448 803 1480 111
822 1447 979 1487 concedit,
997 1446 1060 1480 539
1074 1458 1112 1487 α;
1134 1458 1206 1480 cum
1222 1447 1291 1489 lege
1305 1445 1490 1479 declarandi
1506 1444 1587 1477 insra
1600 1454 1732 1480 annum,

280 1512 338 1546 per
357 1512 488 1553 auream
510 1501 642 1541 bullam,
672 1511 704 1534 se
732 1501 826 1533 talem
853 1500 1073 1533 investituram
1096 1512 1131 1533 ex
1153 1511 1242 1533 mera
1263 1499 1455 1533 liberalitate
1476 1497 1638 1532 Pontificis
1657 1496 1737 1530 obti-

281 1554 406 1595 nuisse,
434 1554 475 1587 ib.
504 1554 530 1587 b.
559 1555 675 1587 Forma
700 1553 872 1587 iuramenti
898 1554 936 1586 ab
962 1559 1091 1587 oratore
1113 1553 1268 1597 praestiti,
1296 1553 1337 1586 ib.
1369 1558 1400 1586 et
1426 1562 1490 1595 seq.
1514 1552 1578 1585 Rex
1604 1550 1735 1583 modum

280 1608 474 1642 servandum
501 1607 532 1640 in
562 1606 834 1651 appellationibus
858 1606 1082 1651 praescripsit,
1110 1605 1174 1639 560
1202 1606 1240 1646 b;
1270 1616 1367 1650 quem
1398 1605 1556 1649 approbat
1583 1603 1738 1643 Clemens,

279 1662 464 1705 servarique
484 1660 652 1706 praecipit,
676 1659 735 1693 561
762 1661 789 1693 b.

190 1715 397 1761 physicorum
419 1714 590 1757 collegium
610 1714 640 1746 in
659 1714 754 1747 Urbe.
784 1713 817 1747 V.
846 1713 1070 1747 Protomedici.

190 1768 402 1803 Pientinensis
427 1773 459 1801 et
477 1767 655 1815 Ilicinensis
672 1767 833 1801 Ecclesiae
853 1772 1044 1811 separantur
1065 1767 1215 1810 gravibus
1233 1767 1272 1801 de
1293 1766 1408 1807 causis,
1428 1764 1492 1799 143
1509 1776 1548 1806 a;
1570 1770 1600 1798 et
1617 1763 1739 1809 episco-

278 1834 338 1867 pus
367 1827 534 1866 separatus
558 1821 734 1866 unicuique
765 1821 974 1866 praeficitur,
1010 1821 1050 1854 ad
1079 1831 1193 1865 preces
1227 1821 1323 1855 etiam
1348 1819 1544 1855 Ferdinandi
1572 1817 1740 1852 Hetruriae

279 1875 388 1919 magni
414 1874 515 1915 ducis,
538 1875 582 1908 ih.
607 1880 637 1908 et
657 1875 685 1908 b.

191 1930 340 1973 Pignora.
363 1929 397 1962 V.
422 1929 510 1962 Mons
534 1928 675 1962 Pietatis.

191 1983 333 2017 Pina-llus
355 1982 543 2016 Dominicus
568 1982 751 2022 cardinalis,
775 1987 939 2026 protector
963 1982 1228 2026 Congregationis
1251 1982 1381 2017 Italicae
1411 1981 1557 2015 Fratrum
1583 1977 1738 2014 Carmeli-

282 2042 388 2069 tarum
407 2035 690 2076 Discalceatorum,
712 2034 776 2068 340
796 2035 822 2069 b.

193 2089 380 2124 Pontificale
400 2089 593 2122 Romanum.
618 2089 692 2122 Pius
712 2088 736 2121 V
756 2089 954 2123 Breviarium
974 2096 1003 2124 et
1024 2090 1147 2124 lllissale
1172 2090 1322 2131 restituit,
1344 2088 1407 2122 246
1434 2089 1461 2121 b.
1486 2087 1547 2121 Alii
1572 2085 1743 2121 Pontifices

284 2143 456 2176 ediderunt
486 2142 685 2183 Pontificale,
710 2143 753 2175 ib.
781 2143 898 2176 Verum
920 2144 1086 2188 paullatim
1116 2145 1184 2178 eius
1213 2144 1382 2177 immutata
1414 2143 1540 2181 forma,
1573 2140 1638 2178 2‘b.;
1675 2138 1744 2172 Cle-

285 2206 374 2229 mens
398 2195 462 2229 Vlll
483 2196 649 2228 emendari
675 2195 775 2236 iubet,
804 2198 1009 2231 emendatum
1032 2198 1094 2239 edi,
1119 2198 1241 2232 editum
1267 2196 1420 2239 evulgari,
1449 2194 1511 2227 0247
1532 2205 1562 2226 α.
1588 2193 1670 2226 Haec
1691 2202 1745 2224 au-

285 2255 347 2283 tem
369 2249 551 2282 emendatio
567 2249 648 2282 sacta
667 2254 714 2282 est
733 2249 885 2283 adhibitis
898 2251 1119 2285 vetustissimis
1133 2251 1293 2285 Vaticanis
1313 2250 1448 2293 aliisque
1470 2245 1698 2286 ‹:odicihus‚ib.
1714 2245 1742 2277 b.

285 2303 419 2337 Demum
440 2302 602 2335 observari
623 2303 790 2347 praecipit,
814 2303 884 2337 aliis
905 2305 1055 2338 omnibus
1076 2305 1323 2349 quomodolibet
1343 2301 1531 2341 interdictis,
1544 2299 1607 2333 0248
1627 2310 1665 2339 α;
1689 2309 1746 2331 nec

286 2355 381 2388 alicui
403 2360 529 2388 mutare
549 2354 672 2399 aliquid
694 2355 898 2399 permissum,
919 2357 962 2390 ib,
986 2358 1020 2390 In
1041 2357 1192 2390 omnibus
1214 2355 1356 2390 ecclesiis
1377 2353 1540 2388 introduci
1562 2352 1637 2392 vult,
1654 2351 1697 2384 ib.
1716 2351 1744 2383 b.

198 2408 389 2442 Pontificum
418 2409 639 2442 Romanorum
667 2419 743 2442 cura
773 2420 831 2454 pro
857 2410 976 2454 optima
1007 2411 1186 2444 valetudine
1213 2409 1433 2443 conservanda
1463 2406 1560 2440 totius
1588 2403 1744 2448 reipubli-

288 2472 355 2502 cae,
380 2461 422 2494 85
443 2472 472 2495 a.

200 2515 348 2560 Popelius
368 2515 536 2559 Georgius,
557 2516 636 2550 baro
657 2517 696 2551 de
715 2517 880 2550 LobroviZ.
910 2516 943 2550 V.
967 2517 1154 2559 Collegium.

201 2568 415 2611 Portugalliae
435 2569 598 2603 collector.
620 2570 734 2604 Exorta
748 2570 968 2604 controversia
989 2570 1073 2603 inter
1092 2569 1276 2613 Philippum
1303 2578 1411 2611 regem
1433 2573 1462 2601 et
1479 2566 1628 2601 abbatem
1654 2575 1750 2608 gene-

288 2622 389 2655 ralem
403 2621 667 2665 Congregationis
684 2623 724 2657 de
743 2623 909 2657 Alcobatia
926 2633 1024 2666 super
1044 2622 1303 2665 inrepatronatus
1329 2621 1562 2654 nonnullorum
1589 2623 1748 2652 monaste-

290 2674 424 2717 riorum,
451 2674 515 2722 348
535 2675 552 2708 b
566 2702 574 2717 ‚
602 2676 775 2711 transactio
796 2676 878 2710 inter
898 2682 1004 2720 partes
1022 2675 1099 2709 inita
1117 2680 1174 2717 est,
1199 2681 1458 2719 conventumque
1479 2673 1630 2708 abbatem
1652 2681 1747 2714 geue-

356 2737 436 2767 Bull.
455 2737 539 2768 Rom.
562 2737 624 2768 Vol.
643 2739 680 2768 X.
877 2738 929 2765 tto
