2253 3195
37 213 85 239 An.
103 211 132 238 C.
152 210 217 238 1594

58 1173 97 1195 Eos
107 1175 224 1200 perturbati

42 1203 136 1222 cavetur.

855 210 1001 234 emanas
1022 211 1078 234 vni
1101 210 1150 234 Pr.

82 268 220 291 snticonau-
237 259 341 292 edicta
361 258 501 303 publica,
533 269 588 293 seu
614 259 735 293 litteras
761 265 905 307 patentes
926 259 976 291 di—

36 295 220 371 ἓξὲξ-ἓξὲξ
236 313 307 346 lecti
331 313 385 346 filii
407 314 507 347 nostri
530 314 687 352 moderni,
712 319 739 347 ct
760 324 818 357 pro
834 319 978 357 tempore

36 375 190 397 continuantur.

236 366 397 400 existentis
421 366 555 400 Sanctae
576 367 738 399 Romanae
753 366 911 399 Ecclesiae
926 377 978 399 ca-

237 420 378 459 merarii,
411 420 679 459 salviconductus,
705 425 736 452 ut
759 419 868 459 aiunt,
901 429 978 452 con-

236 473 305 506 cedi
328 474 443 513 solent,
468 474 513 506 eis
540 484 598 506 nos
623 483 752 517 quoque
773 473 812 505 ad
835 473 976 505 Anconi-

236 533 344 560 tanum
366 533 494 570 portum
528 533 556 560 et
584 527 742 560 civitatem
766 532 868 559 tutum
889 554 895 565 ,
924 536 976 559 se-

235 591 347 613 curum
374 586 405 613 et
424 580 562 612 liberum
588 586 826 618 commeatum,
857 589 980 612 remea-

236 639 325 673 tum,
355 644 518 666 accessum
544 639 573 666 et
606 644 787 673 recessum,
821 643 980 666 commer-

236 686 334 727 cium,
368 698 404 720 ac
422 687 570 720 veniendi
597 694 625 720 et
645 686 812 727 redeundi,
837 692 862 720 et
886 697 979 720 occa-

236 739 325 773 sione
357 740 533 778 mercium,
564 740 719 784 quamdiu
752 750 833 784 opus
871 739 976 779 fuerit,

237 794 388 826 Anconae
409 794 644 834 commorandi,
669 799 697 826 et
717 804 788 826 cum
812 793 887 837 ipsis
907 793 981 826 sub·

239 845 313 879 ditis
333 847 451 880 nostris
471 847 606 880 liberam
625 847 794 880 occasione
825 847 979 880 mercium

238 900 380 944 ipsarum
407 902 616 935 contrahendi
647 901 821 941 licentiam,
855 911 891 934 ac
908 901 978 944 ple-

239 953 407 987 nissimum
437 966 534 999 super
553 954 737 999 praemissis
757 954 924 994 omnibus,
948 960 981 986 ut

240 1007 361 1048 dicunt,
381 1008 700 1042 salvumconductum
726 1014 883 1052 perpetuo
905 1018 982 1042 con-

240 1060 386 1094 cedimus
406 1067 437 1094 et
456 1061 671 1106 impartimur,

284 1114 299 1158 ἓ
319 1113 350 1148 3.
374 1115 568 1156 inhibentes,
590 1127 630 1150 ne
643 1116 715 1160 quis
728 1127 794 1157 eos,
819 1123 983 1161 tamquam

241 1167 299 1200 sub
320 1168 384 1201 fide
397 1169 526 1212 publica
546 1170 765 1213 praesentium
795 1170 984 1203 auctoritate

241 1228 450 1263 assecuiatos,
462 1234 594 1268 quoquo
603 1225 700 1258 modo
710 1225 881 1258 molestare
894 1235 986 1268 prae-

241 1282 356 1309 sumat.
367 1277 551 1316 Quinimmo
559 1279 766 1313 vehementer
779 1279 875 1312 etiam
890 1284 986 1322 atque

243 1329 338 1363 etiam
361 1330 531 1364 hortamur
552 1332 582 1365 in
611 1332 760 1373 Domino,
785 1338 813 1365 et
836 1343 893 1376 per
910 1343 987 1375 apo-

242 1383 354 1418 stolica
373 1384 492 1430 scripta
513 1396 682 1420 monemus
696 1387 861 1420 universos
874 1392 904 1420 et
916 1387 983 1419 sin-

241 1437 352 1480 gulos,
385 1449 472 1472 nunc
503 1445 532 1472 et
564 1450 622 1483 pro
651 1446 796 1483 tempore
817 1439 987 1473 existentes

242 1492 422 1534 praefectos
451 1497 480 1526 et
511 1493 628 1527 milites
658 1493 808 1528 classium
834 1505 870 1527 ac
892 1494 986 1527 trire-

243 1543 356 1585 mium,
379 1551 444 1578 tam
466 1546 622 1580 carissimi
645 1547 676 1579 in
697 1547 820 1580 Christo
849 1547 905 1580 filii
927 1558 986 1580 no-

243 1598 299 1631 stri
318 1599 545 1643 Hispaniarum
558 1601 643 1643 regis
661 1601 821 1641 catholici,
839 1607 869 1634 et
880 1601 987 1634 cuius-

244 1662 383 1696 cumque
407 1653 510 1696 regni,
544 1654 729 1698 provinciae
766 1660 794 1688 et
816 1655 938 1688 insulae
960 1655 986 1688 ei

244 1706 418 1748 subiectae,
441 1718 538 1751 quam
570 1707 665 1741 etiam
688 1708 879 1741 dilectorum
904 1709 988 1742 tilio-

244 1769 315 1793 rum
337 1760 497 1794 nobilium
521 1761 662 1794 virorum
690 1761 780 1795 ducis
805 1768 836 1795 et
853 1761 987 1795 dominii

244 1813 451 1855 Venetorum,
479 1825 605 1848 necnon
631 1815 739 1857 magni
760 1815 904 1848 Etruriae
928 1815 987 1848 sibi

245 1867 408 1901 subiectae
429 1869 530 1909 ducis,
555 1876 584 1903 et
604 1869 710 1903 Sancti
731 1869 858 1902 Ioannis
878 1869 990 1902 Hiero-

245 1921 447 1965 solymitani,
476 1933 512 1955 ac
542 1923 645 1956 Sancti
673 1923 837 1967 Stephani,
862 1928 890 1955 ct
912 1934 990 1967 qua—

245 1984 459 2019 rumcumque
480 1976 615 2009 aliarum
637 1976 842 2017 militiarum,
865 1987 989 2010 necnon

246 2028 462 2062 Dalmatarum
481 2030 635 2064 Uscocchi
657 2036 937 2074 nuncupatorum,
961 2036 992 2064 et

247 2088 445 2116 caeterarum
460 2084 605 2117 omnium
627 2084 940 2127 rerumpublicarum
962 2091 992 2117 et

247 2136 441 2180 principum,
463 2148 501 2170 ne
522 2137 583 2170 illis
600 2148 742 2181 unquam
760 2137 894 2180 navigiis
915 2147 991 2170 one-

248 2190 357 2232 rariis,
382 2202 464 2235 quae
486 2202 608 2225 merces
635 2192 674 2224 ad
702 2191 860 2225 civitatem
885 2193 991 2225 Anco-

249 2244 410 2283 nitanam,
443 2256 480 2278 ac
513 2245 575 2278 alia
605 2245 734 2278 ditionis
764 2251 892 2278 nostrae
924 2246 993 2278 loca

250 2305 475 2343 comportant,
509 2299 624 2343 ipsisvc
651 2299 904 2339 mercatoribus,
940 2304 993 2331 aut

251 2352 366 2393 nautis,
383 2353 620 2397 utpraefertur,
638 2352 854 2386 assecuritatis
868 2351 989 2392 damni,

252 2406 456 2447 detrimenti,
480 2412 534 2441 aut
563 2406 784 2451 impedimenti
815 2405 936 2449 aliquid
962 2405 993 2438 in

252 2471 319 2493 rem
341 2461 389 2494 vel
410 2461 441 2493 in
462 2471 614 2504 personas
636 2461 784 2494 inserant.
809 2459 994 2499 Quinimmo

253 2512 407 2546 habentes
439 2524 492 2547 eos
518 2525 577 2558 pro
607 2520 717 2548 nostra
744 2519 775 2546 et
794 2513 884 2547 Sedis
904 2514 991 2557 Apo-

253 2566 384 2600 stolicae
415 2567 593 2601 reverentia
613 2567 803 2612 propensius
830 2577 995 2600 commen-

255 2619 357 2662 datos,
372 2621 404 2654 in
422 2622 599 2656 exercenda
615 2621 800 2656 huiusmodi
815 2627 995 2654 mercatura

339 2683 415 2711 Ball.
438 2685 517 2713 Rom.
542 2685 600 2712 Vol.
624 2685 649 2711 X
875 2683 909 2710 14

1660 197 1724 231 105
1771 207 1956 236 An.c.1594

1014 269 1142 292 omnem
1185 258 1245 291 illis
1275 268 1382 302 opem,
1421 267 1569 302 operam,
1602 257 1754 298 savorem,

1015 312 1179 351 auxilinm,
1212 312 1302 344 cnix‘c
1333 322 1369 344 ac
1394 310 1532 353 benigne
1554 310 1754 354 impendant,

1014 365 1121 398 scituri
1152 376 1184 398 se
1223 365 1252 397 in
1289 366 1349 398 hoc
1380 364 1571 408 obsequium
1598 364 1691 397 nobis
1729 369 1759 396 et

1014 418 1117 451 cidem
1140 419 1213 452 Secti
1235 419 1452 461 <gratissimum
1484 418 1704 462 praestituros,
1729 423 1759 450 et

1014 471 1037 504 si
1060 472 1318 511 eontrat‘ecerint‚
1342 483 1494 505 censuras
1515 478 1544 504 et
1568 481 1689 515 poenas
1706 481 1758 504 ec-

1014 524 1205 558 clesiasticas
1241 531 1267 557 ct
1301 526 1494 568 temporales
1525 531 1636 558 contra
1672 524 1758 568 pira-

1016 584 1061 610 tas
1082 584 1110 610 et
1139 578 1320 621 praedones
1340 585 1449 611 nostra
1480 578 1580 611 maria
1607 578 1759 611 infestan-

1016 637 1059 664 tes
1077 631 1214 664 intlictas
1235 631 1432 665 incursuros.

1059 687 1075 726 ξ
1108 685 1137 717 4.
1163 685 1279 718 Verum
1311 685 1379 725 his,
1409 685 1472 729 ‚qui
1502 687 1652 718 Anconae
1674 695 1959 744 ¹¹uncstatffiif'rsi1'iss'mfi

1014 745 1040 771 et
1071 749 1130 783 pro
1161 745 1307 782 tempore
1340 745 1583 772 commorantur
1607 738 1759 771 Hebraeis
1775 751 1841 771 ramo
1864 750 1889 770 ni
1911 755 1959 769 con-

1014 792 1235 831 orientalibus‚
1260 803 1439 836 eorumque
1469 792 1678 831 universitati,
1702 802 1760 836 per
1775 776 1959 833 {i{{i{¹¹iirie1iiil

1015 846 1142 879 easdem
1165 852 1349 889 praesentes
1371 846 1579 879 concedimus
1600 851 1628 878 et
1656 845 1760 878 indul·
1774 831 1961 877 {sffffimfflliiissfffi

1015 911 1138 942 gemus,
1163 906 1194 933 ut
1217 900 1343 933 statutis
1369 906 1399 933 et
1430 899 1589 943 capitulis,
1619 898 1663 931 eis
1684 898 1762 931 alias

1016 965 1073 997 per
1093 954 1192 987 felicis
1213 954 1446 988 recordationis
1475 954 1608 986 Paulum
1630 953 1687 986 PP.
1709 953 1758 993 ΙΙΙ,

1017 1009 1299 1052 praedecessorem
1322 1014 1480 1047 nostrum,
1509 1007 1668 1049 concessis
1699 1007 1763 1040 sive

1017 1062 1201 1106 permissis,
1245 1074 1317 1095 cum
1350 1073 1387 1095 ea
1408 1068 1514 1095 tamen
1540 1060 1764 1094 moderatione

1018 1116 1125 1159 quoad
1155 1116 1309 1159 primum,
1339 1122 1366 1148 et
1390 1126 1462 1148 cum
1490 1115 1535 1148 eis
1565 1113 1764 1147 limitationi-

1018 1169 1078 1202 bus
1098 1175 1128 1202 et
1148 1168 1350 1207 restrictivis,
1381 1169 1489 1212 quoad
1518 1168 1659 1211 reliqua,
1683 1177 1765 1211 quae

1019 1233 1123 1267 nuper
1143 1234 1160 1255 a
1182 1222 1300 1256 dilecto
1321 1222 1388 1255 filio
1409 1227 1520 1255 nostro
1538 1221 1568 1254 S.
1592 1221 1629 1254 R.
1653 1220 1687 1253 E.
1714 1231 1765 1253 ca-

1021 1277 1160 1310 merario
1200 1277 1344 1311 adiectae
1377 1282 1405 1309 et
1435 1276 1540 1309 editae
1564 1275 1703 1315 fuerunt,
1737 1280 1768 1307 et

1020 1341 1085 1364 non
1106 1331 1194 1368 alias,
1219 1330 1263 1363 uti
1284 1329 1385 1363 libere
1410 1334 1441 1362 et
1462 1329 1548 1362 licite
1570 1328 1704 1367 valeant,
1730 1327 1766 1359 it-

1021 1386 1115 1429 laque
1136 1384 1246 1418 omnia
1266 1389 1297 1416 et
1317 1383 1453 1426 singula,
1478 1392 1617 1426 quorum
1639 1387 1766 1414 tenores

1020 1437 1242 1483 praesentibus
1262 1436 1375 1470 haberi
1395 1436 1543 1469 volumus
1563 1445 1622 1479 pro
1637 1445 1767 1478 expres-

1021 1492 1074 1535 sis,
1098 1502 1173 1525 cum
1204 1490 1427 1524 moderatione
1460 1496 1566 1523 tamen
1593 1495 1622 1522 et
1643 1488 1764 1521 limita-

1022 1546 1163 1580 tionibus
1189 1551 1220 1579 et
1249 1543 1434 1577 restrictivis
1463 1543 1671 1583 huiusmodi,
1705 1553 1764 1574 au-

1022 1599 1168 1634 ctoritate
1198 1598 1375 1643 apostolica
1397 1605 1509 1631 tenore
1529 1596 1764 1641 praesentium,

1023 1653 1241 1697 approbamus
1253 1658 1281 1685 et
1296 1651 1539 1692 confirmamus,
1561 1650 1672 1694 eisque
1696 1659 1768 1693 per-

1023 1714 1137 1751 petuae
1178 1711 1209 1739 et
1237 1704 1429 1738 inviolabilis
1471 1704 1630 1737 firmitatis
1668 1703 1768 1736 robur

1023 1760 1202 1794 adiicimus.

1069 1817 1084 1857 ξ
1106 1814 1135 1847 5.
1160 1814 1364 1847 Declarantes
1386 1812 1529 1856 insuper,
1554 1811 1674 1845 litteras
1710 1821 1767 1844 no-

1023 1875 1104 1901 stras
1141 1868 1179 1900 de
1209 1867 1330 1900 eisdem
1361 1865 1488 1899 Iudaeis
1514 1875 1549 1898 ex
1584 1870 1650 1898 toto
1679 1864 1769 1898 Statu

1024 1921 1208 1965 praedicto,
1233 1925 1460 1964 praeterquam
1479 1918 1592 1957 Roma,
1614 1916 1770 1951 Avinione

1025 1981 1055 2008 et
1068 1976 1210 2013 Ancona,
1234 1972 1431 2017 expellendis
1449 1982 1554 2015 nuper
1567 1970 1678 2011 editas,
1696 1970 1771 2014 ipsis

1024 2028 1177 2062 Hebraeis
1198 2026 1419 2067 orientalibus,
1450 2026 1498 2058 vel
1519 2024 1589 2058 aliis
1617 2026 1768 2057 Anconae

1026 2082 1225 2117 domicilium
1247 2081 1441 2115 habentibus
1461 2090 1526 2112 non
1545 2078 1668 2118 obesse,
1690 2088 1771 2122 quo-

1027 2137 1132 2170 minus
1144 2136 1182 2169 ad
1204 2144 1428 2179 quaecumque
1441 2133 1547 2166 Status
1559 2131 1772 2165 Ecclesiastici

1025 2191 1096 2224 loca
1109 2200 1168 2234 pro
1183 2188 1348 2230 exigendis
1361 2186 1489 2220 creditis
1501 2185 1671 2219 occasione
1686 2195 1771 2218 mer-

1027 2244 1110 2277 cium
1133 2243 1372 2287 praedictarum
1400 2240 1571 2274 contractis
1602 2239 1769 2279 accedere,

1028 2303 1056 2331 et
1078 2308 1135 2341 per
1156 2307 1192 2329 ea
1213 2296 1393 2329 discurrere
1424 2294 1523 2326 libere
1555 2299 1584 2326 et
1609 2292 1694 2326 licite
1721 2302 1774 2325 va-

1028 2352 1124 2389 leant,
1148 2362 1206 2384 nec
1239 2356 1411 2394 propterea
1436 2360 1453 2381 a
1474 2358 1639 2392 quoquam
1667 2347 1771 2381 mole-

1027 2405 1102 2439 stari
1123 2410 1252 2448 queant,
1289 2402 1467 2437 dummodo
1489 2413 1586 2446 super
1606 2401 1668 2435 hoc
1688 2401 1773 2434 litte-

1028 2470 1078 2492 ras
1108 2457 1338 2491 testimoniales
1369 2456 1408 2489 de
1438 2465 1550 2488 eorum
1578 2454 1719 2497 origine,
1745 2461 1774 2487 et

1029 2513 1111 2546 iusta
1131 2510 1317 2544 huiusmodi
1340 2509 1463 2543 itineris
1490 2519 1586 2542 causa
1607 2507 1705 2542 sidem
1727 2508 1773 2540 fa-

1030 2566 1150 2599 cientes
1164 2575 1182 2597 a
1201 2563 1480 2597 venerabilisratre
1492 2568 1604 2596 nostro
1623 2561 1775 2606 episcopo

1030 2618 1252 2658 Anconitano‚
1285 2628 1340 2651 seu
1371 2627 1429 2660 pro
1449 2622 1595 2660 tempore
1622 2615 1775 2648 existente

1811 1816 1971 1838 Constitutionts

1784 1843 1903 1864 declaratio
1920 1848 1970 1864 cou-

1785 1873 1816 1891 tra
1824 1870 1970 1890 Hebraeosan·

1785 1903 1852 1917 conae
1863 1896 1970 1922 degentes.
