2253 3195
2 280 3 301 t
41 277 88 304 An.
110 274 139 301 C.
157 272 225 300 1599

69 760 126 781 Hanc
141 760 226 780 iustitu-

44 787 119 809 liouem
144 786 226 806 tinnit..-

45 814 87 835 eins
109 813 155 834 Vnt
178 819 216 832 rou

45 841 139 862 firmavit.
154 842 172 859 et
191 840 226 859 alii

45 867 122 888 dictum
146 869 226 892 tempus

45 895 199 915 contraxerunt.

860 270 1006 295 crannus
1025 270 1083 294 vm
1103 268 1154 294 pe.
1657 257 1721 292 505
1767 267 1816 294 An.
1838 267 1864 294 c.
1883 266 1952 295 159ss

238 321 400 353 Romanae
421 319 581 353 Ecclesiae
604 319 766 359 instituto,
790 329 848 362 per
866 320 979 352 decur-

238 380 343 407 rentes
362 374 566 407 sacculorum
588 379 724 411 aetates,
749 373 810 406 hoc
831 378 888 411 cst,
909 373 977 405 sin-

238 427 320 469 gulis
341 427 482 459 centenis
503 426 605 464 aunis,
627 437 644 458 a
664 426 778 459 Christi
803 425 929 458 Domini
951 431 981 457 et

238 481 410 514 Salvatoris
427 481 527 514 nostri
548 480 656 521 natali,
677 480 895 524 amplissimae
909 490 982 522 pec-

239 540 384 568 catorum
406 534 623 576 indulgentiae
646 539 675 566 et
689 533 894 566 remissiones
908 542 982 575 pro—

238 589 361 632 positae
375 594 466 621 erant
477 588 524 627 iis,
539 588 593 631 qui
607 598 698 620 sacra
716 587 884 620 beatorum
900 587 983 629 Apo-

239 642 396 675 stolorum
409 642 520 674 limina
541 641 593 684 pie
615 651 651 673 ac
672 641 784 673 devote
804 639 979 672 visitarent.

285 697 301 737 S
324 695 353 728 t.
367 695 468 734 Quam
482 705 558 728 sane
572 699 728 727 vetustam
749 693 983 726 institutionem

241 749 316 782 anni
337 748 516 789 centesimi,
545 758 608 781 non
635 758 717 781 vana
737 747 905 789 gentilium
927 757 982 779 su-

220 803 447 847 -perstitione,
468 803 522 835 sed
549 802 700 845 religioso
726 802 812 835 cultu
845 806 875 833 et
903 801 986 833 chri-

242 857 418 889 stianorum
447 866 606 889 concursu
628 856 748 888 Romae
776 853 982 893 celebrandi,

242 910 342 943 felicis
362 910 596 943 recordationis
613 908 796 942 Bonifacius
810 909 895 951 Papa
906 907 983 947 Vlll,

242 964 472 1008 praedecessor
492 969 617 1003 noster,
645 973 703 995 suo
729 961 906 1006 apostolico
931 961 987 994 de-

244 1023 354 1057 creto,
378 1018 418 1050 ad
450 1017 676 1050 certitudinem
706 1015 924 1060 praesentium
957 1014 1006 1047 et*

243 1071 435 1104 memoriam
468 1071 670 1109 futurorum,
703 1068 916 1102 confirmavit.
945 1069 988 1100 Ac

244 1124 319 1157 licet
339 1124 393 1156 alii
413 1123 537 1157 Summi
556 1122 728 1156 Pontifices
754 1121 986 1165 praedecesso-

244 1188 294 1210 res
314 1177 389 1210 item
417 1176 535 1216 nostri,
560 1176 614 1219 qui
642 1180 754 1219 postea
774 1180 848 1208 sunt
875 1185 988 1207 conse-

245 1232 347 1274 quuti,
359 1230 443 1263 intra
461 1229 663 1272 angustiores
683 1239 842 1261 annorum
857 1228 986 1268 limites,

244 1289 378 1328 propter
396 1283 479 1316 vitae
498 1284 658 1316 humanae
678 1282 882 1321 brevitatem,
906 1281 990 1314 lubi-

246 1337 307 1371 laei
318 1337 502 1371 celebrandi
515 1336 653 1381 spatium
671 1335 905 1373 contraxerint;
923 1335 990 1378 ipsa

246 1396 354 1425 tamen
372 1391 546 1425 centenarii
568 1390 755 1430 celebratio,
777 1389 818 1422 ob
839 1389 990 1432 antiquae

249 1446 428 1479 traditionis
448 1445 643 1489 primordia,
672 1444 704 1477 in
724 1443 838 1487 primis
859 1442 991 1485 insignis

247 1510 312 1533 non
333 1499 495 1532 immerito
521 1498 732 1531 existimatur.
756 1498 793 1530 Et
814 1507 925 1529 revera
945 1496 992 1529 di-

247 1553 321 1586 vino
334 1553 467 1586 consilio
488 1553 607 1585 sactum
626 1552 762 1589 videtur,
774 1556 809 1583 ut
828 1555 992 1594 postremo

249 1606 387 1639 cuiusvis
407 1606 525 1639 saeculi
547 1615 643 1645 anno,
661 1605 748 1648 quod
769 1604 992 1646 longissimum

249 1660 345 1692 etiam
371 1659 531 1692 humanae
554 1658 636 1691 vitae
663 1658 800 1701 spatium
823 1662 990 1696 censetur,

252 1820 402 1853 fidelibus
429 1819 610 1859 recolatur3
639 1819 725 1862 quod
751 1818 872 1851 scilicet
896 1817 936 1850 ad
962 1828 996 1850 o-

253 1885 343 1907 nmes
363 1873 593 1906 illuminandos
620 1873 667 1905 sol
694 1871 831 1905 iustitiae
855 1871 997 1904 Christus

252 1928 335 1960 Deus
354 1932 474 1967 noster,
492 1926 546 1970 qui
565 1926 708 1958 humano
729 1925 840 1967 generi
861 1925 997 1957 salutem

254 1981 369 2021 attulit,
393 1991 430 2013 ex
450 1986 543 2013 utero
571 1979 709 2022 Virginis
739 1989 907 2022 expressus
928 1983 995 2019 est,

255 2046 293 2068 ex
310 2045 348 2068 eo
373 2034 482 2074 etiam,
504 2034 592 2077 quod
613 2033 778 2066 christiani
798 2032 939 2066 universi
960 2033 1018 2065 adt

255 2088 339 2122 Petri
367 2088 500 2127 Sedem,
524 2092 555 2119 et
580 2087 620 2119 ad
640 2086 714 2119 fidei
741 2091 888 2129 petram,
918 2091 999 2118 tam-

257 2152 353 2186 quam
375 2141 432 2174 filii
464 2141 504 2173 ad
531 2146 655 2184 patrem
682 2146 713 2172 et
733 2150 806 2172 oves
832 2139 871 2172 ad
895 2145 1001 2183 pasto-

258 2206 325 2228 rem
340 2204 515 2233 summum,
533 2193 628 2225 simul
644 2193 822 2231 confluunt,
836 2197 923 2225 tanto
936 2203 1003 2225 ma-

260 2307 425 2346 appareat,
449 2306 480 2333 et
506 2299 602 2333 unius
630 2299 705 2332 fidei
737 2299 890 2342 splendor
910 2299 1004 2331 latius

261 2356 429 2392 elucescat,
442 2364 524 2397 quae
535 2353 624 2385 nullo
637 2352 839 2385 saeculorum
853 2351 1001 2391 decursu,

261 2409 350 2442 nulla
371 2414 554 2451 temporum
572 2406 725 2439 varietate
746 2405 914 2439 immutata
934 2411 1002 2445 est,

263 2463 318 2496 sed
347 2472 474 2505 semper
500 2461 613 2494 eadem
647 2471 664 2492 a
697 2459 847 2493 fidelibus
878 2459 1007 2502 populis

264 2517 471 2559 incorrupta,
495 2520 591 2557 atque
626 2513 776 2546 inviolata
808 2512 1026 2556 professione·

265 2569 438 2605 retinetur2
467 2568 614 2600 membra
646 2577 776 2610 quoque
803 2576 861 2599 suo
893 2566 1007 2599 visibili

267 2622 361 2666 capiti
377 2627 464 2655 tanto
477 2620 595 2653 arctius
612 2619 778 2653 charitatis
798 2619 920 2662 glutine
934 2629 1009 2652 con-
1026 2642 1028 2646 »

267 2686 348 2710 nexa
368 2675 508 2709 mundus
528 2679 697 2717 agnoscat·‚
717 2679 748 2706 et
764 2673 904 2717 denique
925 2673 1009 2708 idem

372 2739 450 2767 Bull.
468 2738 551 2765 Rom.
572 2736 631 2765 Vol.
649 2736 682 2764 X.
896 2737 930 2764 6¹.

1014 321 1066 353 ille
1096 318 1227 363 spiritus
1259 317 1407 357 unitatis,
1431 327 1494 360 quo
1526 316 1593 350 sola
1623 316 1757 349 ecclesia

1015 373 1187 410 catholica,
1212 373 1344 415 eiusque
1378 381 1494 414 corpus
1525 369 1759 402 admirabiliter

1015 432 1219 470 compactum
1241 431 1271 459 et
1291 429 1550 467 coagmentatum
1580 429 1647 463 est,
1671 429 1759 456 tanto

1017 479 1172 512 illustrius
1190 479 1383 515 declaretur,
1405 478 1481 510 dum
1502 477 1600 510 veluti
1621 477 1660 509 ab
1682 476 1756 509 uni-

1016 532 1165 565 versitate
1185 531 1297 575 populi
1318 530 1495 570 christiani,
1520 530 1552 562 in
1569 530 1638 573 ipsa
1657 529 1762 562 unita-

1017 586 1055 618 tis
1076 590 1208 628 parente
1229 585 1374 617 Romana
1391 583 1542 622 Ecclesia,
1566 582 1655 616 statis
1675 588 1759 615 tem-

1018 638 1161 683 poribus,
1179 648 1281 670 annus
1295 648 1388 677 unus,
1403 642 1531 669 sauctus
1552 636 1621 668 iure
1639 635 1762 679 optimo

1018 692 1215 731 nominatus,
1239 701 1366 724 summa
1383 690 1541 732 religione
1562 689 1691 733 rituque
1710 699 1762 722 so-

1019 746 1116 780 lemni
1139 746 1332 779 celebratur.

1064 799 1079 842 ξ
1099 799 1129 831 9.
1147 799 1239 832 Hunc
1253 804 1360 832 autem
1379 808 1499 830 annum
1514 808 1587 830 vere
1601 803 1760 837 sanctum,
1807 808 1901 829 Clemens
1911 807 1964 836 εις-πεῖ

1020 863 1141 885 annum
1163 853 1290 886 Domini
1311 859 1478 896 acceptum
1499 858 1529 886 et
1554 853 1761 896 placabilem,
1780 834 1966 882 i’u‘flfll'ffiffllnflffill

1021 917 1085 950 quo
1111 907 1259 939 homines
1290 906 1521 950 poeniteutiam
1552 912 1706 949 agerent,
1736 912 1767 939 et
1781 893 1966 944 Ξῖξηέἶῗὲῃεῗζῗῐ

1022 961 1061 993 ad
1081 960 1181 993 Deum
1202 965 1233 993 et
1258 960 1385 992 Patrem
1413 959 1708 993 misericordiarum
1734 959 1766 991 in
1781 948 1829 989 {¹515
1842 943 1966 988 ffi‘liulil'ssf'·

1023 1014 1121 1047 corde
1152 1014 1295 1057 perfecto
1324 1019 1614 1054 converterentur,
1642 1013 1767 1057 primus

1023 1067 1145 1100 mundo
1166 1067 1373 1099 annunciavit
1394 1066 1460 1110 ipse
1488 1067 1571 1100 vitae
1602 1072 1632 1100 et
1657 1066 1768 1099 salutis

1023 1127 1152 1154 nostrae
1170 1126 1283 1153 auctor
1302 1121 1389 1153 Iesus
1406 1119 1548 1153 Christus
1569 1120 1667 1153 Filius
1686 1120 1741 1153 Dei
1758 1147 1764 1160 ,

1024 1185 1121 1219 quem
1139 1175 1232 1207 Pater
1244 1175 1335 1207 unxit
1352 1174 1472 1218 Spiritu
1492 1174 1619 1215 Sancto,
1635 1180 1666 1207 et
1679 1173 1768 1207 omni

1023 1239 1121 1273 super
1134 1239 1207 1262 eum
1220 1229 1340 1271 gratiae
1358 1228 1560 1272 plenitudine
1581 1227 1692 1268 effusa,
1709 1227 1768 1260 mi-

1024 1282 1064 1315 sit
1077 1282 1167 1315 illum
1183 1282 1400 1324 evangelizare
1414 1281 1622 1326 pauperibus,
1634 1286 1663 1314 et
1680 1291 1769 1313 man-

1008 1364 1009 1367 ,
1025 1336 1123 1369 suetis
1143 1335 1280 1376 mederi,
1298 1341 1329 1369 et
1348 1346 1461 1369 sanare
1482 1334 1638 1368 contritos
1658 1334 1766 1375 corde,

1026 1389 1214 1433 praedicare
1242 1389 1375 1433 captivis
1406 1388 1641 1431 indulgentiam
1663 1394 1694 1421 et
1713 1399 1767 1421 re-

1027 1443 1225 1484 missionem,
1254 1442 1370 1476 clausis
1392 1442 1616 1486 aperitionem,
1640 1447 1671 1475 et
1691 1452 1767 1476 coe-

1027 1497 1071 1530 cis
1091 1497 1206 1529 visum.
1229 1496 1267 1529 Et
1287 1506 1345 1529 nos
1359 1496 1454 1529 etiam
1475 1495 1541 1539 qui,
1564 1495 1639 1529 licet
1659 1495 1768 1528 humi-

1027 1551 1072 1583 les
1093 1555 1123 1582 et
1140 1549 1275 1592 indigni,
1292 1549 1375 1582 vices
1387 1554 1494 1582 tamen
1515 1548 1628 1582 Christi
1644 1548 1772 1582 Domini

1010 1603 1059 1647 xin
1080 1603 1183 1643 terris,
1208 1603 1277 1646 ipso
1294 1602 1341 1635 ita
1362 1602 1564 1646 disponente,
1587 1602 1730 1645 gerimus
1743 1608 1774 1636 et

1011 1663 1186 1705 ,tenemus
1211 1668 1248 1689 ex
1267 1657 1328 1689 hac
1353 1656 1484 1689 sublimi
1506 1656 1703 1699 apostolicae
1722 1656 1772 1689 vi-

250 1713 282 1745 in
300 1713 368 1756 ipsa
388 1723 461 1745 arce
482 1718 514 1745 et
530 1711 695 1745 domicilio
709 1711 901 1743 christianae
918 1709 994 1742 reli·
1011 1706 1013 1712 ’

250 1766 365 1809 gionis,
382 1766 460 1799 tanti
480 1765 630 1799 beneficii
657 1764 816 1798 memoria
836 1775 853 1796 a
874 1763 996 1796 cunctis
1012 1789 1014 1808 ³
1030 1766 1089 1798 bus
1103 1764 1349 1805 annunciamus,
1370 1764 1554 1804 indicimus,
1572 1765 1773 1807 evangeliza-

1029 1711 1124 1753 giliae
1133 1711 1274 1754 specula,
1287 1710 1377 1743 vobis
1391 1709 1546 1744 universis
1560 1710 1776 1744 christifideli-

1031 1828 1102 1850 mus
1122 1818 1208 1851 hunc
1227 1817 1377 1850 eumdem
1396 1828 1516 1850 annum
1535 1817 1668 1851 Iubilaei
1685 1828 1777 1851 verae

1014 1871 1249 1924 ¹poenitentiae
1282 1877 1312 1904 et
1345 1871 1521 1915 spiritualis
1554 1871 1704 1905 laetitiae.
1741 1872 1779 1905 Et

1015 1955 1016 1966 ,
1033 1926 1108 1970 quia
1128 1924 1267 1958 charitas
1286 1925 1401 1958 Christi
1418 1952 1424 1965 ,
1449 1935 1507 1968 pro
1528 1935 1593 1969 quo
1618 1925 1778 1968 legatione

1033 1979 1197 2022 fungimur
1215 1979 1255 2012 ad
1276 1989 1389 2012 omnes
1409 1983 1532 2021 gentes
1553 1984 1648 2021 urget
1667 1989 1736 2019 nos,
1749 1984 1780 2012 et

1034 2033 1120 2065 zelus
1140 2032 1252 2065 salutis
1273 2031 1456 2064 animarum
1479 2032 1620 2065 eomedit
1640 2042 1696 2065 eor
1714 2042 1776 2065 no-

1034 2091 1156 2127 struin3
1188 2086 1358 2118 hortamur
1378 2091 1410 2118 et
1441 2085 1648 2119 obsecramus
1668 2096 1780 2119 omnes

1036 2150 1094 2183 per
1113 2138 1334 2183 aspersionem
1353 2138 1525 2181 Sanguinis
1553 2139 1623 2172 Iesu
1652 2138 1777 2179 Christi,

1019 2199 1067 2226 iet
1085 2204 1143 2236 per
1162 2193 1334 2226 adventum
1355 2192 1440 2233 Eius,
1465 2197 1495 2225 et
1516 2192 1600 2225 diem
1622 2193 1781 2226 tremendi

258 2249 306 2292 gis
325 2248 420 2281 unius
441 2247 531 2280 ovilis
563 2252 594 2279 ct
619 2246 715 2279 unius
732 2245 869 2289 pastoris
897 2246 1021 2279 unitas*

1038 2246 1159 2287 iudicii,
1176 2252 1212 2279 ut
1225 2256 1317 2279 sacro
1331 2245 1534 2289 potissimum
1555 2245 1688 2278 Iubilaei
1702 2251 1783 2279 tem-

1038 2310 1116 2344 pore
1139 2305 1345 2332 convertatur
1371 2299 1578 2342 unusquique
1607 2310 1625 2332 a
1649 2299 1699 2332 via
1727 2310 1784 2333 sua

1040 2353 1134 2392 mala,
1152 2358 1183 2385 et
1196 2358 1376 2386 revertatur
1396 2353 1435 2386 ad
1450 2353 1621 2385 Dominum
1637 2352 1669 2385 in
1687 2354 1785 2386 corde

1040 2415 1144 2449 puro,
1169 2411 1200 2438 et
1228 2405 1425 2439 conscientia
1444 2405 1551 2446 bona,
1576 2411 1606 2438 et
1634 2405 1698 2439 side
1718 2416 1784 2439 non

1042 2459 1132 2499 sicta·‚
1165 2458 1241 2502 quia
1277 2459 1419 2492 clemens
1451 2465 1482 2492 et
1518 2459 1702 2492 misericors
1737 2465 1785 2493 est

1042 2513 1123 2545 Deus
1158 2518 1289 2552 noster,
1325 2517 1356 2545 et
1392 2513 1512 2545 multae
1549 2512 1783 2555 miserationis,

1044 2572 1074 2599 et
1093 2566 1295 2610 praestabilis
1326 2577 1424 2610 super
1452 2566 1583 2600 malitia.
1604 2567 1684 2600 Dum
1711 2577 1787 2601 vero

1045 2630 1081 2653 ex
1101 2625 1212 2653 nostro
1230 2620 1399 2664 pastoralis
1419 2620 1516 2653 officii
1538 2631 1671 2655 munere
1691 2621 1788 2655 caris-

1046 2675 1144 2708 simos
1165 2675 1196 2708 in
1217 2675 1342 2709 Christo
1367 2675 1450 2709 filios
1481 2682 1619 2718 nostros,
1648 2676 1788 2721 impera-
