2253 3195
78 253 126 280 An.
143 252 171 279 C.
195 252 262 279 1599

79 338 232 365 parochialium
241 343 262 366 u-

80 365 170 385 uitat-um
195 369 262 383 oneri-

79 391 118 411 bus
165 389 262 411 satisfieri

79 417 190 444 praecipit.

91 735 202 756 Ctausulae
211 741 260 762 poe-

77 763 142 784 natos.

111 2390 252 2413 Prooemium.

891 253 1039 277 cennens
1058 253 1115 277 v111
1137 254 1187 277 rr.

117 311 226 332 rrioratus
243 312 263 330 at
278 301 420 341 monem,
437 301 663 342 annexionem,
680 301 977 346 incorporationem
992 307 1022 335 et

278 354 598 388 dismembrationem
630 355 830 399 praedictas,
859 355 1020 399 prioratus

277 414 308 441 et
327 408 529 452 parochiales
543 408 697 442 ecclesiae
707 409 893 442 huiusmodi
904 409 1020 442 debitis

276 472 342 495 non
361 462 552 495 fraudentur
580 462 743 506 obsequiis
756 490 763 502 ,
787 468 818 495 et
837 462 1017 499 animarum

276 526 353 548 cura
373 515 535 559 praedicta
555 515 737 548 nullatcnus
755 516 946 558 negligatur,
963 516 1017 549 sed

277 568 405 601 illarum
427 574 458 601 et
476 568 639 612 prioratus
670 568 855 602 huiusmodi
877 579 1018 611 congrue

277 627 510 666 supportentur
527 632 626 654 onera
646 628 809 655 consueta.

321 677 338 717 g
360 674 411 708 10.
440 674 523 708 Nulli
545 685 622 718 ergo
643 675 777 708 omniuo
797 675 966 709 hominum
982 675 1019 708 li-

276 734 346 763 ceat
365 729 448 762 hanc
464 729 615 773 paginam
642 734 770 762 nostrae
791 729 932 770 unionis,
963 740 1018 762 an-

275 782 431 823 nexionis,
455 783 739 826 incorporationis,
764 783 947 823 erectionis,
973 783 1019 816 in-

275 836 458 877 stitutionis,
473 836 780 877 dismembrassonis,
793 836 1016 880 separationis,

276 890 524 934 applicationis,
563 890 858 935 appropriationis,
885 890 1017 931 decreti,

276 943 442 984 mandati,
466 943 684 986 derogationis
709 949 740 976 et
768 943 940 977 voluntatis
966 943 1017 976 in-

277 997 429 1040 fringere,
445 997 492 1030 vel
512 997 540 1030 ei
559 1008 638 1030 ausu
656 997 828 1030 temerario
846 998 1017 1031 contraire.

276 1051 308 1085 Si
329 1051 401 1095 quis
418 1057 524 1084 autem
545 1051 607 1084 hoc
624 1056 780 1084 attentare
794 1061 1021 1095 praesumpse-

278 1105 330 1146 rit,
354 1105 610 1148 indignationem
641 1105 871 1149 omnipotentis
890 1104 957 1145 Dei,
985 1116 1022 1138 ac

276 1159 446 1193 beatorum
461 1158 545 1192 Petri
563 1164 593 1191 et
606 1158 695 1192 Pauli
710 1159 933 1202 apostolorum
948 1159 1022 1192 Eius

277 1223 310 1246 se
331 1212 457 1246 noverit
477 1212 694 1245 incursurum.

320 1266 435 1299 Datum
456 1266 578 1299 Romae
603 1266 690 1309 apud
711 1265 741 1299 S.
765 1266 906 1299 Marcum
937 1276 1022 1300 anno

276 1319 511 1352 lncarnationis
530 1319 716 1352 Dominicae
737 1319 909 1353 millesimo
930 1320 1023 1363 quin-

277 1372 456 1415 gentesimo
476 1372 687 1415 nonagesimo
708 1382 806 1413 none,
822 1373 915 1406 nonis
933 1373 1020 1414 maii,

279 1425 486 1470 pontificatus
506 1426 607 1459 nostri
626 1437 709 1459 anno
730 1437 800 1460 vui.

313 1488 372 1516 Dat.
389 1488 433 1516 die
453 1490 467 1517 7
490 1488 551 1516 maii
570 1489 646 1522 1599,
668 1491 743 1525 pont.
760 1498 805 1517 an.
822 1497 879 1517 vul.

598 1651 666 1685 CCV
684 1651 703 1684 ¹.

278 1748 446 1793 Hospitali
462 1749 690 1782 Trecentorum
702 1749 872 1784 coecorum
879 1750 1024 1784 Parisiis

323 1822 344 1844 α
368 1811 400 1845 S.
435 1811 598 1844 Ludovico
628 1811 791 1845 Franciae
821 1822 894 1855 reye
924 1816 1025 1845 erecto

324 1873 562 1916 confirmantur
567 1874 624 1918 pri
628 1874 658 1906 vi
662 1874 748 1917 ἱερέα
758 1875 880 1915 omnia,
891 1879 920 1908 et
930 1886 1025 1919 prae-

325 1936 438 1968 sertim
457 1935 598 1979 facultas
618 1940 802 1979 quaestores
829 1937 1026 1970 instituendi

326 2009 386 2042 pro
421 1998 612 2042 colliqendis
643 1999 874 2043 eleemosynis,
900 2004 1026 2033 servata

327 2065 435 2094 tamen
453 2061 561 2104 forma
573 2072 593 2093 a
611 2072 701 2094 sacro
724 2062 867 2096 Concilio
884 2062 1023 2096 Triden-

328 2124 395 2157 tino
409 2124 615 2168 praescripta
633 2124 654 2157 ³.

308 2214 445 2241 Clemens
465 2212 636 2247 episcopus,
649 2220 756 2240 servus
772 2220 926 2241 servorum
937 2215 999 2247 Dei,

402 2269 437 2295 ad
460 2270 636 2301 perpetuam
657 2267 703 2294 rei
725 2267 905 2294 memoriam.

330 2339 447 2373 Salutis
466 2345 595 2373 nostrae
623 2345 748 2372 amator
774 2344 805 2372 et
828 2344 942 2372 auctor
961 2340 1025 2373 Do-

286 2393 392 2427 minus
404 2400 514 2427 noster
524 2394 611 2427 Iesus
623 2393 758 2433 Cliistus,
773 2393 827 2437 qui
840 2393 1029 2427 adveniente

287 2446 442 2490 temporis
477 2446 678 2490 plenitudine
691 2473 698 2487 ,
738 2456 867 2479 carnem
900 2452 1030 2480 nostrae

287 2499 493 2533 mortalitatis
513 2500 545 2532 in
566 2500 671 2533 forma
695 2499 778 2533 servi
799 2510 962 2533 assumere
983 2500 1030 2533 di-

324 2583 335 2607 t
352 2580 425 2608 ilaec
439 2579 549 2607 demum
571 2580 597 2607 in
614 2588 696 2616 supra
712 2580 784 2607 dicta
803 2579 920 2607 editione
940 2580 1031 2614 legere

288 2628 330 2652 est
345 2624 372 2651 in
387 2625 562 2660 Appendice,
579 2624 630 2651 sub
650 2633 676 2651 n.
692 2631 831 2652 ccccxxw.
849 2627 889 2659 (n.
900 2625 950 2660 T.).

323 2669 339 2696 2
355 2669 393 2697 Ex
413 2670 526 2706 Regest.
547 2669 574 2697 in
593 2670 693 2697 secret.
716 2669 851 2697 Brevium.

1705 242 1769 276 499

1056 306 1170 343 gnatus
1191 306 1251 342 est,
1276 311 1312 334 ex
1332 301 1482 334 omnihus
1509 300 1703 334 christianae
1721 301 1797 334 cha-

1057 354 1173 395 ritatis,
1199 354 1441 388 misericordiae
1464 359 1495 387 et
1514 354 1641 398 pietatis
1665 354 1794 394 officiis,

1055 418 1212 451 pauperes
1230 418 1305 440 suos
1325 407 1430 440 verbis
1456 412 1487 440 et
1515 407 1669 451 operibus
1687 407 1798 440 conso-

1054 462 1185 501 vendos,
1196 462 1381 504 evangelico
1390 462 1565 506 praeconio
1579 463 1795 495 commendat.

1054 514 1144 547 Unde
1153 525 1211 548 nos
1223 515 1292 548 eius
1304 515 1389 548 vices
1403 515 1477 548 licet
1486 515 1638 548 immeriti
1653 521 1799 558 gerentes

1053 568 1084 600 in
1110 568 1213 608 terris,
1237 579 1296 612 pro
1317 568 1460 602 iniuncto
1486 570 1579 603 nobis
1603 570 1799 613 apostolieae

1052 622 1279 655 sollicitudinis
1302 622 1419 664 officio,
1445 623 1483 656 ad
1506 634 1543 656 ea
1563 634 1621 667 per
1641 634 1723 667 quae
1740 624 1800 657 ho-

1053 675 1229 719 spitalium,
1253 676 1334 709 acin
1348 676 1392 709 eis
1411 677 1597 719 degentium
1618 687 1799 721 pauperum

1053 735 1084 762 et
1100 729 1334 763 miserabilium
1355 741 1585 774 personarum,
1609 730 1798 774 praesertim

1054 783 1221 816 oculorum
1252 783 1373 817 lumine
1402 784 1610 825 orbatarum,
1639 794 1801 826 congruae

1054 837 1279 870 sustentationi
1293 837 1483 878 consulitur,
1507 843 1538 870 ct
1555 837 1801 871 necessitatibus

1055 891 1255 935 providetur,
1268 891 1438 935 propensis
1459 891 1572 924 studiis
1584 891 1797 932 intendentes,

1055 955 1092 977 ea
1113 955 1194 988 quae
1226 950 1398 988 propterea
1418 955 1454 977 ex
1476 940 1569 978 Sedis
1599 945 1801 988 Apostolicae

1055 998 1275 1041 benignitate,
1300 1010 1337 1032 ac
1362 1009 1473 1041 regum
1496 1004 1527 1031 et
1547 998 1685 1031 aliorum
1706 998 1798 1042 prin-

1057 1051 1163 1095 cipum
1197 1051 1420 1085 munificentia
1451 1052 1630 1085 liberaliter
1650 1062 1803 1085 concessa

1057 1110 1088 1137 et
1107 1105 1286 1148 approbata
1307 1104 1513 1148 reperiuntur
1528 1133 1535 1145 ,
1570 1111 1605 1138 ut
1636 1105 1802 1149 perpetuis

1059 1158 1173 1191 tuturis
1195 1159 1393 1202 temporibus
1404 1170 1441 1192 eo
1460 1159 1584 1192 firmius
1596 1159 1718 1192 illibata
1728 1170 1802 1203 per-

1058 1212 1191 1253 durent,
1224 1223 1288 1256 quo
1308 1212 1435 1257 saepius
1456 1213 1559 1246 dictae
1579 1213 1670 1246 Sedis
1684 1213 1804 1246 fuerint

1059 1265 1249 1299 auctoritate
1263 1266 1474 1305 communita,
1488 1266 1582 1299 etiam
1597 1266 1805 1310 approbatio-

1058 1319 1107 1353 nis
1131 1326 1259 1353 nostrae
1279 1319 1453 1363 praesidio,
1477 1326 1628 1364 prompta
1657 1320 1800 1353 benevo-

1058 1373 1156 1407 lentia
1174 1373 1425 1413 consolidamus,
1443 1384 1479 1407 ac
1497 1374 1635 1417 desuper
1660 1373 1804 1407 eiusdem

1058 1429 1156 1463 officii
1176 1428 1277 1462 nostri
1295 1433 1402 1472 partes
1423 1427 1641 1461 favorabiliter
1662 1427 1804 1471 imponi-

1059 1493 1141 1522 mus,
1164 1487 1262 1526 prout
1283 1481 1501 1525 conspicimus
1531 1481 1563 1514 in
1588 1481 1726 1514 Domino
1747 1492 1800 1514 sa-

1058 1536 1194 1569 lubriter
1211 1535 1372 1579 expedire.

1105 1591 1120 1632 ἕ
1143 1589 1172 1622 ’1.
1195 1589 1278 1623 Sane
1299 1588 1506 1622 charissimus
1527 1588 1558 1621 in
1579 1588 1702 1621 Christo
1720 1587 1804 1622 filius

1058 1642 1532 1676 nosterlIenricusFraneorum
1544 1652 1597 1675 rex
1606 1641 1804 1675 christianis-

1058 1697 1157 1730 simus
1171 1702 1235 1730 tam
1245 1706 1315 1737 suo,
1339 1705 1435 1740 quam
1448 1696 1641 1729 dilectorum
1660 1694 1803 1729 filiorum

1058 1751 1276 1796 syndicorum,
1291 1749 1547 1792 gubernatorum
1558 1755 1586 1782 et
1600 1748 1804 1782 administra-

1059 1812 1165 1839 torum
1190 1804 1358 1849 hospitalis
1384 1809 1600 1837 trecentorum
1623 1813 1804 1847 pauperum

1058 1869 1231 1893 coecorum
1252 1857 1359 1891 Sancti
1384 1857 1521 1899 Remigii
1533 1856 1721 1890 Parisiensis
1741 1866 1802 1889 no-

1060 1912 1200 1945 minibus
1225 1911 1318 1944 nobis
1338 1921 1441 1954 nuper
1466 1910 1582 1954 exponi
1604 1909 1692 1950 fecit,
1717 1910 1806 1953 quod

1059 1966 1137 1999 alias
1158 1976 1231 1999 cum
1254 1965 1388 1998 Sanctus
1409 1963 1588 1997 Ludovicus
1614 1964 1805 1996 eorumdem

1059 2020 1257 2055 Francorum
1281 2029 1350 2059 rex,
1378 2023 1452 2050 tunc
1471 2017 1502 2049 in
1523 2017 1674 2050 humanis
1694 2027 1802 2059 agens,

1061 2083 1178 2116 magna
1197 2072 1336 2105 militum
1358 2077 1388 2104 et
1409 2071 1644 2113 armigerorum
1663 2071 1808 2104 multitu-

1061 2126 1136 2159 dine
1158 2126 1330 2159 comitatus
1350 2126 1389 2158 ad
1410 2130 1519 2168 partes
1540 2123 1733 2164 infidelium,
1772 2130 1808 2156 ut

1061 2180 1100 2212 ab
1121 2190 1234 2213 eorum
1256 2178 1405 2211 manibus
1424 2179 1554 2211 Terram
1569 2178 1716 2211 Sanctam
1739 2177 1804 2209 cri-

1062 2238 1174 2276 peret,
1198 2243 1231 2265 se
1252 2231 1482 2270 transtulisset,
1508 2231 1633 2274 ipsique
1659 2229 1806 2263 infideles

1063 2291 1223 2320 trecentos
1238 2297 1273 2319 ex
1287 2285 1364 2330 ipsis
1378 2285 1533 2318 militibus
1551 2284 1684 2328 captivis
1697 2285 1808 2317 oculos

1063 2340 1232 2379 eruissent,
1256 2350 1376 2383 eosque
1398 2339 1538 2372 totaliter
1558 2344 1804 2379 excoecassent,

1064 2394 1167 2427 dictus
1187 2393 1368 2426 Ludovieus
1397 2403 1451 2426 rex
1478 2392 1509 2424 in
1544 2402 1637 2425 suum
1670 2402 1808 2434 regnum

1063 2446 1217 2480 Franciae
1231 2457 1389 2486 reversus,
1406 2446 1446 2479 ad
1460 2445 1713 2489 praemissorum
1735 2456 1809 2489 per-

1064 2505 1194 2544 petuam
1216 2499 1407 2532 memoriam
1430 2499 1460 2531 iu
1487 2498 1613 2531 civitate
1638 2498 1809 2532 Parisiensi

1065 2552 1223 2596 hospitale
1244 2552 1445 2596 praedictum
1460 2551 1602 2585 fundavit
1618 2557 1648 2585 et
1661 2551 1807 2592 instituit,

1065 2616 1102 2638 ac
1119 2605 1305 2639 huiusmodi
1327 2605 1478 2639 trecentis
1491 2604 1689 2650 pauperibus
1707 2604 1811 2638 coecis

1067 2660 1098 2693 in
1120 2660 1234 2694 eodem
1261 2660 1414 2705 hospitali
1435 2671 1493 2705 pro
1523 2665 1668 2704 tempore
1693 2659 1812 2702 degen-

1815 252 1863 279 Αῐι.
1881 252 1908 278 C.
1931 253 1997 280 1599

1846 1594 1868 1615 S.
1885 1593 2004 1615 Ludoricus

1818 1621 1924 1647 hospitale
1957 1626 2004 1641 cae·

1819 1654 1891 1667 corum
1915 1647 2004 1668 Parisiis

1820 1675 2004 1700 erexitetaposto-

1820 1702 1861 1722 tica
1875 1702 2004 1721 auctoritate

1820 1728 1940 1748 coiitiimari
1962 1729 2004 1748 stu-

1820 1754 1872 1775 duit.
