2253 3195
59 281 108 309 An.
125 279 152 307 C.
176 278 243 306 1599

259 325 356 359 dultis
376 331 407 358 et
427 324 543 358 litteris
564 324 768 369 apostolicis,
792 325 912 358 eisdem
942 325 1002 358 Or-

260 379 400 419 dinibus,
424 384 455 411 et
471 379 791 421 Congrcgationibus,
807 384 902 422 atque
917 378 1005 411 insti—

260 432 344 473 tutis,
361 432 608 475 quomodolibet
625 432 794 473 concessis,
818 431 1005 476 approbatis

260 491 291 519 et
310 485 477 518 innovatis.
506 485 627 524 Quibus
647 485 799 518 omnibus
813 491 843 518 et
857 484 1001 525 singulis,

261 539 389 571 etiamsi
411 539 449 572 de
471 538 532 571 illis
547 549 725 582 eorumque
747 539 819 572 totis
841 537 1005 571 tenoribus

260 593 409 636 specifica
445 599 475 626 et
506 593 687 630 individua.
723 603 788 625 non
820 598 926 624 autem
948 602 1006 634 per

260 647 418 679 clausulas
449 647 614 689 generales
654 646 739 679 idem
778 645 1001 688 importantes,

262 699 394 740 mentio,
412 706 467 732 aut
481 699 643 743 expressio
661 699 821 739 habenda,
842 699 890 731 vel
906 708 1005 742 quae-

261 753 306 786 vis
326 753 388 785 alia
409 753 512 786 forma
533 753 690 797 exquisita
710 753 750 786 ad
771 753 832 786 hoc
849 752 1006 785 servanda

262 807 366 847 soret,
394 806 525 839 illorum
546 812 674 840 tenores
703 806 926 850 praesentibus
947 816 1005 849 pro

262 860 356 903 plene
376 865 406 893 et
430 859 627 893 sufficienter
652 860 817 904 expressis,
841 871 877 892 ac
903 860 1006 892 forma

262 914 294 946 in
308 914 370 947 illis
385 914 501 947 tradita
514 914 663 958 poenitus
671 926 730 958 pro
744 919 866 948 servata
879 914 1003 946 haben-

263 973 329 1008 tes,
350 967 410 1000 hac
430 968 509 1006 vice,
533 968 732 1011 specialiter,
764 967 955 1001 nominatim
977 972 1006 1000 et

263 1031 410 1065 expresse
431 1022 470 1055 ad
489 1021 640 1055 effectum
665 1021 884 1066 praesentium
906 1021 1004 1054 dero-

263 1085 387 1118 gamus,
405 1076 606 1120 caeterisque
617 1076 787 1109 contrariis
801 1075 1008 1119 quibuscum-

263 1141 336 1174 que.
731 1135 734 1139 ’

309 1185 325 1226 ἕ
346 1183 399 1217 12.
423 1185 577 1218 Volumus
603 1190 710 1218 autem
732 1190 767 1217 ut
790 1183 1008 1228 praesentium

265 1238 473 1281 transumptis
494 1238 543 1271 vel
564 1238 729 1282 exemplis,
756 1237 853 1271 etiam
874 1237 1010 1281 impres-

265 1290 318 1330 sis,
343 1301 440 1323 manu
460 1291 577 1324 notarii
607 1290 727 1335 publici
752 1289 956 1334 subscriptis,
981 1295 1011 1322 et

267 1343 373 1387 sigillo
393 1355 550 1388 personae
570 1344 602 1377 in
622 1344 777 1387 dignitate
795 1343 1010 1377 ecclesiastica

267 1398 460 1432 constitutae
481 1398 623 1438 munitis,
646 1399 758 1431 eadem
780 1408 912 1441 prorsus
932 1396 1012 1430 fides

268 1451 435 1493 habeatur,
448 1463 529 1496 quae
543 1451 774 1485 liabereturhis
792 1450 867 1495 ipsis
884 1450 1008 1490 litteris,

267 1505 293 1538 si
313 1505 418 1538 forent
442 1505 601 1538 exhibitae
623 1505 670 1538 vel
691 1510 848 1538 ostensae.

312 1559 425 1592 Datum
446 1559 567 1592 Romae.
589 1559 675 1602 apud
695 1559 847 1592 Sanctum
868 1558 1008 1595 Petrum,

269 1622 354 1645 anno
374 1612 609 1646 incarnationis
630 1612 815 1645 Dominicae
841 1611 1011 1644 millesimo

269 1665 530 1709 quingentesimo
544 1666 755 1709 nonagesimo
770 1675 868 1703 nonO,
886 1664 1012 1698 decimo

269 1719 423 1753 kalendas
452 1720 626 1760 februarii,
669 1719 875 1763 pontificatus
913 1719 1012 1752 nostri

269 1783 353 1806 anno
373 1784 430 1807 vn.

100 1252 249 1277 Transuiupto-

66 1286 110 1301 rum
126 1279 184 1300 fides.

305 1845 362 1873 Dat.
384 1845 428 1873 die
447 1846 481 1873 23
502 1846 615 1874 ianuarii
638 1846 715 1881 1599,
737 1846 832 1881 pontif.
856 1854 900 1872 au.
922 1852 968 1872 vu.

577 2141 698 2176 CXCVI.

0 1277 17 2222 <-⁴v--———————-—-—--ww-.sm
0 1073 7 1262 [Μή-
0 819 7 1060 ...ψ--,...,.......
3 790 6 792 ⁴

274 2256 366 2298 Quod
401 2258 554 2291 monachi
596 2257 862 2301 Conqreqationis
897 2258 1018 2290 Beatae

316 2320 442 2354 Mariae
461 2320 492 2354 F
491 2320 628 2353 uliensis
644 2320 862 2355 cisterciensis
883 2319 1018 2354 Ordinis

318 2382 431 2415 Sancti
465 2382 655 2424 Benedicti,
694 2382 730 2415 in
760 2381 1019 2426 processionibus

0 2455 4 2471 >
319 2444 463 2489 aliisque
482 2446 607 2479 actibus
618 2445 772 2489 publicis,
790 2445 940 2478 omnibus
953 2444 1020 2487 fra-

321 2507 424 2540 tribus
447 2507 708 2540 Mendicantibus
730 2506 927 2550 praecedant
942 2505 961 2538 ¹.

0 2615 2 2641 ¹,
315 2605 323 2631 1
348 2604 545 2632 lnstitutionem
566 2604 645 2631 liuius
665 2603 887 2639 Congregationis
908 2602 969 2630 ride
995 2602 1021 2629 in

277 2650 416 2677 constitut.
431 2656 493 2677 xciv
504 2649 608 2676 SixtiV:
622 2649 781 2684 Reliqiosos
792 2649 878 2683 viros,
889 2651 953 2675 tom.
967 2653 1021 2679 vul,

277 2702 338 2731 pag.
350 2695 412 2722 700.

380 2793 393 2809 t

877 277 1025 301 CLEMENS
1042 277 1101 301 vm
1118 277 1169 301 PP-

1681 264 1739 297 471

1260 352 1393 379 Clemens
1405 351 1484 385 Papa
1495 351 1574 383 vm,

1167 406 1204 433 ad
1218 409 1391 440 perpetuam
1406 405 1450 433 rei
1465 405 1647 433 memoriam.

1083 486 1177 528 Regis
1210 486 1358 529 pacifici,
1389 485 1444 529 qui
1476 491 1589 528 regnat
1617 485 1648 517 in
1670 485 1778 523 coelis,

1038 539 1122 572 vices
1155 550 1352 583 quamquam
1385 539 1536 572 immeriti
1568 544 1714 581 gerentes
1750 539 1781 570 in

1039 593 1142 631 terris,
1171 593 1209 625 ad
1232 603 1279 631 ea,
1303 603 1361 635 per
1374 603 1456 635 quae
1477 603 1690 636 personarum
1705 602 1783 635 qua-

1039 645 1203 685 rumlibet,
1227 645 1415 688 praesertim
1448 645 1545 678 vitam
1571 645 1782 678 monasticam

1040 698 1238 737 ducentium,
1256 704 1288 731 et
1301 698 1474 731 mundanis
1487 698 1602 742 spretis
1623 698 1783 731 illecebris

1040 752 1071 784 in
1102 751 1275 785 solitudIne
1303 751 1373 795 piae
1399 751 1481 784 vitae
1507 757 1537 783 et
1557 751 1692 784 assiduis
1713 762 1785 783 ora-

1042 806 1182 839 tionibus
1203 805 1397 845 vacantium,
1422 805 1523 848 quieti
1545 811 1574 838 et
1596 805 1782 848 tranquilli-

1041 860 1095 893 tati
1110 859 1307 899 consulitur;
1329 870 1365 892 ac
1379 859 1488 892 litibus
1502 864 1532 892 et
1545 858 1782 899 controversiis,

1040 923 1122 957 quae
1150 913 1233 946 inter
1268 922 1421 956 personas
1452 912 1610 956 praefatas
1647 917 1677 944 et
1708 911 1787 944 alios

1041 966 1197 1009 regularis
1216 966 1298 999 vitae
1318 967 1518 1010 professores
1538 971 1628 999 ortae
1649 970 1732 1005 sunt,
1757 969 1789 997 et

1042 1020 1120 1053 oriri
1141 1025 1286 1064 possunt,
1311 1019 1503 1060 occurritur,
1527 1019 1666 1052 libenter
1686 1018 1789 1051 inten—

1042 1073 1170 1113 dimus3
1203 1079 1233 1106 et
1260 1073 1309 1106 his
1335 1083 1417 1117 quae
1446 1078 1620 1117 propterea
1654 1071 1789 1116 provide

1043 1127 1172 1160 decreta
1193 1127 1290 1160 fuisse
1312 1127 1476 1166 dicuntur,
1500 1132 1535 1159 ut
1554 1126 1648 1158 firma
1666 1135 1786 1169 perpe—

1043 1185 1097 1212 tuo
1118 1185 1149 1212 et
1169 1180 1291 1212 illibata
1311 1179 1495 1223 persistant,
1520 1179 1668 1219 libenter,
1686 1189 1758 1212 eum
1772 1188 1790 1211 a

1044 1233 1136 1266 nobis
1157 1233 1286 1277 petitur,
1308 1232 1476 1276 apostolici
1499 1232 1687 1265 muniminis
1708 1231 1789 1264 adii-

1044 1285 1146 1319 cimus
1164 1286 1362 1318 firmitatem.

1090 1340 1158 1383 §1-
1182 1340 1329 1373 Exhibita
1363 1339 1524 1384 siquidem
1556 1339 1650 1372 nobis
1686 1350 1791 1383 nuper

1045 1405 1104 1438 pro
1136 1400 1225 1438 parte
1251 1394 1357 1427 dilecti
1389 1393 1447 1426 filii
1475 1393 1604 1427 Ioannis
1633 1404 1651 1426 a
1674 1393 1789 1427 Sancto

1045 1448 1175 1481 Nicolao
1196 1447 1417 1492 procuratoris
1432 1447 1591 1490 generalis
1609 1447 1791 1489 Congrega-

1047 1501 1142 1535 tionis
1153 1503 1267 1534 Beatae
1277 1501 1392 1534 Mariae
1403 1500 1792 1541 Fuliensis,Cisterciensis

1045 1555 1194 1596 Ordinis,
1229 1555 1341 1599 petitio
1374 1555 1579 1594 continebat,
1603 1554 1690 1598 quod
1715 1554 1792 1586 alias

1046 1610 1256 1652 Congregatio
1271 1609 1504 1642 venerabilium
1519 1609 1653 1641 fratrum
1667 1614 1793 1641 nostro-

1047 1675 1119 1697 rum
1137 1664 1271 1697 Sanctae
1292 1664 1457 1697 Romanae
1470 1662 1630 1695 Ecclesiae
1644 1662 1792 1695 cardina-

1048 1718 1125 1750 lium
1146 1728 1244 1761 super
1263 1717 1406 1760 negociis
1433 1716 1660 1760 episcoporum
1687 1721 1717 1749 et
1737 1727 1791 1749 re-

1048 1771 1210 1814 gularium
1232 1771 1461 1814 deputatorum
1483 1770 1522 1802 ab
1542 1770 1653 1802 litibus
1673 1774 1704 1802 et
1717 1779 1794 1802 con-

1050 1825 1223 1863 troversiis,
1247 1835 1329 1868 quae
1351 1829 1426 1856 tunc
1447 1829 1536 1856 ortae
1554 1828 1655 1864 erant,
1673 1829 1704 1856 et
1717 1823 1793 1855 oriri

1049 1884 1199 1922 poterant
1220 1878 1251 1910 in
1273 1878 1430 1917 futurum,
1455 1877 1538 1910 inter
1559 1877 1736 1910 monachos
1766 1882 1797 1909 et

1049 1932 1162 1965 fratres
1204 1932 1307 1964 dictae
1343 1930 1603 1974 congregationis
1641 1930 1796 1963 Fuliensis

1048 1985 1235 2019 huiusmodi
1256 1995 1293 2018 ex
1312 1995 1398 2025 una,
1431 1995 1467 2017 ac
1497 1984 1610 2017 fratres
1639 1983 1796 2017 Ordinum

1048 2039 1297 2073 Mendicantium
1312 2038 1457 2082 partibus
1478 2049 1515 2071 ex
1535 2038 1647 2078 altera,
1671 2037 1796 2069 ratione

1050 2092 1298 2136 praecedentiae
1319 2092 1350 2124 in
1369 2091 1647 2135 processionibus,
1676 2095 1705 2123 et
1726 2090 1796 2123 aliis

1050 2146 1174 2180 actibus
1195 2146 1342 2190 publicis,
1366 2145 1539 2179 salubriter
1555 2144 1751 2177 obviandum
1767 2149 1797 2176 et

1051 2200 1308 2239 occurrendum3
1343 2209 1377 2232 re
1409 2198 1580 2241 diligenter
1614 2203 1645 2230 et
1673 2203 1798 2230 mature

1052 2253 1214 2294 discussa,
1245 2253 1359 2286 fratres
1391 2252 1494 2285 dictae
1523 2251 1796 2294 Congregationis,

1051 2307 1098 2340 uti
1119 2307 1306 2345 monachos,
1321 2306 1550 2350 praeferendos
1571 2315 1638 2338 esse
1652 2315 1688 2337 ac
1701 2315 1796 2348 prae-

1054 2360 1129 2393 ferri
1145 2360 1263 2393 debere
1284 2359 1438 2392 fratribus
1449 2358 1714 2397 Mendimnfibus,
1732 2358 1800 2402 pri-

1055 2425 1210 2457 mumque
1231 2419 1262 2446 et
1283 2413 1464 2455 digniorem
1486 2413 1592 2445 locum
1614 2412 1645 2444 in
1663 2412 1800 2445 functio-

1054 2468 1148 2500 nibus
1178 2472 1209 2499 et
1239 2467 1362 2500 actibus
1383 2465 1520 2509 publicis
1541 2466 1611 2498 iure
1632 2465 1797 2505 obtinere3

1055 2532 1114 2555 nec
1146 2521 1322 2554 monachos
1355 2520 1458 2553 dictae
1487 2519 1752 2562 Congregationis
1784 2529 1802 2551 a

1056 2575 1209 2608 fratribus
1225 2574 1382 2608 Ordinum
1404 2573 1655 2606 Mendicantium
1681 2573 1797 2606 huius-

1057 2629 1144 2663 modi
1166 2629 1197 2662 in
1218 2628 1279 2662 hoe
1301 2627 1464 2661 molestari
1486 2637 1590 2671 posse,
1614 2637 1719 2671 neque
1740 2627 1798 2661 de-

1057 2683 1133 2716 bere
1154 2682 1277 2716 censuit
1297 2687 1328 2715 et
1360 2680 1533 2723 ordinavit,
1557 2687 1653 2725 prout
1679 2681 1711 2714 in
1733 2680 1801 2725 ipso

1798 273 1839 301 1η.
1863 274 1892 301 C.
1911 274 1978 301 1599

1823 495 1944 516 Exordium.

1850 1348 1990 1375 Congregaiio

1806 1376 1954 1402 episcoporum
1970 1378 1991 1395 ει

1805 1403 1932 1427 regularium
1942 1408 1991 1422 cen-

1806 1430 1847 1450 suit
1870 1430 1890 1449 in
1907 1429 1991 1449 actibus

1806 1456 1897 1482 publicis
1919 1461 1990 1476 mona-

1807 1483 1858 1503 chos
1873 1482 1992 1507 Conni-ega·

1807 1510 1870 1529 tionis
1888 1508 1992 1529 funi-nsit.

1807 1536 1992 1556 sratribusMendi—

1807 1563 1905 1583 cantibus
1929 1568 1991 1587 prae-

1807 1589 1905 1610 serendos
1915 1594 1970 1610 esse.
