<?xml version="1.0" encoding="UTF-8"?>
<!DOCTYPE html PUBLIC "-//W3C//DTD XHTML 1.0 Transitional//EN"
    "http://www.w3.org/TR/xhtml1/DTD/xhtml1-transitional.dtd">
<html xmlns="http://www.w3.org/1999/xhtml" xml:lang="en" lang="en">
 <head>
  <title>
</title>
<meta http-equiv="Content-Type" content="text/html;charset=utf-8" />
  <meta name='ocr-system' content='tesseract 3.04.00' />
  <meta name='ocr-capabilities' content='ocr_page ocr_carea ocr_par ocr_line ocrx_word'/>
</head>
<body>
  <div class='ocr_page' id='page_1' title='image "./bullarumdiplomat10cath_0378.png"; bbox 0 0 2253 3195; ppageno 0'>
   <div class='ocr_carea' id='block_1_1' title="bbox 269 246 454 275">
    <p class='ocr_par' dir='ltr' id='par_1_1' title="bbox 269 246 454 275">
     <span class='ocr_line' id='line_1_1' title="bbox 269 246 454 275; baseline 0.005 -2"><span class='ocrx_word' id='word_1_1' title='bbox 269 247 318 273; x_wconf 82' lang='lat' dir='ltr'>An.</span> <span class='ocrx_word' id='word_1_2' title='bbox 336 246 366 274; x_wconf 88' lang='lat' dir='ltr'>C.</span> <span class='ocrx_word' id='word_1_3' title='bbox 386 247 454 275; x_wconf 79' lang='lat'>1597</span> 
     </span>
    </p>
   </div>
   <div class='ocr_carea' id='block_1_2' title="bbox 260 2073 443 2145">
    <p class='ocr_par' dir='ltr' id='par_1_2' title="bbox 260 2073 443 2145">
     <span class='ocr_line' id='line_1_2' title="bbox 275 2073 443 2092; baseline 0.006 -4"><span class='ocrx_word' id='word_1_4' title='bbox 275 2086 277 2088; x_wconf 96' lang='lat'>.</span> <span class='ocrx_word' id='word_1_5' title='bbox 323 2078 356 2090; x_wconf 70' lang='lat' dir='ltr'>ru</span> <span class='ocrx_word' id='word_1_6' title='bbox 393 2073 443 2092; x_wconf 57' lang='grc' dir='ltr'><strong><em>«νιβ-</em></strong></span> 
     </span>
     <span class='ocr_line' id='line_1_3' title="bbox 260 2100 443 2118; baseline 0.016 -3"><span class='ocrx_word' id='word_1_7' title='bbox 260 2101 303 2116; x_wconf 66' lang='grc' dir='ltr'>ιωι</span> <span class='ocrx_word' id='word_1_8' title='bbox 320 2100 360 2117; x_wconf 78' lang='lat' dir='ltr'>illu·</span> <span class='ocrx_word' id='word_1_9' title='bbox 381 2102 443 2118; x_wconf 55' lang='lat' dir='ltr'>miro*</span> 
     </span>
     <span class='ocr_line' id='line_1_4' title="bbox 260 2124 359 2145; baseline 0.02 -2"><span class='ocrx_word' id='word_1_10' title='bbox 260 2124 359 2145; x_wconf 47' lang='lat' dir='ltr'>vium—nili.</span> 
     </span>
    </p>
   </div>
   <div class='ocr_carea' id='block_1_3' title="bbox 313 1993 1203 2038">
    <p class='ocr_par' dir='ltr' id='par_1_3' title="bbox 313 1993 1203 2038">
     <span class='ocr_line' id='line_1_5' title="bbox 313 1993 1203 2038; baseline 0 -7"><span class='ocrx_word' id='word_1_11' title='bbox 313 1993 355 2033; x_wconf 70' lang='lat'><strong>¹.¹&#39;.¹‘</strong></span> <span class='ocrx_word' id='word_1_12' title='bbox 372 1998 444 2038; x_wconf 60' lang='lat' dir='ltr'>1¹·is&#39;1&#39;ifs&#39;.</span> <span class='ocrx_word' id='word_1_13' title='bbox 461 1996 657 2029; x_wconf 87' lang='lat' dir='ltr'>monasterio</span> <span class='ocrx_word' id='word_1_14' title='bbox 675 1997 893 2030; x_wconf 75' lang='lat' dir='ltr'>construendo</span> <span class='ocrx_word' id='word_1_15' title='bbox 914 1997 1039 2030; x_wconf 87' lang='lat' dir='ltr'>noviter</span> <span class='ocrx_word' id='word_1_16' title='bbox 1057 1998 1203 2031; x_wconf 89' lang='lat' dir='ltr'>introdu-</span> 
     </span>
    </p>
   </div>
   <div class='ocr_carea' id='block_1_4' title="bbox 275 2046 414 2065">
    <p class='ocr_par' dir='ltr' id='par_1_4' title="bbox 275 2046 414 2065">
     <span class='ocr_line' id='line_1_6' title="bbox 275 2046 414 2065; baseline 0.014 -3"><span class='ocrx_word' id='word_1_17' title='bbox 275 2055 289 2062; x_wconf 50' lang='grc' dir='ltr'><strong>η</strong></span> <span class='ocrx_word' id='word_1_18' title='bbox 305 2052 327 2065; x_wconf 76' lang='grc' dir='ltr'>νι</span> <span class='ocrx_word' id='word_1_19' title='bbox 344 2046 391 2064; x_wconf 61' lang='lat' dir='ltr'>alin</span> <span class='ocrx_word' id='word_1_20' title='bbox 403 2053 414 2064; x_wconf 84' lang='grc' dir='ltr'>ιι</span> 
     </span>
    </p>
   </div>
   <div class='ocr_carea' id='block_1_5' title="bbox 500 238 566 272">
    <p class='ocr_par' dir='ltr' id='par_1_5' title="bbox 500 238 566 272">
     <span class='ocr_line' id='line_1_7' title="bbox 500 238 566 272; baseline 0 0"><span class='ocrx_word' id='word_1_21' title='bbox 500 238 566 272; x_wconf 73' lang='grc'>334</span> 
     </span>
    </p>
   </div>
   <div class='ocr_carea' id='block_1_6' title="bbox 1051 248 1409 273">
    <p class='ocr_par' dir='ltr' id='par_1_6' title="bbox 1051 248 1409 273">
     <span class='ocr_line' id='line_1_8' title="bbox 1051 248 1409 273; baseline 0.003 -1"><span class='ocrx_word' id='word_1_22' title='bbox 1051 248 1235 272; x_wconf 80' lang='lat' dir='ltr'>BULLARIUM</span> <span class='ocrx_word' id='word_1_23' title='bbox 1254 249 1409 273; x_wconf 76' lang='lat' dir='ltr'><strong>ROMANUM</strong></span> 
     </span>
    </p>
   </div>
   <div class='ocr_carea' id='block_1_7' title="bbox 1999 250 2184 280">
    <p class='ocr_par' dir='ltr' id='par_1_7' title="bbox 1999 250 2184 280">
     <span class='ocr_line' id='line_1_9' title="bbox 1999 250 2184 280; baseline 0.016 -3"><span class='ocrx_word' id='word_1_24' title='bbox 1999 251 2049 277; x_wconf 80' lang='lat' dir='ltr'>Au.</span> <span class='ocrx_word' id='word_1_25' title='bbox 2066 250 2096 278; x_wconf 88' lang='lat' dir='ltr'>C.</span> <span class='ocrx_word' id='word_1_26' title='bbox 2117 251 2184 280; x_wconf 80' lang='lat'>¹597</span> 
     </span>
    </p>
   </div>
   <div class='ocr_carea' id='block_1_8' title="bbox 465 296 1988 498">
    <p class='ocr_par' dir='ltr' id='par_1_8' title="bbox 465 296 1988 498">
     <span class='ocr_line' id='line_1_10' title="bbox 467 296 1987 343; baseline 0.003 -14"><span class='ocrx_word' id='word_1_27' title='bbox 467 297 528 330; x_wconf 87' lang='lat' dir='ltr'>rite</span> <span class='ocrx_word' id='word_1_28' title='bbox 549 297 771 340; x_wconf 91' lang='lat' dir='ltr'>deputandum</span> <span class='ocrx_word' id='word_1_29' title='bbox 799 296 830 328; x_wconf 88' lang='lat' dir='ltr'>in</span> <span class='ocrx_word' id='word_1_30' title='bbox 862 300 1033 339; x_wconf 82' lang='lat' dir='ltr'>patronum</span> <span class='ocrx_word' id='word_1_31' title='bbox 1061 301 1093 329; x_wconf 89' lang='lat' dir='ltr'>et</span> <span class='ocrx_word' id='word_1_32' title='bbox 1119 296 1213 339; x_wconf 90' lang='lat' dir='ltr'>spiri·</span> <span class='ocrx_word' id='word_1_33' title='bbox 1247 296 1366 330; x_wconf 84' lang='lat' dir='ltr'>ibidem</span> <span class='ocrx_word' id='word_1_34' title='bbox 1389 307 1421 330; x_wconf 88' lang='lat' dir='ltr'>se</span> <span class='ocrx_word' id='word_1_35' title='bbox 1443 297 1625 337; x_wconf 81' lang='lat' dir='ltr'>transferre,</span> <span class='ocrx_word' id='word_1_36' title='bbox 1649 309 1685 331; x_wconf 89' lang='lat' dir='ltr'>ac</span> <span class='ocrx_word' id='word_1_37' title='bbox 1704 304 1861 343; x_wconf 88' lang='lat' dir='ltr'>perpetuo</span> <span class='ocrx_word' id='word_1_38' title='bbox 1881 300 1930 333; x_wconf 89' lang='lat' dir='ltr'>vel</span> <span class='ocrx_word' id='word_1_39' title='bbox 1947 299 1987 332; x_wconf 88' lang='lat' dir='ltr'>ad</span> 
     </span>
     <span class='ocr_line' id='line_1_11' title="bbox 467 349 1987 393; baseline 0.001 -10"><span class='ocrx_word' id='word_1_40' title='bbox 467 351 586 383; x_wconf 87' lang='lat' dir='ltr'>tualem</span> <span class='ocrx_word' id='word_1_41' title='bbox 609 350 811 382; x_wconf 78' lang='lat' dir='ltr'><strong>defensorem</strong></span> <span class='ocrx_word' id='word_1_42' title='bbox 830 349 1018 381; x_wconf 91' lang='lat' dir='ltr'>eorumdem</span> <span class='ocrx_word' id='word_1_43' title='bbox 1041 349 1168 391; x_wconf 83' lang='lat' dir='ltr'>collegii</span> <span class='ocrx_word' id='word_1_44' title='bbox 1182 355 1213 382; x_wconf 90' lang='lat' dir='ltr'>et</span> <span class='ocrx_word' id='word_1_45' title='bbox 1247 354 1372 393; x_wconf 88' lang='lat' dir='ltr'>tempus</span> <span class='ocrx_word' id='word_1_46' title='bbox 1394 349 1498 383; x_wconf 89' lang='lat' dir='ltr'>eidem</span> <span class='ocrx_word' id='word_1_47' title='bbox 1519 350 1689 383; x_wconf 87' lang='lat' dir='ltr'>Ordinario</span> <span class='ocrx_word' id='word_1_48' title='bbox 1710 351 1771 384; x_wconf 91' lang='lat' dir='ltr'>loci</span> <span class='ocrx_word' id='word_1_49' title='bbox 1801 352 1987 385; x_wconf 89' lang='lat' dir='ltr'>benevisum</span> 
     </span>
     <span class='ocr_line' id='line_1_12' title="bbox 467 402 1984 445; baseline 0.001 -9"><span class='ocrx_word' id='word_1_50' title='bbox 467 402 652 436; x_wconf 88' lang='lat' dir='ltr'>monasterii</span> <span class='ocrx_word' id='word_1_51' title='bbox 673 402 976 442; x_wconf 81' lang='lat' dir='ltr'>construendorum,</span> <span class='ocrx_word' id='word_1_52' title='bbox 1003 412 1077 435; x_wconf 91' lang='lat' dir='ltr'>eum</span> <span class='ocrx_word' id='word_1_53' title='bbox 1100 402 1208 435; x_wconf 92' lang='lat' dir='ltr'>omni-</span> <span class='ocrx_word' id='word_1_54' title='bbox 1244 413 1446 445; x_wconf 89' lang='lat' dir='ltr'>permanere,</span> <span class='ocrx_word' id='word_1_55' title='bbox 1467 408 1497 436; x_wconf 89' lang='lat' dir='ltr'>et</span> <span class='ocrx_word' id='word_1_56' title='bbox 1517 403 1542 436; x_wconf 92' lang='lat' dir='ltr'>si</span> <span class='ocrx_word' id='word_1_57' title='bbox 1562 403 1692 436; x_wconf 88' lang='lat' dir='ltr'>alterius</span> <span class='ocrx_word' id='word_1_58' title='bbox 1712 403 1839 437; x_wconf 81' lang='lat' dir='ltr'>Ordinis</span> <span class='ocrx_word' id='word_1_59' title='bbox 1857 405 1984 444; x_wconf 83' lang='lat' dir='ltr'>suerint,</span> 
     </span>
     <span class='ocr_line' id='line_1_13' title="bbox 465 448 1988 498; baseline 0.001 -9"><span class='ocrx_word' id='word_1_60' title='bbox 465 457 524 489; x_wconf 90' lang='lat' dir='ltr'>bus</span> <span class='ocrx_word' id='word_1_61' title='bbox 545 462 573 489; x_wconf 90' lang='lat' dir='ltr'>et</span> <span class='ocrx_word' id='word_1_62' title='bbox 595 455 730 497; x_wconf 81' lang='lat' dir='ltr'>singulis</span> <span class='ocrx_word' id='word_1_63' title='bbox 751 454 956 488; x_wconf 87' lang='lat' dir='ltr'>facultatibus</span> <span class='ocrx_word' id='word_1_64' title='bbox 976 455 1017 488; x_wconf 86' lang='lat' dir='ltr'>ad</span> <span class='ocrx_word' id='word_1_65' title='bbox 1037 455 1069 488; x_wconf 90' lang='lat' dir='ltr'>id</span> <span class='ocrx_word' id='word_1_66' title='bbox 1093 466 1207 488; x_wconf 87' lang='lat' dir='ltr'>neees-</span> <span class='ocrx_word' id='word_1_67' title='bbox 1244 465 1277 488; x_wconf 89' lang='lat' dir='ltr'>se</span> <span class='ocrx_word' id='word_1_68' title='bbox 1297 455 1329 488; x_wconf 94' lang='lat' dir='ltr'>in</span> <span class='ocrx_word' id='word_1_69' title='bbox 1343 455 1455 489; x_wconf 89' lang='lat' dir='ltr'>habitu</span> <span class='ocrx_word' id='word_1_70' title='bbox 1475 461 1506 489; x_wconf 85' lang='lat' dir='ltr'>et</span> <span class='ocrx_word' id='word_1_71' title='bbox 1523 448 1726 498; x_wconf 82' lang='lat' dir='ltr'>regularibus</span> <span class='ocrx_word' id='word_1_72' title='bbox 1738 457 1890 490; x_wconf 84' lang='lat' dir='ltr'>institutis</span> <span class='ocrx_word' id='word_1_73' title='bbox 1903 458 1988 491; x_wconf 89' lang='lat' dir='ltr'>eius-</span> 
     </span>
    </p>
   </div>
   <div class='ocr_carea' id='block_1_9' title="bbox 459 507 1211 1987">
    <p class='ocr_par' dir='ltr' id='par_1_9' title="bbox 459 507 1211 1931">
     <span class='ocr_line' id='line_1_14' title="bbox 464 507 1211 552; baseline -0.001 -10"><span class='ocrx_word' id='word_1_74' title='bbox 464 509 555 542; x_wconf 85' lang='lat' dir='ltr'>sariis</span> <span class='ocrx_word' id='word_1_75' title='bbox 580 514 612 541; x_wconf 88' lang='lat' dir='ltr'>et</span> <span class='ocrx_word' id='word_1_76' title='bbox 639 507 848 552; x_wconf 73' lang='lat' dir='ltr'>opportunis,</span> <span class='ocrx_word' id='word_1_77' title='bbox 873 518 909 540; x_wconf 88' lang='lat' dir='ltr'>ac</span> <span class='ocrx_word' id='word_1_78' title='bbox 937 507 1033 541; x_wconf 86' lang='lat' dir='ltr'>etiam</span> <span class='ocrx_word' id='word_1_79' title='bbox 1054 508 1156 541; x_wconf 90' lang='lat' dir='ltr'>solitis</span> <span class='ocrx_word' id='word_1_80' title='bbox 1181 514 1211 541; x_wconf 86' lang='lat' dir='ltr'>et</span> 
     </span>
     <span class='ocr_line' id='line_1_15' title="bbox 464 562 1211 605; baseline 0.003 -11"><span class='ocrx_word' id='word_1_81' title='bbox 464 562 634 603; x_wconf 77' lang='lat' dir='ltr'>consuetis,</span> <span class='ocrx_word' id='word_1_82' title='bbox 658 572 761 605; x_wconf 87' lang='lat' dir='ltr'>aeque</span> <span class='ocrx_word' id='word_1_83' title='bbox 777 567 946 605; x_wconf 88' lang='lat' dir='ltr'>perpetuo,</span> <span class='ocrx_word' id='word_1_84' title='bbox 970 562 1161 596; x_wconf 84' lang='lat' dir='ltr'>auctoritate</span> <span class='ocrx_word' id='word_1_85' title='bbox 1181 569 1211 596; x_wconf 86' lang='lat' dir='ltr'>et</span> 
     </span>
     <span class='ocr_line' id='line_1_16' title="bbox 465 613 1210 659; baseline 0.003 -12"><span class='ocrx_word' id='word_1_86' title='bbox 465 621 576 647; x_wconf 88' lang='lat' dir='ltr'>tenore</span> <span class='ocrx_word' id='word_1_87' title='bbox 593 613 764 654; x_wconf 82' lang='lat' dir='ltr'>similibus,</span> <span class='ocrx_word' id='word_1_88' title='bbox 781 614 1006 647; x_wconf 88' lang='lat' dir='ltr'>constituimus</span> <span class='ocrx_word' id='word_1_89' title='bbox 1027 621 1057 647; x_wconf 89' lang='lat' dir='ltr'>et</span> <span class='ocrx_word' id='word_1_90' title='bbox 1077 615 1210 659; x_wconf 86' lang='lat' dir='ltr'>deputa-</span> 
     </span>
     <span class='ocr_line' id='line_1_17' title="bbox 464 667 1206 712; baseline 0.004 -13"><span class='ocrx_word' id='word_1_91' title='bbox 464 678 546 707; x_wconf 86' lang='lat' dir='ltr'>mus,</span> <span class='ocrx_word' id='word_1_92' title='bbox 563 667 689 711; x_wconf 84' lang='lat' dir='ltr'>sibique</span> <span class='ocrx_word' id='word_1_93' title='bbox 700 667 786 700; x_wconf 88' lang='lat' dir='ltr'>ultra</span> <span class='ocrx_word' id='word_1_94' title='bbox 802 667 978 711; x_wconf 85' lang='lat' dir='ltr'>praedicta,</span> <span class='ocrx_word' id='word_1_95' title='bbox 995 679 1077 712; x_wconf 88' lang='lat' dir='ltr'>quae</span> <span class='ocrx_word' id='word_1_96' title='bbox 1097 669 1136 701; x_wconf 86' lang='lat' dir='ltr'>ab</span> <span class='ocrx_word' id='word_1_97' title='bbox 1151 669 1206 710; x_wconf 89' lang='lat' dir='ltr'>eis,</span> 
     </span>
     <span class='ocr_line' id='line_1_18' title="bbox 464 719 1206 762; baseline 0.001 -9"><span class='ocrx_word' id='word_1_98' title='bbox 464 720 561 753; x_wconf 81' lang='lat' dir='ltr'>etiam</span> <span class='ocrx_word' id='word_1_99' title='bbox 593 719 823 753; x_wconf 89' lang='lat' dir='ltr'>inviolabiliter</span> <span class='ocrx_word' id='word_1_100' title='bbox 853 720 1018 753; x_wconf 88' lang='lat' dir='ltr'>observari</span> <span class='ocrx_word' id='word_1_101' title='bbox 1049 721 1206 762; x_wconf 83' lang='lat' dir='ltr'>debeant,</span> 
     </span>
     <span class='ocr_line' id='line_1_19' title="bbox 463 773 1205 817; baseline 0.004 -12"><span class='ocrx_word' id='word_1_102' title='bbox 463 784 689 817; x_wconf 85' lang='lat' dir='ltr'>quaecumque</span> <span class='ocrx_word' id='word_1_103' title='bbox 715 773 778 806; x_wconf 90' lang='lat' dir='ltr'>alia</span> <span class='ocrx_word' id='word_1_104' title='bbox 804 779 939 815; x_wconf 83' lang='lat' dir='ltr'>statuta,</span> <span class='ocrx_word' id='word_1_105' title='bbox 963 775 1205 816; x_wconf 80' lang='lat' dir='ltr'>ordinationes,</span> 
     </span>
     <span class='ocr_line' id='line_1_20' title="bbox 464 827 1206 871; baseline 0.003 -11"><span class='ocrx_word' id='word_1_106' title='bbox 464 827 605 871; x_wconf 84' lang='lat' dir='ltr'>capitula</span> <span class='ocrx_word' id='word_1_107' title='bbox 627 833 657 861; x_wconf 94' lang='lat' dir='ltr'>et</span> <span class='ocrx_word' id='word_1_108' title='bbox 678 828 806 862; x_wconf 87' lang='lat' dir='ltr'>decreta</span> <span class='ocrx_word' id='word_1_109' title='bbox 827 829 866 862; x_wconf 91' lang='lat' dir='ltr'>ad</span> <span class='ocrx_word' id='word_1_110' title='bbox 892 828 1019 869; x_wconf 81' lang='lat' dir='ltr'>collegii</span> <span class='ocrx_word' id='word_1_111' title='bbox 1040 834 1071 862; x_wconf 88' lang='lat' dir='ltr'>et</span> <span class='ocrx_word' id='word_1_112' title='bbox 1091 839 1206 862; x_wconf 88' lang='lat' dir='ltr'>mona-</span> 
     </span>
     <span class='ocr_line' id='line_1_21' title="bbox 463 881 1209 925; baseline 0.003 -11"><span class='ocrx_word' id='word_1_113' title='bbox 463 881 552 914; x_wconf 85' lang='lat' dir='ltr'>sterii</span> <span class='ocrx_word' id='word_1_114' title='bbox 571 882 871 915; x_wconf 87' lang='lat' dir='ltr'>constituendorum</span> <span class='ocrx_word' id='word_1_115' title='bbox 884 882 1138 925; x_wconf 86' lang='lat' dir='ltr'>praedictorum,</span> <span class='ocrx_word' id='word_1_116' title='bbox 1150 893 1209 916; x_wconf 88' lang='lat' dir='ltr'>nec</span> 
     </span>
     <span class='ocr_line' id='line_1_22' title="bbox 462 936 1205 978; baseline 0.003 -11"><span class='ocrx_word' id='word_1_117' title='bbox 462 945 526 968; x_wconf 91' lang='lat' dir='ltr'>non</span> <span class='ocrx_word' id='word_1_118' title='bbox 549 945 661 968; x_wconf 86' lang='lat' dir='ltr'>eorum</span> <span class='ocrx_word' id='word_1_119' title='bbox 690 945 921 978; x_wconf 85' lang='lat' dir='ltr'>personarum,</span> <span class='ocrx_word' id='word_1_120' title='bbox 949 945 1058 968; x_wconf 89' lang='lat' dir='ltr'>rerum</span> <span class='ocrx_word' id='word_1_121' title='bbox 1083 940 1116 968; x_wconf 87' lang='lat' dir='ltr'>et</span> <span class='ocrx_word' id='word_1_122' title='bbox 1145 936 1205 969; x_wconf 91' lang='lat' dir='ltr'>bo-</span> 
     </span>
     <span class='ocr_line' id='line_1_23' title="bbox 463 988 1209 1032; baseline 0.001 -12"><span class='ocrx_word' id='word_1_123' title='bbox 463 998 578 1021; x_wconf 89' lang='lat' dir='ltr'>norum</span> <span class='ocrx_word' id='word_1_124' title='bbox 599 988 816 1031; x_wconf 77' lang='lat' dir='ltr'>spiritualium</span> <span class='ocrx_word' id='word_1_125' title='bbox 848 994 881 1021; x_wconf 87' lang='lat' dir='ltr'>et</span> <span class='ocrx_word' id='word_1_126' title='bbox 909 988 1136 1032; x_wconf 88' lang='lat' dir='ltr'>temporalium</span> <span class='ocrx_word' id='word_1_127' title='bbox 1155 1000 1209 1022; x_wconf 89' lang='lat' dir='ltr'>cu-</span> 
     </span>
     <span class='ocr_line' id='line_1_24' title="bbox 464 1041 1208 1083; baseline 0.001 -10"><span class='ocrx_word' id='word_1_128' title='bbox 464 1052 544 1081; x_wconf 85' lang='lat' dir='ltr'>ram,</span> <span class='ocrx_word' id='word_1_129' title='bbox 562 1041 718 1083; x_wconf 77' lang='lat' dir='ltr'>regimen,</span> <span class='ocrx_word' id='word_1_130' title='bbox 735 1041 929 1083; x_wconf 76' lang='lat' dir='ltr'>gubernium</span> <span class='ocrx_word' id='word_1_131' title='bbox 950 1047 982 1074; x_wconf 89' lang='lat' dir='ltr'>et</span> <span class='ocrx_word' id='word_1_132' title='bbox 1002 1041 1208 1075; x_wconf 90' lang='lat' dir='ltr'>administra-</span> 
     </span>
     <span class='ocr_line' id='line_1_25' title="bbox 463 1094 1206 1135; baseline 0.001 -9"><span class='ocrx_word' id='word_1_133' title='bbox 463 1094 595 1133; x_wconf 85' lang='lat' dir='ltr'>tionem,</span> <span class='ocrx_word' id='word_1_134' title='bbox 616 1094 746 1135; x_wconf 75' lang='lat' dir='ltr'>victum,</span> <span class='ocrx_word' id='word_1_135' title='bbox 770 1095 936 1134; x_wconf 84' lang='lat' dir='ltr'>amictum,</span> <span class='ocrx_word' id='word_1_136' title='bbox 962 1094 1206 1128; x_wconf 76' lang='lat' dir='ltr'>instructionem</span> 
     </span>
     <span class='ocr_line' id='line_1_26' title="bbox 461 1147 1205 1190; baseline 0.004 -11"><span class='ocrx_word' id='word_1_137' title='bbox 461 1153 491 1179; x_wconf 82' lang='lat' dir='ltr'>et</span> <span class='ocrx_word' id='word_1_138' title='bbox 520 1147 723 1190; x_wconf 84' lang='lat' dir='ltr'>disciplinam</span> <span class='ocrx_word' id='word_1_139' title='bbox 753 1147 936 1190; x_wconf 83' lang='lat' dir='ltr'>virginum,</span> <span class='ocrx_word' id='word_1_140' title='bbox 967 1148 1146 1181; x_wconf 79' lang='lat' dir='ltr'>abbatissae</span> <span class='ocrx_word' id='word_1_141' title='bbox 1177 1154 1205 1182; x_wconf 80' lang='lat' dir='ltr'>et</span> 
     </span>
     <span class='ocr_line' id='line_1_27' title="bbox 463 1200 1206 1244; baseline 0.004 -12"><span class='ocrx_word' id='word_1_142' title='bbox 463 1200 651 1233; x_wconf 87' lang='lat' dir='ltr'>monialium</span> <span class='ocrx_word' id='word_1_143' title='bbox 685 1200 714 1232; x_wconf 91' lang='lat' dir='ltr'>in</span> <span class='ocrx_word' id='word_1_144' title='bbox 747 1200 808 1233; x_wconf 91' lang='lat' dir='ltr'>illis</span> <span class='ocrx_word' id='word_1_145' title='bbox 827 1210 886 1244; x_wconf 88' lang='lat' dir='ltr'>pro</span> <span class='ocrx_word' id='word_1_146' title='bbox 917 1206 1062 1244; x_wconf 89' lang='lat' dir='ltr'>tempore</span> <span class='ocrx_word' id='word_1_147' title='bbox 1087 1202 1206 1244; x_wconf 73' lang='lat' dir='ltr'>degen-</span> 
     </span>
     <span class='ocr_line' id='line_1_28' title="bbox 462 1253 1207 1287; baseline 0.003 -2"><span class='ocrx_word' id='word_1_148' title='bbox 462 1253 540 1285; x_wconf 91' lang='lat' dir='ltr'>tium</span> <span class='ocrx_word' id='word_1_149' title='bbox 563 1253 648 1286; x_wconf 88' lang='lat' dir='ltr'>circa</span> <span class='ocrx_word' id='word_1_150' title='bbox 671 1253 803 1286; x_wconf 91' lang='lat' dir='ltr'>modum</span> <span class='ocrx_word' id='word_1_151' title='bbox 832 1259 862 1286; x_wconf 88' lang='lat' dir='ltr'>et</span> <span class='ocrx_word' id='word_1_152' title='bbox 882 1254 1020 1286; x_wconf 89' lang='lat' dir='ltr'>sormam</span> <span class='ocrx_word' id='word_1_153' title='bbox 1047 1253 1207 1287; x_wconf 87' lang='lat' dir='ltr'>recitatio-</span> 
     </span>
     <span class='ocr_line' id='line_1_29' title="bbox 461 1305 1206 1349; baseline 0.004 -12"><span class='ocrx_word' id='word_1_154' title='bbox 461 1305 511 1338; x_wconf 85' lang='lat' dir='ltr'>nis</span> <span class='ocrx_word' id='word_1_155' title='bbox 531 1305 713 1339; x_wconf 86' lang='lat' dir='ltr'>divinorum</span> <span class='ocrx_word' id='word_1_156' title='bbox 737 1305 930 1346; x_wconf 76' lang='lat' dir='ltr'>officiorum,</span> <span class='ocrx_word' id='word_1_157' title='bbox 954 1317 1108 1349; x_wconf 77' lang='lat' dir='ltr'>precum,</span> <span class='ocrx_word' id='word_1_158' title='bbox 1133 1317 1206 1340; x_wconf 89' lang='lat' dir='ltr'>ora-</span> 
     </span>
     <span class='ocr_line' id='line_1_30' title="bbox 462 1358 1206 1403; baseline 0.003 -13"><span class='ocrx_word' id='word_1_159' title='bbox 462 1358 585 1391; x_wconf 91' lang='lat' dir='ltr'>tionum</span> <span class='ocrx_word' id='word_1_160' title='bbox 617 1364 648 1391; x_wconf 90' lang='lat' dir='ltr'>et</span> <span class='ocrx_word' id='word_1_161' title='bbox 678 1358 815 1392; x_wconf 87' lang='lat' dir='ltr'>aliorum</span> <span class='ocrx_word' id='word_1_162' title='bbox 848 1359 1074 1402; x_wconf 77' lang='lat' dir='ltr'>suffragiorum</span> <span class='ocrx_word' id='word_1_163' title='bbox 1106 1360 1206 1403; x_wconf 88' lang='lat' dir='ltr'>perti-</span> 
     </span>
     <span class='ocr_line' id='line_1_31' title="bbox 460 1411 1206 1451; baseline 0.004 -7"><span class='ocrx_word' id='word_1_164' title='bbox 460 1411 588 1451; x_wconf 88' lang='lat' dir='ltr'>nentia,</span> <span class='ocrx_word' id='word_1_165' title='bbox 609 1423 646 1445; x_wconf 84' lang='lat' dir='ltr'>ac</span> <span class='ocrx_word' id='word_1_166' title='bbox 666 1412 743 1445; x_wconf 83' lang='lat' dir='ltr'>alias</span> <span class='ocrx_word' id='word_1_167' title='bbox 764 1412 941 1446; x_wconf 87' lang='lat' dir='ltr'>necessaria</span> <span class='ocrx_word' id='word_1_168' title='bbox 973 1418 1003 1445; x_wconf 87' lang='lat' dir='ltr'>et</span> <span class='ocrx_word' id='word_1_169' title='bbox 1034 1413 1146 1451; x_wconf 87' lang='lat' dir='ltr'>utilia,</span> <span class='ocrx_word' id='word_1_170' title='bbox 1170 1425 1206 1447; x_wconf 84' lang='lat' dir='ltr'>ae</span> 
     </span>
     <span class='ocr_line' id='line_1_32' title="bbox 460 1465 1206 1510; baseline 0.004 -13"><span class='ocrx_word' id='word_1_171' title='bbox 460 1465 559 1498; x_wconf 89' lang='lat' dir='ltr'>sacris</span> <span class='ocrx_word' id='word_1_172' title='bbox 585 1465 881 1505; x_wconf 77' lang='lat' dir='ltr'>constitutionibus,</span> <span class='ocrx_word' id='word_1_173' title='bbox 903 1466 1104 1510; x_wconf 85' lang='lat' dir='ltr'>decretisque</span> <span class='ocrx_word' id='word_1_174' title='bbox 1124 1468 1206 1500; x_wconf 89' lang='lat' dir='ltr'>Con—</span> 
     </span>
     <span class='ocr_line' id='line_1_33' title="bbox 459 1518 1206 1563; baseline 0.004 -12"><span class='ocrx_word' id='word_1_175' title='bbox 459 1518 522 1551; x_wconf 89' lang='lat' dir='ltr'>cilii</span> <span class='ocrx_word' id='word_1_176' title='bbox 551 1519 749 1558; x_wconf 77' lang='lat' dir='ltr'>Tridentini,</span> <span class='ocrx_word' id='word_1_177' title='bbox 774 1526 804 1553; x_wconf 90' lang='lat' dir='ltr'>et</span> <span class='ocrx_word' id='word_1_178' title='bbox 824 1520 976 1553; x_wconf 87' lang='lat' dir='ltr'>institutis</span> <span class='ocrx_word' id='word_1_179' title='bbox 1003 1521 1206 1563; x_wconf 85' lang='lat' dir='ltr'>regularibus</span> 
     </span>
     <span class='ocr_line' id='line_1_34' title="bbox 459 1573 1206 1618; baseline 0.004 -13"><span class='ocrx_word' id='word_1_180' title='bbox 459 1573 617 1616; x_wconf 74' lang='lat' dir='ltr'>praedicti</span> <span class='ocrx_word' id='word_1_181' title='bbox 638 1573 777 1613; x_wconf 83' lang='lat' dir='ltr'>Ordinis,</span> <span class='ocrx_word' id='word_1_182' title='bbox 794 1584 831 1606; x_wconf 90' lang='lat' dir='ltr'>ae</span> <span class='ocrx_word' id='word_1_183' title='bbox 851 1574 946 1607; x_wconf 88' lang='lat' dir='ltr'>etiam</span> <span class='ocrx_word' id='word_1_184' title='bbox 965 1574 1091 1608; x_wconf 86' lang='lat' dir='ltr'>statutis</span> <span class='ocrx_word' id='word_1_185' title='bbox 1111 1586 1206 1618; x_wconf 87' lang='lat' dir='ltr'>supe-</span> 
     </span>
     <span class='ocr_line' id='line_1_35' title="bbox 460 1622 1205 1670; baseline 0.004 -12"><span class='ocrx_word' id='word_1_186' title='bbox 460 1626 525 1659; x_wconf 89' lang='lat' dir='ltr'>rius</span> <span class='ocrx_word' id='word_1_187' title='bbox 545 1626 702 1670; x_wconf 78' lang='lat' dir='ltr'>expressis</span> <span class='ocrx_word' id='word_1_188' title='bbox 734 1637 797 1660; x_wconf 92' lang='lat' dir='ltr'>non</span> <span class='ocrx_word' id='word_1_189' title='bbox 830 1627 991 1660; x_wconf 85' lang='lat' dir='ltr'>contraria</span> <span class='ocrx_word' id='word_1_190' title='bbox 1017 1622 1154 1661; x_wconf 82' lang='lat' dir='ltr'>faciendi</span> <span class='ocrx_word' id='word_1_191' title='bbox 1176 1635 1205 1661; x_wconf 88' lang='lat' dir='ltr'>et</span> 
     </span>
     <span class='ocr_line' id='line_1_36' title="bbox 459 1679 1205 1725; baseline 0.005 -14"><span class='ocrx_word' id='word_1_192' title='bbox 459 1679 587 1719; x_wconf 91' lang='lat' dir='ltr'>edendi,</span> <span class='ocrx_word' id='word_1_193' title='bbox 608 1690 644 1713; x_wconf 87' lang='lat' dir='ltr'>ac</span> <span class='ocrx_word' id='word_1_194' title='bbox 665 1679 790 1723; x_wconf 87' lang='lat' dir='ltr'>quoties</span> <span class='ocrx_word' id='word_1_195' title='bbox 815 1690 874 1723; x_wconf 89' lang='lat' dir='ltr'>pro</span> <span class='ocrx_word' id='word_1_196' title='bbox 900 1691 1007 1713; x_wconf 92' lang='lat' dir='ltr'>rerum</span> <span class='ocrx_word' id='word_1_197' title='bbox 1029 1686 1060 1714; x_wconf 89' lang='lat' dir='ltr'>et</span> <span class='ocrx_word' id='word_1_198' title='bbox 1081 1686 1205 1725; x_wconf 85' lang='lat' dir='ltr'>tempo-</span> 
     </span>
     <span class='ocr_line' id='line_1_37' title="bbox 460 1731 1202 1777; baseline 0.005 -14"><span class='ocrx_word' id='word_1_199' title='bbox 460 1742 530 1763; x_wconf 91' lang='lat' dir='ltr'>rum</span> <span class='ocrx_word' id='word_1_200' title='bbox 551 1731 716 1775; x_wconf 81' lang='lat' dir='ltr'>qualitate,</span> <span class='ocrx_word' id='word_1_201' title='bbox 739 1743 794 1765; x_wconf 89' lang='lat' dir='ltr'>sen</span> <span class='ocrx_word' id='word_1_202' title='bbox 816 1732 894 1766; x_wconf 84' lang='lat' dir='ltr'>alias</span> <span class='ocrx_word' id='word_1_203' title='bbox 914 1733 1086 1777; x_wconf 87' lang='lat' dir='ltr'>expediens</span> <span class='ocrx_word' id='word_1_204' title='bbox 1111 1734 1202 1767; x_wconf 90' lang='lat' dir='ltr'>vide-</span> 
     </span>
     <span class='ocr_line' id='line_1_38' title="bbox 461 1784 1206 1828; baseline 0.007 -13"><span class='ocrx_word' id='word_1_205' title='bbox 461 1784 557 1824; x_wconf 82' lang='lat' dir='ltr'>bitur,</span> <span class='ocrx_word' id='word_1_206' title='bbox 579 1784 632 1817; x_wconf 89' lang='lat' dir='ltr'>illa</span> <span class='ocrx_word' id='word_1_207' title='bbox 652 1785 855 1825; x_wconf 88' lang='lat' dir='ltr'>immutandi,</span> <span class='ocrx_word' id='word_1_208' title='bbox 880 1786 1074 1828; x_wconf 81' lang='lat' dir='ltr'>corrigendi,</span> <span class='ocrx_word' id='word_1_209' title='bbox 1096 1788 1206 1820; x_wconf 88' lang='lat' dir='ltr'>mode-</span> 
     </span>
     <span class='ocr_line' id='line_1_39' title="bbox 461 1837 1205 1877; baseline 0.005 -9"><span class='ocrx_word' id='word_1_210' title='bbox 461 1837 564 1876; x_wconf 90' lang='lat' dir='ltr'>randi,</span> <span class='ocrx_word' id='word_1_211' title='bbox 589 1837 804 1877; x_wconf 85' lang='lat' dir='ltr'>reformandi,</span> <span class='ocrx_word' id='word_1_212' title='bbox 828 1848 863 1870; x_wconf 86' lang='lat' dir='ltr'>ac</span> <span class='ocrx_word' id='word_1_213' title='bbox 889 1838 985 1871; x_wconf 91' lang='lat' dir='ltr'>etiam</span> <span class='ocrx_word' id='word_1_214' title='bbox 1013 1839 1074 1871; x_wconf 88' lang='lat' dir='ltr'>alia</span> <span class='ocrx_word' id='word_1_215' title='bbox 1100 1850 1136 1871; x_wconf 87' lang='lat' dir='ltr'>ex</span> <span class='ocrx_word' id='word_1_216' title='bbox 1158 1840 1205 1872; x_wconf 91' lang='lat' dir='ltr'>in-</span> 
     </span>
     <span class='ocr_line' id='line_1_40' title="bbox 462 1890 745 1931; baseline 0.004 -10"><span class='ocrx_word' id='word_1_217' title='bbox 462 1895 552 1931; x_wconf 69' lang='lat' dir='ltr'>tegro</span> <span class='ocrx_word' id='word_1_218' title='bbox 574 1890 745 1923; x_wconf 80' lang='lat' dir='ltr'>condendi.</span> 
     </span>
    </p>

    <p class='ocr_par' dir='ltr' id='par_1_10' title="bbox 505 1942 1204 1987">
     <span class='ocr_line' id='line_1_41' title="bbox 505 1942 1204 1987; baseline 0.004 -12"><span class='ocrx_word' id='word_1_219' title='bbox 505 1944 521 1984; x_wconf 65' lang='lat'><strong>5</strong></span> <span class='ocrx_word' id='word_1_220' title='bbox 547 1942 577 1975; x_wconf 93' lang='lat'>8.</span> <span class='ocrx_word' id='word_1_221' title='bbox 602 1943 664 1976; x_wconf 83' lang='lat' dir='ltr'>Nec</span> <span class='ocrx_word' id='word_1_222' title='bbox 685 1954 750 1976; x_wconf 91' lang='lat' dir='ltr'>non</span> <span class='ocrx_word' id='word_1_223' title='bbox 771 1954 829 1987; x_wconf 91' lang='lat' dir='ltr'>pro</span> <span class='ocrx_word' id='word_1_224' title='bbox 851 1943 1039 1977; x_wconf 89' lang='lat' dir='ltr'>monialium</span> <span class='ocrx_word' id='word_1_225' title='bbox 1061 1945 1092 1977; x_wconf 90' lang='lat' dir='ltr'>in</span> <span class='ocrx_word' id='word_1_226' title='bbox 1119 1945 1204 1978; x_wconf 90' lang='lat' dir='ltr'>dicto</span> 
     </span>
    </p>
   </div>
   <div class='ocr_carea' id='block_1_10' title="bbox 460 2048 1200 2091">
    <p class='ocr_par' dir='ltr' id='par_1_11' title="bbox 417 2048 1200 2091">
     <span class='ocr_line' id='line_1_42' title="bbox 460 2048 1200 2091; baseline 0.004 -10.835"><span class='ocrx_word' id='word_1_227' title='bbox 460 2048 637 2081; x_wconf 86' lang='lat' dir='ltr'>cendarum</span> <span class='ocrx_word' id='word_1_228' title='bbox 668 2049 750 2082; x_wconf 71' lang='lat' dir='ltr'>felici</span> <span class='ocrx_word' id='word_1_229' title='bbox 782 2049 980 2090; x_wconf 79' lang='lat' dir='ltr'>directione,</span> <span class='ocrx_word' id='word_1_230' title='bbox 1002 2062 1038 2083; x_wconf 84' lang='lat' dir='ltr'>ac</span> <span class='ocrx_word' id='word_1_231' title='bbox 1059 2051 1090 2082; x_wconf 89' lang='lat' dir='ltr'>in</span> <span class='ocrx_word' id='word_1_232' title='bbox 1121 2051 1200 2091; x_wconf 89' lang='lat' dir='ltr'>ritu,</span> 
     </span>
    </p>
   </div>
   <div class='ocr_carea' id='block_1_11' title="bbox 458 2101 1204 2676">
    <p class='ocr_par' dir='ltr' id='par_1_12' title="bbox 458 2101 1204 2676">
     <span class='ocr_line' id='line_1_43' title="bbox 461 2101 1204 2143; baseline 0.004 -10"><span class='ocrx_word' id='word_1_233' title='bbox 461 2101 605 2134; x_wconf 88' lang='lat' dir='ltr'>moribus</span> <span class='ocrx_word' id='word_1_234' title='bbox 625 2101 734 2142; x_wconf 87' lang='lat' dir='ltr'>etiam,</span> <span class='ocrx_word' id='word_1_235' title='bbox 756 2103 957 2143; x_wconf 72' lang='lat' dir='ltr'>regularibus</span> <span class='ocrx_word' id='word_1_236' title='bbox 976 2103 1136 2142; x_wconf 81' lang='lat' dir='ltr'>institutis,</span> <span class='ocrx_word' id='word_1_237' title='bbox 1158 2104 1204 2136; x_wconf 88' lang='lat' dir='ltr'>in-</span> 
     </span>
     <span class='ocr_line' id='line_1_44' title="bbox 459 2155 1202 2200; baseline 0.005 -15"><span class='ocrx_word' id='word_1_238' title='bbox 459 2155 634 2187; x_wconf 66' lang='lat' dir='ltr'>structione</span> <span class='ocrx_word' id='word_1_239' title='bbox 655 2167 706 2187; x_wconf 77' lang='lat' dir='ltr'>sex</span> <span class='ocrx_word' id='word_1_240' title='bbox 729 2155 873 2188; x_wconf 80' lang='lat' dir='ltr'>eiusdem</span> <span class='ocrx_word' id='word_1_241' title='bbox 892 2156 922 2189; x_wconf 89' lang='lat' dir='ltr'>S</span> <span class='ocrx_word' id='word_1_242' title='bbox 952 2156 1154 2200; x_wconf 65' lang='lat' dir='ltr'>Hieronymi,</span> <span class='ocrx_word' id='word_1_243' title='bbox 1178 2158 1202 2190; x_wconf 88' lang='lat' dir='ltr'>si</span> 
     </span>
     <span class='ocr_line' id='line_1_45' title="bbox 459 2207 1202 2252; baseline 0.005 -14"><span class='ocrx_word' id='word_1_244' title='bbox 459 2207 489 2239; x_wconf 90' lang='lat' dir='ltr'>id</span> <span class='ocrx_word' id='word_1_245' title='bbox 511 2208 681 2240; x_wconf 63' lang='lat' dir='ltr'>‹nmmode</span> <span class='ocrx_word' id='word_1_246' title='bbox 703 2209 772 2241; x_wconf 82' lang='lat' dir='ltr'>lieri</span> <span class='ocrx_word' id='word_1_247' title='bbox 795 2208 934 2252; x_wconf 81' lang='lat' dir='ltr'>poterit,</span> <span class='ocrx_word' id='word_1_248' title='bbox 960 2209 1102 2252; x_wconf 83' lang='lat' dir='ltr'>alioquin</span> <span class='ocrx_word' id='word_1_249' title='bbox 1124 2211 1202 2242; x_wconf 76' lang='lat' dir='ltr'>alte-</span> 
     </span>
     <span class='ocr_line' id='line_1_46' title="bbox 458 2261 1199 2301; baseline 0.003 -9"><span class='ocrx_word' id='word_1_250' title='bbox 458 2261 522 2293; x_wconf 71' lang='lat' dir='ltr'>rius</span> <span class='ocrx_word' id='word_1_251' title='bbox 543 2261 670 2294; x_wconf 69' lang='lat' dir='ltr'>Ordinis·</span> <span class='ocrx_word' id='word_1_252' title='bbox 699 2261 854 2301; x_wconf 60' lang='lat' dir='ltr'>regularis</span> <span class='ocrx_word' id='word_1_253' title='bbox 881 2262 1102 2295; x_wconf 63' lang='lat' dir='ltr'>observantiae</span> <span class='ocrx_word' id='word_1_254' title='bbox 1129 2274 1199 2295; x_wconf 80' lang='lat' dir='ltr'>ino-</span> 
     </span>
     <span class='ocr_line' id='line_1_47' title="bbox 459 2315 1200 2360; baseline 0.005 -15"><span class='ocrx_word' id='word_1_255' title='bbox 459 2315 568 2351; x_wconf 76' lang='lat' dir='ltr'>niales,</span> <span class='ocrx_word' id='word_1_256' title='bbox 593 2327 673 2358; x_wconf 81' lang='lat' dir='ltr'>quas</span> <span class='ocrx_word' id='word_1_257' title='bbox 695 2316 733 2348; x_wconf 89' lang='lat' dir='ltr'>ad</span> <span class='ocrx_word' id='word_1_258' title='bbox 757 2315 786 2347; x_wconf 87' lang='lat' dir='ltr'>id</span> <span class='ocrx_word' id='word_1_259' title='bbox 808 2315 1002 2348; x_wconf 85' lang='lat' dir='ltr'>voluntarias</span> <span class='ocrx_word' id='word_1_260' title='bbox 1024 2317 1200 2360; x_wconf 82' lang='lat' dir='ltr'>repererit,</span> 
     </span>
     <span class='ocr_line' id='line_1_48' title="bbox 458 2368 1203 2411; baseline 0.003 -14"><span class='ocrx_word' id='word_1_261' title='bbox 458 2379 492 2399; x_wconf 70' lang='lat' dir='ltr'>vx</span> <span class='ocrx_word' id='word_1_262' title='bbox 516 2378 579 2399; x_wconf 87' lang='lat' dir='ltr'>uno</span> <span class='ocrx_word' id='word_1_263' title='bbox 602 2369 646 2401; x_wconf 79' lang='lat' dir='ltr'>vel</span> <span class='ocrx_word' id='word_1_264' title='bbox 677 2368 839 2411; x_wconf 77' lang='lat' dir='ltr'>pluribus,</span> <span class='ocrx_word' id='word_1_265' title='bbox 864 2368 958 2400; x_wconf 85' lang='lat' dir='ltr'>etiam</span> <span class='ocrx_word' id='word_1_266' title='bbox 981 2369 1116 2401; x_wconf 73' lang='lat' dir='ltr'>civitatis</span> <span class='ocrx_word' id='word_1_267' title='bbox 1141 2369 1203 2402; x_wconf 65' lang='lat' dir='ltr'>lile-</span> 
     </span>
     <span class='ocr_line' id='line_1_49' title="bbox 459 2421 1203 2462; baseline 0.001 -10"><span class='ocrx_word' id='word_1_268' title='bbox 459 2421 654 2462; x_wconf 65' lang='lat' dir='ltr'>xiranensis,</span> <span class='ocrx_word' id='word_1_269' title='bbox 687 2428 739 2454; x_wconf 88' lang='lat' dir='ltr'>aut</span> <span class='ocrx_word' id='word_1_270' title='bbox 778 2422 848 2454; x_wconf 72' lang='lat' dir='ltr'>aliis</span> <span class='ocrx_word' id='word_1_271' title='bbox 885 2423 1107 2461; x_wconf 70' lang='lat' dir='ltr'>monasteriis,</span> <span class='ocrx_word' id='word_1_272' title='bbox 1146 2422 1203 2454; x_wconf 76' lang='lat' dir='ltr'>lim·</span> 
     </span>
     <span class='ocr_line' id='line_1_50' title="bbox 695 2475 1204 2508; baseline 0.004 -2"><span class='ocrx_word' id='word_1_273' title='bbox 695 2487 750 2507; x_wconf 69' lang='lat' dir='ltr'>svn</span> <span class='ocrx_word' id='word_1_274' title='bbox 778 2475 966 2508; x_wconf 62' lang='lat' dir='ltr'>necessitate</span> <span class='ocrx_word' id='word_1_275' title='bbox 996 2476 1035 2508; x_wconf 84' lang='lat' dir='ltr'>ad</span> <span class='ocrx_word' id='word_1_276' title='bbox 1063 2476 1123 2508; x_wconf 72' lang='lat' dir='ltr'>boi:</span> <span class='ocrx_word' id='word_1_277' title='bbox 1153 2487 1204 2508; x_wconf 86' lang='lat' dir='ltr'>ur-</span> 
     </span>
     <span class='ocr_line' id='line_1_51' title="bbox 460 2528 1203 2572; baseline 0.004 -15"><span class='ocrx_word' id='word_1_278' title='bbox 460 2533 552 2564; x_wconf 59' lang='lat' dir='ltr'>gentu-</span> <span class='ocrx_word' id='word_1_279' title='bbox 570 2528 679 2566; x_wconf 70' lang='lat' dir='ltr'>scenis-l,</span> <span class='ocrx_word' id='word_1_280' title='bbox 697 2533 792 2571; x_wconf 79' lang='lat' dir='ltr'>atque</span> <span class='ocrx_word' id='word_1_281' title='bbox 809 2529 923 2561; x_wconf 83' lang='lat' dir='ltr'>iterum</span> <span class='ocrx_word' id='word_1_282' title='bbox 943 2529 981 2560; x_wconf 72' lang='lat' dir='ltr'>de</span> <span class='ocrx_word' id='word_1_283' title='bbox 998 2528 1203 2572; x_wconf 72' lang='lat' dir='ltr'>superiorum</span> 
     </span>
     <span class='ocr_line' id='line_1_52' title="bbox 459 2579 1203 2613; baseline 0.007 -5"><span class='ocrx_word' id='word_1_284' title='bbox 459 2589 590 2610; x_wconf 63' lang='lat' dir='ltr'>suornm</span> <span class='ocrx_word' id='word_1_285' title='bbox 615 2579 740 2612; x_wconf 69' lang='lat' dir='ltr'>lire-ntia</span> <span class='ocrx_word' id='word_1_286' title='bbox 767 2581 949 2613; x_wconf 68' lang='lat' dir='ltr'>assumendi</span> <span class='ocrx_word' id='word_1_287' title='bbox 979 2586 1009 2613; x_wconf 86' lang='lat' dir='ltr'>et</span> <span class='ocrx_word' id='word_1_288' title='bbox 1038 2581 1067 2613; x_wconf 89' lang='lat' dir='ltr'>in</span> <span class='ocrx_word' id='word_1_289' title='bbox 1091 2591 1203 2613; x_wconf 87' lang='lat' dir='ltr'>mona-</span> 
     </span>
     <span class='ocr_line' id='line_1_53' title="bbox 459 2625 1203 2676; baseline 0.009 -14"><span class='ocrx_word' id='word_1_290' title='bbox 459 2631 556 2664; x_wconf 77' lang='lat' dir='ltr'>sterio</span> <span class='ocrx_word' id='word_1_291' title='bbox 579 2643 634 2675; x_wconf 80' lang='lat' dir='ltr'>per</span> <span class='ocrx_word' id='word_1_292' title='bbox 656 2639 837 2676; x_wconf 71' lang='lat' dir='ltr'>praesentes</span> <span class='ocrx_word' id='word_1_293' title='bbox 858 2625 986 2675; x_wconf 81' lang='lat' dir='ltr'>erecto,</span> <span class='ocrx_word' id='word_1_294' title='bbox 1011 2634 1052 2667; x_wconf 87' lang='lat' dir='ltr'>ita</span> <span class='ocrx_word' id='word_1_295' title='bbox 1074 2640 1108 2668; x_wconf 88' lang='lat' dir='ltr'>ut</span> <span class='ocrx_word' id='word_1_296' title='bbox 1132 2634 1203 2668; x_wconf 84' lang='lat' dir='ltr'>illae</span> 
     </span>
    </p>
   </div>
   <div class='ocr_carea' id='block_1_12' title="bbox 460 2474 671 2516">
    <p class='ocr_par' dir='ltr' id='par_1_13' title="bbox 460 2474 671 2516">
     <span class='ocr_line' id='line_1_54' title="bbox 460 2474 671 2516; baseline 0.005 -11"><span class='ocrx_word' id='word_1_297' title='bbox 460 2474 560 2516; x_wconf 76' lang='lat' dir='ltr'>prima</span> <span class='ocrx_word' id='word_1_298' title='bbox 583 2475 649 2506; x_wconf 65' lang='lat' dir='ltr'>vire</span> <span class='ocrx_word' id='word_1_299' title='bbox 665 2502 671 2514; x_wconf 92' lang='lat'>,</span> 
     </span>
    </p>
   </div>
   <div class='ocr_carea' id='block_1_13' title="bbox 1241 508 2186 1734">
    <p class='ocr_par' dir='ltr' id='par_1_14' title="bbox 1241 508 2186 1734">
     <span class='ocr_line' id='line_1_55' title="bbox 1245 508 1988 553; baseline 0.004 -13"><span class='ocrx_word' id='word_1_300' title='bbox 1245 509 1317 541; x_wconf 90' lang='lat' dir='ltr'>dem</span> <span class='ocrx_word' id='word_1_301' title='bbox 1349 508 1471 541; x_wconf 89' lang='lat' dir='ltr'>ordinis</span> <span class='ocrx_word' id='word_1_302' title='bbox 1499 509 1528 541; x_wconf 83' lang='lat' dir='ltr'>S.</span> <span class='ocrx_word' id='word_1_303' title='bbox 1562 508 1748 553; x_wconf 78' lang='lat' dir='ltr'>llieronymi</span> <span class='ocrx_word' id='word_1_304' title='bbox 1784 510 1988 544; x_wconf 78' lang='lat' dir='ltr'>conformare</span> 
     </span>
     <span class='ocr_line' id='line_1_56' title="bbox 1243 561 1989 606; baseline 0.003 -12"><span class='ocrx_word' id='word_1_305' title='bbox 1243 561 1410 604; x_wconf 87' lang='lat' dir='ltr'>possintet</span> <span class='ocrx_word' id='word_1_306' title='bbox 1423 561 1573 601; x_wconf 85' lang='lat' dir='ltr'>debeant,</span> <span class='ocrx_word' id='word_1_307' title='bbox 1594 561 1836 602; x_wconf 87' lang='lat' dir='ltr'>introducendi;</span> <span class='ocrx_word' id='word_1_308' title='bbox 1859 573 1918 606; x_wconf 93' lang='lat' dir='ltr'>pro</span> <span class='ocrx_word' id='word_1_309' title='bbox 1931 563 1989 596; x_wconf 93' lang='lat' dir='ltr'>do-</span> 
     </span>
     <span class='ocr_line' id='line_1_57' title="bbox 1244 614 1989 656; baseline 0.004 -10"><span class='ocrx_word' id='word_1_310' title='bbox 1244 614 1346 647; x_wconf 87' lang='lat' dir='ltr'>ctrina</span> <span class='ocrx_word' id='word_1_311' title='bbox 1366 625 1452 654; x_wconf 88' lang='lat' dir='ltr'>vero,</span> <span class='ocrx_word' id='word_1_312' title='bbox 1477 614 1688 655; x_wconf 85' lang='lat' dir='ltr'>institutione,</span> <span class='ocrx_word' id='word_1_313' title='bbox 1706 615 1908 656; x_wconf 84' lang='lat' dir='ltr'>educatione,</span> <span class='ocrx_word' id='word_1_314' title='bbox 1929 626 1989 649; x_wconf 87' lang='lat' dir='ltr'>nee</span> 
     </span>
     <span class='ocr_line' id='line_1_58' title="bbox 1243 668 1988 711; baseline 0.003 -11"><span class='ocrx_word' id='word_1_315' title='bbox 1243 678 1308 700; x_wconf 92' lang='lat' dir='ltr'>non</span> <span class='ocrx_word' id='word_1_316' title='bbox 1336 668 1514 701; x_wconf 88' lang='lat' dir='ltr'>directione</span> <span class='ocrx_word' id='word_1_317' title='bbox 1535 678 1663 701; x_wconf 90' lang='lat' dir='ltr'>morum</span> <span class='ocrx_word' id='word_1_318' title='bbox 1690 679 1726 701; x_wconf 86' lang='lat' dir='ltr'>ac</span> <span class='ocrx_word' id='word_1_319' title='bbox 1746 669 1904 711; x_wconf 81' lang='lat' dir='ltr'>gubernio</span> <span class='ocrx_word' id='word_1_320' title='bbox 1924 669 1988 702; x_wconf 90' lang='lat' dir='ltr'>vir-</span> 
     </span>
     <span class='ocr_line' id='line_1_59' title="bbox 1243 720 1988 766; baseline 0.004 -14"><span class='ocrx_word' id='word_1_321' title='bbox 1243 720 1355 762; x_wconf 77' lang='lat' dir='ltr'>ginum</span> <span class='ocrx_word' id='word_1_322' title='bbox 1375 720 1408 752; x_wconf 90' lang='lat' dir='ltr'>in</span> <span class='ocrx_word' id='word_1_323' title='bbox 1429 720 1515 753; x_wconf 88' lang='lat' dir='ltr'>dieto</span> <span class='ocrx_word' id='word_1_324' title='bbox 1536 721 1672 764; x_wconf 78' lang='lat' dir='ltr'>collegio</span> <span class='ocrx_word' id='word_1_325' title='bbox 1692 732 1752 766; x_wconf 89' lang='lat' dir='ltr'>pro</span> <span class='ocrx_word' id='word_1_326' title='bbox 1773 727 1920 766; x_wconf 86' lang='lat' dir='ltr'>tempore</span> <span class='ocrx_word' id='word_1_327' title='bbox 1934 722 1988 755; x_wconf 91' lang='lat' dir='ltr'>de-</span> 
     </span>
     <span class='ocr_line' id='line_1_60' title="bbox 1243 774 1987 815; baseline 0.001 -8"><span class='ocrx_word' id='word_1_328' title='bbox 1243 774 1387 815; x_wconf 76' lang='lat' dir='ltr'>gentium</span> <span class='ocrx_word' id='word_1_329' title='bbox 1409 779 1471 807; x_wconf 88' lang='lat' dir='ltr'>tres</span> <span class='ocrx_word' id='word_1_330' title='bbox 1503 774 1675 815; x_wconf 85' lang='lat' dir='ltr'>moniales,</span> <span class='ocrx_word' id='word_1_331' title='bbox 1699 780 1812 815; x_wconf 87' lang='lat' dir='ltr'>aetate,</span> <span class='ocrx_word' id='word_1_332' title='bbox 1842 775 1987 808; x_wconf 84' lang='lat' dir='ltr'>moribus</span> 
     </span>
     <span class='ocr_line' id='line_1_61' title="bbox 1244 827 1988 871; baseline 0.004 -12"><span class='ocrx_word' id='word_1_333' title='bbox 1244 832 1274 859; x_wconf 88' lang='lat' dir='ltr'>et</span> <span class='ocrx_word' id='word_1_334' title='bbox 1293 837 1401 860; x_wconf 85' lang='lat' dir='ltr'>rerum</span> <span class='ocrx_word' id='word_1_335' title='bbox 1422 827 1538 871; x_wconf 88' lang='lat' dir='ltr'>peritia</span> <span class='ocrx_word' id='word_1_336' title='bbox 1558 827 1760 871; x_wconf 82' lang='lat' dir='ltr'>conspicuas,</span> <span class='ocrx_word' id='word_1_337' title='bbox 1777 839 1812 861; x_wconf 88' lang='lat' dir='ltr'>ex</span> <span class='ocrx_word' id='word_1_338' title='bbox 1827 834 1988 862; x_wconf 83' lang='lat' dir='ltr'>monaste-</span> 
     </span>
     <span class='ocr_line' id='line_1_62' title="bbox 1244 880 2186 925; baseline 0.002 -13"><span class='ocrx_word' id='word_1_339' title='bbox 1244 880 1292 912; x_wconf 90' lang='lat' dir='ltr'>rio</span> <span class='ocrx_word' id='word_1_340' title='bbox 1319 891 1377 924; x_wconf 91' lang='lat' dir='ltr'>per</span> <span class='ocrx_word' id='word_1_341' title='bbox 1401 886 1588 923; x_wconf 85' lang='lat' dir='ltr'>praesentes</span> <span class='ocrx_word' id='word_1_342' title='bbox 1609 886 1735 921; x_wconf 87' lang='lat' dir='ltr'>erecto,</span> <span class='ocrx_word' id='word_1_343' title='bbox 1758 886 1929 925; x_wconf 86' lang='lat' dir='ltr'>postquam</span> <span class='ocrx_word' id='word_1_344' title='bbox 1951 881 1987 914; x_wconf 92' lang='lat' dir='ltr'>il-</span> <span class='ocrx_word' id='word_1_345' title='bbox 2029 893 2186 924; x_wconf 62' lang='lat' dir='ltr'>emesinoru-</span> 
     </span>
     <span class='ocr_line' id='line_1_63' title="bbox 1243 920 2186 968; baseline 0.002 -2"><span class='ocrx_word' id='word_1_346' title='bbox 1243 934 1298 966; x_wconf 95' lang='lat' dir='ltr'>lud</span> <span class='ocrx_word' id='word_1_347' title='bbox 1318 933 1490 967; x_wconf 84' lang='lat' dir='ltr'>sufficienti</span> <span class='ocrx_word' id='word_1_348' title='bbox 1511 934 1700 967; x_wconf 87' lang='lat' dir='ltr'>monialium</span> <span class='ocrx_word' id='word_1_349' title='bbox 1730 945 1866 968; x_wconf 89' lang='lat' dir='ltr'>numero</span> <span class='ocrx_word' id='word_1_350' title='bbox 1897 920 2078 968; x_wconf 57' lang='lat' dir='ltr'>sulci-iiiiii.nu</span> <span class='ocrx_word' id='word_1_351' title='bbox 2106 920 2186 946; x_wconf 59' lang='lat' dir='ltr'>‘mm&#39;</span> 
     </span>
     <span class='ocr_line' id='line_1_64' title="bbox 1243 987 1988 1030; baseline 0.001 -11"><span class='ocrx_word' id='word_1_352' title='bbox 1243 992 1310 1020; x_wconf 91' lang='lat' dir='ltr'>tum</span> <span class='ocrx_word' id='word_1_353' title='bbox 1332 987 1444 1027; x_wconf 87' lang='lat' dir='ltr'>suerit,</span> <span class='ocrx_word' id='word_1_354' title='bbox 1468 987 1500 1019; x_wconf 91' lang='lat' dir='ltr'>in</span> <span class='ocrx_word' id='word_1_355' title='bbox 1522 987 1606 1020; x_wconf 88' lang='lat' dir='ltr'>idern</span> <span class='ocrx_word' id='word_1_356' title='bbox 1628 987 1819 1030; x_wconf 78' lang='lat' dir='ltr'>collegium,</span> <span class='ocrx_word' id='word_1_357' title='bbox 1839 988 1894 1020; x_wconf 91' lang='lat' dir='ltr'>ubi</span> <span class='ocrx_word' id='word_1_358' title='bbox 1915 988 1988 1021; x_wconf 81' lang='lat' dir='ltr'>illae</span> 
     </span>
     <span class='ocr_line' id='line_1_65' title="bbox 1242 1040 1988 1085; baseline 0 -11"><span class='ocrx_word' id='word_1_359' title='bbox 1242 1052 1279 1074; x_wconf 87' lang='lat' dir='ltr'>ex</span> <span class='ocrx_word' id='word_1_360' title='bbox 1300 1047 1373 1074; x_wconf 86' lang='lat' dir='ltr'>tune</span> <span class='ocrx_word' id='word_1_361' title='bbox 1391 1041 1498 1085; x_wconf 89' lang='lat' dir='ltr'>quoad</span> <span class='ocrx_word' id='word_1_362' title='bbox 1517 1041 1664 1081; x_wconf 84' lang='lat' dir='ltr'>vixerint,</span> <span class='ocrx_word' id='word_1_363' title='bbox 1680 1051 1735 1074; x_wconf 86' lang='lat' dir='ltr'>seu</span> <span class='ocrx_word' id='word_1_364' title='bbox 1754 1041 1797 1074; x_wconf 87' lang='lat' dir='ltr'>ita</span> <span class='ocrx_word' id='word_1_365' title='bbox 1817 1040 1988 1075; x_wconf 88' lang='lat' dir='ltr'>Ordinario</span> 
     </span>
     <span class='ocr_line' id='line_1_66' title="bbox 1242 1093 1989 1137; baseline 0.001 -11"><span class='ocrx_word' id='word_1_366' title='bbox 1242 1094 1303 1126; x_wconf 88' lang='lat' dir='ltr'>loci</span> <span class='ocrx_word' id='word_1_367' title='bbox 1325 1093 1474 1137; x_wconf 86' lang='lat' dir='ltr'>expedire</span> <span class='ocrx_word' id='word_1_368' title='bbox 1494 1093 1595 1127; x_wconf 87' lang='lat' dir='ltr'>visum</span> <span class='ocrx_word' id='word_1_369' title='bbox 1618 1093 1730 1133; x_wconf 85' lang='lat' dir='ltr'>suerit,</span> <span class='ocrx_word' id='word_1_370' title='bbox 1755 1094 1927 1131; x_wconf 77' lang='lat' dir='ltr'>resideant,</span> <span class='ocrx_word' id='word_1_371' title='bbox 1952 1105 1989 1128; x_wconf 88' lang='lat' dir='ltr'>ae</span> 
     </span>
     <span class='ocr_line' id='line_1_67' title="bbox 1241 1146 1988 1190; baseline 0 -11"><span class='ocrx_word' id='word_1_372' title='bbox 1241 1146 1413 1190; x_wconf 84' lang='lat' dir='ltr'>praedietis</span> <span class='ocrx_word' id='word_1_373' title='bbox 1426 1146 1603 1189; x_wconf 81' lang='lat' dir='ltr'>virginibus</span> <span class='ocrx_word' id='word_1_374' title='bbox 1620 1146 1744 1190; x_wconf 90' lang='lat' dir='ltr'>ipsique</span> <span class='ocrx_word' id='word_1_375' title='bbox 1762 1147 1911 1188; x_wconf 72' lang='lat' dir='ltr'>collegio,</span> <span class='ocrx_word' id='word_1_376' title='bbox 1925 1157 1988 1179; x_wconf 91' lang='lat' dir='ltr'>una</span> 
     </span>
     <span class='ocr_line' id='line_1_68' title="bbox 1241 1199 1987 1243; baseline 0.003 -12"><span class='ocrx_word' id='word_1_377' title='bbox 1241 1199 1386 1232; x_wconf 76' lang='lat' dir='ltr'>videlicet</span> <span class='ocrx_word' id='word_1_378' title='bbox 1418 1210 1476 1243; x_wconf 90' lang='lat' dir='ltr'>pro</span> <span class='ocrx_word' id='word_1_379' title='bbox 1508 1199 1664 1239; x_wconf 77' lang='lat' dir='ltr'>rec-trice,</span> <span class='ocrx_word' id='word_1_380' title='bbox 1697 1199 1796 1233; x_wconf 90' lang='lat' dir='ltr'>altera</span> <span class='ocrx_word' id='word_1_381' title='bbox 1827 1210 1903 1232; x_wconf 86' lang='lat' dir='ltr'>vero</span> <span class='ocrx_word' id='word_1_382' title='bbox 1928 1210 1987 1243; x_wconf 88' lang='lat' dir='ltr'>pro</span> 
     </span>
     <span class='ocr_line' id='line_1_69' title="bbox 1242 1252 1988 1295; baseline 0.003 -11"><span class='ocrx_word' id='word_1_383' title='bbox 1242 1252 1405 1294; x_wconf 77' lang='lat' dir='ltr'>magistra,</span> <span class='ocrx_word' id='word_1_384' title='bbox 1422 1257 1452 1285; x_wconf 85' lang='lat' dir='ltr'>et</span> <span class='ocrx_word' id='word_1_385' title='bbox 1472 1252 1567 1285; x_wconf 86' lang='lat' dir='ltr'>tertia</span> <span class='ocrx_word' id='word_1_386' title='bbox 1586 1262 1645 1295; x_wconf 88' lang='lat' dir='ltr'>pro</span> <span class='ocrx_word' id='word_1_387' title='bbox 1666 1252 1845 1292; x_wconf 82' lang='lat' dir='ltr'>assistente,</span> <span class='ocrx_word' id='word_1_388' title='bbox 1862 1263 1898 1285; x_wconf 81' lang='lat' dir='ltr'>ae</span> <span class='ocrx_word' id='word_1_389' title='bbox 1910 1252 1988 1286; x_wconf 83' lang='lat' dir='ltr'>alias</span> 
     </span>
     <span class='ocr_line' id='line_1_70' title="bbox 1243 1305 1987 1348; baseline 0.001 -11"><span class='ocrx_word' id='word_1_390' title='bbox 1243 1305 1327 1338; x_wconf 83' lang='lat' dir='ltr'>iuxta</span> <span class='ocrx_word' id='word_1_391' title='bbox 1356 1305 1592 1348; x_wconf 88' lang='lat' dir='ltr'>praescriptum</span> <span class='ocrx_word' id='word_1_392' title='bbox 1615 1305 1774 1338; x_wconf 85' lang='lat' dir='ltr'>dictorum</span> <span class='ocrx_word' id='word_1_393' title='bbox 1795 1310 1987 1339; x_wconf 88' lang='lat' dir='ltr'>statutorum</span> 
     </span>
     <span class='ocr_line' id='line_1_71' title="bbox 1241 1359 1987 1403; baseline 0 -11"><span class='ocrx_word' id='word_1_394' title='bbox 1241 1359 1383 1403; x_wconf 86' lang='lat' dir='ltr'>possint,</span> <span class='ocrx_word' id='word_1_395' title='bbox 1408 1359 1646 1399; x_wconf 87' lang='lat' dir='ltr'>introducendi,</span> <span class='ocrx_word' id='word_1_396' title='bbox 1672 1364 1703 1391; x_wconf 89' lang='lat' dir='ltr'>et</span> <span class='ocrx_word' id='word_1_397' title='bbox 1732 1359 1776 1392; x_wconf 91' lang='lat' dir='ltr'>eis</span> <span class='ocrx_word' id='word_1_398' title='bbox 1797 1370 1853 1393; x_wconf 88' lang='lat' dir='ltr'>seu</span> <span class='ocrx_word' id='word_1_399' title='bbox 1876 1369 1987 1392; x_wconf 87' lang='lat' dir='ltr'>earum</span> 
     </span>
     <span class='ocr_line' id='line_1_72' title="bbox 1241 1413 1987 1456; baseline 0 -10"><span class='ocrx_word' id='word_1_400' title='bbox 1241 1413 1371 1456; x_wconf 79' lang='lat' dir='ltr'>aliqua,</span> <span class='ocrx_word' id='word_1_401' title='bbox 1397 1414 1445 1445; x_wconf 75' lang='lat' dir='ltr'>vel</span> <span class='ocrx_word' id='word_1_402' title='bbox 1470 1413 1633 1456; x_wconf 86' lang='lat' dir='ltr'>aliquibus</span> <span class='ocrx_word' id='word_1_403' title='bbox 1664 1413 1914 1453; x_wconf 83' lang='lat' dir='ltr'>decedentibus,</span> <span class='ocrx_word' id='word_1_404' title='bbox 1938 1414 1987 1446; x_wconf 87' lang='lat' dir='ltr'>vel</span> 
     </span>
     <span class='ocr_line' id='line_1_73' title="bbox 1241 1465 1987 1509; baseline 0.001 -11"><span class='ocrx_word' id='word_1_405' title='bbox 1241 1466 1281 1498; x_wconf 89' lang='lat' dir='ltr'>ad</span> <span class='ocrx_word' id='word_1_406' title='bbox 1302 1465 1532 1499; x_wconf 82' lang='lat' dir='ltr'>monasterium</span> <span class='ocrx_word' id='word_1_407' title='bbox 1552 1466 1656 1509; x_wconf 89' lang='lat' dir='ltr'>ipsum</span> <span class='ocrx_word' id='word_1_408' title='bbox 1675 1465 1895 1506; x_wconf 88' lang='lat' dir='ltr'>redeuntibus,</span> <span class='ocrx_word' id='word_1_409' title='bbox 1909 1465 1987 1499; x_wconf 81' lang='lat' dir='ltr'>alias</span> 
     </span>
     <span class='ocr_line' id='line_1_74' title="bbox 1241 1518 1982 1559; baseline 0.001 -8"><span class='ocrx_word' id='word_1_410' title='bbox 1241 1519 1326 1552; x_wconf 90' lang='lat' dir='ltr'>illius</span> <span class='ocrx_word' id='word_1_411' title='bbox 1357 1519 1513 1552; x_wconf 86' lang='lat' dir='ltr'>moniales</span> <span class='ocrx_word' id='word_1_412' title='bbox 1538 1529 1650 1552; x_wconf 89' lang='lat' dir='ltr'>eorum</span> <span class='ocrx_word' id='word_1_413' title='bbox 1681 1519 1752 1552; x_wconf 87' lang='lat' dir='ltr'>loco</span> <span class='ocrx_word' id='word_1_414' title='bbox 1781 1518 1982 1559; x_wconf 83' lang='lat' dir='ltr'>sufficiendi,</span> 
     </span>
     <span class='ocr_line' id='line_1_75' title="bbox 1241 1572 1984 1616; baseline 0 -11"><span class='ocrx_word' id='word_1_415' title='bbox 1241 1578 1431 1616; x_wconf 83' lang='lat' dir='ltr'>caeteraque</span> <span class='ocrx_word' id='word_1_416' title='bbox 1452 1572 1562 1605; x_wconf 91' lang='lat' dir='ltr'>omnia</span> <span class='ocrx_word' id='word_1_417' title='bbox 1582 1572 1644 1605; x_wconf 83' lang='lat' dir='ltr'>alia</span> <span class='ocrx_word' id='word_1_418' title='bbox 1666 1578 1697 1606; x_wconf 89' lang='lat' dir='ltr'>et</span> <span class='ocrx_word' id='word_1_419' title='bbox 1717 1572 1844 1614; x_wconf 83' lang='lat' dir='ltr'>singula</span> <span class='ocrx_word' id='word_1_420' title='bbox 1864 1572 1984 1606; x_wconf 90' lang='lat' dir='ltr'>ibidem</span> 
     </span>
     <span class='ocr_line' id='line_1_76' title="bbox 1241 1625 1981 1668; baseline 0 -10"><span class='ocrx_word' id='word_1_421' title='bbox 1241 1625 1397 1665; x_wconf 82' lang='lat' dir='ltr'>faciendi,</span> <span class='ocrx_word' id='word_1_422' title='bbox 1425 1625 1575 1665; x_wconf 85' lang='lat' dir='ltr'>dicendi,</span> <span class='ocrx_word' id='word_1_423' title='bbox 1604 1625 1759 1668; x_wconf 78' lang='lat' dir='ltr'>gerendi,</span> <span class='ocrx_word' id='word_1_424' title='bbox 1788 1626 1981 1665; x_wconf 88' lang='lat' dir='ltr'>exercendi,</span> 
     </span>
     <span class='ocr_line' id='line_1_77' title="bbox 1241 1679 2182 1734; baseline -0.001 -22"><span class='ocrx_word' id='word_1_425' title='bbox 1241 1679 1435 1723; x_wconf 87' lang='lat' dir='ltr'>procurandi</span> <span class='ocrx_word' id='word_1_426' title='bbox 1466 1685 1497 1712; x_wconf 80' lang='lat' dir='ltr'>et</span> <span class='ocrx_word' id='word_1_427' title='bbox 1527 1679 1727 1723; x_wconf 82' lang='lat' dir='ltr'>exequendi,</span> <span class='ocrx_word' id='word_1_428' title='bbox 1752 1690 1834 1723; x_wconf 87' lang='lat' dir='ltr'>qnae</span> <span class='ocrx_word' id='word_1_429' title='bbox 1865 1679 1985 1714; x_wconf 90' lang='lat' dir='ltr'>similes</span> <span class='ocrx_word' id='word_1_430' title='bbox 2000 1693 2055 1734; x_wconf 33' lang='grc' dir='ltr'>ἔξω</span> <span class='ocrx_word' id='word_1_431' title='bbox 2093 1688 2182 1709; x_wconf 77' lang='lat' dir='ltr'>anorum</span> 
     </span>
    </p>
   </div>
   <div class='ocr_carea' id='block_1_14' title="bbox 2020 1714 2223 1741">
    <p class='ocr_par' dir='ltr' id='par_1_15' title="bbox 2020 1714 2223 1741">
     <span class='ocr_line' id='line_1_78' title="bbox 2020 1714 2223 1741; baseline 0.015 -7"><span class='ocrx_word' id='word_1_432' title='bbox 2020 1714 2102 1735; x_wconf 80' lang='lat' dir='ltr'>rdinum</span> <span class='ocrx_word' id='word_1_433' title='bbox 2122 1720 2184 1741; x_wconf 75' lang='lat' dir='ltr'>supe·</span> <span class='ocrx_word' id='word_1_434' title='bbox 2222 1727 2223 1730; x_wconf 69' lang='lat'><em>=</em></span> 
     </span>
    </p>
   </div>
   <div class='ocr_carea' id='block_1_15' title="bbox 1238 1732 2184 2677">
    <p class='ocr_par' dir='ltr' id='par_1_16' title="bbox 1238 1732 2184 2561">
     <span class='ocr_line' id='line_1_79' title="bbox 1241 1732 2184 1788; baseline 0 -22"><span class='ocrx_word' id='word_1_435' title='bbox 1241 1733 1379 1777; x_wconf 83' lang='lat' dir='ltr'>patroni,</span> <span class='ocrx_word' id='word_1_436' title='bbox 1398 1738 1425 1765; x_wconf 83' lang='lat' dir='ltr'>ct</span> <span class='ocrx_word' id='word_1_437' title='bbox 1445 1733 1541 1765; x_wconf 89' lang='lat' dir='ltr'>etiam</span> <span class='ocrx_word' id='word_1_438' title='bbox 1563 1733 1728 1775; x_wconf 80' lang='lat' dir='ltr'>generales</span> <span class='ocrx_word' id='word_1_439' title='bbox 1749 1732 1900 1773; x_wconf 89' lang='lat' dir='ltr'>ministri,</span> <span class='ocrx_word' id='word_1_440' title='bbox 1915 1733 1985 1766; x_wconf 89' lang='lat' dir='ltr'>alii·</span> <span class='ocrx_word' id='word_1_441' title='bbox 1999 1741 2138 1788; x_wconf 35' lang='lat' dir='ltr'>flijgffixsqufiiss</span> <span class='ocrx_word' id='word_1_442' title='bbox 2156 1741 2184 1788; x_wconf 51' lang='lat' dir='ltr'>sp</span> 
     </span>
     <span class='ocr_line' id='line_1_80' title="bbox 1240 1781 2157 1830; baseline 0.002 -12"><span class='ocrx_word' id='word_1_443' title='bbox 1240 1797 1302 1830; x_wconf 89' lang='lat' dir='ltr'>que</span> <span class='ocrx_word' id='word_1_444' title='bbox 1322 1786 1506 1829; x_wconf 87' lang='lat' dir='ltr'>superiores</span> <span class='ocrx_word' id='word_1_445' title='bbox 1526 1796 1807 1829; x_wconf 64' lang='lat' dir='ltr'>quorum-umque</span> <span class='ocrx_word' id='word_1_446' title='bbox 1827 1785 1984 1819; x_wconf 89' lang='lat' dir='ltr'>Ordinum</span> <span class='ocrx_word' id='word_1_447' title='bbox 2000 1781 2157 1820; x_wconf 64' lang='grc' dir='ltr'>ωτο“ἰ·οεειίιι1-</span> 
     </span>
     <span class='ocr_line' id='line_1_81' title="bbox 1241 1838 1985 1873; baseline -0.001 -1"><span class='ocrx_word' id='word_1_448' title='bbox 1241 1840 1272 1872; x_wconf 93' lang='lat' dir='ltr'>in</span> <span class='ocrx_word' id='word_1_449' title='bbox 1294 1839 1498 1872; x_wconf 85' lang='lat' dir='ltr'>monasteriis</span> <span class='ocrx_word' id='word_1_450' title='bbox 1524 1839 1711 1871; x_wconf 89' lang='lat' dir='ltr'>monialium</span> <span class='ocrx_word' id='word_1_451' title='bbox 1744 1838 1802 1871; x_wconf 87' lang='lat' dir='ltr'>sibi</span> <span class='ocrx_word' id='word_1_452' title='bbox 1832 1839 1985 1873; x_wconf 89' lang='lat' dir='ltr'>subiectis</span> 
     </span>
     <span class='ocr_line' id='line_1_82' title="bbox 1240 1891 1985 1936; baseline 0.001 -11"><span class='ocrx_word' id='word_1_453' title='bbox 1240 1893 1279 1925; x_wconf 89' lang='lat' dir='ltr'>de</span> <span class='ocrx_word' id='word_1_454' title='bbox 1299 1892 1367 1925; x_wconf 92' lang='lat' dir='ltr'>iure</span> <span class='ocrx_word' id='word_1_455' title='bbox 1387 1892 1435 1924; x_wconf 85' lang='lat' dir='ltr'>vel</span> <span class='ocrx_word' id='word_1_456' title='bbox 1457 1891 1701 1932; x_wconf 86' lang='lat' dir='ltr'>consuetudine,</span> <span class='ocrx_word' id='word_1_457' title='bbox 1723 1902 1779 1925; x_wconf 89' lang='lat' dir='ltr'>seu</span> <span class='ocrx_word' id='word_1_458' title='bbox 1797 1903 1833 1925; x_wconf 83' lang='lat' dir='ltr'>ex</span> <span class='ocrx_word' id='word_1_459' title='bbox 1855 1892 1985 1936; x_wconf 86' lang='lat' dir='ltr'>privile-</span> 
     </span>
     <span class='ocr_line' id='line_1_83' title="bbox 1239 1945 1986 1987; baseline 0.001 -9"><span class='ocrx_word' id='word_1_460' title='bbox 1239 1945 1302 1987; x_wconf 78' lang='lat' dir='ltr'>gio,</span> <span class='ocrx_word' id='word_1_461' title='bbox 1323 1946 1371 1978; x_wconf 84' lang='lat' dir='ltr'>vel</span> <span class='ocrx_word' id='word_1_462' title='bbox 1392 1945 1582 1978; x_wconf 88' lang='lat' dir='ltr'>auctoritate</span> <span class='ocrx_word' id='word_1_463' title='bbox 1601 1945 1675 1979; x_wconf 82' lang='lat' dir='ltr'>dicti</span> <span class='ocrx_word' id='word_1_464' title='bbox 1697 1945 1838 1986; x_wconf 89' lang='lat' dir='ltr'>concilii,</span> <span class='ocrx_word' id='word_1_465' title='bbox 1855 1956 1891 1979; x_wconf 82' lang='lat' dir='ltr'>ac.</span> <span class='ocrx_word' id='word_1_466' title='bbox 1908 1945 1986 1979; x_wconf 85' lang='lat' dir='ltr'>alias</span> 
     </span>
     <span class='ocr_line' id='line_1_84' title="bbox 1239 1998 1980 2042; baseline 0.001 -12"><span class='ocrx_word' id='word_1_467' title='bbox 1239 1998 1485 2042; x_wconf 86' lang='lat' dir='ltr'>quomodolibet</span> <span class='ocrx_word' id='word_1_468' title='bbox 1507 1999 1629 2038; x_wconf 85' lang='lat' dir='ltr'>facere,</span> <span class='ocrx_word' id='word_1_469' title='bbox 1653 2009 1764 2039; x_wconf 64' lang='lat' dir='ltr'>gerere</span> <span class='ocrx_word' id='word_1_470' title='bbox 1778 2026 1785 2039; x_wconf 92' lang='lat'>,</span> <span class='ocrx_word' id='word_1_471' title='bbox 1809 2009 1958 2033; x_wconf 81' lang='lat' dir='ltr'>exercere</span> <span class='ocrx_word' id='word_1_472' title='bbox 1973 2026 1980 2039; x_wconf 95' lang='lat'>,</span> 
     </span>
     <span class='ocr_line' id='line_1_85' title="bbox 1240 2051 1987 2095; baseline 0.003 -12"><span class='ocrx_word' id='word_1_473' title='bbox 1240 2061 1414 2094; x_wconf 78' lang='lat' dir='ltr'>procurare</span> <span class='ocrx_word' id='word_1_474' title='bbox 1435 2057 1465 2084; x_wconf 87' lang='lat' dir='ltr'>et</span> <span class='ocrx_word' id='word_1_475' title='bbox 1491 2051 1603 2095; x_wconf 85' lang='lat' dir='ltr'>exequi</span> <span class='ocrx_word' id='word_1_476' title='bbox 1625 2057 1753 2095; x_wconf 81' lang='lat' dir='ltr'>possent</span> <span class='ocrx_word' id='word_1_477' title='bbox 1781 2057 1809 2085; x_wconf 86' lang='lat' dir='ltr'>et</span> <span class='ocrx_word' id='word_1_478' title='bbox 1836 2057 1987 2095; x_wconf 86' lang='lat' dir='ltr'>poterunt</span> 
     </span>
     <span class='ocr_line' id='line_1_86' title="bbox 1239 2104 1986 2148; baseline 0.004 -12"><span class='ocrx_word' id='word_1_479' title='bbox 1239 2104 1485 2147; x_wconf 76' lang='lat' dir='ltr'>quomodolibet</span> <span class='ocrx_word' id='word_1_480' title='bbox 1510 2104 1541 2137; x_wconf 88' lang='lat' dir='ltr'>in</span> <span class='ocrx_word' id='word_1_481' title='bbox 1564 2105 1718 2143; x_wconf 87' lang='lat' dir='ltr'>l&#39;uturum,</span> <span class='ocrx_word' id='word_1_482' title='bbox 1743 2105 1882 2148; x_wconf 80' lang='lat' dir='ltr'>plenam,</span> <span class='ocrx_word' id='word_1_483' title='bbox 1907 2105 1986 2139; x_wconf 90' lang='lat' dir='ltr'>libe-</span> 
     </span>
     <span class='ocr_line' id='line_1_87' title="bbox 1239 2158 1981 2202; baseline 0.004 -13"><span class='ocrx_word' id='word_1_484' title='bbox 1239 2168 1305 2190; x_wconf 90' lang='lat' dir='ltr'>ram</span> <span class='ocrx_word' id='word_1_485' title='bbox 1328 2163 1358 2190; x_wconf 86' lang='lat' dir='ltr'>et</span> <span class='ocrx_word' id='word_1_486' title='bbox 1378 2158 1599 2190; x_wconf 82' lang='lat' dir='ltr'>omnimodam</span> <span class='ocrx_word' id='word_1_487' title='bbox 1622 2158 1816 2197; x_wconf 69' lang='lat' dir='ltr'>laenitatem,</span> <span class='ocrx_word' id='word_1_488' title='bbox 1841 2164 1981 2202; x_wconf 87' lang='lat' dir='ltr'>potesta-</span> 
     </span>
     <span class='ocr_line' id='line_1_88' title="bbox 1241 2210 1984 2249; baseline 0.003 -7"><span class='ocrx_word' id='word_1_489' title='bbox 1241 2216 1301 2243; x_wconf 73' lang='lat' dir='ltr'>tem</span> <span class='ocrx_word' id='word_1_490' title='bbox 1333 2216 1363 2242; x_wconf 71' lang='lat' dir='ltr'>et.</span> <span class='ocrx_word' id='word_1_491' title='bbox 1392 2210 1614 2243; x_wconf 68' lang='lat' dir='ltr'>auctoritatem</span> <span class='ocrx_word' id='word_1_492' title='bbox 1645 2211 1770 2249; x_wconf 79' lang='lat' dir='ltr'>itidem,</span> <span class='ocrx_word' id='word_1_493' title='bbox 1793 2211 1984 2244; x_wconf 83' lang='lat' dir='ltr'>auctoritate</span> 
     </span>
     <span class='ocr_line' id='line_1_89' title="bbox 1238 2263 1984 2307; baseline 0.004 -14"><span class='ocrx_word' id='word_1_494' title='bbox 1238 2268 1265 2295; x_wconf 82' lang='lat' dir='ltr'>et</span> <span class='ocrx_word' id='word_1_495' title='bbox 1287 2268 1396 2295; x_wconf 85' lang='lat' dir='ltr'>tenore</span> <span class='ocrx_word' id='word_1_496' title='bbox 1414 2263 1583 2303; x_wconf 73' lang='lat' dir='ltr'>similibus,</span> <span class='ocrx_word' id='word_1_497' title='bbox 1608 2263 1702 2296; x_wconf 78' lang='lat' dir='ltr'>etiam</span> <span class='ocrx_word' id='word_1_498' title='bbox 1724 2269 1880 2307; x_wconf 75' lang='lat' dir='ltr'>perpetuo</span> <span class='ocrx_word' id='word_1_499' title='bbox 1909 2273 1984 2296; x_wconf 81' lang='lat' dir='ltr'>con-</span> 
     </span>
     <span class='ocr_line' id='line_1_90' title="bbox 1239 2315 1985 2360; baseline 0.005 -14"><span class='ocrx_word' id='word_1_500' title='bbox 1239 2315 1383 2348; x_wconf 69' lang='lat' dir='ltr'>cedimus</span> <span class='ocrx_word' id='word_1_501' title='bbox 1409 2322 1439 2348; x_wconf 85' lang='lat' dir='ltr'>et</span> <span class='ocrx_word' id='word_1_502' title='bbox 1471 2316 1666 2357; x_wconf 62' lang='lat' dir='ltr'>vlargimur3</span> <span class='ocrx_word' id='word_1_503' title='bbox 1696 2316 1821 2349; x_wconf 87' lang='lat' dir='ltr'>irritum</span> <span class='ocrx_word' id='word_1_504' title='bbox 1855 2327 1985 2360; x_wconf 85' lang='lat' dir='ltr'>quoque</span> 
     </span>
     <span class='ocr_line' id='line_1_91' title="bbox 1239 2369 1980 2414; baseline 0.001 -13"><span class='ocrx_word' id='word_1_505' title='bbox 1239 2375 1265 2401; x_wconf 78' lang='lat' dir='ltr'>ct</span> <span class='ocrx_word' id='word_1_506' title='bbox 1295 2369 1388 2401; x_wconf 82' lang='lat' dir='ltr'>inane</span> <span class='ocrx_word' id='word_1_507' title='bbox 1409 2369 1433 2401; x_wconf 85' lang='lat' dir='ltr'>si</span> <span class='ocrx_word' id='word_1_508' title='bbox 1456 2380 1547 2402; x_wconf 69' lang='lat' dir='ltr'>secus</span> <span class='ocrx_word' id='word_1_509' title='bbox 1567 2380 1664 2412; x_wconf 86' lang='lat' dir='ltr'>super</span> <span class='ocrx_word' id='word_1_510' title='bbox 1689 2369 1737 2401; x_wconf 82' lang='lat' dir='ltr'>bis</span> <span class='ocrx_word' id='word_1_511' title='bbox 1762 2381 1778 2402; x_wconf 85' lang='lat' dir='ltr'>a</span> <span class='ocrx_word' id='word_1_512' title='bbox 1800 2380 1980 2414; x_wconf 85' lang='lat' dir='ltr'>quoquam,</span> 
     </span>
     <span class='ocr_line' id='line_1_92' title="bbox 1239 2421 1984 2465; baseline 0.003 -12"><span class='ocrx_word' id='word_1_513' title='bbox 1239 2421 1349 2465; x_wconf 82' lang='lat' dir='ltr'>quavis</span> <span class='ocrx_word' id='word_1_514' title='bbox 1373 2422 1573 2461; x_wconf 78' lang='lat' dir='ltr'>auctoritate,</span> <span class='ocrx_word' id='word_1_515' title='bbox 1602 2422 1740 2455; x_wconf 81' lang='lat' dir='ltr'>srienter</span> <span class='ocrx_word' id='word_1_516' title='bbox 1761 2423 1807 2454; x_wconf 76' lang='lat' dir='ltr'>vel</span> <span class='ocrx_word' id='word_1_517' title='bbox 1834 2422 1984 2464; x_wconf 65' lang='lat' dir='ltr'>ignoran—</span> 
     </span>
     <span class='ocr_line' id='line_1_93' title="bbox 1240 2474 1980 2515; baseline 0.001 -8"><span class='ocrx_word' id='word_1_518' title='bbox 1240 2481 1305 2513; x_wconf 73' lang='lat' dir='ltr'>ter,</span> <span class='ocrx_word' id='word_1_519' title='bbox 1339 2474 1506 2515; x_wconf 60' lang='lat' dir='ltr'>eontigerit</span> <span class='ocrx_word' id='word_1_520' title='bbox 1542 2475 1690 2508; x_wconf 73' lang='lat' dir='ltr'>attentari</span> <span class='ocrx_word' id='word_1_521' title='bbox 1730 2475 1826 2508; x_wconf 78' lang='lat' dir='ltr'>etiam</span> <span class='ocrx_word' id='word_1_522' title='bbox 1865 2476 1980 2508; x_wconf 87' lang='lat' dir='ltr'>decer-</span> 
     </span>
     <span class='ocr_line' id='line_1_94' title="bbox 1239 2528 1354 2561; baseline 0.009 -1"><span class='ocrx_word' id='word_1_523' title='bbox 1239 2528 1354 2561; x_wconf 75' lang='lat' dir='ltr'>niiiuis.</span> 
     </span>
    </p>

    <p class='ocr_par' dir='ltr' id='par_1_17' title="bbox 1238 2580 1983 2677">
     <span class='ocr_line' id='line_1_95' title="bbox 1283 2580 1983 2624; baseline -0.001 -10"><span class='ocrx_word' id='word_1_524' title='bbox 1283 2584 1299 2622; x_wconf 56' lang='lat' dir='ltr'>g</span> <span class='ocrx_word' id='word_1_525' title='bbox 1320 2583 1350 2614; x_wconf 71' lang='lat' dir='ltr'>u.</span> <span class='ocrx_word' id='word_1_526' title='bbox 1377 2582 1542 2615; x_wconf 81' lang='lat' dir='ltr'>l‘ostrcmo</span> <span class='ocrx_word' id='word_1_527' title='bbox 1567 2582 1606 2614; x_wconf 86' lang='lat' dir='ltr'>ad</span> <span class='ocrx_word' id='word_1_528' title='bbox 1632 2582 1812 2624; x_wconf 72' lang='lat' dir='ltr'>augendam</span> <span class='ocrx_word' id='word_1_529' title='bbox 1836 2586 1898 2614; x_wconf 85' lang='lat' dir='ltr'>tam</span> <span class='ocrx_word' id='word_1_530' title='bbox 1921 2580 1983 2613; x_wconf 84' lang='lat' dir='ltr'>vir-</span> 
     </span>
     <span class='ocr_line' id='line_1_96' title="bbox 1238 2633 1981 2677; baseline 0.001 -11"><span class='ocrx_word' id='word_1_531' title='bbox 1238 2634 1348 2676; x_wconf 78' lang='lat' dir='ltr'>ginum</span> <span class='ocrx_word' id='word_1_532' title='bbox 1370 2635 1496 2677; x_wconf 78' lang='lat' dir='ltr'>collegii</span> <span class='ocrx_word' id='word_1_533' title='bbox 1518 2640 1547 2668; x_wconf 84' lang='lat' dir='ltr'>et</span> <span class='ocrx_word' id='word_1_534' title='bbox 1576 2634 1763 2668; x_wconf 88' lang='lat' dir='ltr'>monialium</span> <span class='ocrx_word' id='word_1_535' title='bbox 1797 2633 1981 2668; x_wconf 82' lang='lat' dir='ltr'>monasterii</span> 
     </span>
    </p>
   </div>
   <div class='ocr_carea' id='block_1_16' title="bbox 1997 2598 2181 2647">
    <p class='ocr_par' dir='ltr' id='par_1_18' title="bbox 1997 2598 2181 2647">
     <span class='ocr_line' id='line_1_97' title="bbox 2038 2598 2181 2625; baseline 0 -5"><span class='ocrx_word' id='word_1_536' title='bbox 2038 2598 2181 2625; x_wconf 67' lang='lat' dir='ltr'>tnnlutuouttn</span> 
     </span>
     <span class='ocr_line' id='line_1_98' title="bbox 1997 2625 2180 2647; baseline 0 -1"><span class='ocrx_word' id='word_1_537' title='bbox 1997 2625 2103 2647; x_wconf 74' lang='lat' dir='ltr'>oceloulao</span> <span class='ocrx_word' id='word_1_538' title='bbox 2142 2628 2180 2646; x_wconf 77' lang='lat' dir='ltr'>nu</span> 
     </span>
    </p>
   </div>
   <div class='ocr_carea' id='block_1_17' title="bbox 2000 1635 2231 1683">
    <p class='ocr_par' dir='ltr' id='par_1_19' title="bbox 2000 1635 2231 1683">
     <span class='ocr_line' id='line_1_99' title="bbox 2053 1635 2214 1662; baseline 0.006 -6"><span class='ocrx_word' id='word_1_539' title='bbox 2053 1635 2185 1662; x_wconf 76' lang='lat' dir='ltr'>caeteraque</span> <span class='ocrx_word' id='word_1_540' title='bbox 2212 1636 2214 1642; x_wconf 90' lang='lat'>&#39;</span> 
     </span>
     <span class='ocr_line' id='line_1_100' title="bbox 2000 1661 2231 1683; baseline 0.009 -2"><span class='ocrx_word' id='word_1_541' title='bbox 2000 1661 2070 1682; x_wconf 83' lang='lat' dir='ltr'>omnia</span> <span class='ocrx_word' id='word_1_542' title='bbox 2093 1662 2185 1683; x_wconf 73' lang='lat' dir='ltr'>faciendi</span> <span class='ocrx_word' id='word_1_543' title='bbox 2218 1666 2231 1674; x_wconf 53' lang='lat'><strong>⁵</strong></span> 
     </span>
    </p>
   </div>
   <div class='ocr_carea' id='block_1_18' title="bbox 2201 0 2253 3195">
    <p class='ocr_par' dir='ltr' id='par_1_20' title="bbox 2201 0 2253 3195">
     <span class='ocr_line' id='line_1_101' title="bbox 2201 0 2253 3195; baseline 0 0"><span class='ocrx_word' id='word_1_544' title='bbox 2201 0 2253 3195; x_wconf 95' lang='lat' dir='ltr'> </span> 
     </span>
    </p>
   </div>
  </div>
 </body>
</html>
