2253 3195
55 236 104 263 An.
121 236 150 263 C.
172 236 239 264 1597

73 1459 208 1485 SiAlgeriuin
224 1461 245 1481 iu

59 1488 185 1515 potestatem
191 1489 245 1510 cliri-

60 1514 176 1535 stianorum
184 1521 245 1536 vene-

60 1539 95 1562 rit,
106 1540 180 1561 eadem
190 1548 245 1563 suin·

60 1571 93 1586 ma
103 1567 153 1587 alibi
165 1568 184 1588 in
194 1569 245 1589 Afri-

60 1597 85 1612 ca
109 1598 147 1619 pro
171 1596 245 1617 eodem

61 1623 125 1649 opere
157 1621 247 1643 Redem-

59 1647 246 1691 gtiunisinsuiuen-

75 1677 95 1692 a.

866 239 1014 265 CLEMENS
1033 240 1092 264 VIII
1113 240 1163 263 PP.

256 297 323 320 esse
342 286 557 330 permittatur,
573 288 621 320 vel
642 288 726 321 illius
739 288 932 332 presbyteris
943 300 998 321 seu

257 340 380 373 clericis
409 341 628 374 saecularibus
653 342 701 375 rel
734 342 936 384 regularibus
967 342 997 374 in

257 403 293 425 ea
314 393 441 435 degere,
459 399 487 426 et
501 395 678 438 praemissa
694 396 796 428 facere
810 405 997 428 concessum

256 457 312 479 seu
332 447 523 490 permissum
547 448 653 488 suerit,
677 448 753 492 ipsis
782 448 866 481 dedit
890 454 917 481 et
941 448 999 481 do-

257 500 341 532 navit
380 501 411 533 id
447 502 534 544 quod
565 501 724 544 supererit
756 512 791 534 ex
823 501 1000 534 redditibus

256 554 429 597 praedictis
449 555 663 587 ducentorum
696 560 726 587 et
757 554 901 597 quinque
922 555 996 587 mil-

257 607 334 640 lium
361 608 651 651 morapetinorum,
676 608 811 651 illosque
839 609 877 640 de
900 608 1001 640 mani-

257 660 316 693 bus
327 660 403 693 dicti
415 661 684 693 administratoris
696 667 724 693 et
739 666 914 694 conventus
924 662 1001 694 San-

257 713 416 746 ctissimae
427 713 589 746 Trinitatis
609 714 733 746 Madriti
754 714 896 757 quolibet
916 725 1001 747 anno

257 766 397 798 babeant
417 772 447 799 et
460 766 617 810 recipiant
630 767 669 799 ad
684 767 832 800 effectum
853 769 1001 812 superius

257 819 477 853 declaratum:
498 830 534 853 ac
555 821 643 864 quod
662 820 737 853 dicti
758 821 1001 854 administrator

258 878 288 905 et
308 878 483 906 conventus
496 874 644 907 studeant
658 874 787 907 eosdem
807 874 951 907 redditus
962 875 1001 908 ad

257 932 364 969 partes
378 926 457 967 illas,
475 938 548 959 cum
563 927 679 960 maiori
700 927 754 960 illa
771 928 1002 961 commoditate

258 985 289 1012 et
309 980 427 1013 minori
449 980 595 1024 impensa
613 991 677 1024 qua
688 981 821 1024 possint,
836 981 1001 1014 remittere

258 1038 289 1066 et
320 1033 490 1067 destinare.
523 1033 614 1073 Quod
643 1034 668 1067 si
697 1034 828 1078 aliquod
867 1035 1000 1067 dubium

257 1086 397 1127 oriatur,
431 1087 511 1120 illud
541 1087 725 1130 praedictus
758 1088 1003 1122 administrator

257 1141 441 1174 nominatus
464 1151 482 1173 a
502 1151 578 1183 rege
600 1141 763 1174 declarare
781 1141 893 1185 possit,
914 1152 950 1175 ac
972 1142 1003 1175 id

257 1193 345 1237 quod
377 1193 607 1235 declaraverit,
632 1195 840 1235 observetur,
873 1206 909 1228 ac
936 1196 1004 1228 eius

257 1247 486 1280 conscientiam
504 1248 659 1290 gravabit,
676 1254 711 1280 ut
723 1258 852 1291 semper
871 1249 1005 1282 arbitret

258 1307 289 1334 et
310 1301 478 1334 declarare
498 1307 647 1335 teneatur
666 1301 697 1334 id
718 1303 806 1346 quod
828 1303 924 1336 fuerit
943 1303 1004 1336 uti-

259 1354 320 1387 lius
340 1354 416 1398 ipsis
434 1355 566 1398 captivis
583 1361 614 1388 et
629 1355 725 1388 huius
745 1355 789 1399 pii
811 1356 918 1399 operis
931 1367 1004 1399 per-

259 1407 418 1451 petuitati.
432 1409 476 1441 Ac
488 1408 567 1441 utin
582 1415 742 1448 eventum,
757 1408 789 1441 in
803 1419 899 1452 quem
912 1419 1004 1452 prae-

261 1461 384 1497 dictum
404 1461 567 1503 Algerium
591 1462 630 1495 de
651 1461 801 1495 manibus
823 1462 1003 1496 infidelium

262 1514 454 1558 eriperetur,
478 1514 522 1547 ita
554 1515 641 1558 quod
672 1515 711 1548 de
731 1521 858 1548 caetero
890 1516 1004 1560 captivi

262 1567 373 1600 fideles
394 1567 514 1600 ibidem
532 1578 597 1601 non
615 1568 830 1608 detineantur,
847 1579 913 1602 non
931 1580 1005 1613 pro-

261 1627 372 1665 pterea
385 1622 446 1655 hoc
458 1622 548 1666 pium
563 1632 644 1666 opus
657 1633 783 1655 cessare
797 1623 923 1663 debeat,
936 1623 1006 1666 qui-

261 1674 385 1708 nimmo
402 1675 568 1718 praedicta
585 1675 709 1717 Religio
724 1675 839 1709 debeat
856 1686 1005 1709 exercere

260 1728 463 1772 praedictum
483 1728 698 1761 ministerium
728 1728 760 1761 in
790 1729 852 1762 alio
880 1730 1005 1763 Africae

260 1782 344 1822 loco,
365 1782 397 1815 in
417 1793 482 1826 quo
503 1782 624 1815 fuerint
649 1783 870 1826 redemptores
899 1783 1002 1816 dicto-

261 1846 333 1868 rum
355 1835 572 1879 captivorum,
597 1842 628 1869 et
647 1837 735 1879 quod
755 1836 787 1868 in
820 1836 905 1869 dicto
934 1837 1005 1870 loco

264 1894 411 1922 teneatur
431 1890 602 1923 observare
620 1900 732 1923 omnes
752 1890 822 1922 illas
842 1890 1003 1923 conditio-

262 1953 330 1983 nes,
355 1954 434 1987 quas
455 1943 602 1987 superius
623 1943 745 1977 dictum
777 1948 823 1977 est
842 1944 1006 1978 observari

263 1996 382 2029 debere
402 1997 488 2040 apud
505 1997 610 2040 ipsum
631 1997 808 2039 Algmium,
832 2008 868 2031 ac
885 1998 1005 2031 ibidem

264 2049 455 2082 distribuere
469 2060 581 2083 omnes
598 2050 670 2083 illos
686 2050 842 2090 redditus,
859 2062 940 2094 quos
961 2052 1007 2085 di-

263 2102 422 2135 stribuere
443 2103 560 2136 debent
577 2103 663 2146 apud
676 2103 841 2145 Algerium
861 2104 1008 2148 supradi-

264 2160 366 2196 ctum,
401 2155 602 2188 observando
634 2155 743 2188 omnia
774 2156 814 2189 ad
844 2167 1004 2199 unguem,

263 2214 361 2252 prout
377 2219 435 2252 per
454 2214 639 2252 praesentes
660 2208 849 2252 dispositum
871 2215 916 2242 est
938 2210 1007 2242 sieri

265 2262 384 2295 debere
404 2263 490 2306 apud
509 2262 628 2295 dictum
652 2262 769 2304 Algerii
788 2262 954 2306 oppidum,
979 2269 1009 2296 et

264 2316 351 2358 quod
369 2316 401 2348 in
422 2316 508 2349 dicto
529 2316 601 2348 loco
625 2315 808 2348 faciendum
829 2320 884 2348 aut
904 2315 1009 2348 distri-

264 2369 429 2402 buendum
450 2369 520 2410 erit,
536 2369 591 2402 fiat
604 2374 635 2401 et
652 2368 863 2401 distribuatur
882 2369 940 2401 sub
962 2368 1009 2401 di-

264 2422 440 2465 spositione
468 2428 499 2455 et
529 2422 733 2455 ordinatione
764 2421 839 2454 dicti
870 2421 1008 2454 admini-

264 2475 425 2508 stratoris:
443 2481 473 2508 et
489 2475 514 2508 si
529 2475 561 2508 in
575 2475 659 2508 dicto
677 2481 728 2507 aut
745 2474 808 2507 alio
823 2474 1008 2507 huiusmodi

265 2528 389 2561 Africae
409 2529 491 2568 loco,
513 2528 545 2561 in
566 2538 630 2571 quo
648 2528 795 2560 infideles
813 2527 1009 2560 detinuerint

266 2582 406 2625 captivos
426 2581 620 2625 praedictos,
640 2581 736 2614 suerit
753 2580 862 2624 aliqua
874 2580 937 2613 alia
950 2581 1008 2614 (lo-

266 2645 347 2675 mus,
372 2640 558 2676 conventus,
582 2640 637 2668 aut
666 2633 774 2677 aliqua
800 2633 1008 2676 congregatio

1033 288 1294 331 presbyterorum
1309 292 1336 319 et
1353 286 1556 326 clericorum,
1571 296 1628 319 seu
1649 285 1777 327 religio-

1033 352 1143 374 sorum
1163 340 1323 379 virorum,
1356 346 1418 372 tam
1444 339 1658 372 saecularium
1679 349 1776 382 quam

1034 394 1244 437 regularium,
1255 399 1287 426 ut
1300 393 1527 437 praemittitur,
1539 393 1570 425 in
1584 398 1776 436 perpetuum

1033 447 1081 479 vel
1103 447 1142 479 ad
1165 452 1301 489 teinpus⁷
1317 446 1414 478 trium
1434 446 1483 478 vel
1503 445 1646 489 plurium
1667 455 1778 488 perso-

1034 510 1148 532 narum
1169 499 1208 532 ad
1230 500 1408 532 docendam
1430 499 1526 532 tidem
1541 499 1732 532 catholicam
1747 504 1777 531 et

1034 556 1235 583 sacramenta
1256 550 1470 584 ecclesiastica
1491 551 1703 583 ministranda
1723 550 1774 583 di-

1035 604 1092 637 ctis
1123 604 1266 647 captivis
1291 610 1366 637 tunc
1392 610 1423 637 et
1451 615 1489 637 eo
1519 615 1609 644 casu,
1633 604 1778 637 redditus

1036 658 1130 691 huius
1150 658 1193 701 pii
1215 658 1332 701 operis,
1356 664 1410 691 aut
1434 669 1508 701 pars
1528 658 1593 698 illa,
1614 668 1696 702 quae
1716 668 1775 691 nea

1036 711 1173 744 cessaria
1194 711 1297 751 suerit,
1310 712 1350 744 ad
1367 711 1496 744 illorum
1514 711 1778 745 sustentationem

1036 770 1066 797 et
1098 764 1311 797 ministerium
1333 770 1507 806 erogentur
1536 770 1566 797 et
1596 765 1779 808 expendan-

1037 824 1098 857 tur,
1114 828 1150 850 ac
1171 818 1343 861 reliquum,
1358 818 1445 861 quod
1463 818 1658 862 applicatum
1680 824 1724 851 est
1740 818 1780 851 ad

1036 871 1291 903 subveniendum
1305 871 1550 904 necessitatibus
1563 871 1776 915 captivorum,

1037 924 1116 956 illud
1138 924 1315 968 presbyteri
1345 930 1373 957 et
1396 925 1521 965 clerici,
1545 936 1601 957 scu
1620 925 1678 957 viri
1708 925 1781 957 reli-

1037 977 1116 1019 giosi
1149 978 1328 1011 saeculares
1358 979 1406 1012 vel
1436 979 1600 1021 regulares
1624 978 1782 1021 praedicti

1037 1031 1204 1074 recipiant,
1240 1037 1271 1064 et
1301 1031 1333 1063 in
1364 1032 1546 1075 praedictas
1576 1031 1781 1065 necessitates

1038 1095 1171 1127 erogare
1206 1091 1237 1118 et
1268 1086 1449 1128 expendere
1485 1091 1672 1119 teneantur:
1703 1085 1778 1129 qui,

1038 1138 1145 1181 quoad
1163 1138 1235 1178 hoc,
1249 1138 1290 1171 de
1303 1138 1489 1172 huiusmodi
1503 1138 1782 1171 administratione

1038 1192 1177 1236 acceptis
1189 1198 1220 1225 et
1239 1193 1396 1236 expensis,
1411 1192 1678 1226 subventionibus
1693 1192 1782 1225 factis

1039 1252 1067 1280 et
1089 1246 1239 1289 erogatis,
1260 1246 1446 1290 supradicto
1461 1246 1714 1279 administratori
1733 1256 1784 1278 ra-

1040 1300 1143 1333 tiones
1164 1310 1220 1333 seu
1241 1305 1392 1343 computa
1412 1299 1559 1339 reddere,
1577 1305 1608 1332 et
1623 1298 1783 1342 quidquid

1039 1353 1078 1386 ab
1104 1353 1159 1386 illo
1180 1353 1363 1386 ordinatum
1385 1352 1501 1392 suerit,
1526 1363 1585 1396 pro
1612 1352 1707 1384 huius
1738 1351 1784 1395 pii

1040 1406 1146 1450 operis
1167 1405 1372 1439 observantia
1400 1411 1430 1438 et
1450 1405 1676 1449 perpetuitate,
1705 1405 1784 1438 illud

1040 1460 1185 1504 implere,
1209 1470 1336 1492 servare
1356 1465 1387 1492 et
1413 1459 1528 1502 exequi
1558 1464 1728 1492 teneantur
1754 1464 1785 1491 et

1040 1514 1178 1546 debeant
1198 1513 1313 1546 eodem
1332 1513 1441 1552 modo,
1463 1523 1527 1556 quo
1546 1512 1621 1545 dicti
1641 1512 1785 1554 religiosi

1040 1566 1264 1600 Sanctissimae
1284 1565 1445 1598 Trinitatis
1470 1565 1576 1598 facere
1607 1571 1638 1598 et
1657 1566 1782 1609 exequi,

1042 1626 1106 1653 toto
1124 1620 1179 1653 illo
1195 1625 1350 1662 tempore,
1365 1628 1429 1662 quo
1442 1618 1504 1651 hoc
1524 1618 1614 1662 pium
1632 1629 1713 1662 opus
1726 1619 1784 1651 sub

1040 1684 1151 1706 eorum
1173 1678 1330 1716 potestate
1348 1671 1498 1711 extiterit,
1514 1677 1664 1705 tenentur
1684 1677 1715 1704 et
1732 1673 1786 1705 de-

1040 1727 1126 1760 bent.
1150 1727 1330 1765 Praeterea,
1351 1725 1439 1768 quod
1459 1725 1492 1757 in
1513 1724 1610 1758 domo
1630 1724 1706 1757 dicti
1727 1735 1785 1769 op-

1040 1780 1106 1824 pidi
1131 1779 1256 1812 llladriti
1282 1779 1321 1812 sit
1345 1789 1410 1811 una
1430 1789 1526 1822 capsa
1546 1784 1601 1811 aut
1621 1778 1713 1811 theca
1730 1790 1784 1812 su-

1040 1834 1148 1878 perius
1169 1833 1268 1873 dicta,
1293 1832 1325 1864 in
1354 1842 1416 1875 qua
1437 1842 1565 1875 semper
1584 1831 1645 1865 sint
1667 1837 1698 1865 et
1728 1843 1784 1865 cu-

1040 1887 1220 1921 stodiantur
1239 1885 1445 1929 privilegium
1478 1885 1603 1927 regium
1628 1885 1785 1927 originale

1041 1941 1202 1974 dictorum
1215 1939 1413 1978 reddituum,
1428 1944 1458 1972 et
1471 1949 1573 1972 unum
1591 1939 1786 1972 instrumen-

1041 2000 1109 2028 tum
1138 1991 1360 2027 authenticum
1387 1992 1546 2025 dictarum
1577 1992 1783 2036 capitulatio-

1041 2059 1131 2089 num,
1148 2053 1342 2081 tractatuum
1360 2052 1389 2079 et
1401 2046 1632 2090 scripturarum
1651 2056 1710 2089 per
1730 2046 1787 2079 do-

1043 2112 1131 2135 mum
1143 2099 1329 2134 huiusmodi
1342 2099 1575 2139 faciendarum,
1593 2104 1622 2132 et
1634 2109 1787 2142 praesen-

1043 2161 1089 2188 tes
1110 2155 1237 2187 litterae
1262 2159 1391 2186 nostrae
1410 2158 1442 2186 et
1462 2152 1542 2185 aliae
1563 2163 1787 2196 quaecumque

1042 2209 1168 2241 litterae
1188 2207 1384 2251 apostolicae
1405 2206 1501 2239 etiam
1523 2206 1554 2238 in
1576 2206 1680 2238 forma
1708 2206 1784 2237 bre—

1043 2261 1087 2294 vis
1099 2260 1263 2293 confectae
1278 2265 1341 2292 tam
1356 2257 1612 2292 confirmationis
1625 2263 1653 2290 et
1669 2268 1787 2301 appro-

1043 2313 1182 2346 bationis
1202 2312 1297 2345 huius
1317 2311 1525 2345 institutionis
1546 2316 1576 2344 et
1602 2308 1784 2351 dotationis,

1043 2377 1139 2410 quam
1161 2366 1296 2398 aliarum
1314 2374 1594 2409 quarumcumque
1612 2363 1788 2405 gratiarum

1044 2424 1075 2452 et
1094 2418 1369 2460 indulgentiarum
1390 2417 1422 2450 in
1443 2417 1582 2450 savorem
1606 2416 1691 2449 illius
1711 2427 1788 2449 con—

1044 2472 1281 2511 ccdendarum,
1306 2476 1337 2503 et
1354 2471 1436 2503 liber
1457 2470 1642 2503 reddituum
1674 2469 1787 2503 liuius-

1679 225 1743 259 ,⁵359
1789 236 1838 263 An.
1862 236 1888 263 ο.
1908 237 1974 264 1597

1814 1781 1883 1807 Capsa
1899 1781 1985 1802 Madriti

1801 1808 1949 1830 construenda.
1966 1808 1985 1828 iu

1800 1835 1985 1861 quainstrumcnta

1800 1862 1868 1881 onmia
1883 1861 1909 1881 :id
1924 1867 1985 1886 prae-

1800 1894 1847 1908 scus
1869 1887 1985 1907 institutum

1800 1914 1927 1940 pertinentia
1937 1920 1986 1934 ccu-

1799 1943 1916 1962 serventur.

1044 2524 1130 2558 modi
1153 2524 1256 2557 etalii
1282 2523 1375 2563 libri,
1400 2523 1431 2556 in
1460 2523 1577 2566 quibus
1606 2522 1789 2556 scribantur
1814 2533 1817 2535 ’

1045 2578 1184 2611 rationes
1209 2583 1236 2610 et
1260 2582 1413 2620 computa
1433 2575 1509 2609 dicti
1531 2575 1637 2619 operis
1658 2575 1701 2619 pii
1724 2580 1787 2608 tam

1044 2636 1262 2675 acceptorum,
1286 2641 1383 2674 quain
1411 2639 1624 2673 expensorum
1653 2628 1784 2672 praedi-
