2253 3195
298 258 345 283 Λη.
369 257 398 283 c,
420 256 484 283 icoo
531 246 593 279 57ss

495 304 677 349 praesentia
687 313 722 336 ac
736 303 767 335 in
779 302 942 346 obsequiis
952 302 1088 335 Romani
1099 302 1236 335 Pontifi-

496 359 540 391 eis
553 359 593 391 ad
605 358 700 390 finem
715 356 795 390 etad
805 356 954 389 effectum
965 356 1141 396 dumtaxat,
1152 355 1239 399 quod

496 410 668 444 eoncordia
697 415 727 442 et
753 409 925 442 transactio
952 408 1139 442 huiusmodi
1165 418 1240 441 suos

495 464 655 508 plenarios
673 463 802 497 effeetus
820 463 974 507 consequi
994 463 1118 506 possint
1135 468 1163 496 et
1186 463 1240 495 de-

495 519 601 558 beant,
614 518 783 560 dictusque
794 517 987 555 Vincentius,
1001 517 1143 560 optando
1151 526 1240 549 eum-

495 572 567 604 dem
581 571 761 615 prioratum
773 571 909 614 Capuae,
923 570 1114 604 renunciare
1125 569 1239 603 debeat

495 624 728 668 praeceptoriis
752 623 816 656 sive
841 624 1052 664 emuniendis,
1073 633 1152 667 quas
1172 623 1238 666 ipse

495 679 582 711 iuxta
599 679 714 723 stylum
735 678 902 721 religionis
923 689 996 712 cum
1017 679 1131 712 eodem
1152 678 1239 722 prio-

496 738 565 764 ratu
583 732 708 776 Capuae
729 731 868 765 retinere
886 742 951 765 non
965 732 1096 776 poterit,
1111 737 1141 765 et
1155 742 1238 775 quae

494 786 620 819 smutiri
647 786 786 819 debeant
812 786 844 818 in
870 786 956 819 dieta
980 786 1103 828 Lingua
1129 785 1237 819 Italiae

494 850 553 883 pro
565 839 812 873 melioramento
825 840 873 872 vel
885 840 1067 873 cabimento
1085 839 1235 879 militum,

495 894 534 926 ad
568 904 648 937 quos
675 893 748 926 illae
772 893 980 937 spectabunt,
1011 893 1097 926 iuxta
1122 893 1237 938 stylum

495 947 714 990 praedictum;
752 946 903 990 idemque
938 946 1125 980 Vincentius
1158 956 1239 979 nun-

495 1011 591 1044 quam
610 1001 720 1044 possit,
737 1001 846 1043 vigore
866 1001 1098 1045 cuiuscumque
1119 1001 1239 1044 gratiae

495 1055 646 1088 obtentae
671 1066 726 1089 seu
755 1056 972 1097 obtinendae,
1004 1056 1100 1089 etiam
1131 1055 1239 1098 vigore

495 1116 775 1151 quarumcumque
815 1107 996 1141 litterarum
1040 1107 1236 1151 apostolica-

495 1170 584 1201 rum,
608 1170 713 1204 neque
734 1161 847 1204 quovis
870 1161 933 1194 alio
959 1161 1055 1194 modo
1077 1160 1239 1194 cambiare

496 1214 542 1246 vel
570 1219 756 1257 permutare
782 1213 923 1258 aliquam
952 1225 988 1247 ex
1016 1214 1235 1254 commendis‚

496 1277 576 1310 quas
591 1277 677 1299 nunc
694 1267 818 1300 obtinet
835 1273 866 1300 et
880 1267 911 1300 in
926 1268 1066 1300 futurum
1082 1266 1240 1300 obtinebit

498 1319 530 1351 in
555 1319 682 1353 titulum
702 1320 888 1359 cabimenfi,
915 1320 1164 1361 melioramenti‚
1187 1326 1239 1354 aut

497 1373 618 1415 gratiae
631 1384 703 1407 cum
714 1374 918 1407 ullaCamera
931 1374 1105 1416 magistrali
1116 1375 1154 1407 ad
1165 1375 1236 1416 boe,

497 1433 530 1459 ut
550 1427 602 1460 tali
619 1427 666 1460 via
679 1438 750 1460 cum
766 1428 804 1460 ad
819 1427 997 1471 prioratum
1019 1428 1143 1471 Capuae
1163 1439 1239 1472 pro-

497 1480 689 1520 movebitur,
713 1480 798 1513 dicta
819 1480 940 1523 Lingua
965 1481 1072 1514 ltaliae
1093 1491 1158 1514 non
1179 1481 1237 1514 de-

498 1533 859 1566 t'raudetursmutitione
869 1533 1004 1567 alicuius
1014 1534 1237 1574 commondae,

497 1597 673 1630 earumque
691 1598 770 1630 quas
790 1575 856 1630 ips‘e
875 1587 1036 1620 dimittere
1058 1587 1237 1627 tenebatur,

497 1647 526 1672 et
558 1651 640 1683 quae
661 1640 785 1672 sumtiri
807 1640 987 1677 debebant2
1012 1646 1041 1673 et
1069 1647 1238 1684 postquam

498 1694 676 1736 prioratum
710 1694 836 1737 Capuae
871 1692 1091 1738 consequutus
1122 1694 1213 1728 suerit
1231 1722 1237 1735 ,

498 1758 560 1780 non
584 1747 682 1791 possit
703 1758 759 1780 nec
781 1748 895 1781 debeat
918 1747 1007 1780 illum
1034 1749 1237 1789 renunciare,

497 1813 555 1835 nec
570 1802 608 1835 ‹le
629 1803 698 1835 eius
717 1802 961 1835 renum-ianuae
975 1808 1113 1836 tractare
1129 1803 1158 1835 in
1175 1808 1241 1837 toto

497 1856 542 1888 rel
559 1855 588 1888 in
605 1861 693 1899 parte
713 1856 752 1888 ad
775 1856 914 1889 savorem
936 1855 1083 1894 alienius,
1099 1862 1241 1900 praeter—

497 1919 593 1952 quam
619 1909 647 1941 in
669 1909 819 1942 inanibus
840 1909 914 1941 dieti
946 1910 1051 1952 magni
1075 1910 1238 1953 magistri,

497 1968 526 1994 et
547 1963 586 1994 ad
607 1962 827 1995 smutitionem
847 1962 989 1995 eiusdem
1017 1963 1157 2005 Linguae
1175 1965 1237 1997 lta-

498 2016 556 2048 tin«-
579 2016 608 2048 in
631 2018 769 2049 t'avorem
797 2016 892 2055 illius,
916 2017 970 2060 qui
991 2022 1066 2050 tunc
1088 2017 1241 2061 temporis

496 2070 534 2101 ad
554 2070 732 2113 prioratum
754 2072 879 2113 Capu-'m
897 2070 1080 2103 huiusmodi
1102 2071 1240 2105 antiani-

498 2129 593 2156 tatem
616 2130 645 2156 et
672 2124 718 2156 ius
740 2124 919 2167 quaesitum
948 2124 1084 2160 babeat:
1106 2135 1163 2157 ner
1185 2136 1242 2168 per

496 2188 528 2207 se
551 2176 675 2219 ipsum,
701 2186 804 2220 neque,
835 2187 892 2219 per
923 2177 1002 2209 alios
1032 2182 1167 2210 tractare
1188 2184 1239 2211 aut

497 2230 677 2262 mass-nure
710 2241 852 2273 unquam
886 2230 1021 2268 debeat,
1051 2241 1109 2263 nec
1139 2231 1242 2264 ‹lirtus

498 2283 656 2325 prioratus
670 2284 795 2327 Capuae
810 2290 878 2327 post
900 2284 1002 2327 ipsum
1025 2285 1119 2317 alicui
1134 2285 1238 2324 detur,

497 2349 551 2368 seu
574 2337 781 2380 provideatur
803 2337 832 2369 iu
856 2343 921 2369 toto
945 2338 989 2369 vel
1011 2338 1040 2370 in
1061 2344 1162 2381 parte,
1187 2340 1240 2371 secl

499 2402 570 2422 rum
593 2391 706 2423 vtt'mttu
731 2391 840 2427 libere.
865 2402 901 2423 ar
923 2391 1010 2423 «nuni
1034 2398 1158 2424 reiuoto
1179 2393 1239 2425 ob-

499 2444 641 2483 stac-ulo,
665 2444 704 2476 ad
726 2444 842 2477 dictam
872 2445 1024 2484 Linguam
1055 2445 1182 2483 ltaliae,
1207 2457 1242 2478 ar

499 2498 537 2528 :ul
565 2497 1044 2540 provisiolum!etc‹›ll.¹1tioneui
1067 2504 1243 2531 votiventus

501 2553 623 2589 redeat,
647 2551 705 2584 sub
728 2562 828 2595 poena
862 2552 948 2595 quot!
973 2552 1041 2595 ipso
1066 2553 1133 2585 iuri¹
1163 2564 1239 2585 cen-

500 2611 605 2636 seatur
628 2605 778 2648 privatus,
803 2612 830 2637 et
854 2606 1004 2637 rvi-inissa·
1019 2607 1058 2638 ab
1072 2606 1158 2638 otutti
1176 2606 1263 2642 itu-u.

501 2658 641 2689 viantum
665 2659 817 2700 prioratu·
841 2660 981 2701 Capuae,
1006 2660 1093 2690 vitiu-—
1119 2671 1242 2702 pus-'vs-

1084 254 1270 278 nULLAntmt
1286 253 1442 278 nomxmr

1273 302 1320 335 sio
1351 302 1504 342 debetur,
1527 302 1637 345 vigore
1668 302 1735 336 eius
1763 303 1957 337 antianitatis
1985 309 2017 337 et

1274 355 1353 389 iuris
1370 356 1507 400 quaesiti
1528 356 1704 397 admirato,
1732 357 1780 390 vel
1802 358 1944 399 antiano,
1961 364 2015 391 aut,

1275 408 1368 442 militi
1391 409 1435 442 illi
1457 409 1597 453 Linguae
1624 411 1747 452 Italiae,
1768 411 1808 445 ad
1827 422 1924 455 quem
1944 422 2016 455 spe-

1275 462 1373 495 ctabit
1399 469 1429 496 et
1460 463 1650 507 pertinebit3
1681 464 1783 508 sitque
1813 465 1916 498 dictus
1943 464 2017 497 Vin-

1275 516 1397 549 centius
1424 527 1461 550 eo
1493 528 1567 550 casu
1597 517 1692 551 etiam
1723 518 1864 562 privatus
1891 528 2017 551 camera

1275 569 1449 611 magistrali
1465 571 1502 603 de
1517 571 1676 611 Cv'ccz'ano,
1691 571 1734 604 ita
1747 577 1778 604 ut
1801 581 1935 614 magnus
1948 581 2016 604 ma-

1274 622 1372 664 gister
1392 628 1421 656 et
1447 629 1622 657 conventus
1642 624 1798 668 praedicti
1823 624 1929 658 statim
1950 623 2017 657 sine

1273 676 1335 709 alia
1363 678 1464 710 forma
1493 688 1681 721 processus·³
1707 684 1877 722 postquam
1899 678 1937 711 de
1958 677 2018 711 hac

1273 740 1307 762 re
1327 730 1358 763 in
1380 731 1495 764 effectu
1514 737 1686 765 tractatum
1712 732 1807 766 fuisse
1830 731 2016 765 authentice

1273 784 1464 825 eonstiterit,
1485 795 1600 818 novam
1623 786 1813 820 electionem
1834 785 1952 830 prioris
1963 786 2019 820 Ca-

1273 848 1356 881 puae
1377 838 1483 872 facere
1503 839 1637 882 possint,
1659 845 1690 872 et
1707 839 1775 884 ipse
1797 849 1932 882 magnus
1951 849 2019 872 ma-

1273 890 1371 932 gister
1382 892 1529 925 eamdem
1543 891 1709 925 Cameram
1725 892 1941 935 magistralem
1951 892 2019 926 Cic-

1274 944 1357 977 eiani
1378 945 1527 978 conferre
1554 945 1601 978 vel
1633 945 1693 979 sibi
1721 946 1861 979 retinere
1891 946 2015 986 valeat,

1275 996 1425 1041 idemque
1445 998 1631 1032 Vincentius
1652 1009 1689 1032 eo
1711 998 1780 1043 ipso
1798 998 2018 1032 excommuni-

1274 1050 1409 1084 cationis
1429 1051 1620 1085 sententiam
1640 1052 1841 1093 incurrat‚ac
1853 1057 2020 1096 praeterea

1275 1110 1444 1138 censeatur
1464 1105 1604 1147 graviter
1623 1116 1748 1139 errasse
1763 1133 1770 1146 ‚
1794 1116 1830 1138 ac
1850 1105 1967 1139 honori
1988 1111 2020 1138 et

1275 1157 1501 1191 existimationi
1517 1159 1665 1192 honorati
1679 1164 1709 1192 et
1722 1158 1882 1202 praeclari
1904 1158 2020 1202 equitis

1275 1211 1445 1253 derogasse
1483 1218 1514 1245 et
1551 1212 1788 1256 praeiudicasse
1803 1240 1810 1253 ‚
1846 1218 2015 1246 contrave-

1274 1264 1394 1298 niendo
1415 1266 1480 1299 suis
1500 1266 1706 1310 promissioni
1726 1265 1958 1300 etim-amento
1973 1266 2020 1299 in-

1275 1318 1462 1362 frascriptis,
1476 1324 1685 1363 teneaturque
1706 1320 1816 1363 onmia
1836 1319 2020 1364 supradicta

1275 1377 1305 1404 et
1328 1382 1365 1404 ea
1386 1365 1612 1406 concernentia
1632 1373 1794 1407 ratificare
1814 1379 1843 1407 et
1865 1383 2020 1406 renovare

1276 1425 1306 1457 in
1333 1425 1420 1458 omni
1446 1425 1508 1458 alia
1529 1426 1654 1459 meliori
1673 1432 1704 1459 et
1724 1426 1871 1460 validiori
1893 1426 2016 1464 forma,

1275 1485 1372 1522 prout
1391 1479 1430 1512 de
1451 1479 1520 1513 iure
1546 1485 1575 1512 et
1604 1480 1644 1513 de
1672 1481 1755 1514 facto
1782 1480 1852 1513 fieri
1874 1480 2015 1524 poterit,

1275 1533 1315 1570 ad
1330 1532 1485 1575 integram
1500 1539 1749 1577 procuratorum
1760 1534 1864 1567 dictae
1878 1534 2019 1577 Linguae

1275 1586 1383 1620 Italiae
1400 1587 1670 1624 satisfactionen12
1694 1588 1845 1631 quodque
1867 1587 1935 1631 ipsa
1954 1588 2016 1629 die,

1276 1650 1339 1683 qua
1368 1640 1399 1673 in
1431 1640 1572 1684 priorem
1605 1641 1729 1685 Capuae
1764 1641 1922 1684 eligetur,
1956 1651 2020 1674 non

1276 1699 1442 1738 expectato
1457 1695 1545 1738 lapsu
1567 1695 1721 1738 temporis
1742 1695 1909 1729 mortuarii
1924 1701 1954 1728 et
1967 1706 2020 1728 va-

1276 1747 1388 1787 cantis,
1404 1748 1510 1781 statim
1533 1754 1680 1782 teneatur
1699 1755 1729 1782 et
1749 1749 1910 1791 obligatus
1929 1749 1967 1782 sit
1981 1749 2019 1782 ad
2045 1790 2049 1792 ¹

1277 1801 1522 1844 depositandum
1546 1802 1576 1834 in
1598 1808 1756 1836 conventu
1783 1802 1857 1836 dicti
1879 1802 2020 1846 hospita-

1277 1855 1314 1887 lis
1336 1854 1366 1887 in
1386 1855 1533 1888 manibus
1552 1855 1785 1889 conservatoris
1803 1855 2021 1889 conventualis

1276 1918 1434 1941 summam
1458 1908 1544 1941 mille
1566 1914 1595 1941 et
1617 1909 1829 1943 ducentorum
1857 1914 2019 1942 scutorum

1276 1962 1343 1994 auri
1379 1962 1408 1995 in
1441 1973 1542 1999 auro.
1574 1963 1612 1995 :ul
1645 1963 1802 1996 rationem
1835 1969 2020 1997 tarenorum

1276 2016 1497 2059 quatordecim
1521 2027 1579 2060 pro
1600 2016 1728 2059 singulo
1749 2023 1851 2058 scuto,
1872 2027 1930 2060 pro
1944 2017 2021 2050 dua-

1277 2069 1335 2102 bus
1356 2069 1481 2102 annalis
1502 2070 1684 2114 anticipatis
1713 2071 1742 2103 in
1774 2071 2019 2104 subventionem

1276 2128 1305 2155 et
1335 2123 1541 2156 sublevmnen
1572 2124 1728 2166 albergii,
1757 2135 1792 2157 av
1827 2125 2020 2158 damnorum

1277 2182 1304 2209 et
1326 2176 1556 2220 impensarum,
1582 2188 1664 2220 quae
1685 2178 1833 2211 admirati
1856 2178 2022 2222 patiuntur

1279 2231 1308 2263 in
1334 2231 1588 2264 substentatione
1614 2237 1643 2264 et
1670 2232 1912 2265 manutentionc
1932 2228 2035 2265 eius-³

1277 2285 1348 2316 (lem
1371 2285 1524 2325 albergii,
1550 2292 1641 2328 prout
1667 2285 1732 2329 ipse
1753 2291 1866 2329 sponte.
1886 2285 2021 2327 singulis

1278 2339 1368 2372 aunis
1389 2350 1421 2371 sc
1449 2339 1621 2383 :anticipato
1643 2341 1824 2373 soluturum
1851 2340 1967 2373 obtulit
1987 2350 2021 2373 o-

1280 2392 1406 2425 mnibus
1427 2393 1593 2425 :ulmiratis
1625 2393 1762 2426 :mtianis
1792 2393 1879 2430 suis:
1900 2399 1931 2427 et
1955 2393 2021 2437 ipse

1278 2452 1485 2479 conservator
1510 2447 1731 2479 ronventualis
1749 2446 1883 2487 sing-ntis
1905 2446 2021 2479 utensi-

1279 2499 1337 2531 bus
1368 2500 1465 2532 solvet
1500 2500 1733 2543 quinquaginta
1764 2506 1853 2533 setila
1884 2500 1952 2533 auri
1991 2500 2020 2532 in

1279 2564 1357 2585 :uiro
1383 2565 1416 2585 ex
1441 2554 1501 2586 illis
1523 2554 1650 2587 millet-t
1671 2555 1818 2588 «lucentis
1838 2554 2018 2593 admirato,

1280 2607 1332 2650 qui
1360 2618 1418 2650 pro
1445 2613 1589 2650 tempore
1619 2608 1702 2645 erit,
1731 2608 1924 2652 anticipato,
1957 2607 2021 2640 sive

1280 2660 1347 2691 eius
1373 2661 1516 2700 legitimo
1546 2661 1765 2704 procuratori.
1793 2661 1821 2692 in
1849 2671 1922 2692 casu
1955 2661 2022 2693 rius

2031 254 2080 281 An.
2102 254 2129 281 C.
2150 255 2216 284 16(ss

2049 904 2114 926 Cam:
2130 911 2171 931 quo
2187 904 2218 925 ‹ti-

2033 935 2079 954 ctus
2095 931 2219 953 Vincentius

2033 959 2159 981 seutentiam
2188 958 2217 978 in·

2034 987 2100 1007 currit
2132 985 2219 1005 exeom-

2034 1012 2190 1034 munic-aionis.
