2253 3195
260 241 311 268 An.
329 241 356 268 C,
377 240 444 268 1600

293 568 390 593 Tempus.
406 571 447 592 quo

265 596 319 615 haec
334 594 447 614 obserua-

265 622 291 642 ὼ
303 622 403 642 declarat.

290 1206 392 1231 Eirinplts
401 1204 458 1225 credi

275 1233 340 1254 iubet.

489 230 552 264 598

460 299 532 323 rum
548 316 555 329 ‚
587 288 682 321 etiam
715 287 918 325 iuramento,
954 283 1202 318 confirmatione

460 341 646 386 apostolica,
664 340 710 372 rel
726 338 836 383 quavis
853 337 1005 371 firmitate
1025 337 1087 370 alia
1107 337 1203 370 robo-

461 395 536 428 ratis
556 393 680 427 statutis
707 398 735 425 et
768 391 1077 431 consuetudinibus,
1102 396 1205 423 caete-

461 449 569 492 risque
589 445 758 480 contrariis
776 445 1046 489 quibuscumque.

506 503 522 543 ξ
544 500 573 533 7.
598 499 755 532 Volumus
782 504 888 531 autem
917 504 947 531 et
972 497 1042 542 pari
1063 502 1151 530 motu
1177 503 1206 531 et

463 553 654 587 auctoritate
671 552 886 591 decernimus,
901 549 1003 594 utqui
1017 550 1048 583 in
1061 551 1207 584 Romana

463 607 557 641 Curia
569 611 641 639 sunt
655 611 851 650 praesentes,
867 604 965 648 lapsis
979 604 1104 637 duobus
1118 613 1207 636 men-

464 661 563 701 sibus,
580 659 635 703 qui
656 669 732 692 vero
753 658 837 691 intra
857 663 982 693 montes
1002 663 1086 698 octo,
1108 663 1137 690 et
1152 657 1207 700 qui

466 715 550 747 ultra
570 713 690 756 ubique
710 712 857 745 locorum
880 712 1012 754 degunt,
1037 710 1206 744 duodecim

466 768 591 809 integre
615 765 756 799 excursis
771 792 778 806 ,
807 765 853 798 rel
875 764 953 797 alias
972 763 1027 797 ubi
1048 763 1209 797 venalium

467 820 561 853 huius
572 818 823 853 Coeremonialis
843 817 1043 850 voluminum
1062 816 1209 849 notitiam

468 880 498 907 et
518 874 701 907 facultatem
722 871 904 912 habuerint,
921 881 1028 904 sacras
1046 880 1211 903 coeremo-

469 928 537 960 nias
551 932 582 960 et
594 927 673 959 ritus
694 926 725 958 in
746 926 860 959 eodem
872 923 1105 957 Coerernoniali
1119 934 1212 968 prae-

469 981 616 1025 scriptos,
634 980 720 1013 iuxta
740 979 824 1012 illius
845 979 976 1012 modum
999 983 1028 1011 et
1049 988 1209 1019 normam,

471 1035 502 1067 in
520 1034 779 1077 quibuscumque
800 1032 923 1066 actibus
944 1042 1092 1065 exercere
1110 1037 1140 1065 et
1158 1031 1214 1065 ob-

472 1098 600 1121 servare
621 1093 800 1120 teneantur.

519 1143 534 1183 ξ
555 1140 586 1174 8.
614 1141 758 1184 Ipsarum
780 1146 887 1173 autem
909 1139 1088 1172 litterarum
1110 1150 1215 1172 exem-

474 1195 528 1239 pla
548 1205 646 1227 manu
666 1193 781 1227 notarii
808 1193 946 1238 publici,
970 1199 1001 1226 et
1025 1193 1129 1236 sigillo
1160 1193 1216 1226 ali-

476 1249 567 1283 cuius
586 1258 744 1292 personae
765 1247 797 1280 in
825 1247 977 1289 dignitate
1004 1246 1217 1280 ecclesiastica

477 1302 680 1342 constitutae,
708 1307 761 1334 aut
784 1301 868 1334 illius
893 1301 1001 1334 curiae
1028 1301 1213 1343 obsignata,

476 1357 525 1389 rel
546 1356 577 1388 in
598 1356 673 1399 ipsis
698 1355 915 1389 voluminibus
935 1355 1056 1399 absque
1084 1355 1215 1399 praedi-

479 1416 528 1443 cto
546 1410 591 1442 vel
611 1409 673 1442 alio
691 1410 844 1453 quopiam
866 1409 1074 1450 adminiculo,
1099 1409 1218 1442 Romae

480 1460 654 1507 impressa,
678 1473 747 1496 eam
770 1463 890 1507 ubique
915 1463 1060 1497 locorum
1086 1468 1117 1496 et
1136 1474 1216 1506 gen-

480 1516 558 1549 tium
580 1516 675 1549 sidem
699 1516 826 1557 saciant,
850 1527 947 1560 quam
965 1522 1148 1560 praesentes
1175 1516 1220 1550 sa-

481 1575 600 1610 norem,
624 1570 648 1602 si
667 1576 771 1603 essent
791 1570 949 1604 exhibitae
970 1571 1017 1603 vel
1039 1576 1194 1604 ostensae.

525 1625 638 1658 Datum
660 1625 780 1658 Romae
801 1625 886 1669 apud
914 1624 1067 1658 Sanctum
1092 1625 1221 1658 Petrum

483 1678 541 1710 ¹<ub
562 1678 682 1711 annulo
703 1677 884 1717 piscatoris,
909 1677 959 1711 die
981 1677 1223 1720 decimaquarta

484 1731 552 1764 iulii
573 1742 647 1771 nnc,
672 1731 876 1775 pontificatus
897 1731 997 1764 nostri
1018 1741 1102 1764 anno
1123 1741 1219 1765 nono.

523 1794 578 1820 Dat.
601 1793 644 1820 die
666 1794 697 1821 tt
718 1793 785 1820 iunii
810 1793 887 1827 1600,
908 1793 1004 1829 pontif.
1022 1801 1065 1820 an.
1083 1799 1117 1820 tx⁴

778 2070 937 2103 CCXXXV.

494 2181 661 2214 Institutio
685 2181 822 2212 (luorum
850 2180 1068 2212 novitiatuttm
1092 2180 1124 2212 in
1146 2179 1231 2211 ‹luo-

537 2245 593 2276 tius
614 2243 820 2276 conventibus
838 2244 995 2276 Fratrum
1015 2243 1230 2276 Eremt'tarum

537 2307 641 2338 sancti
656 2306 849 2348 Hieronymi
863 2306 1128 2349 llonyreyatz'onis
1143 2306 1235 2338 licata·

543 2369 631 2401 Petri
652 2368 689 2399 ‹tt‘
712 2369 809 2408 Pisis,
826 2379 896 2400 cum
913 2368 1043 2400 licentia
1059 2367 1236 2411 recipienda·

543 2431 699 2463 rrm'rntes
713 2430 756 2462 ml
772 2430 923 2463 Ordinem
935 2443 943 2466 ,·
963 2434 991 2462 ct
1009 2430 1152 2462 ambitus
1163 2440 1235 2473 pro-

543 2494 758 2528 laitu'tt'o‚1·um
783 2503 963 2535 paenarum
990 2492 1194 2536 impositione
1214 2491 1232 2523 ¹.

539 2603 545 2626 l
572 2601 673 2627 ‚xtuntv
690 2602 737 2627 lm(-
755 2602 966 2636 congregatione
987 2600 1040 2627 ild.
1061 2601 1086 2626 iu
1105 2603 1190 2626 toust.
1207 2606 1237 2625 xv

503 2646 611 2680 [ug-mii
633 2647 663 2672 tv
703 2647 846 2676 Prot-snit,
869 2650 931 2673 ῑυιιι.
955 2654 978 2677 v,
998 2654 1057 2680 pag.
1079 2645 1121 2671 120.

1032 236 1215 261 BULLARIL'M
1236 236 1386 260 ROMANUM

1220 360 1223 405 t
1238 355 1363 383 Dilectis
1384 354 1455 382 filiis
1472 353 1620 382 Bernardo
1631 353 1803 385 Veronensi,
1819 353 1910 386 priori
1929 361 1978 388 qo-

1995 232 2042 258 An.
2061 232 2088 257 C.
2110 231 2175 260 1500

1416 281 1571 325 Clemens
1592 281 1685 322 Papa
1705 280 1786 310 VIII

1273 408 1379 440 nerali.
1392 411 1423 435 et
1435 407 1561 434 Antonio
1573 405 1755 434 Veneruccto
1772 405 1978 438 Urbinatensi,

1275 462 1388 490 vicario
1409 461 1555 496 generali,
1577 459 1696 488 Ordinis
1720 460 1887 493 Pauperum
1910 460 1978 486 Ere-

1276 515 1416 543 mitarum
1428 514 1530 542 Sancti
1541 512 1724 548 Hieronymi,
1740 511 1981 548 eonqreqationis

1276 569 1306 596 B.
1328 568 1409 596 Petri
1430 569 1464 595 de
1484 567 1572 595 Pisis.

1287 651 1303 692 ξ
1328 649 1354 681 1.
1368 648 1496 682 Ordinis
1509 648 1603 682 vestri
1617 647 1852 681 conservationi
1867 652 1897 680 et
1909 657 1983 691 pro-

1244 702 1417 746 pagationi,
1442 707 1598 746 quantum
1620 711 1692 734 cum
1713 700 1850 734 Domino
1869 710 1983 745 possu-

1244 768 1326 797 mus,
1340 756 1525 801 prospicere
1539 755 1717 799 cupientes,
1734 760 1824 788 motu
1836 753 1982 799 proprio,

1245 817 1275 844 et
1299 821 1336 844 ex
1355 815 1463 843 nostra
1488 809 1635 849 scientia,
1656 809 1761 853 deque
1791 808 1987 852 apostolicae

1245 863 1411 908 potestatis
1431 862 1643 907 plenitudine,
1664 862 1696 894 in
1714 867 1873 895 conventu
1886 862 1916 895 S.
1933 861 1987 895 Se-

1246 917 1381 952 bastiani
1393 916 1609 956 Venetiarum‚
1622 915 1678 949 ubi
1696 915 1825 958 triginta
1845 915 1988 959 quinque

1248 973 1372 1011 fratres,
1397 969 1638 1014 comprehensis
1659 969 1830 1003 duodecim
1848 968 1986 1009 novitiis,

1249 1027 1287 1060 de
1313 1025 1432 1058 familia
1461 1034 1592 1057 manere
1613 1023 1780 1063 volumus3
1804 1033 1840 1056 ae
1861 1022 1894 1055 in
1914 1032 1989 1056 con-

1250 1085 1344 1113 ventu
1361 1079 1390 1113 S.
1405 1078 1521 1111 Mariae
1540 1077 1721 1111 Gratiarum
1742 1076 1991 1121 Neapolitanen-

1250 1133 1310 1174 sis,
1331 1132 1385 1166 ubi
1417 1131 1652 1176 quinquaginta
1678 1131 1791 1163 fratres
1805 1157 1812 1171 ‚
1836 1140 1987 1174 compre-

1251 1187 1357 1220 hensis
1383 1185 1542 1219 sexdecim
1567 1184 1712 1224 novitiis,
1743 1184 1782 1217 de
1807 1183 1927 1216 familia
1947 1184 1990 1217 si-

1253 1240 1370 1273 militer
1391 1249 1522 1272 manere
1534 1238 1694 1278 volumus,
1711 1237 1882 1270 novitiatus
1897 1237 1991 1270 vestri

1251 1293 1378 1327 Ordinis
1410 1291 1567 1336 praedicti
1598 1290 1787 1324 auctoritate
1816 1290 1992 1334 apostolica

1254 1354 1364 1381 tenore
1394 1345 1633 1390 praesentium,
1657 1344 1809 1387 erigimus
1840 1349 1871 1378 et
1899 1343 1990 1377 insti-

1255 1401 1383 1435 tuimus.

1299 1454 1313 1498 ᾗ
1333 1453 1365 1486 ⁶2.
1389 1453 1550 1496 Vobisque
1570 1458 1602 1485 ut
1625 1452 1657 1484 in
1678 1452 1783 1496 primo
1796 1451 1924 1486 dictos.
1941 1451 1995 1486 Se·
2026 1462 2126 1493 ‚uequu-
2140 1461 2194 1493 39⁰¹·

1256 1507 1390 1542 bastiani
1416 1506 1586 1541 duodecim
1603 1533 1610 1546 ,
1634 1511 1665 1538 et
1690 1505 1722 1538 in
1747 1505 1888 1539 secundo
1909 1505 1995 1539 dicto
2009 1490 2194 1516 ⁹¹⁰⁰⁰¹¹¹⁰v¹²'⁰'‘

1256 1561 1464 1596 conventibus
1484 1561 1514 1594 S.
1538 1559 1654 1593 Mariae
1673 1559 1854 1593 Gratiarum
1878 1559 1992 1592 sexde-

1256 1617 1317 1650 cim
1329 1615 1475 1655 novitios‚
1486 1614 1540 1658 qui
1551 1613 1719 1657 qualitates
1730 1612 1898 1656 requisitas
1911 1612 1997 1646 iuxta

1257 1668 1519 1703 constitutionem
1532 1672 1675 1700 nostram
1696 1676 1792 1710 super
1813 1665 1997 1710 receptione

1258 1723 1452 1756 novitiorum
1485 1731 1588 1764 nuper
1621 1720 1740 1754 editam
1772 1720 1911 1753 habeant
1925 1747 1932 1761 ,
1961 1730 1998 1753 ac

1258 1776 1422 1811 servatam
1436 1775 1586 1809 omnibus
1595 1780 1623 1808 et
1633 1774 1918 1818 peromniadictae
1928 1783 2000 1807 con-

1260 1829 1432 1864 stitutionis
1453 1830 1564 1867 forma,
1580 1828 1620 1861 ad
1640 1827 1786 1860 habitum
1807 1837 1865 1870 per
1885 1827 2000 1860 fratres

1261 1883 1353 1918 vestri
1378 1882 1506 1916 Ordinis
1535 1881 1649 1924 gestari
1680 1880 1808 1914 solitum
1841 1879 1997 1924 recipere,

1263 1938 1303 1971 ita
1329 1944 1435 1969 tamen
1457 1941 1491 1969 ut
1511 1934 1641 1978 aliquod
1666 1934 1792 1977 signum
1813 1944 1830 1966 a
1851 1933 2001 1977 professis

1262 1989 1445 2023 distinctum
1468 1988 1553 2020 iuxta
1574 1987 1818 2031 dispositionem
1836 1985 1933 2020 vestri
1950 1996 2001 2019 ca-

1264 2043 1353 2088 pituli
1378 2042 1536 2085 generalis
1555 2047 1685 2084 gerant·.
1707 2046 1737 2073 et
1757 2040 1889 2080 deinde,
1913 2040 2001 2084 lapso

1265 2096 1464 2142 probationis
1495 2105 1594 2135 anno,
1624 2095 1664 2127 ad
1684 2094 1916 2138 professionem
1945 2104 2003 2137 per

1266 2152 1394 2185 eosdem
1415 2151 1527 2183 tratres
1547 2148 1646 2181 emitti
1669 2152 1854 2181 consuetam
1878 2146 2003 2189 regula-

1267 2216 1346 2241 rem.
1368 2203 1537 2237 admittere
1557 2202 1658 2235 libere
1679 2206 1709 2234 ct
1728 2200 1813 2233 licite
1834 2200 1961 2244 possitis
1973 2206 2001 2234 et

1268 2259 1406 2298 valeatis,
1431 2256 1620 2290 auctoritate
1641 2253 1827 2298 apostolica,
1845 2259 1875 2286 et
1895 2259 2003 2287 tenore

1270 2312 1451 2357 prin-filictis,
1475 2309 1636 2343 licentiam
1658 2314 1686 2341 et
1715 2308 1896 2342 facultatem
1923 2317 2002 2341 con-

1270 2366 1413 2399 cedimus
1438 2371 1467 2397 οι
1489 2363 1702 2406 impertimur.

1316 2426 1331 2461 ᾗ
1353 2420 1382 2451 3.
1405 2419 1472 2451 Non
1491 2417 1636 2450 obst-anu.¹
1658 2415 1875 2459 prohibitione
1899 2420 2007 2448 nostra

1272 2472 1441 2505 norissiuw
1469 2472 1569 2508 sarta,
1600 2468 1946 2511 vonstitutionitmsqne
1978 2472 2008 2500 ct

1272 2524 1531 2558 ordinationilms
1573 2521 1778 2566 apostolicis·v
1813 2519 2007 2563 caeterisque

1273 2578 1442 2613 contrariis
1463 2577 1731 2621 qnilmsrnmque.

1318 2634 1428 2666 [tatum
1460 2632 1578 2664 llonme
1609 2629 1693 2672 apud
1722 2629 1751 2662 S.
1777 2628 1926 2662 l’etrum.
1950 2626 2008 2659 sub

2014 665 2132 695 *institutio
2145 671 2181 686 no-

2000 694 2118 713 vittatuum.

2044 2417 2156 2439 thmitn
2170 2415 2205 2438 ‹to-
2228 2416 2229 2421 ¹

2023 2444 2152 2472 rogum-in.
