2253 3195
219 219 273 247 An.
290 218 320 247 C.
336 219 406 247 1596

245 860 274 881 De
284 859 401 880 canonibus

217 887 274 907 Trul.
291 886 386 907 Contitn.

245 1335 399 1366 Erclc-inslit'ls

214 1369 316 1391 persono-z

224 1946 226 1948 v
246 1918 308 1939 unni·
330 1919 397 1939 ecrtc-

211 1950 296 1966 uarum<

233 2393 343 2419 Retiwmc
358 2399 392 2414 ra·

209 2421 295 2441 {honr-a.

450 209 515 244 312

418 268 525 311 signes
546 269 749 302 educandum
768 267 915 312 personis
935 278 1009 301 vere
1034 274 1065 301 et
1095 268 1160 301 sin-

419 333 490 356 cere
522 321 706 361 catholicis,
731 332 814 365 quae
842 331 917 355 eum
936 321 980 354 'in
1004 321 1162 355 catholica

417 375 574 418 religione
595 381 627 408 et
646 374 820 407 christiana
838 375 956 418 pietate
985 375 1157 408 enutriant.

418 428 453 461 Et
475 428 670 461 concordata
690 438 763 461 cum
777 428 858 461 Sede
871 427 1055 472 Apostolica
1068 428 1158 468 inita,

418 487 482 514 tam
503 481 535 512 in
560 480 799 524 provisionibus
818 486 849 514 et
868 481 1157 521 nominationibus,

418 544 514 577 quam
534 533 567 566 in
587 534 739 567 omnibus
759 533 829 567 aliis
846 533 971 577 integre
991 545 1107 575 serves,
1131 540 1162 567 et

418 587 472 619 illa
491 587 676 620 nullatenus
688 588 833 621 excedas.
849 588 894 620 Ac
910 587 1074 620 neminem
1086 587 1162 620 hae-
1178 599 1181 609 ·

417 639 568 680 reticum,
593 645 647 672 aut
673 640 713 673 de
737 640 862 674 haeresi
889 646 1073 684 suspectum
1101 651 1161 674 no-

417 692 520 726 mines
539 693 580 726 ad
593 693 826 738 episcopatum,
841 694 986 728 abbatias
1006 699 1037 728 et
1057 705 1094 727 ea
1106 694 1162 728 be-

416 745 542 786 neficia,
566 746 606 778 ad
624 757 706 790 quae
726 747 775 780 ius
794 747 984 780 nominandi
1004 747 1113 781 habes.

461 800 505 832 Ac
523 798 653 839 efficias,
677 805 711 833 ut
729 811 854 834 sacrum
873 802 1024 843 generale
1043 801 1158 835 Conci-

417 852 495 885 lium
527 853 751 886 Tridentinum
773 854 806 886 in
826 864 928 896 regno
953 855 1106 888 Franciae
1132 860 1162 887 et

416 906 481 939 suis
501 906 654 940 dominiis
673 907 858 950 publicetur
878 914 909 942 et
928 908 1118 941 observetur
1128 908 1161 941 in

416 959 584 999 omnibus;
607 959 646 993 iis
666 965 790 993 tantum
811 960 952 1004 exceptis
964 961 1018 1004 (ad
1031 966 1160 994 tuorum

414 1018 666 1056 procuratorum
690 1014 932 1057 praedictorum
952 1014 1161 1058 supplicatio-

414 1076 489 1099 nem
503 1072 534 1100 et
546 1066 809 1100 instantissimam
823 1067 1026 1110 petitionem)
1039 1065 1159 1111 siquae

415 1118 497 1152 sorte
517 1119 684 1160 adessent,
716 1131 798 1164 quae
821 1131 950 1161 revera,
973 1120 1042 1153 sine
1069 1121 1159 1164 regni

417 1172 656 1215 tranquillitatis
680 1173 935 1216 perturbatione,
952 1174 1159 1218 exequutioni

416 1225 605 1259 demandari
630 1236 695 1260 non
712 1226 846 1270 possint.

459 1279 592 1323 Insuper
612 1285 646 1313 ut
665 1279 814 1313 ordinem
827 1280 1088 1321 ecclesiasticum,
1100 1282 1159 1315 sub

411 1332 546 1376 speciali
578 1333 861 1367 commendatione
896 1340 927 1367 ct
958 1335 1159 1378 protectione

414 1386 554 1427 habeas,
583 1398 620 1420 ac
650 1397 804 1431 personas
835 1388 1065 1421 ecclesiasticas
1095 1394 1157 1421 tarn

413 1440 596 1473 saeculares
621 1451 718 1484 quam
750 1441 936 1483 regulares,
959 1441 999 1474 ab
1020 1441 1079 1481 iis,
1103 1443 1156 1486 qui

412 1493 553 1535 gladium
577 1499 722 1537 portant,
747 1500 801 1527 aut
827 1494 867 1527 ab
895 1494 968 1528 ullis
999 1495 1069 1528 aliis
1094 1505 1154 1539 op-

410 1546 520 1590 primi,
542 1552 596 1580 aut
617 1547 743 1587 vexari,
766 1547 814 1580 vel
835 1557 947 1580 eorum
970 1548 1054 1581 bona
1074 1549 1157 1582 deti-

412 1599 481 1632 neri
502 1610 566 1632 non
589 1599 741 1643 patiaris,
762 1599 817 1633 sed
842 1600 867 1632 si
889 1611 972 1644 quae
1002 1607 1157 1646 occupata

412 1652 541 1693 suerint,
565 1663 602 1686 ea
626 1653 868 1697 quamprimum
890 1664 948 1697 per
972 1655 1156 1688 universum

412 1705 565 1738 Franciae
590 1716 743 1747 regnunt,
764 1706 961 1750 ubicumque
988 1707 1047 1741 sita
1071 1708 1153 1748 siut,

411 1759 480 1792 sine
502 1759 566 1792 ulla
587 1759 650 1793 litis
670 1765 725 1793 aut
746 1771 914 1804 processus
935 1762 1049 1797 forma.
1068 1762 1157 1796 resti-

415 1811 459 1844 tui
480 1812 588 1844 facias.

456 1865 695 1898 lnscudationes
721 1876 851 1910 quoque
876 1866 913 1900 ct'
934 1867 1157 1902 concessiones

412 1928 645 1962 quascumque,
680 1919 719 1952 dc
750 1919 1011 1964 quibuscumque
1043 1921 1153 1963 terris,

411 1971 534 2010 castris,
558 1971 636 2005 locis
661 1977 691 2005 ct
711 1972 815 2013 bonis,
838 1974 877 2006 ad
898 1974 1059 2013 ecclesias,
1081 1985 1152 2008 mo-

411 2024 552 2057 nasteria
573 2030 603 2057 et
621 2024 674 2068 pia
695 2025 764 2059 loca
782 2037 1007 2070 quaecumque
1021 2037 1156 2071 quomo-

410 2077 531 2111 dolibet
561 2078 798 2121 spectantibus,
822 2079 846 2112 si
880 2091 961 2123 quac
991 2090 1008 2112 a
1040 2086 1068 2113 tc
1099 2092 1154 2114 seu

411 2130 472 2163 tuis
493 2132 676 2175 praest-ctis,
697 2132 980 2173 gubernatoribus,
991 2134 1037 2166 vel
1059 2134 1154 2167 mini-

408 2184 492 2223 stris,
513 2185 551 2218 ad
574 2185 727 2225 savorem,
744 2186 808 2219 sive
830 2186 1075 2227 catliolicmann,
1090 2188 1154 2221 sire

410 2237 647 2271 haereticorum
682 2240 762 2272 sacta
793 2239 927 2278 fuerint,
964 2251 1092 2274 revoces
1124 2248 1154 2275 et

409 2290 566 2323 annullcs.

453 2343 566 2377 vorbis
590 2351 618 2377 ct
647 2345 738 2378 sactis
765 2345 860 2379 ctiam
890 2346 920 2379 in
949 2348 1153 2381 conserendis

407 2396 559 2435 aradibus
591 2398 700 2438 regin,
724 2399 874 2432 ostendas
899 2399 1074 2433 catholicos
1096 2401 1151 2434 tibi

407 2460 474 2481 csse
506 2449 704 2489 carissimos,
730 2451 809 2484 itaut
839 2462 952 2485 omncs
982 2453 1066 2485 clarc
1095 2457 1150 2486 οό-

406 2509 558 2540 cnon-:nn
591 2509 619 2535 te
648 2504 751 2547 ipsun]
781 2516 958 2549 perctipere
986 2511 1016 2538 til
1054 2506 1147 2538 unica

1001 219 1187 245 BULLARIUM
1206 217 1360 244 ROMANUM

1196 268 1311 301 eodem
1339 268 1492 301 Franciae
1516 278 1617 311 regno
1637 267 1694 310 sit,
1725 274 1756 303 et
1780 275 1938 314 perpetuo

1195 321 1300 364 vigeat
1316 326 1348 354 et
1370 327 1526 355 servetur.

1239 374 1379 417 Singulis
1399 375 1524 416 diebus,
1548 374 1693 417 legitimo
1717 381 1861 409 cessante
1880 375 1941 409 im-

1195 427 1404 470 pedimento,
1429 427 1544 461 recites
1575 438 1728 461 coronam
1753 429 1787 461 B.
1814 427 1853 461 M.
1877 428 1937 467 V.;
1975 432 1979 436 '

1196 487 1311 524 quarta
1324 491 1453 525 quaque
1466 481 1546 515 feria
1563 481 1705 522 litanias;
1728 481 1864 524 singulis
1875 481 1948 515 die-

1195 533 1255 567 bus
1283 534 1430 567 sabbathi
1454 535 1614 568 rosarium
1646 535 1790 568 eiusdem
1814 536 1848 569 B.
1871 535 1938 568 Ma-

1196 587 1278 628 riae,
1302 598 1400 631 quam
1429 598 1573 622 assumas
1608 598 1668 632 pro
1701 594 1754 622 tua
1784 588 1940 632 peculiari

1196 641 1349 674 advocata
1369 641 1402 674 in
1422 641 1532 675 coelis.

1239 694 1363 728 Ieiunia
1382 700 1413 728 et
1430 701 1557 728 caetera
1576 701 1750 739 praecepta
1767 694 1938 736 Ecclesiae,

1196 748 1368 788 observes;
1392 754 1423 782 et
1442 749 1554 782 saltem
1576 754 1690 792 quater
1708 749 1742 781 in
1762 759 1847 782 anno
1867 759 1942 792 pec-

1196 806 1266 834 cata
1286 806 1342 834 tua
1356 801 1514 835 sacerdoti
1532 801 1649 835 idoneo
1665 801 1942 834 sacramentaliter

1195 855 1390 896 confitearis,
1413 860 1445 888 et
1461 854 1590 899 publice
1609 855 1843 888 sanctissimam
1862 865 1939 898 per-

1195 907 1295 952 cipias
1307 908 1554 942 Eucharistiam.
1567 908 1706 951 Singulis
1725 908 1803 942 item
1825 908 1940 942 diebus

1195 971 1320 994 sacram
1341 961 1470 994 missam
1485 989 1492 1001 ,
1516 971 1608 994 more
1628 972 1741 1004 regum
1763 967 1794 995 et
1813 961 1937 1005 prinei-

1194 1025 1273 1057 pum
1303 1014 1553 1054 catholicorum,
1582 1015 1696 1048 devote
1727 1014 1850 1048 audias.
1873 1015 1939 1048 Do-

1196 1067 1322 1101 minicis
1342 1078 1417 1101 vero
1437 1073 1469 1101 et
1488 1067 1710 1101 sestis‘diebus
1729 1069 1888 1111 (cessante
1900 1067 1942 1101 si-

1189 1121 1315 1156 militer
1344 1121 1488 1164 legitimo
1519 1121 1777 1165 impedimento)
1811 1121 1940 1157 intersis

1195 1174 1310 1208 missae
1331 1174 1556 1215 conventuali,
1580 1175 1628 1208 vel
1653 1174 1812 1215 solemni,
1836 1174 1868 1207 in
1889 1185 1941 1208 ec-

1195 1228 1290 1262 clesia
1309 1228 1357 1262 vel
1378 1228 1501 1272 capella
1524 1228 1624 1271 regia,
1648 1233 1747 1272 prout
1772 1227 1826 1260 alii
1855 1227 1941 1261 chri-

1193 1281 1378 1315 stianissimi
1392 1286 1423 1314 et.
1438 1281 1588 1315 catholici
1601 1291 1693 1323 reges
1704 1285 1941 1314 consueverunt

1194 1335 1310 1368 facere.

1237 1389 1282 1422 Ae
1306 1394 1475 1432 praeterea
1493 1387 1644 1422 aedifices
1658 1414 1666 1428 ‚
1689 1398 1746 1421 seu
1774 1386 1938 1421 aedificari

1193 1441 1290 1474 facias
1310 1441 1342 1474 in
1363 1441 1498 1483 singulis
1517 1440 1692 1484 provinciis
1716 1439 1807 1483 regni
1833 1440 1935 1473 Fran-

1192 1494 1259 1528 ciae
1276 1500 1307 1528 ct
1326 1494 1509 1539 principatu
1535 1493 1670 1535 Bearni,
1696 1503 1796 1527 unum
1819 1503 1939 1527 mona-

1191 1547 1325 1581 sterium
1346 1548 1503 1588 virorum,
1531 1548 1580 1581 vel
1601 1546 1774 1581 mulierum
1800 1546 1935 1590 religio-

1191 1601 1240 1634 nis
1265 1601 1466 1635 Monasticae‘
1482 1602 1531 1635 vel
1552 1601 1800 1635 Mendicantium
1824 1611 1861 1634 ex
1879 1611 1934 1634 re-

1191 1654 1367 1697 ligionibus
1383 1654 1577 1688 reformatis.

1235 1708 1379 1752 Itemque
1399 1702 1587 1742 ratificcs'et
1603 1708 1763 1752 approbes
1776 1707 1938 1741 sufficien-

1192 1767 1240 1795 ter
1260 1767 1290 1795 ct
1313 1761 1455 1804 legitime
1470 1789 1477 1802 ‚
1501 1768 1532 1795 et
1555 1762 1676 1806 absque
1696 1761 1758 1795 alia
1776 1761 1934 1805 interpel-

1191 1814 1322 1854 latione,
1343 1814 1376 1847 in
1395 1814 1530 1848 Francia
1549 1814 1582 1847 in
1603 1813 1753 1847 manibus
1773 1813 1868 1856 legati
1888 1813 1936 1847 vel

1191 1867 1302 1900 nuncii
1323 1867 1423 1900 nostri
1454 1873 1485 1901 et
1507 1867 1642 1901 Sanctae
1662 1867 1752 1901 Sedis
1776 1866 1938 1910 Apostoli-

1191 1931 1247 1954 cae
1267 1931 1363 1965 quain
1384 1920 1537 1964 primum,
1563 1920 1605 1953 ibi
1626 1920 1732 1961 suerit,
1755 1919 1933 1953 abiuratio-

1191 1985 1264 2007 nem
1286 1980 1316 2007 et
1336 1975 1581 2008 detestationem
1603 1974 1774 2008 haeresum
1795 1979 1826 2008 et
1847 1983 1937 2008 erro-

1192 2039 1274 2068 rum,
1298 2039 1424 2061 necnon
1452 2029 1629 2062 catliolicae
1650 2028 1724 2062 fidei
1754 2028 1932 2073 professio-

1191 2092 1276 2121 nem,
1301 2092 1337 2114 ac
1365 2081 1474 2114 onmia
1499 2081 1561 2114 alia
1585 2087 1616 2115 et
1640 2080 1766 2124 singula
1787 2091 1845 2125 per
1865 2087 1936 2114 tuos

1189 2140 1416 2178 procuratores
1436 2134 1618 2179 praedictos
1640 2134 1671 2168 in
1691 2134 1851 2178 praesenti
1872 2144 1932 2168 ne-

1189 2188 1282 2228 got-io
1315 2190 1395 2221 sacta
1420 2194 1451 2221 ct
1483 2187 1661 2232 promissa,
1690 2199 1726 2221 ac
1752 2187 1935 2232 praesentia

1188 2247 1297 2275 nostra
1317 2242 1481 2281 mandata,¹
1503 2247 1533 2275 et
1552 2233 1766 2285 poenitentias
1785 2246 1934 2285 acceptes

1188 2301 1218 2328 et
1235 2295 1383 2339 recipias,
1408 2294 1723 2338 instrumentumque
1744 2294 1932 2328 ratificatio-

1187 2347 1246 2385 nis.
1269 2347 1308 2380 ad
1330 2358 1388 2380 nos
1408 2353 1439 2380 et
1461 2348 1492 2380 S.
1516 2347 1631 2381 Sctlem
1652 2340 1882 2391 Apostolicam‚
1899 2346 1932 2380 in

1187 2402 1287 2434 torma
1308 2400 1492 2434 anthentica
1521 2399 1716 2433 transmittas
1746 2406 1777 2434 ct
1803 2399 1933 2435 realiter

1185 2453 1376 2494 consignare
1402 2453 1510 2486 facias

1229 2507 1357 2539 Necnon
1372 2506 1411 2539 ad
1425 2506 1601 2540 catholicos
1619 2507 1782 2551 principes
1794 2507 1926 2548 scribas,
1944 2534 1975 2562 m,

408 2560 529 2587 tantum
552 2556 675 2595 religio,
703 2563 733 2590 ct
755 2558 808 2591 illa
827 2559 990 2592 Catholica
1010 2564 1038 2591 et
1062 2560 1146 2603 Apo·
1182 2557 1396 2600 significando
1417 2564 1448 2592 et.
1468 2559 1672 2601 gratulando.
1696 2559 1784 2603 quod
1805 2559 1836 2592 in
1857 2569 1930 2602 gra-

405 2606 516 2640 stolica
530 2608 684 2649 Itoniana,
701 2621 797 2653 quain
818 2622 903 2644 nunc
925 2611 1098 2655 profiteris,
1115 2610 1146 2645 in
1183 2610 1257 2644 tiam
1279 2613 1414 2646 Sanctae
1427 2612 1591 2647 Romanae
1601 2611 1762 2647 Ecclesiae
1781 2616 1929 2657 receptus

1955 207 2008 249 An'.
2025 221 2054 250 c.
2072 219 2175 252 1596*
2221 255 2225 267 1

1983 706 2078 731 Ieiuniis.
2090 712 2138 729 con-

1956 733 2048 754 sessione
2059 736 2081 754 et
2091 733 2141 756 mis·-

2003 1393 2124 1422 itouaeiegt·

1953 1421 2099 1444 aedificandis.
2135 1439 2138 1443 .

1987 1713 2138 1736 natm-:atione

1952 1741 2044 1761 omniurn
2077 1742 2135 1762 aelo-

1951 1773 1996 1788 rum
2010 1772 2049 1794 per
2061 1772 2136 1794 prom·

1951 1796 2040 1816 ratores.

1984 2507 2136 2532 Nonianum

1978 2535 2082 2563 netpihm.
