2253 3195
281 236 328 262 An.
349 235 377 262 C.
398 235 458 263 ¹60¹

310 1147 406 1168 tte-iitnit
423 1147 467 1167 tlte-

511 225 574 260 736

477 284 654 317 litterarum
677 283 826 322 formam,
849 283 972 315 solvere
999 292 1065 316 non
1085 293 1216 316 curave·

478 337 591 377 verint,
614 347 650 369 ac
666 341 839 379 propterea
859 346 877 368 a
895 335 964 368 iure
983 341 1174 379 patronatus
1187 341 1218 368 et

478 388 706 434 praesentandi
735 387 888 422 cecidisse
914 394 1128 430 censeantur,
1158 399 1218 432 pro

478 448 568 486 parte
589 442 663 475 dicti
681 441 844 485 Rodutphi
865 441 966 485 regis,
992 442 1024 474 in
1045 442 1220 486 imperato-

478 506 546 528 rem
568 495 670 534 electi,
691 495 746 538 qui
763 495 802 527 ad
823 494 984 535 effectum,
1009 501 1041 528 ut
1063 495 1220 539 iuspatro-

1064 235 1247 259 BULLARIUM
1267 215 1420 259 RostANUM

1251 282 1408 316 lutionem
1429 287 1461 316 et
1484 282 1739 326 praestationem
1767 282 1872 316 dietae
1892 282 1993 316 librae

1252 346 1345 369 cerae
1365 364 1372 376 ,
1416 335 1503 368 iuxta
1523 335 1718 368 voluntatem
1743 335 1833 368 Pauli
1860 336 1993 379 praede-

1252 388 1398 430 cessoris,
1408 399 1445 422 ae
1456 388 1591 421 sormam
1600 388 1783 422 litterarum
1794 387 1991 429 huiusmodi,

1253 447 1307 475 aut
1327 441 1404 475 alias
1425 441 1671 485 quomodolibet
1703 441 1918 482 incurrerunt,
1938 451 1995 474 seu

1254 495 1428 528 incurrisse
1450 495 1512 528 diei
1531 495 1579 528 vel
1599 494 1725 528 censeri
1745 500 1890 538 possunt,
1907 505 1944 527 ac
1964 494 1996 527 in

479 554 572 581 natus
599 547 787 581 huiusmodi
820 548 879 580 sibi
908 548 1042 592 eiusque
1074 548 1107 580 in
1135 548 1220 581 dicto
1254 548 1427 592 pristinum
1456 553 1487 581 et
1511 559 1607 588 eum,
1631 548 1663 580 in
1695 558 1760 591 quo
1781 547 1807 581 si
1827 547 1946 580 solutio
1964 551 1996 580 et

479 601 634 634 comitatu
656 600 770 634 suturis
791 601 985 634 haeredibus
1002 607 1033 634 et
1058 611 1222 634 successo·
1236 624 1239 632 i
1254 601 1427 645 praestatio
1448 601 1516 645 ipsa
1530 601 1639 634 debito
1661 607 1806 644 tempore
1830 600 1911 633 saeta
1921 600 1997 634 suis-

481 655 569 687 ribus
589 654 797 694 restituatur,
827 654 932 687 dictae
953 653 1105 688 Gamerae
1129 664 1222 697 prae·
1236 636 1240 671 '
1255 660 1312 695 set,
1334 655 1420 688 idem
1441 660 1569 695 statum,
1594 654 1626 686 in
1647 653 1798 687 omnibus
1818 659 1997 697 etperom-

480 708 598 740 dictam
624 707 740 740 libram
763 717 857 740 cerae
883 707 1050 740 annuatim
1072 706 1223 750 deinceps
1256 707 1320 748 nia,
1333 707 1401 740 sine
1412 712 1517 740 tamen
1538 706 1736 750 praeiudicio
1746 704 1993 746 dictiMatthiae,

480 761 603 794 solvere
628 766 759 804 paratus
779 760 899 798 existit,
923 760 1016 794 nobis
1041 760 1097 793 suit
1119 759 1361 806 humi-imant
1389 759 1517 793 collatio
1547 765 1578 793 et
1604 759 1745 803 provisio
1765 758 1826 792 sibi
1854 759 1894 792 de
1914 758 1998 792 dicta

481 815 553 847 liter
571 813 802 858 supplicatum,
819 819 978 858 quatenus
999 814 1067 847 eius
1088 824 1123 846 ae
1141 813 1220 846 hae-
1257 814 1493 858 praepositura,
1516 823 1575 857 per
1594 823 1664 853 nos,
1687 818 1724 845 ut
1743 812 1933 856 praefertur,
1953 811 1998 845 sa-

482 869 595 901 redum
616 873 644 901 et
665 877 887 900 successorum
910 867 1150 911 praedictorum
1177 866 1224 899 in-

483 921 649 955 demnitati
659 921 842 961 consulere,
859 931 895 953 ac
907 920 986 953 alias
1000 920 1031 953 in
1041 919 1224 964 praemissis

483 981 666 1019 opportune
686 974 856 1018 providere
877 975 916 1008 de
936 974 1135 1017 benignitate
1148 984 1225 1018 apo—

483 1029 596 1062 stolica
617 1028 837 1071 dignaremur.

528 1082 586 1124 54.
602 1082 664 1115 Nos
685 1081 782 1124 igitur
794 1081 994 1125 praedictum
1016 1080 1224 1124 Rodulphum

484 1146 604 1178 regem,
615 1135 646 1167 in
661 1135 889 1178 imperatorem
905 1135 1079 1175 electum,a
1093 1133 1225 1178 quibus-

483 1242 662 1282 interdicti‚
686 1241 822 1284 aliisque
849 1240 1074 1274 ecclesiasticis
1099 1245 1225 1273 senten-

484 1296 546 1336 tiis,
569 1295 713 1329 censuris
733 1300 764 1328 et
783 1294 895 1338 poenis
915 1305 933 1327 a
954 1294 1022 1327 iure
1044 1294 1090 1327 vel
1108 1294 1148 1326 ab
1169 1293 1226 1326 lio-

485 1349 581 1388 mine,
597 1348 708 1392 quavis
729 1347 898 1381 occasione
915 1347 964 1380 vel
982 1357 1078 1380 causa
1098 1347 1180 1387 latis,
1200 1347 1224 1380 si

485 1401 602 1445 quibus
626 1400 873 1445 quomodolibet
906 1400 1080 1433 innodatus
1106 1399 1222 1439 existit,

485 1456 526 1488 ad
537 1455 693 1501 *effectum
714 1455 934 1499 praesentium
958 1455 1123 1488 dumtaxat
1148 1464 1224 1487 eon-

484 1509 688 1552 sequendum
706 1535 712 1549 ,
736 1508 851 1541 harum
873 1508 954 1541 serie
975 1508 1176 1541 absolventes
1196 1514 1226 1541 et

485 1561 667 1595 absolutum
690 1562 756 1595 sore
774 1566 962 1601 censentes,
987 1572 1022 1594 ac
1046 1561 1224 1594 litterarum

485 1614 670 1648 huiusmodi
692 1614 786 1648 etiam
810 1613 949 1647 veriores
969 1624 1005 1647 ac
1032 1619 1114 1647 totos
1136 1620 1225 1647 teno-

486 1678 536 1701 res
557 1673 587 1700 et
607 1667 697 1700 datas
711 1694 718 1707 ,
747 1678 818 1700 eum
854 1667 929 1699 inde
948 1667 1104 1710 sequutis,
1129 1677 1223 1710 prae-

484 1720 628 1754 sentibus
652 1730 712 1764 pro
737 1719 894 1764 expressis
914 1719 1089 1758 hahentes,
1118 1719 1227 1752 buius-

486 1773 572 1806 modi
592 1772 883 1817 supplicationibus
914 1772 1082 1812 inclinati,
1107 1772 1226 1805 dietum

485 1826 696 1870 Rudulphum
719 1836 828 1868 regem
855 1825 885 1858 in
909 1825 1138 1869 imperatorem
1165 1825 1229 1858 ele-

485 1885 583 1918 ctum,
608 1889 643 1911 ac
655 1888 714 1922 pro
737 1877 881 1921 tempore
901 1877 1071 1911 existentes
1092 1877 1228 1911 comites

485 1932 611 1972 'l'irolis‚
635 1932 674 1965 ad
697 1932 935 1975 iuspatronatus
952 1936 978 1964 et
1002 1924 1227 1974 praesentandi

486 1985 580 2018 noletis
600 1990 630 2018 et
657 1983 897 2018 successoribus
930 1984 1047 2017 nostris
1078 1983 1229 2017 Romanis

487 2037 697 2070 Pontificibus
707 2047 877 2080 personam
901 2036 1049 2069 idoneam
1061 2037 1099 2069 ad
1111 2036 1228 2069 dictam

488 2090 756 2135 praeposituram,
768 2089 932 2134 praedicto
945 2089 1074 2122 Matthia
1087 2090 1230 2130 cedente,

488 2144 582 2177 etiam
603 2155 638 2178 ex
661 2154 757 2177 eausa
778 2142 1038 2187 permutationis,
1063 2143 1109 2175 vel
1131 2143 1227 2176 dece-

491 2198 598 2237 dente,
622 2203 675 2231 aut
697 2198 843 2231 eamdem
866 2196 1122 2241 praeposituram
1145 2206 1228 2239 quo-

490 2251 664 2284 modolibet
695 2250 875 2284 dimittente
897 2251 942 2283 vel
977 2250 1163 2287 amittente,
1196 2260 1231 2282 at:

490 2304 568 2337 alias
589 2304 716 2348 quoties
746 2304 856 2343 illam,
891 2304 1004 2347 quovis
1028 2303 1124 2336 modo
1146 2308 1173 2335 et
1196 2314 1231 2335 cx

489 2357 721 2401 ‹·uiuscum‹pie
740 2367 888 2401 persona,
905 2356 998 2390 ctiam
1014 2356 1098 2400 apud
1117 2356 1230 2388 Seduni

491 2410 687 2453 praedictam
710 2421 822 2443 vacare
852 2410 1063 2451 contingeret.
1090 2419 1147 2442 nec
1169 2419 1230 2441 non

491 2463 642 2495 :idi-visus
662 2463 849 2507 privationis
861 2462 1130 2495 ctannullationis
1141 2461 1228 2494 eius-

492 2516 562 2548 «Ινιιι
588 2515 855 2559 ἰιιι’ἰ.ψίπιι·οιπίιιιιε
877 2527 911 2548 ac
930 2515 1173 2559 piaesentandi,
1196 2525 1231 2546 ac

1259 872 1318 907 eta,
1333 877 1369 900 ac
1386 867 1511 900 litterae
1525 866 1664 909 desuper
1678 865 1843 898 consectae
1863 865 1909 898 vel
1922 874 1998 898 con-

1258 920 1438 959 ficiendae,
1472 930 1566 953 suum
1595 919 1729 952 omnino
1759 919 1936 953 sortiantur
1968 923 2000 952 ct

1258 974 1367 1008 sortiri
1385 973 1523 1007 debeant
1544 973 1714 1016 effectum)
1735 972 1916 1017 apostolica
1935 983 1995 1006 au-

1240 1059 1243 1073 ,
1259 1027 1418 1067 ctoritate,
1433 1033 1542 1060 tenore
1560 1025 1995 1070 praesentiumrestituimus,

1240 1078 1446 1124 {reponimus
1481 1090 1516 1112 ae
1555 1079 1698 1123 plenarie
1738 1079 1995 1121 1·eintegramus;

1240 1130 1409 1178 {ipsasque
1437 1144 1557 1177 poenas
1585 1144 1621 1167 ac
1647 1133 1824 1167 solutiones
1844 1138 1875 1166 et
1905 1142 1998 1176 prae—
2024 1127 2030 1135 ⁴

484 1189 528 1222 vis
561 1187 914 1227 excommunicationis,
944 1187 1164 1231 suspensionis
1195 1192 1243 1220 et⁴

1259 1187 1428 1220 stationem
1461 1186 1669 1228 huiusmodi,
1704 1186 1811 1230 quoad
1845 1185 1999 1220 terminos

1260 1240 1424 1280 decursos,
1453 1245 1484 1273 et
1500 1250 1564 1273 non
1586 1240 1710 1273 solutos
1730 1239 1870 1283 gratiose
1890 1238 2000 1272 remit-

1261 1294 1357 1327 timus
1377 1299 1408 1327 et
1428 1293 1661 1327 condonamus.
1676 1293 1713 1327 Et
1726 1292 1938 1326 nihilominus
1952 1292 2001 1326 ius

1260 1352 1449 1390 patronatus
1469 1352 1499 1380 et
1519 1346 1746 1390 praesentandi
1767 1346 1860 1380 nobis
1881 1351 1911 1379 et
1927 1356 2000 1380 suc-

1242 1400 1441 1435 1cess0nbus
1471 1399 1590 1433 nostris
1624 1399 1797 1443 praedictis
1828 1409 2000 1444 personam

1260 1451 1410 1487 idoneam
1429 1453 1469 1487 ad
1490 1453 1608 1487 dictam
1634 1452 1891 1497 praeposituram
1905 1453 2002 1496 (quo-

1262 1506 1318 1540 ties
1337 1517 1408 1540 eam
1430 1517 1542 1540 vacare
1563 1506 1746 1549 contigerit,
1762 1511 1797 1539 ut
1809 1503 2002 1550 praefertur,

1260 1570 1318 1604 per
1337 1559 1543 1604 Rodulphum
1565 1570 1690 1602 regem,
1712 1559 1743 1592 in
1773 1559 2000 1603 imperatorem

1261 1613 1411 1652 electum,
1433 1613 1566 1657 eiusque
1587 1613 1619 1645 in
1640 1612 1725 1646 dicto
1750 1612 1904 1646 comitatu
1924 1611 2000 1645 hae-

1261 1666 1352 1700 redes
1370 1671 1401 1699 et
1420 1676 1622 1700 successores
1637 1665 1829 1710 praedictos
1854 1670 2001 1709 tempore

1262 1719 1418 1762 legitimo,
1443 1719 1536 1752 nobis
1558 1719 1605 1752 vel
1626 1718 1866 1752 successoribus
1885 1717 2003 1752 nostris

1264 1831 1327 1859 tate
1347 1831 1379 1858 et
1400 1831 1510 1859 tenore
1531 1825 1727 1869 praemissis,
1752 1825 1782 1858 in
1811 1829 2003 1868 perpetuum

1263 1879 1302 1912 de
1323 1889 1405 1911 novo
1423 1888 1635 1917 reservamus,
1649 1877 1856 1911 concedimus
1876 1882 1908 1910 et
1927 1876 2006 1911 assi-

1263 1942 1410 1974 gnamus,
1428 1942 1463 1964 ac
1477 1931 1581 1964 eidem
1603 1930 1774 1975 Rodutpho
1795 1930 1873 1973 regi,
1895 1930 1926 1963 in
1947 1929 2006 1963 im-

1264 1990 1446 2028 peratorem
1473 1984 1587 2024 electo,
1616 1984 1703 2027 quod
1724 1983 1782 2027 ipsi
1801 1983 1841 2017 ad
1862 1992 2003 2027 praepo-

1264 2037 1396 2071 situram
1427 2036 1648 2081 praedictam,
1672 2037 1740 2070 eius
1762 2035 1927 2070 vacatione
1947 2045 2006 2080 pro

1267 2097 1411 2135 tempore
1432 2096 1635 2131 occurrente,
1657 2100 1829 2134 personam
1855 2089 2006 2123 idoneam

1266 2154 1322 2187 per
1336 2154 1394 2176 nos
1412 2150 1441 2177 et
1462 2153 1662 2177 successores
1682 2148 1809 2176 nostros
1826 2141 2008 2186 praedictos

1267 2197 1429 2229 dumtaxat
1452 2196 1694 2235 instituendam,
1719 2195 1812 2229 nobis
1831 2200 1862 2229 et
1881 2204 2007 2229 succes-

1266 2249 1392 2283 soribus
1414 2249 1598 2282 huiusmodi
1617 2252 1835 2293 praesentare,
1859 2247 1959 2282 libere
1971 2258 2009 2281 ac

1267 2302 1353 2335 licite
1379 2302 1513 2341 valeant,
1538 2302 1659 2335 eisdem
1682 2301 1750 2345 pari
1766 2299 1957 2334 auctoritate
1977 2305 2009 2333 et

1269 2362 1389 2395 tenore,
1414 2355 1452 2388 ‹le
1473 2355 1602 2398 speciali
1630 2354 1743 2395 gratia,
1766 2353 1980 2396 indulgemus.

1312 2411 1327 2449 5
1350 2409 1379 2441 ἴ»,
1406 2409 1558 2443 Volumus
1572 2414 1678 2442 autem
1701 2408 1788 2452 quod
1809 2407 1913 2441 dictus
1933 2406 2009 2441 Mat-

1268 2461 1359 2498 tliias.
1381 2461 1490 2504 vigore
1508 2461 1688 2494 collationis
1713 2460 1785 2500 sibi,
1813 2466 1847 2494 ut
1867 2460 2008 2504 praeser-

1247 2498 1250 2577 ²
1268 2520 1329 2552 tur,
1355 2515 1471 2553 sactae,
1497 2514 1729 2558 possessionem
1748 2513 1852 2547 dictae
1873 2522 2009 2557 praepo-

492 2579 711 2612 ·pmsrumqin·
732 2569 810 2602 alias
836 2579 965 2612 poenum,
990 2580 1081 2611 quas,
1099 2568 1140 2600 υΙ»
1167 2567 1630 2612 nou1situraeassequaturet
1651 2566 1803 2600 continue
1823 2564 2007 2609 gaudeatin

495 2623 608 2653 tae-tam
629 2623 779 2654 (hunt-rae
806 2621 987 2664 prwalivtac·
1008 2632 1148 2654 annunm
1178 2613 1250 2657 >so-ff

1268 2621 1421 2652 futurum.

1262 1772 1444 1817 praedictis,
1461 1771 1529 1806 fieri
1544 1772 1846 1816 praesentationes),
1863 1770 2003 1805 auctori·
2054 1786 2058 1794 r

2007 216 2063 261 tin]
2075 233 2104 261 c.
2118 232 2198 267 π-ν,

2036 2409 2070 2431 lu!
2083 2412 2096 2436 p
2119 2418 2121 2423 ·

2023 2435 2131 2463 proritat?
