2253 3195
283 281 335 310 Αη.
354 281 383 309 c.
401 281 470 310 1599
515 270 579 306 538

1067 280 1250 305 BULLARIUM
1269 280 1423 305 ROMANUM

484 330 629 375 personis
643 330 674 362 in
692 328 954 363 concessionibus
970 329 1041 362 Iulii
1062 335 1093 362 et
1111 329 1226 362 Leonis
1244 334 1245 369 t
1260 328 1307 371 gis
1338 329 1613 371 consanguineum
1642 335 1674 363 et
1702 329 1921 364 consiliarium
1939 359 1946 372 ,
1970 338 2003 365 et

484 383 725 428 comprehensis
739 411 746 423 ‚
770 389 801 416 et
820 393 878 427 per
897 394 950 417 eas
967 383 1087 416 vocatis
1108 383 1139 415 in
1161 383 1226 416 seu-
1243 371 1245 417 i
1260 383 1346 426 apud
1364 393 1422 416 nos
1435 389 1463 416 et
1478 383 1593 417 Sedem
1606 384 1823 428 Apostolicam
1838 391 2002 419 oratorem

484 438 559 471 dum
580 443 772 480 perpetuum
795 447 853 480 pro
873 437 968 469 solito
989 447 1097 469 annuo
1129 447 1227 469 censu

482 497 603 534 septem
626 490 712 522 mille
733 490 923 523 ducatorum
938 490 1008 523 auri
1029 490 1067 523 de
1081 489 1223 529 Camera,

482 544 620 577 etunius
631 543 791 587 parafreni
801 543 866 576 albi
875 543 1028 576 solvendo
1039 549 1068 576 et
1080 543 1139 576 sub
1151 553 1227 576 con-

483 597 669 636 ditionibus,
694 597 814 636 modis,
831 596 954 637 formis,
978 597 1223 637 adiectionibus,

482 650 763 693 promissionibus,
779 650 942 689 clausulis,
960 649 1103 689 cautelis,
1115 650 1227 682 volun-

483 703 602 736 tatibus
627 708 658 736 et
686 703 946 736 ordinationibus
971 703 1002 736 in
1023 703 1137 736 litteris
1156 702 1225 736 Iulii

484 761 515 790 et
535 757 742 790 concessione
763 756 876 789 Leonis
894 756 1063 796 contentis,
1076 766 1157 799 quae
1171 766 1228 799 per

483 810 631 843 eamdem
651 810 766 843 Sedem
786 810 920 843 remissa
933 820 997 842 non
1019 815 1224 853 apparerent,

483 864 632 897 similiter
649 864 817 903 concessit,
835 869 865 897 et
886 864 924 896 de
945 874 983 896 eo
1005 863 1100 896 etiam
1122 863 1226 906 ipsum

483 917 668 961 Philippum
705 927 814 959 regem
852 916 1021 949 investivit.
1056 916 1092 949 Et
1124 916 1228 949 dictus

483 970 650 1014 Philippus
689 981 746 1014 per
784 970 948 1014 quondam
987 969 1225 1003 Ferdinandum

483 1023 688 1057 Franciscum
710 1024 824 1057 Avalos
844 1024 883 1056 de
904 1023 1042 1066 Aquino,
1067 1023 1226 1056 marchio-

483 1088 556 1110 nem
571 1077 729 1110 Piscariae
745 1084 820 1110 tunc
841 1077 871 1109 in
891 1076 1041 1110 humanis
1063 1083 1223 1119 agentem⁷

484 1138 514 1165 et
529 1132 628 1175 ipsius
641 1132 778 1175 Philippi
800 1131 883 1174 regis
904 1132 988 1175 apud
1002 1131 1118 1164 lulium
1133 1141 1227 1174 prae-

484 1186 685 1219 decessorem
719 1191 749 1218 et
775 1185 889 1218 Sedem
922 1184 1121 1228 praedictam
1151 1195 1226 1229 pro-

485 1245 666 1272 curatorem
690 1239 879 1282 specialem,
904 1238 1141 1278 obedientiam,
1168 1238 1227 1271 ho-

486 1293 628 1335 magium
655 1299 685 1325 et
712 1293 928 1326 iuramentum
957 1292 1121 1325 fidelitatis
1149 1302 1227 1325 con-

485 1352 610 1379 suetum
636 1346 809 1390 praestitit,
833 1350 931 1389 prout
956 1345 987 1378 in
1009 1345 1108 1389 ipsius
1133 1345 1226 1378 etiam

486 1399 557 1432 lulii
580 1399 837 1443 praedecessoris
861 1398 975 1431 litteris
1000 1398 1125 1441 plenius
1146 1409 1225 1431 con-

487 1452 618 1485 tinetur.
643 1452 729 1491 Quae
750 1452 862 1485 omnia
884 1452 967 1485 idem
988 1452 1154 1496 Philippus
1175 1463 1227 1485 rex

485 1505 662 1539 successive
687 1516 744 1549 per
762 1505 884 1538 hullam
903 1515 993 1537 suam
1016 1515 1147 1538 auream
1168 1505 1227 1537 sub

485 1560 548 1592 dat.
582 1559 736 1593 Bruxellis
768 1569 853 1591 anno
881 1558 1007 1592 Domini
1039 1568 1146 1597 MDLV,
1176 1559 1227 1592 die

483 1613 587 1657 prima
608 1612 766 1652 octobris,
797 1622 893 1645 manu
925 1622 982 1645 sua
1013 1612 1225 1655 subscriptam

484 1667 696 1710 approbando
717 1672 747 1699 ct
767 1666 965 1709 acceptando
983 1666 1148 1699 consessus
1169 1665 1225 1699 suit

485 1727 515 1753 et
537 1720 733 1762 recognovit.

530 1775 546 1815 ξ
566 1773 596 1806 4.
618 1774 694 1807 Cum
713 1779 832 1813 autem,
856 1773 938 1806 sicut
958 1773 1022 1806 Deo
1040 1773 1172 1817 placuit,
1187 1773 1226 1805 ah

1261 442 1291 468 et
1311 443 1554 479 procuratorem
1581 443 1611 470 et
1641 437 1874 470 mandatarium
1907 449 2000 471 suum

1261 488 1432 532 specialem
1454 490 1583 531 fecerit,
1612 490 1814 523 constituerit
1842 497 1872 524 et
1900 491 2002 534 depu-

1261 542 1373 575 taverit
1393 542 1575 586 specialiter
1594 549 1625 576 et
1645 553 1791 587 expresse
1811 544 1850 576 ad
1872 554 1916 584 se,
1939 554 1999 576 no-

1263 594 1347 627 mine
1378 595 1534 638 praedicti
1571 595 1708 640 Philippi
1742 596 1848 638 regis,
1878 596 2004 640 quoties

1261 657 1341 691 opus
1369 649 1482 689 suerit,
1511 659 1620 682 coram
1652 649 1746 682 nobis
1778 649 1943 682 humiliter
1973 655 2004 683 et

1261 711 1334 733 cum
1356 701 1443 734 omni
1466 702 1645 736 reverentia
1668 703 1951 746 praesentandum,
1967 712 2004 735 ac

1262 764 1279 786 a
1300 754 1393 787 nobis
1414 755 1631 788 investituram
1654 756 1730 789 dicti
1756 756 1846 798 regni
1866 756 2001 789 humili-

1263 812 1310 839 ter
1329 809 1514 851 petendam,
1535 819 1672 853 eamque
1690 809 1932 853 acceptandam.
1947 819 2004 842 no-

1262 860 1309 893 bis
1330 861 1461 894 nomine
1491 862 1634 896 eiusdem
1666 863 1804 907 Philippi
1833 863 1917 905 regis
1944 874 2004 907 pro

1263 915 1426 958 praedicto
1458 926 1557 959 regno
1583 916 1711 950 Siciliae
1742 923 1773 950 et
1804 917 2004 950 Hierusalem

1262 978 1334 1000 cum
1350 973 1416 1001 tota
1429 975 1515 1002 terra
1525 969 1603 1003 citra
1616 970 1755 1003 Pharum
1775 969 1914 1003 debitam
1928 970 2005 1003 ohe-

1262 1022 1415 1056 dientiam
1449 1024 1688 1064 exhibendum,
1723 1034 1759 1057 ac
1788 1023 1950 1057 fidelitatis
1975 1029 2006 1057 et

1262 1075 1403 1119 homagii
1430 1077 1646 1110 iuramentum
1677 1077 1802 1110 ratione
1823 1077 1908 1110 feudi
1928 1077 2004 1111 dicti

1262 1130 1351 1172 regni
1373 1131 1601 1174 praestandum
1624 1131 1726 1175 (quod
1740 1131 1929 1175 requisitum
1950 1141 2006 1164 ne-

1262 1184 1436 1217 cessarium
1459 1190 1488 1217 et
1508 1190 1727 1229 opportunum
1750 1185 1831 1218 soret
1850 1195 1886 1217 ex
1907 1184 2006 1228 ipsius

1263 1237 1347 1269 feudi
1382 1243 1516 1278 natura,
1555 1243 1586 1271 et
1618 1237 1893 1281 quemadmodum
1926 1237 2005 1271 illud

1263 1291 1450 1333 praestitum
1465 1291 1596 1324 suerata
1609 1291 1757 1335 Philippo
1777 1291 1802 1324 ll
1825 1290 2002 1334 praedicto,

1262 1348 1357 1386 atque
1382 1344 1421 1376 ab
1453 1344 1523 1376 aliis
1552 1343 1856 1387 praedecessoribus
1887 1343 1952 1377 suis
1972 1343 2004 1376 in

1263 1396 1375 1428 eodem
1394 1407 1515 1438 regno,
1536 1397 1665 1430 solitum
1687 1397 1789 1430 suerat
1816 1396 2001 1440 praestari),

1262 1449 1341 1481 dans
1377 1454 1405 1481 et
1448 1449 1592 1482 tribuens
1625 1449 1709 1483 idem
1749 1449 1915 1493 Philippus
1950 1459 2004 1483 rex

1263 1501 1426 1545 praedicto
1458 1502 1597 1535 Antonio
1629 1502 1702 1535 duci
1737 1508 1767 1536 et
1801 1502 2004 1546 procuratori

1262 1564 1391 1587 omnem
1412 1561 1623 1598 potestatem,
1645 1566 1806 1599 omneque
1833 1555 2004 1589 arbitrium

1262 1613 1291 1640 et
1324 1608 1546 1641 auctoritatem
1586 1619 1623 1641 ea
1651 1609 1766 1651 agendi
1807 1614 1838 1642 et
1877 1609 2004 1643 iurandi

1262 1662 1436 1704 praeniissa
1461 1672 1497 1695 ex
1524 1672 1619 1695 causa
1651 1662 1682 1695 in
1714 1662 1856 1695 animam
1887 1673 2001 1704 suam,

1261 1726 1343 1757 quae
1365 1715 1499 1759 ipsemet
1518 1716 1684 1760 Philippus
1707 1726 1760 1749 rex
1785 1727 1881 1759 agere
1901 1722 1931 1750 et
1951 1716 2002 1750 iu-

1263 1779 1332 1802 rare
1357 1774 1464 1812 posset
1484 1769 1509 1801 si
1535 1769 1797 1812 personaliterea
1819 1770 1955 1810 faceret;
1974 1775 2006 1803 et

2014 281 2063 310 An.
2077 281 2104 310 C.
2130 281 2198 311 1599

1262 1822 1364 1855 dictus
1374 1823 1529 1855 Antonius
1541 1823 1602 1855 dux
1616 1828 1646 1856 et
1658 1828 1860 1867 procurator,
1874 1823 2005 1856 nomine
2034 1832 2205 1863 oujmocnratqr

1263 1876 1361 1919 ipsius
1381 1875 1519 1919 Philippi
1540 1876 1634 1918 regis,
1659 1876 1750 1909 nohis
1771 1882 1799 1909 ct
1825 1876 1898 1909 Sodi
1920 1878 2005 1920 Apo·
2020 1859 2205 1923 ifii‘ffiffl‘uii‘issiiil

1262 1929 1404 1967 stolieae,
1421 1940 1455 1961 ar
1470 1929 1633 1962 Romanae
1655 1929 1813 1963 Ecclesiae
1834 1930 2006 1973 praedictis
2021 1915 2203 1960 'siff-‘numm‘-

319 1831 427 1856 waurin*
444 1831 470 1873 ¹¹!
485 1827 634 1859 humanis
653 1833 800 1870 exempto
821 1826 906 1859 dicto
924 1826 1072 1870 Philippo
1093 1827 1116 1859 ll
1138 1837 1224 1867 rege,

286 1858 381 1899 eant...
412 1864 469 1930 Γέξῖζ-
487 1880 555 1912 iure
580 1879 792 1912 successionis
813 1890 874 1911 una
896 1890 968 1912 cum
1001 1879 1071 1912 aliis
1097 1879 1224 1920 regnis,

421 1928 470 1957 ϋῖιι
487 1932 659 1976 provini-iis
680 1938 709 1964 et
730 1932 906 1965 ditionibus
927 1932 1082 1965 universis
1107 1932 1226 1965 dictum

487 1996 621 2024 regnum
647 1984 773 2017 Siciliae
799 1991 829 2017 ct
850 1985 1046 2017 Hierusalem
1069 1996 1140 2017 rum
1164 1991 1227 2018 tota

488 2045 570 2071 terra
600 2038 677 2070 citra
706 2038 844 2070 Pharum
872 2038 910 2070 ad
942 2038 1167 2070 charissimum
1198 2039 1226 2070 in

485 2092 609 2124 Christo
630 2092 730 2123 tilium
754 2097 897 2123 nostrum
918 2090 1099 2134 Philippum
1119 2092 1155 2124 ΙΙΙ
1178 2091 1228 2124 tti-

485 2146 670 2189 spani-'irunt
695 2155 802 2183 regem
825 2145 1036 2181 catholicum,
1058 2144 1132 2177 dicti
1156 2145 1229 2177 Phi—

486 2200 562 2243 lippi
577 2199 707 2231 secundi
723 2199 823 2231 tilium
840 2204 870 2231 rt
885 2198 1067 2239 haeredem,
1090 2199 1229 2238 tegitime

487 2253 682 2296 perveniri-ir,
706 2259 732 2284 et
758 2252 840 2284 idom
862 2252 1025 2295 Philippus
1048 2264 1099 2284 rex
1121 2253 1229 2285 roh-ns

486 2306 626 2338 debitam
649 2305 878 2340 obedientiam.
896 2316 930 2336 :tr
953 2305 1116 2337 fidelitatis
1129 2311 1157 2337 vt
1173 2305 1229 2337 ho-

487 2360 581 2398 maggii
616 2360 829 2392 iuranwntnm
870 2359 898 2391 in
934 2359 1081 2391 titanibus
1114 2359 1229 2391 nostris

485 2418 658 2456 praestare,
682 2424 717 2443 ac
739 2424 785 2449 ea,
810 2412 849 2444 ad
875 2423 957 2455 quae
979 2411 1101 2444 ratione
1131 2411 1229 2454 ipsius

487 2466 570 2497 sumti
594 2471 720 2497 tenetur
741 2465 929 2508 adimplere,
951 2464 1104 2497 dilectum
1128 2464 1226 2496 tilium

487 2519 626 2550 nobilem
650 2519 751 2550 virum
780 2518 950 2551 Antonium
974 2518 1012 2549 d·-
1033 2518 1178 2550 (Iardona
1199 2525 1225 2549 et

1264 1983 1293 2015 iu
1319 1983 1572 2024 (magice-atione
1601 1983 1742 2024 generali
1775 1984 2005 2017 venerabilium

1265 2038 1397 2069 fratrum
1417 2042 1600 2068 nostrorum
1622 2036 1652 2069 S.
1677 2037 1711 2070 R.
1737 2037 1770 2069 Ε.
1795 2037 2006 2070 cardinalium

1263 2100 1371 2122 voram
1395 2089 1487 2121 nohis
1509 2089 1538 2122 in
1560 2090 1679 2133 palatio
1701 2096 1810 2123 nostro
1829 2091 2007 2134 apostolico

1266 2144 1294 2176 in
1311 2150 1418 2177 monte
1431 2144 1585 2183 Quirinali
1606 2145 1645 2177 ad
1661 2145 1720 2177 hoc
1734 2145 1917 2188 specialiter
1929 2155 2006 2178 con-

1264 2204 1373 2231 vocata
1394 2204 1421 2230 et
1446 2198 1572 2237 hahita,
1602 2199 1823 2242 compluribus
1843 2198 2004 2242 archicpi-

1264 2252 1379 2295 sropis‚
1400 2252 1559 2296 episcopis
1581 2258 1608 2285 et
1631 2252 1700 2285 aliis
1721 2252 1870 2296 praelatis
1890 2252 1931 2284 ihi
1950 2253 2006 2286 ad·

1264 2305 1436 2343 stantibus,
1461 2305 1700 2344 ohedientiam,
1725 2305 1866 2349 itemque
1889 2305 2003 2338 homa-

1265 2357 1350 2396 ·‚.·ium
1373 2363 1403 2390 et
1425 2357 1639 2391 iuramentum
1656 2358 1818 2390 fidelitatis
1831 2358 1889 2390 suh
1904 2358 2006 2391 sortita

1266 2410 1395 2443 inferius
1416 2411 1568 2443 adnotata
1591 2411 1794 2454 praestiterit.

1309 2464 1322 2505 ,ξ
1341 2463 1370 2496 5.
1393 2463 1454 2496 Nos
1486 2463 1728 2497 considerantes
1750 2464 1848 2508 ipsius
1869 2463 2004 2508 Philippi

1265 2516 1347 2557 regis
1376 2516 1625 2550 haereditariam
1655 2517 1807 2557 regnandi
1829 2523 2002 2550 eonsuetu-

2060 2548 2156 2570 cuman·
2173 2549 2203 2570 tn·

486 2571 644 2608 Coi-dulia,
663 2572 777 2603 durem
800 2572 945 2607 Suessae,
967 2572 1082 2603 Somne.
1103 2576 1133 2602 et
1154 2570 1226 2602 Var-

487 2635 557 2661 nac,
581 2625 728 2656 vomitum
751 2624 869 2656 (latu-at·
892 2630 921 2656 et
948 2625 1110 2661 l'nlrnros,
1139 2623 1224 2655 vict·-

487 2678 636 2711 ςοιιιίῑνιιι
657 2679 695 2709 «tn
719 2678 843 2715 llnaiar,
861 2684 889 2710 rt
909 2677 1006 2721 ipsius
1028 2677 1164 2721 Philippi
1181 2688 1226 2709 re-

1264 2570 1384 2609 dint-m,
1398 2575 1427 2602 et
1450 2571 1536 2613 qumi
1559 2570 1638 2603 sicut
1654 2570 1748 2603 etiam
1765 2571 1873 2603 votens
1895 2569 1902 2590 ¹
1918 2581 2005 2603 com-
2021 2576 2142 2597 ¹⁰·¹i¹¹¹¹·⁶¹¹¹·
2157 2580 2204 2597 Μ’

2020 2603 2081 2622 solitu
2092 2607 2156 2623 retunt!
2167 2607 2203 2623 ln·

1265 2623 1376 2655 missos
1397 2623 1455 2655 ¹sihi
1478 2624 1615 2667 populos
1637 2623 1665 2656 in
1689 2624 1774 2667 pacis
1795 2623 2001 2664 amoenitate,
2020 2634 2061 2650 =¹¹¹0
2071 2628 2203 2650 exconmun-

1301 2687 1308 2711 1
1329 2686 1380 2712 Sti·-
