<?xml version="1.0" encoding="UTF-8"?>
<!DOCTYPE html PUBLIC "-//W3C//DTD XHTML 1.0 Transitional//EN"
    "http://www.w3.org/TR/xhtml1/DTD/xhtml1-transitional.dtd">
<html xmlns="http://www.w3.org/1999/xhtml" xml:lang="en" lang="en">
 <head>
  <title>
</title>
<meta http-equiv="Content-Type" content="text/html;charset=utf-8" />
  <meta name='ocr-system' content='tesseract 3.04.00' />
  <meta name='ocr-capabilities' content='ocr_page ocr_carea ocr_par ocr_line ocrx_word'/>
</head>
<body>
  <div class='ocr_page' id='page_1' title='image "./bullarumdiplomat10cath_0944.png"; bbox 0 0 2253 3195; ppageno 0'>
   <div class='ocr_carea' id='block_1_1' title="bbox 221 236 516 275">
    <p class='ocr_par' dir='ltr' id='par_1_1' title="bbox 221 236 516 275">
     <span class='ocr_line' id='line_1_1' title="bbox 221 236 516 275; baseline -0.007 -3"><span class='ocrx_word' id='word_1_1' title='bbox 221 246 270 272; x_wconf 78' lang='grc' dir='ltr'>Αη.</span> <span class='ocrx_word' id='word_1_2' title='bbox 287 246 328 275; x_wconf 84' lang='lat' dir='ltr'>c..</span> <span class='ocrx_word' id='word_1_3' title='bbox 340 246 407 274; x_wconf 73' lang='lat'><strong>¹602</strong></span> <span class='ocrx_word' id='word_1_4' title='bbox 452 236 516 271; x_wconf 82' lang='lat'>870</span> 
     </span>
    </p>
   </div>
   <div class='ocr_carea' id='block_1_2' title="bbox 249 478 371 499">
    <p class='ocr_par' dir='ltr' id='par_1_2' title="bbox 249 478 371 499">
     <span class='ocr_line' id='line_1_2' title="bbox 249 478 371 499; baseline -0.008 0"><span class='ocrx_word' id='word_1_5' title='bbox 249 478 293 499; x_wconf 74' lang='lat' dir='ltr'>Em</span> <span class='ocrx_word' id='word_1_6' title='bbox 297 478 371 499; x_wconf 79' lang='lat' dir='ltr'>rdiam.</span> 
     </span>
    </p>
   </div>
   <div class='ocr_carea' id='block_1_3' title="bbox 224 1276 410 1324">
    <p class='ocr_par' dir='ltr' id='par_1_3' title="bbox 224 1276 410 1324">
     <span class='ocr_line' id='line_1_3' title="bbox 248 1276 410 1306; baseline 0 -9"><span class='ocrx_word' id='word_1_7' title='bbox 248 1276 332 1306; x_wconf 70' lang='lat' dir='ltr'>Causae</span> <span class='ocrx_word' id='word_1_8' title='bbox 347 1276 410 1306; x_wconf 79' lang='lat' dir='ltr'>huius</span> 
     </span>
     <span class='ocr_line' id='line_1_4' title="bbox 224 1306 388 1324; baseline 0.006 -1"><span class='ocrx_word' id='word_1_9' title='bbox 224 1306 388 1324; x_wconf 69' lang='lat' dir='ltr'>wusltluuonts.</span> 
     </span>
    </p>
   </div>
   <div class='ocr_carea' id='block_1_4' title="bbox 424 296 1170 664">
    <p class='ocr_par' dir='ltr' id='par_1_4' title="bbox 424 296 1170 664">
     <span class='ocr_line' id='line_1_5' title="bbox 641 296 961 330; baseline -0.003 -7"><span class='ocrx_word' id='word_1_10' title='bbox 641 296 773 323; x_wconf 80' lang='lat' dir='ltr'>Clemens</span> <span class='ocrx_word' id='word_1_11' title='bbox 790 296 870 330; x_wconf 82' lang='lat' dir='ltr'>Papa</span> <span class='ocrx_word' id='word_1_12' title='bbox 883 296 961 328; x_wconf 84' lang='lat' dir='ltr'>vm,</span> 
     </span>
     <span class='ocr_line' id='line_1_6' title="bbox 548 345 1048 380; baseline -0.002 -7"><span class='ocrx_word' id='word_1_13' title='bbox 548 346 584 373; x_wconf 81' lang='lat' dir='ltr'>ad</span> <span class='ocrx_word' id='word_1_14' title='bbox 604 348 783 380; x_wconf 78' lang='lat' dir='ltr'>perpetuam</span> <span class='ocrx_word' id='word_1_15' title='bbox 802 345 848 372; x_wconf 82' lang='lat' dir='ltr'>rei</span> <span class='ocrx_word' id='word_1_16' title='bbox 865 345 1048 372; x_wconf 81' lang='lat' dir='ltr'>memoriam.</span> 
     </span>
     <span class='ocr_line' id='line_1_7' title="bbox 469 403 1170 448; baseline 0 -11"><span class='ocrx_word' id='word_1_17' title='bbox 469 403 644 448; x_wconf 77' lang='lat' dir='ltr'>Apostolici</span> <span class='ocrx_word' id='word_1_18' title='bbox 671 403 825 443; x_wconf 89' lang='lat' dir='ltr'>muneris,</span> <span class='ocrx_word' id='word_1_19' title='bbox 846 403 957 436; x_wconf 61' lang='lat' dir='ltr'>‘divina</span> <span class='ocrx_word' id='word_1_20' title='bbox 985 403 1170 448; x_wconf 85' lang='lat' dir='ltr'>dispositio-</span> 
     </span>
     <span class='ocr_line' id='line_1_8' title="bbox 424 457 1166 498; baseline 0 -7"><span class='ocrx_word' id='word_1_21' title='bbox 424 469 476 498; x_wconf 86' lang='lat' dir='ltr'>ne,</span> <span class='ocrx_word' id='word_1_22' title='bbox 498 457 592 491; x_wconf 88' lang='lat' dir='ltr'>nobis</span> <span class='ocrx_word' id='word_1_23' title='bbox 611 457 687 490; x_wconf 86' lang='lat' dir='ltr'>licet</span> <span class='ocrx_word' id='word_1_24' title='bbox 707 457 889 496; x_wconf 86' lang='lat' dir='ltr'>immeritis,</span> <span class='ocrx_word' id='word_1_25' title='bbox 912 457 1048 491; x_wconf 89' lang='lat' dir='ltr'>iniuncti</span> <span class='ocrx_word' id='word_1_26' title='bbox 1073 458 1166 492; x_wconf 86' lang='lat' dir='ltr'>debi-</span> 
     </span>
     <span class='ocr_line' id='line_1_9' title="bbox 427 511 1166 556; baseline 0.001 -12"><span class='ocrx_word' id='word_1_27' title='bbox 427 519 492 545; x_wconf 89' lang='lat' dir='ltr'>tum</span> <span class='ocrx_word' id='word_1_28' title='bbox 513 511 666 556; x_wconf 74' lang='lat' dir='ltr'>requirit,</span> <span class='ocrx_word' id='word_1_29' title='bbox 690 517 726 545; x_wconf 88' lang='lat' dir='ltr'>ut</span> <span class='ocrx_word' id='word_1_30' title='bbox 753 511 840 545; x_wconf 87' lang='lat' dir='ltr'>circa</span> <span class='ocrx_word' id='word_1_31' title='bbox 863 517 980 545; x_wconf 89' lang='lat' dir='ltr'>statum</span> <span class='ocrx_word' id='word_1_32' title='bbox 1002 517 1166 546; x_wconf 84' lang='lat' dir='ltr'>monaste-</span> 
     </span>
     <span class='ocr_line' id='line_1_10' title="bbox 426 565 1168 610; baseline 0 -12"><span class='ocrx_word' id='word_1_33' title='bbox 426 566 549 599; x_wconf 83' lang='lat' dir='ltr'>riorum</span> <span class='ocrx_word' id='word_1_34' title='bbox 592 565 814 610; x_wconf 87' lang='lat' dir='ltr'>quorumlibet</span> <span class='ocrx_word' id='word_1_35' title='bbox 831 593 838 606; x_wconf 88' lang='lat'>,</span> <span class='ocrx_word' id='word_1_36' title='bbox 873 565 1168 599; x_wconf 77' lang='lat' dir='ltr'>sanctimonialium</span> 
     </span>
     <span class='ocr_line' id='line_1_11' title="bbox 424 619 1170 664; baseline 0.001 -12"><span class='ocrx_word' id='word_1_37' title='bbox 424 619 616 664; x_wconf 85' lang='lat' dir='ltr'>praesertim</span> <span class='ocrx_word' id='word_1_38' title='bbox 636 619 668 652; x_wconf 91' lang='lat' dir='ltr'>in</span> <span class='ocrx_word' id='word_1_39' title='bbox 688 619 781 652; x_wconf 85' lang='lat' dir='ltr'>Alma</span> <span class='ocrx_word' id='word_1_40' title='bbox 800 619 897 660; x_wconf 86' lang='lat' dir='ltr'>Urbe,</span> <span class='ocrx_word' id='word_1_41' title='bbox 920 630 980 663; x_wconf 87' lang='lat' dir='ltr'>pro</span> <span class='ocrx_word' id='word_1_42' title='bbox 993 620 1170 653; x_wconf 63' lang='lat' dir='ltr'>educandis</span> 
     </span>
    </p>
   </div>
   <div class='ocr_carea' id='block_1_5' title="bbox 424 673 1188 771">
    <p class='ocr_par' dir='ltr' id='par_1_5' title="bbox 424 673 1188 771">
     <span class='ocr_line' id='line_1_12' title="bbox 424 673 1188 718; baseline -0.003 -12"><span class='ocrx_word' id='word_1_43' title='bbox 424 673 540 717; x_wconf 79' lang='lat' dir='ltr'>puellis</span> <span class='ocrx_word' id='word_1_44' title='bbox 560 679 591 706; x_wconf 86' lang='lat' dir='ltr'>et</span> <span class='ocrx_word' id='word_1_45' title='bbox 618 673 795 715; x_wconf 76' lang='lat' dir='ltr'>virginibus</span> <span class='ocrx_word' id='word_1_46' title='bbox 816 674 978 717; x_wconf 85' lang='lat' dir='ltr'>(quarum</span> <span class='ocrx_word' id='word_1_47' title='bbox 996 674 1166 718; x_wconf 76' lang='lat' dir='ltr'>pudicitia,</span> <span class='ocrx_word' id='word_1_48' title='bbox 1186 676 1188 704; x_wconf 65' lang='lat' dir='ltr'><strong>f</strong></span> 
     </span>
     <span class='ocr_line' id='line_1_13' title="bbox 425 727 1188 771; baseline -0.001 -11"><span class='ocrx_word' id='word_1_49' title='bbox 425 727 466 760; x_wconf 86' lang='lat' dir='ltr'>ob</span> <span class='ocrx_word' id='word_1_50' title='bbox 487 737 619 760; x_wconf 81' lang='lat' dir='ltr'>suorum</span> <span class='ocrx_word' id='word_1_51' title='bbox 638 727 822 769; x_wconf 78' lang='lat' dir='ltr'>genitormn</span> <span class='ocrx_word' id='word_1_52' title='bbox 842 727 1041 771; x_wconf 86' lang='lat' dir='ltr'>impudicum</span> <span class='ocrx_word' id='word_1_53' title='bbox 1064 738 1188 764; x_wconf 38' lang='lat' dir='ltr'>exem-,f</span> 
     </span>
    </p>
   </div>
   <div class='ocr_carea' id='block_1_6' title="bbox 425 781 1171 1040">
    <p class='ocr_par' dir='ltr' id='par_1_6' title="bbox 425 781 1171 1040">
     <span class='ocr_line' id='line_1_14' title="bbox 425 781 1171 826; baseline 0.001 -12"><span class='ocrx_word' id='word_1_54' title='bbox 425 782 514 825; x_wconf 91' lang='lat' dir='ltr'>plum</span> <span class='ocrx_word' id='word_1_55' title='bbox 529 809 536 822; x_wconf 85' lang='lat'>,</span> <span class='ocrx_word' id='word_1_56' title='bbox 560 781 635 814; x_wconf 85' lang='lat' dir='ltr'>satis</span> <span class='ocrx_word' id='word_1_57' title='bbox 656 781 826 815; x_wconf 80' lang='lat' dir='ltr'>manifesto</span> <span class='ocrx_word' id='word_1_58' title='bbox 855 781 1001 825; x_wconf 89' lang='lat' dir='ltr'>periculo</span> <span class='ocrx_word' id='word_1_59' title='bbox 1027 782 1171 826; x_wconf 79' lang='lat' dir='ltr'>exposita</span> 
     </span>
     <span class='ocr_line' id='line_1_15' title="bbox 426 834 1168 877; baseline 0.001 -10"><span class='ocrx_word' id='word_1_60' title='bbox 426 834 639 877; x_wconf 76' lang='lat' dir='ltr'>dignoscitur)</span> <span class='ocrx_word' id='word_1_61' title='bbox 661 835 896 876; x_wconf 85' lang='lat' dir='ltr'>institutorum,</span> <span class='ocrx_word' id='word_1_62' title='bbox 922 846 958 868; x_wconf 89' lang='lat' dir='ltr'>ac</span> <span class='ocrx_word' id='word_1_63' title='bbox 980 836 1168 869; x_wconf 88' lang='lat' dir='ltr'>eorumdem</span> 
     </span>
     <span class='ocr_line' id='line_1_16' title="bbox 425 888 1169 931; baseline 0 -9"><span class='ocrx_word' id='word_1_64' title='bbox 425 888 718 922; x_wconf 76' lang='lat' dir='ltr'>sanctimonialium</span> <span class='ocrx_word' id='word_1_65' title='bbox 741 895 770 922; x_wconf 89' lang='lat' dir='ltr'>et</span> <span class='ocrx_word' id='word_1_66' title='bbox 790 889 966 931; x_wconf 77' lang='lat' dir='ltr'>virginum,</span> <span class='ocrx_word' id='word_1_67' title='bbox 983 894 1012 922; x_wconf 89' lang='lat' dir='ltr'>et</span> <span class='ocrx_word' id='word_1_68' title='bbox 1033 889 1169 922; x_wconf 82' lang='lat' dir='ltr'>aliarum</span> 
     </span>
     <span class='ocr_line' id='line_1_17' title="bbox 425 943 1168 987; baseline 0.001 -12"><span class='ocrx_word' id='word_1_69' title='bbox 425 953 639 986; x_wconf 88' lang='lat' dir='ltr'>personarum</span> <span class='ocrx_word' id='word_1_70' title='bbox 666 953 820 987; x_wconf 85' lang='lat' dir='ltr'>prospere</span> <span class='ocrx_word' id='word_1_71' title='bbox 846 943 1051 986; x_wconf 82' lang='lat' dir='ltr'>dirigendum</span> <span class='ocrx_word' id='word_1_72' title='bbox 1084 943 1168 976; x_wconf 84' lang='lat' dir='ltr'>invi-</span> 
     </span>
     <span class='ocr_line' id='line_1_18' title="bbox 426 996 1167 1040; baseline 0.003 -12"><span class='ocrx_word' id='word_1_73' title='bbox 426 996 574 1038; x_wconf 72' lang='lat' dir='ltr'>gitemus,</span> <span class='ocrx_word' id='word_1_74' title='bbox 603 1007 784 1040; x_wconf 89' lang='lat' dir='ltr'>eorumque</span> <span class='ocrx_word' id='word_1_75' title='bbox 801 996 1005 1030; x_wconf 76' lang='lat' dir='ltr'>subventioni</span> <span class='ocrx_word' id='word_1_76' title='bbox 1025 1002 1055 1030; x_wconf 92' lang='lat' dir='ltr'>et</span> <span class='ocrx_word' id='word_1_77' title='bbox 1076 1007 1167 1030; x_wconf 87' lang='lat' dir='ltr'>com-</span> 
     </span>
    </p>
   </div>
   <div class='ocr_carea' id='block_1_7' title="bbox 427 1047 1949 1144">
    <p class='ocr_par' dir='ltr' id='par_1_7' title="bbox 427 1047 1949 1144">
     <span class='ocr_line' id='line_1_19' title="bbox 427 1047 1189 1094; baseline 0.001 -12"><span class='ocrx_word' id='word_1_78' title='bbox 427 1049 637 1084; x_wconf 85' lang='lat' dir='ltr'>moditatibus</span> <span class='ocrx_word' id='word_1_79' title='bbox 653 1049 840 1094; x_wconf 78' lang='lat' dir='ltr'>prospicere</span> <span class='ocrx_word' id='word_1_80' title='bbox 860 1050 1058 1091; x_wconf 75' lang='lat' dir='ltr'>studeamus,</span> <span class='ocrx_word' id='word_1_81' title='bbox 1075 1056 1171 1094; x_wconf 86' lang='lat' dir='ltr'>prout</span> <span class='ocrx_word' id='word_1_82' title='bbox 1187 1047 1189 1082; x_wconf 61' lang='grc' dir='ltr'>ἐ</span> 
     </span>
     <span class='ocr_line' id='line_1_20' title="bbox 1187 1097 1949 1144; baseline -0.001 -11"><span class='ocrx_word' id='word_1_83' title='bbox 1187 1100 1330 1133; x_wconf 65' lang='lat' dir='ltr'>*mnitati</span> <span class='ocrx_word' id='word_1_84' title='bbox 1361 1099 1547 1144; x_wconf 79' lang='lat' dir='ltr'>prospicere</span> <span class='ocrx_word' id='word_1_85' title='bbox 1562 1126 1569 1139; x_wconf 86' lang='lat'>,</span> <span class='ocrx_word' id='word_1_86' title='bbox 1601 1109 1637 1132; x_wconf 86' lang='lat' dir='ltr'>ae</span> <span class='ocrx_word' id='word_1_87' title='bbox 1658 1098 1735 1132; x_wconf 84' lang='lat' dir='ltr'>alias</span> <span class='ocrx_word' id='word_1_88' title='bbox 1765 1097 1949 1142; x_wconf 78' lang='lat' dir='ltr'>praemissis</span> 
     </span>
    </p>
   </div>
   <div class='ocr_carea' id='block_1_8' title="bbox 427 1103 1171 1190">
    <p class='ocr_par' dir='ltr' id='par_1_8' title="bbox 427 1103 1171 1190">
     <span class='ocr_line' id='line_1_21' title="bbox 427 1103 1171 1148; baseline 0.003 -13"><span class='ocrx_word' id='word_1_89' title='bbox 427 1103 459 1135; x_wconf 91' lang='lat' dir='ltr'>in</span> <span class='ocrx_word' id='word_1_90' title='bbox 484 1103 621 1136; x_wconf 88' lang='lat' dir='ltr'>Domino</span> <span class='ocrx_word' id='word_1_91' title='bbox 642 1103 860 1147; x_wconf 76' lang='lat' dir='ltr'>conspicimus</span> <span class='ocrx_word' id='word_1_92' title='bbox 881 1103 1052 1137; x_wconf 80' lang='lat' dir='ltr'>salubriter</span> <span class='ocrx_word' id='word_1_93' title='bbox 1077 1114 1171 1148; x_wconf 84' lang='lat' dir='ltr'>expe-</span> 
     </span>
     <span class='ocr_line' id='line_1_22' title="bbox 427 1157 508 1190; baseline 0 -1"><span class='ocrx_word' id='word_1_94' title='bbox 427 1157 508 1190; x_wconf 79' lang='lat' dir='ltr'>(lire.</span> 
     </span>
    </p>
   </div>
   <div class='ocr_carea' id='block_1_9' title="bbox 425 1210 1189 1405">
    <p class='ocr_par' dir='ltr' id='par_1_9' title="bbox 425 1210 1189 1405">
     <span class='ocr_line' id='line_1_23' title="bbox 471 1210 1189 1255; baseline 0.003 -12"><span class='ocrx_word' id='word_1_95' title='bbox 471 1212 488 1252; x_wconf 66' lang='grc' dir='ltr'>ξ</span> <span class='ocrx_word' id='word_1_96' title='bbox 514 1210 544 1243; x_wconf 75' lang='grc' dir='ltr'>Ἰ.</span> <span class='ocrx_word' id='word_1_97' title='bbox 568 1211 645 1244; x_wconf 92' lang='lat' dir='ltr'>Cum</span> <span class='ocrx_word' id='word_1_98' title='bbox 673 1210 799 1254; x_wconf 82' lang='lat' dir='ltr'>itaque,</span> <span class='ocrx_word' id='word_1_99' title='bbox 833 1210 913 1244; x_wconf 89' lang='lat' dir='ltr'>sicut</span> <span class='ocrx_word' id='word_1_100' title='bbox 945 1211 1038 1244; x_wconf 92' lang='lat' dir='ltr'>nobis</span> <span class='ocrx_word' id='word_1_101' title='bbox 1066 1222 1189 1255; x_wconf 66' lang='lat' dir='ltr'>nuper}</span> 
     </span>
     <span class='ocr_line' id='line_1_24' title="bbox 426 1264 1188 1309; baseline 0 -12"><span class='ocrx_word' id='word_1_102' title='bbox 426 1264 542 1308; x_wconf 83' lang='lat' dir='ltr'>exponi</span> <span class='ocrx_word' id='word_1_103' title='bbox 575 1265 720 1298; x_wconf 75' lang='lat' dir='ltr'>fecerunt</span> <span class='ocrx_word' id='word_1_104' title='bbox 754 1264 859 1298; x_wconf 90' lang='lat' dir='ltr'>dilecti</span> <span class='ocrx_word' id='word_1_105' title='bbox 893 1264 949 1297; x_wconf 84' lang='lat' dir='ltr'>filii</span> <span class='ocrx_word' id='word_1_106' title='bbox 981 1270 1188 1309; x_wconf 51' lang='lat' dir='ltr'>protector„</span> 
     </span>
     <span class='ocr_line' id='line_1_25' title="bbox 425 1314 1188 1362; baseline -0.001 -11"><span class='ocrx_word' id='word_1_107' title='bbox 425 1319 589 1362; x_wconf 83' lang='lat' dir='ltr'>praelatus</span> <span class='ocrx_word' id='word_1_108' title='bbox 610 1323 640 1351; x_wconf 66' lang='lat' dir='ltr'>et,</span> <span class='ocrx_word' id='word_1_109' title='bbox 660 1317 803 1362; x_wconf 87' lang='lat' dir='ltr'>deputati</span> <span class='ocrx_word' id='word_1_110' title='bbox 822 1314 1084 1360; x_wconf 76' lang='lat' dir='ltr'>congregationis</span> <span class='ocrx_word' id='word_1_111' title='bbox 1103 1328 1170 1351; x_wconf 88' lang='lat' dir='ltr'>mo-</span> <span class='ocrx_word' id='word_1_112' title='bbox 1187 1315 1188 1341; x_wconf 59' lang='grc' dir='ltr'><strong>ἶ</strong></span> 
     </span>
     <span class='ocr_line' id='line_1_26' title="bbox 425 1371 1188 1405; baseline 0.001 -1"><span class='ocrx_word' id='word_1_113' title='bbox 425 1371 558 1405; x_wconf 88' lang='lat' dir='ltr'>nasterii</span> <span class='ocrx_word' id='word_1_114' title='bbox 590 1371 782 1404; x_wconf 85' lang='lat' dir='ltr'>monialium</span> <span class='ocrx_word' id='word_1_115' title='bbox 814 1372 949 1405; x_wconf 79' lang='lat' dir='ltr'>Sanctae</span> <span class='ocrx_word' id='word_1_116' title='bbox 981 1371 1188 1405; x_wconf 64' lang='lat' dir='ltr'>Catharinae‘</span> 
     </span>
    </p>
   </div>
   <div class='ocr_carea' id='block_1_10' title="bbox 426 1424 1172 1791">
    <p class='ocr_par' dir='ltr' id='par_1_10' title="bbox 426 1424 1172 1791">
     <span class='ocr_line' id='line_1_27' title="bbox 426 1424 1171 1469; baseline -0.001 -11"><span class='ocrx_word' id='word_1_117' title='bbox 426 1425 519 1459; x_wconf 65' lang='lat' dir='ltr'>della‘</span> <span class='ocrx_word' id='word_1_118' title='bbox 534 1425 619 1459; x_wconf 72' lang='lat' dir='ltr'>Rosa</span> <span class='ocrx_word' id='word_1_119' title='bbox 632 1430 837 1469; x_wconf 82' lang='lat' dir='ltr'>nuncupatae</span> <span class='ocrx_word' id='word_1_120' title='bbox 851 1425 889 1458; x_wconf 88' lang='lat' dir='ltr'>de</span> <span class='ocrx_word' id='word_1_121' title='bbox 910 1425 1006 1464; x_wconf 61' lang='lat' dir='ltr'>Urbe,</span> <span class='ocrx_word' id='word_1_122' title='bbox 1020 1424 1079 1458; x_wconf 88' lang='lat' dir='ltr'>sub</span> <span class='ocrx_word' id='word_1_123' title='bbox 1093 1425 1171 1458; x_wconf 83' lang='lat' dir='ltr'>San—</span> 
     </span>
     <span class='ocr_line' id='line_1_28' title="bbox 427 1478 1167 1521; baseline -0.001 -9"><span class='ocrx_word' id='word_1_124' title='bbox 427 1479 468 1513; x_wconf 90' lang='lat' dir='ltr'>cti</span> <span class='ocrx_word' id='word_1_125' title='bbox 490 1479 659 1521; x_wconf 76' lang='lat' dir='ltr'>Augustini</span> <span class='ocrx_word' id='word_1_126' title='bbox 681 1490 736 1512; x_wconf 89' lang='lat' dir='ltr'>seu</span> <span class='ocrx_word' id='word_1_127' title='bbox 749 1479 882 1512; x_wconf 82' lang='lat' dir='ltr'>alterius</span> <span class='ocrx_word' id='word_1_128' title='bbox 899 1478 1027 1512; x_wconf 84' lang='lat' dir='ltr'>Ordinis</span> <span class='ocrx_word' id='word_1_129' title='bbox 1046 1479 1167 1521; x_wconf 78' lang='lat' dir='ltr'>regula,</span> 
     </span>
     <span class='ocr_line' id='line_1_29' title="bbox 426 1531 1171 1577; baseline -0.003 -11"><span class='ocrx_word' id='word_1_130' title='bbox 426 1533 494 1577; x_wconf 86' lang='lat' dir='ltr'>ipsa</span> <span class='ocrx_word' id='word_1_131' title='bbox 515 1532 727 1575; x_wconf 72' lang='lat' dir='ltr'>Congrcgatio</span> <span class='ocrx_word' id='word_1_132' title='bbox 745 1532 871 1576; x_wconf 82' lang='lat' dir='ltr'>puellas</span> <span class='ocrx_word' id='word_1_133' title='bbox 896 1537 925 1565; x_wconf 83' lang='lat' dir='ltr'>et</span> <span class='ocrx_word' id='word_1_134' title='bbox 951 1531 1089 1575; x_wconf 77' lang='lat' dir='ltr'>virgines</span> <span class='ocrx_word' id='word_1_135' title='bbox 1110 1532 1171 1564; x_wconf 89' lang='lat' dir='ltr'>mi-</span> 
     </span>
     <span class='ocr_line' id='line_1_30' title="bbox 426 1585 1171 1630; baseline -0.001 -11"><span class='ocrx_word' id='word_1_136' title='bbox 426 1586 580 1620; x_wconf 88' lang='lat' dir='ltr'>serabiles</span> <span class='ocrx_word' id='word_1_137' title='bbox 612 1587 651 1619; x_wconf 86' lang='lat' dir='ltr'>de</span> <span class='ocrx_word' id='word_1_138' title='bbox 681 1586 765 1619; x_wconf 87' lang='lat' dir='ltr'>dicta</span> <span class='ocrx_word' id='word_1_139' title='bbox 797 1585 900 1626; x_wconf 78' lang='lat' dir='ltr'>Urbe,</span> <span class='ocrx_word' id='word_1_140' title='bbox 933 1596 1013 1630; x_wconf 85' lang='lat' dir='ltr'>quas</span> <span class='ocrx_word' id='word_1_141' title='bbox 1044 1591 1107 1618; x_wconf 89' lang='lat' dir='ltr'>tam</span> <span class='ocrx_word' id='word_1_142' title='bbox 1130 1586 1171 1619; x_wconf 91' lang='lat' dir='ltr'>ob</span> 
     </span>
     <span class='ocr_line' id='line_1_31' title="bbox 427 1638 1171 1683; baseline 0.001 -12"><span class='ocrx_word' id='word_1_143' title='bbox 427 1649 536 1672; x_wconf 87' lang='lat' dir='ltr'>earum</span> <span class='ocrx_word' id='word_1_144' title='bbox 558 1645 781 1683; x_wconf 72' lang='lat' dir='ltr'>paupertatem</span> <span class='ocrx_word' id='word_1_145' title='bbox 799 1666 806 1678; x_wconf 84' lang='lat'>‚</span> <span class='ocrx_word' id='word_1_146' title='bbox 830 1649 927 1683; x_wconf 82' lang='lat' dir='ltr'>quam</span> <span class='ocrx_word' id='word_1_147' title='bbox 958 1638 1053 1672; x_wconf 81' lang='lat' dir='ltr'>etiam</span> <span class='ocrx_word' id='word_1_148' title='bbox 1081 1639 1171 1681; x_wconf 81' lang='lat' dir='ltr'>geni-</span> 
     </span>
     <span class='ocr_line' id='line_1_32' title="bbox 428 1693 1172 1737; baseline 0 -11"><span class='ocrx_word' id='word_1_149' title='bbox 428 1693 543 1726; x_wconf 89' lang='lat' dir='ltr'>tricum</span> <span class='ocrx_word' id='word_1_150' title='bbox 565 1693 611 1726; x_wconf 78' lang='lat' dir='ltr'>vel</span> <span class='ocrx_word' id='word_1_151' title='bbox 631 1693 766 1726; x_wconf 84' lang='lat' dir='ltr'>aliarum</span> <span class='ocrx_word' id='word_1_152' title='bbox 788 1693 1172 1737; x_wconf 85' lang='lat' dir='ltr'>mulierum,penesquas</span> 
     </span>
     <span class='ocr_line' id='line_1_33' title="bbox 427 1746 1171 1791; baseline -0.001 -11"><span class='ocrx_word' id='word_1_153' title='bbox 427 1747 560 1790; x_wconf 75' lang='lat' dir='ltr'>(legunt,</span> <span class='ocrx_word' id='word_1_154' title='bbox 576 1747 658 1780; x_wconf 85' lang='lat' dir='ltr'>ritae</span> <span class='ocrx_word' id='word_1_155' title='bbox 680 1746 916 1791; x_wconf 77' lang='lat' dir='ltr'>impudicitiam</span> <span class='ocrx_word' id='word_1_156' title='bbox 938 1752 967 1780; x_wconf 91' lang='lat' dir='ltr'>et</span> <span class='ocrx_word' id='word_1_157' title='bbox 989 1746 1171 1791; x_wconf 86' lang='lat' dir='ltr'>exemplum</span> 
     </span>
    </p>
   </div>
   <div class='ocr_carea' id='block_1_11' title="bbox 427 1800 1949 1890">
    <p class='ocr_par' dir='ltr' id='par_1_11' title="bbox 427 1800 1949 1890">
     <span class='ocr_line' id='line_1_34' title="bbox 427 1800 1191 1841; baseline -0.001 -7"><span class='ocrx_word' id='word_1_158' title='bbox 427 1801 666 1841; x_wconf 86' lang='lat' dir='ltr'>seandalosum,</span> <span class='ocrx_word' id='word_1_159' title='bbox 690 1800 787 1834; x_wconf 81' lang='lat' dir='ltr'>simili</span> <span class='ocrx_word' id='word_1_160' title='bbox 810 1800 935 1833; x_wconf 82' lang='lat' dir='ltr'>vivendi</span> <span class='ocrx_word' id='word_1_161' title='bbox 967 1800 1087 1840; x_wconf 87' lang='lat' dir='ltr'>modo,</span> <span class='ocrx_word' id='word_1_162' title='bbox 1124 1800 1191 1837; x_wconf 71' lang='lat' dir='ltr'>vcl;</span> 
     </span>
     <span class='ocr_line' id='line_1_35' title="bbox 1189 1848 1949 1890; baseline -0.004 -5"><span class='ocrx_word' id='word_1_163' title='bbox 1189 1848 1328 1885; x_wconf 62' lang='lat' dir='ltr'>⁴*delibet</span> <span class='ocrx_word' id='word_1_164' title='bbox 1361 1850 1504 1884; x_wconf 86' lang='lat' dir='ltr'>innodati</span> <span class='ocrx_word' id='word_1_165' title='bbox 1533 1850 1670 1883; x_wconf 76' lang='lat' dir='ltr'>existunt</span> <span class='ocrx_word' id='word_1_166' title='bbox 1694 1877 1700 1890; x_wconf 90' lang='lat'>,</span> <span class='ocrx_word' id='word_1_167' title='bbox 1735 1849 1774 1882; x_wconf 83' lang='lat' dir='ltr'>ad</span> <span class='ocrx_word' id='word_1_168' title='bbox 1803 1849 1949 1883; x_wconf 75' lang='lat' dir='ltr'>effectum</span> 
     </span>
    </p>
   </div>
   <div class='ocr_carea' id='block_1_12' title="bbox 428 1852 1173 2004">
    <p class='ocr_par' dir='ltr' id='par_1_12' title="bbox 428 1852 1173 2004">
     <span class='ocr_line' id='line_1_36' title="bbox 428 1852 1173 1898; baseline -0.001 -11"><span class='ocrx_word' id='word_1_169' title='bbox 428 1853 642 1898; x_wconf 88' lang='lat' dir='ltr'>prostituendi</span> <span class='ocrx_word' id='word_1_170' title='bbox 673 1864 706 1887; x_wconf 81' lang='lat' dir='ltr'>se</span> <span class='ocrx_word' id='word_1_171' title='bbox 736 1853 880 1898; x_wconf 89' lang='lat' dir='ltr'>periculo</span> <span class='ocrx_word' id='word_1_172' title='bbox 905 1853 945 1886; x_wconf 89' lang='lat' dir='ltr'>de</span> <span class='ocrx_word' id='word_1_173' title='bbox 967 1853 1050 1886; x_wconf 82' lang='lat' dir='ltr'>sacili</span> <span class='ocrx_word' id='word_1_174' title='bbox 1072 1852 1173 1895; x_wconf 81' lang='lat' dir='ltr'>magis</span> 
     </span>
     <span class='ocr_line' id='line_1_37' title="bbox 429 1906 1173 1952; baseline -0.003 -11"><span class='ocrx_word' id='word_1_175' title='bbox 429 1908 588 1952; x_wconf 77' lang='lat' dir='ltr'>expositas</span> <span class='ocrx_word' id='word_1_176' title='bbox 609 1913 811 1952; x_wconf 87' lang='lat' dir='ltr'>compertum</span> <span class='ocrx_word' id='word_1_177' title='bbox 838 1907 968 1947; x_wconf 83' lang='lat' dir='ltr'>babent,</span> <span class='ocrx_word' id='word_1_178' title='bbox 989 1918 1006 1940; x_wconf 87' lang='lat' dir='ltr'>a</span> <span class='ocrx_word' id='word_1_179' title='bbox 1027 1906 1091 1940; x_wconf 91' lang='lat' dir='ltr'>suis</span> <span class='ocrx_word' id='word_1_180' title='bbox 1120 1918 1173 1947; x_wconf 69' lang='lat' dir='ltr'>ge-</span> 
     </span>
     <span class='ocr_line' id='line_1_38' title="bbox 429 1960 1170 2004; baseline 0 -10"><span class='ocrx_word' id='word_1_181' title='bbox 429 1961 608 2002; x_wconf 85' lang='lat' dir='ltr'>nitricibus,</span> <span class='ocrx_word' id='word_1_182' title='bbox 633 1967 663 1994; x_wconf 87' lang='lat' dir='ltr'>et</span> <span class='ocrx_word' id='word_1_183' title='bbox 684 1961 754 1994; x_wconf 85' lang='lat' dir='ltr'>aliis</span> <span class='ocrx_word' id='word_1_184' title='bbox 776 1960 966 1993; x_wconf 80' lang='lat' dir='ltr'>mulieribus</span> <span class='ocrx_word' id='word_1_185' title='bbox 987 1960 1170 2004; x_wconf 87' lang='lat' dir='ltr'>praedictis,</span> 
     </span>
    </p>
   </div>
   <div class='ocr_carea' id='block_1_13' title="bbox 429 2013 1192 2056">
    <p class='ocr_par' dir='ltr' id='par_1_13' title="bbox 429 2013 1192 2056">
     <span class='ocr_line' id='line_1_39' title="bbox 429 2013 1192 2056; baseline 0 -8"><span class='ocrx_word' id='word_1_186' title='bbox 429 2015 524 2049; x_wconf 83' lang='lat' dir='ltr'>etiarn</span> <span class='ocrx_word' id='word_1_187' title='bbox 552 2015 612 2048; x_wconf 79' lang='lat' dir='ltr'>iltis</span> <span class='ocrx_word' id='word_1_188' title='bbox 634 2015 751 2056; x_wconf 83' lang='lat' dir='ltr'>inritis,</span> <span class='ocrx_word' id='word_1_189' title='bbox 775 2015 955 2054; x_wconf 84' lang='lat' dir='ltr'>abducere,</span> <span class='ocrx_word' id='word_1_190' title='bbox 980 2020 1010 2047; x_wconf 85' lang='lat' dir='ltr'>ct</span> <span class='ocrx_word' id='word_1_191' title='bbox 1031 2014 1062 2046; x_wconf 88' lang='lat' dir='ltr'>in</span> <span class='ocrx_word' id='word_1_192' title='bbox 1088 2013 1192 2048; x_wconf 82' lang='lat' dir='ltr'>dicto:</span> 
     </span>
    </p>
   </div>
   <div class='ocr_carea' id='block_1_14' title="bbox 430 2067 1171 2162">
    <p class='ocr_par' dir='ltr' id='par_1_14' title="bbox 430 2067 1171 2162">
     <span class='ocr_line' id='line_1_40' title="bbox 431 2067 1171 2102; baseline -0.004 0"><span class='ocrx_word' id='word_1_193' title='bbox 431 2068 628 2102; x_wconf 82' lang='lat' dir='ltr'>monasterio</span> <span class='ocrx_word' id='word_1_194' title='bbox 650 2068 736 2101; x_wconf 74' lang='lat' dir='ltr'>itlius</span> <span class='ocrx_word' id='word_1_195' title='bbox 764 2067 953 2101; x_wconf 86' lang='lat' dir='ltr'>monialium</span> <span class='ocrx_word' id='word_1_196' title='bbox 984 2078 1061 2100; x_wconf 79' lang='lat' dir='ltr'>cura</span> <span class='ocrx_word' id='word_1_197' title='bbox 1090 2067 1171 2100; x_wconf 86' lang='lat' dir='ltr'>edu-</span> 
     </span>
     <span class='ocr_line' id='line_1_41' title="bbox 430 2122 1106 2162; baseline -0.001 -7"><span class='ocrx_word' id='word_1_198' title='bbox 430 2124 547 2156; x_wconf 81' lang='lat' dir='ltr'>candas</span> <span class='ocrx_word' id='word_1_199' title='bbox 575 2129 603 2156; x_wconf 89' lang='lat' dir='ltr'>et</span> <span class='ocrx_word' id='word_1_200' title='bbox 635 2123 840 2156; x_wconf 84' lang='lat' dir='ltr'>instruendas</span> <span class='ocrx_word' id='word_1_201' title='bbox 879 2122 1106 2162; x_wconf 81' lang='lat' dir='ltr'>committere,</span> 
     </span>
    </p>
   </div>
   <div class='ocr_carea' id='block_1_15' title="bbox 430 2227 1173 2272">
    <p class='ocr_par' dir='ltr' id='par_1_15' title="bbox 430 2227 1173 2272">
     <span class='ocr_line' id='line_1_42' title="bbox 430 2227 1173 2272; baseline -0.001 -11"><span class='ocrx_word' id='word_1_202' title='bbox 430 2230 472 2262; x_wconf 59' lang='lat' dir='ltr'>sis</span> <span class='ocrx_word' id='word_1_203' title='bbox 490 2230 634 2263; x_wconf 73' lang='lat' dir='ltr'>eiusdem</span> <span class='ocrx_word' id='word_1_204' title='bbox 662 2229 870 2267; x_wconf 71' lang='lat' dir='ltr'>monasterii,</span> <span class='ocrx_word' id='word_1_205' title='bbox 895 2234 922 2261; x_wconf 79' lang='lat' dir='ltr'>ct</span> <span class='ocrx_word' id='word_1_206' title='bbox 947 2228 1007 2272; x_wconf 79' lang='lat' dir='ltr'>piis</span> <span class='ocrx_word' id='word_1_207' title='bbox 1028 2227 1173 2261; x_wconf 78' lang='lat' dir='ltr'>fidelium</span> 
     </span>
    </p>
   </div>
   <div class='ocr_carea' id='block_1_16' title="bbox 431 2282 1171 2328">
    <p class='ocr_par' dir='ltr' id='par_1_16' title="bbox 431 2277 1193 2328">
     <span class='ocr_line' id='line_1_43' title="bbox 431 2282 1171 2328; baseline -0.005 -11"><span class='ocrx_word' id='word_1_208' title='bbox 431 2284 642 2328; x_wconf 67' lang='lat' dir='ltr'>elecmosynis</span> <span class='ocrx_word' id='word_1_209' title='bbox 661 2289 688 2316; x_wconf 77' lang='lat' dir='ltr'>ct</span> <span class='ocrx_word' id='word_1_210' title='bbox 717 2282 951 2325; x_wconf 66' lang='lat' dir='ltr'>largitumibus,</span> <span class='ocrx_word' id='word_1_211' title='bbox 969 2283 1054 2315; x_wconf 72' lang='lat' dir='ltr'>:itm-0</span> <span class='ocrx_word' id='word_1_212' title='bbox 1075 2288 1101 2314; x_wconf 86' lang='lat' dir='ltr'>ct</span> <span class='ocrx_word' id='word_1_213' title='bbox 1116 2293 1171 2314; x_wconf 80' lang='lat' dir='ltr'>su-</span> 
     </span>
    </p>
   </div>
   <div class='ocr_carea' id='block_1_17' title="bbox 431 2336 1173 2374">
    <p class='ocr_par' dir='ltr' id='par_1_17' title="bbox 431 2336 1173 2374">
     <span class='ocr_line' id='line_1_44' title="bbox 431 2336 1173 2374; baseline -0.003 -5"><span class='ocrx_word' id='word_1_214' title='bbox 431 2343 570 2371; x_wconf 73' lang='lat' dir='ltr'>stcntare</span> <span class='ocrx_word' id='word_1_215' title='bbox 591 2336 827 2374; x_wconf 76' lang='lat' dir='ltr'>consueverint,</span> <span class='ocrx_word' id='word_1_216' title='bbox 852 2337 954 2369; x_wconf 79' lang='lat' dir='ltr'>donec</span> <span class='ocrx_word' id='word_1_217' title='bbox 975 2336 1014 2369; x_wconf 84' lang='lat' dir='ltr'>ad</span> <span class='ocrx_word' id='word_1_218' title='bbox 1036 2341 1173 2368; x_wconf 81' lang='lat' dir='ltr'>aetatem</span> 
     </span>
    </p>
   </div>
   <div class='ocr_carea' id='block_1_18' title="bbox 433 2389 1193 2435">
    <p class='ocr_par' dir='ltr' id='par_1_18' title="bbox 433 2389 1193 2435">
     <span class='ocr_line' id='line_1_45' title="bbox 433 2389 1193 2435; baseline -0.004 -11"><span class='ocrx_word' id='word_1_219' title='bbox 433 2391 574 2424; x_wconf 81' lang='lat' dir='ltr'>nubilcni</span> <span class='ocrx_word' id='word_1_220' title='bbox 599 2397 786 2435; x_wconf 71' lang='lat' dir='ltr'>perventae,</span> <span class='ocrx_word' id='word_1_221' title='bbox 809 2389 1034 2430; x_wconf 79' lang='lat' dir='ltr'>unitrimonio,</span> <span class='ocrx_word' id='word_1_222' title='bbox 1058 2389 1193 2422; x_wconf 46' lang='lat' dir='ltr'>consti-¹</span> 
     </span>
    </p>
   </div>
   <div class='ocr_carea' id='block_1_19' title="bbox 433 2443 1176 2695">
    <p class='ocr_par' dir='ltr' id='par_1_19' title="bbox 433 2443 1176 2695">
     <span class='ocr_line' id='line_1_46' title="bbox 433 2443 1172 2488; baseline -0.003 -11"><span class='ocrx_word' id='word_1_223' title='bbox 433 2451 497 2477; x_wconf 87' lang='lat' dir='ltr'>tuta</span> <span class='ocrx_word' id='word_1_224' title='bbox 516 2444 717 2488; x_wconf 58' lang='lat' dir='ltr'>siugulispou&#39;</span> <span class='ocrx_word' id='word_1_225' title='bbox 737 2444 1022 2486; x_wconf 73' lang='lat' dir='ltr'>‹-on·‚;1···gaii‹.›nciu</span> <span class='ocrx_word' id='word_1_226' title='bbox 1043 2454 1099 2476; x_wconf 82' lang='lat' dir='ltr'>seu</span> <span class='ocrx_word' id='word_1_227' title='bbox 1114 2443 1172 2475; x_wconf 82' lang='lat' dir='ltr'>de-</span> 
     </span>
     <span class='ocr_line' id='line_1_47' title="bbox 433 2497 1176 2542; baseline -0.003 -12"><span class='ocrx_word' id='word_1_228' title='bbox 433 2504 559 2542; x_wconf 73' lang='lat' dir='ltr'>putatos</span> <span class='ocrx_word' id='word_1_229' title='bbox 581 2497 764 2530; x_wconf 75' lang='lat' dir='ltr'>buiusnuuli</span> <span class='ocrx_word' id='word_1_230' title='bbox 787 2503 986 2537; x_wconf 57' lang='lat' dir='ltr'>contu-uento</span> <span class='ocrx_word' id='word_1_231' title='bbox 1008 2497 1094 2534; x_wconf 79' lang='lat' dir='ltr'>dote,</span> <span class='ocrx_word' id='word_1_232' title='bbox 1110 2497 1176 2529; x_wconf 86' lang='lat' dir='ltr'>col-</span> 
     </span>
     <span class='ocr_line' id='line_1_48' title="bbox 433 2550 1174 2595; baseline 0 -13"><span class='ocrx_word' id='word_1_233' title='bbox 433 2552 589 2583; x_wconf 62' lang='lat' dir='ltr'>locontur.</span> <span class='ocrx_word' id='word_1_234' title='bbox 607 2552 750 2595; x_wconf 68' lang='lat' dir='ltr'>ttuumpw</span> <span class='ocrx_word' id='word_1_235' title='bbox 761 2557 930 2595; x_wconf 63' lang='lat' dir='ltr'>propterea</span> <span class='ocrx_word' id='word_1_236' title='bbox 944 2550 1174 2583; x_wconf 84' lang='lat' dir='ltr'>monasterium</span> 
     </span>
     <span class='ocr_line' id='line_1_49' title="bbox 433 2603 1176 2643; baseline -0.001 -7"><span class='ocrx_word' id='word_1_237' title='bbox 433 2614 488 2636; x_wconf 63' lang='lat' dir='ltr'>scu</span> <span class='ocrx_word' id='word_1_238' title='bbox 510 2604 716 2643; x_wconf 57' lang='lat' dir='ltr'>congru-„ratio</span> <span class='ocrx_word' id='word_1_239' title='bbox 744 2603 952 2643; x_wconf 70' lang='lat' dir='ltr'>luunt-motii,</span> <span class='ocrx_word' id='word_1_240' title='bbox 976 2603 1066 2636; x_wconf 74' lang='lat' dir='ltr'>cuius</span> <span class='ocrx_word' id='word_1_241' title='bbox 1093 2603 1176 2635; x_wconf 75' lang='lat' dir='ltr'>rctli-</span> 
     </span>
     <span class='ocr_line' id='line_1_50' title="bbox 434 2656 1174 2695; baseline -0.003 -5"><span class='ocrx_word' id='word_1_242' title='bbox 434 2663 482 2690; x_wconf 76' lang='lat' dir='ltr'>tus</span> <span class='ocrx_word' id='word_1_243' title='bbox 502 2657 578 2690; x_wconf 65' lang='lat' dir='ltr'>sati&gt;</span> <span class='ocrx_word' id='word_1_244' title='bbox 611 2662 722 2690; x_wconf 73' lang='lat' dir='ltr'>tcnucs</span> <span class='ocrx_word' id='word_1_245' title='bbox 747 2663 831 2695; x_wconf 67' lang='lat' dir='ltr'>suut,</span> <span class='ocrx_word' id='word_1_246' title='bbox 863 2656 1026 2689; x_wconf 68' lang='lat' dir='ltr'>multoties</span> <span class='ocrx_word' id='word_1_247' title='bbox 1067 2667 1174 2689; x_wconf 82' lang='lat' dir='ltr'>rerum</span> 
     </span>
    </p>
   </div>
   <div class='ocr_carea' id='block_1_20' title="bbox 1006 247 1366 272">
    <p class='ocr_par' dir='ltr' id='par_1_20' title="bbox 1006 247 1366 272">
     <span class='ocr_line' id='line_1_51' title="bbox 1006 247 1366 272; baseline 0 0"><span class='ocrx_word' id='word_1_248' title='bbox 1006 248 1190 272; x_wconf 72' lang='lat' dir='ltr'>BULLARIUM</span> <span class='ocrx_word' id='word_1_249' title='bbox 1209 247 1366 272; x_wconf 70' lang='lat' dir='ltr'>ROMANUM</span> 
     </span>
    </p>
   </div>
   <div class='ocr_carea' id='block_1_21' title="bbox 1188 1634 2118 1786">
    <p class='ocr_par' dir='ltr' id='par_1_21' title="bbox 1188 1634 2118 1786">
     <span class='ocr_line' id='line_1_52' title="bbox 1188 1634 2118 1680; baseline -0.005 -10"><span class='ocrx_word' id='word_1_250' title='bbox 1188 1641 1190 1658; x_wconf 62' lang='lat'><em>³</em></span> <span class='ocrx_word' id='word_1_251' title='bbox 1208 1636 1314 1675; x_wconf 89' lang='lat' dir='ltr'>tionis,</span> <span class='ocrx_word' id='word_1_252' title='bbox 1337 1635 1556 1680; x_wconf 84' lang='lat' dir='ltr'>suspensionis</span> <span class='ocrx_word' id='word_1_253' title='bbox 1575 1641 1605 1668; x_wconf 88' lang='lat' dir='ltr'>et</span> <span class='ocrx_word' id='word_1_254' title='bbox 1626 1634 1798 1675; x_wconf 85' lang='lat' dir='ltr'>interdicti,</span> <span class='ocrx_word' id='word_1_255' title='bbox 1815 1634 1951 1678; x_wconf 89' lang='lat' dir='ltr'>aliisque</span> <span class='ocrx_word' id='word_1_256' title='bbox 1965 1645 2064 1666; x_wconf 78' lang='lat' dir='ltr'>standum</span> <span class='ocrx_word' id='word_1_257' title='bbox 2073 1642 2118 1666; x_wconf 53' lang='lat' dir='ltr'>un*</span> 
     </span>
     <span class='ocr_line' id='line_1_53' title="bbox 1188 1684 1948 1732; baseline -0.004 -8"><span class='ocrx_word' id='word_1_258' title='bbox 1188 1684 1191 1702; x_wconf 70' lang='lat'>²</span> <span class='ocrx_word' id='word_1_259' title='bbox 1207 1689 1431 1724; x_wconf 81' lang='lat' dir='ltr'>ecclesiasticis</span> <span class='ocrx_word' id='word_1_260' title='bbox 1450 1688 1628 1729; x_wconf 82' lang='lat' dir='ltr'>sententiis,</span> <span class='ocrx_word' id='word_1_261' title='bbox 1652 1687 1797 1721; x_wconf 81' lang='lat' dir='ltr'>censuris</span> <span class='ocrx_word' id='word_1_262' title='bbox 1817 1693 1847 1721; x_wconf 91' lang='lat' dir='ltr'>et</span> <span class='ocrx_word' id='word_1_263' title='bbox 1866 1697 1948 1732; x_wconf 87' lang='lat' dir='ltr'>poe-</span> 
     </span>
     <span class='ocr_line' id='line_1_54' title="bbox 1189 1741 1947 1786; baseline -0.005 -8"><span class='ocrx_word' id='word_1_264' title='bbox 1189 1745 1267 1785; x_wconf 72' lang='lat' dir='ltr'>‘nis,</span> <span class='ocrx_word' id='word_1_265' title='bbox 1291 1756 1308 1777; x_wconf 84' lang='lat' dir='ltr'>a</span> <span class='ocrx_word' id='word_1_266' title='bbox 1329 1743 1398 1777; x_wconf 86' lang='lat' dir='ltr'>iure</span> <span class='ocrx_word' id='word_1_267' title='bbox 1416 1743 1464 1776; x_wconf 80' lang='lat' dir='ltr'>vel</span> <span class='ocrx_word' id='word_1_268' title='bbox 1491 1743 1531 1776; x_wconf 85' lang='lat' dir='ltr'>ab</span> <span class='ocrx_word' id='word_1_269' title='bbox 1552 1742 1696 1782; x_wconf 86' lang='lat' dir='ltr'>homine,</span> <span class='ocrx_word' id='word_1_270' title='bbox 1719 1741 1831 1786; x_wconf 78' lang='lat' dir='ltr'>quavis</span> <span class='ocrx_word' id='word_1_271' title='bbox 1851 1751 1947 1775; x_wconf 81' lang='lat' dir='ltr'>oeca-</span> 
     </span>
    </p>
   </div>
   <div class='ocr_carea' id='block_1_22' title="bbox 430 2133 1193 2222">
    <p class='ocr_par' dir='ltr' id='par_1_22' title="bbox 430 2133 1193 2222">
     <span class='ocr_line' id='line_1_55' title="bbox 1139 2133 1174 2154; baseline 0.029 -1"><span class='ocrx_word' id='word_1_272' title='bbox 1139 2133 1174 2154; x_wconf 84' lang='lat' dir='ltr'>uc</span> 
     </span>
     <span class='ocr_line' id='line_1_56' title="bbox 1191 2159 1193 2170; baseline 0 0"><span class='ocrx_word' id='word_1_273' title='bbox 1191 2159 1193 2170; x_wconf 77' lang='grc'>1</span> 
     </span>
     <span class='ocr_line' id='line_1_57' title="bbox 430 2176 1193 2222; baseline -0.003 -14"><span class='ocrx_word' id='word_1_274' title='bbox 430 2177 508 2210; x_wconf 82' lang='lat' dir='ltr'>alias</span> <span class='ocrx_word' id='word_1_275' title='bbox 531 2176 686 2220; x_wconf 79' lang='lat' dir='ltr'>recipere.</span> <span class='ocrx_word' id='word_1_276' title='bbox 719 2176 967 2220; x_wconf 75' lang='lat' dir='ltr'>sumptibusque</span> <span class='ocrx_word' id='word_1_277' title='bbox 995 2180 1025 2207; x_wconf 85' lang='lat' dir='ltr'>ct</span> <span class='ocrx_word' id='word_1_278' title='bbox 1055 2186 1193 2222; x_wconf 60' lang='lat' dir='ltr'>expeti-3</span> 
     </span>
    </p>
   </div>
   <div class='ocr_carea' id='block_1_23' title="bbox 1186 295 1950 1089">
    <p class='ocr_par' dir='ltr' id='par_1_23' title="bbox 1186 295 1950 1089">
     <span class='ocr_line' id='line_1_58' title="bbox 1202 295 1944 340; baseline 0.001 -12"><span class='ocrx_word' id='word_1_279' title='bbox 1202 296 1349 339; x_wconf 83' lang='lat' dir='ltr'>angustia</span> <span class='ocrx_word' id='word_1_280' title='bbox 1368 301 1545 340; x_wconf 84' lang='lat' dir='ltr'>prematur,</span> <span class='ocrx_word' id='word_1_281' title='bbox 1559 300 1589 329; x_wconf 86' lang='lat' dir='ltr'>et</span> <span class='ocrx_word' id='word_1_282' title='bbox 1610 295 1894 337; x_wconf 82' lang='lat' dir='ltr'>commoditatibus</span> <span class='ocrx_word' id='word_1_283' title='bbox 1907 306 1944 329; x_wconf 87' lang='lat' dir='ltr'>ac</span> 
     </span>
     <span class='ocr_line' id='line_1_59' title="bbox 1186 349 1944 393; baseline -0.001 -10"><span class='ocrx_word' id='word_1_284' title='bbox 1186 374 1187 383; x_wconf 42' lang='lat' dir='ltr'>t</span> <span class='ocrx_word' id='word_1_285' title='bbox 1203 351 1273 385; x_wconf 90' lang='lat' dir='ltr'>aliis</span> <span class='ocrx_word' id='word_1_286' title='bbox 1293 350 1352 383; x_wconf 89' lang='lat' dir='ltr'>sibi</span> <span class='ocrx_word' id='word_1_287' title='bbox 1373 349 1563 383; x_wconf 87' lang='lat' dir='ltr'>necessariis</span> <span class='ocrx_word' id='word_1_288' title='bbox 1576 349 1730 392; x_wconf 80' lang='lat' dir='ltr'>indigeat;</span> <span class='ocrx_word' id='word_1_289' title='bbox 1747 349 1824 393; x_wconf 87' lang='lat' dir='ltr'>quia</span> <span class='ocrx_word' id='word_1_290' title='bbox 1836 355 1944 383; x_wconf 83' lang='lat' dir='ltr'>tamen</span> 
     </span>
     <span class='ocr_line' id='line_1_60' title="bbox 1186 403 1942 449; baseline -0.003 -11"><span class='ocrx_word' id='word_1_291' title='bbox 1186 406 1375 449; x_wconf 46' lang='lat' dir='ltr'>¹pleraeque</span> <span class='ocrx_word' id='word_1_292' title='bbox 1400 403 1515 447; x_wconf 81' lang='lat' dir='ltr'>puellis</span> <span class='ocrx_word' id='word_1_293' title='bbox 1544 413 1604 447; x_wconf 90' lang='lat' dir='ltr'>pro</span> <span class='ocrx_word' id='word_1_294' title='bbox 1624 408 1770 447; x_wconf 87' lang='lat' dir='ltr'>tempore</span> <span class='ocrx_word' id='word_1_295' title='bbox 1791 403 1870 436; x_wconf 90' lang='lat' dir='ltr'>inibi</span> <span class='ocrx_word' id='word_1_296' title='bbox 1890 403 1942 436; x_wconf 92' lang='lat' dir='ltr'>in-</span> 
     </span>
     <span class='ocr_line' id='line_1_61' title="bbox 1203 456 1942 499; baseline -0.001 -8"><span class='ocrx_word' id='word_1_297' title='bbox 1203 457 1360 491; x_wconf 88' lang='lat' dir='ltr'>troductis</span> <span class='ocrx_word' id='word_1_298' title='bbox 1381 463 1412 490; x_wconf 81' lang='lat' dir='ltr'>et</span> <span class='ocrx_word' id='word_1_299' title='bbox 1432 456 1580 490; x_wconf 85' lang='lat' dir='ltr'>abductis</span> <span class='ocrx_word' id='word_1_300' title='bbox 1595 484 1602 496; x_wconf 89' lang='lat'><strong><em>‚</em></strong></span> <span class='ocrx_word' id='word_1_301' title='bbox 1633 456 1697 490; x_wconf 73' lang='lat' dir='ltr'>sire</span> <span class='ocrx_word' id='word_1_302' title='bbox 1719 467 1828 489; x_wconf 85' lang='lat' dir='ltr'>earum</span> <span class='ocrx_word' id='word_1_303' title='bbox 1850 457 1942 499; x_wconf 83' lang='lat' dir='ltr'>geni-</span> 
     </span>
     <span class='ocr_line' id='line_1_62' title="bbox 1205 509 1946 554; baseline 0 -11"><span class='ocrx_word' id='word_1_304' title='bbox 1205 511 1298 544; x_wconf 82' lang='lat' dir='ltr'>trices</span> <span class='ocrx_word' id='word_1_305' title='bbox 1318 515 1349 543; x_wconf 86' lang='lat' dir='ltr'>ct</span> <span class='ocrx_word' id='word_1_306' title='bbox 1368 515 1518 554; x_wconf 86' lang='lat' dir='ltr'>parentes</span> <span class='ocrx_word' id='word_1_307' title='bbox 1538 510 1705 542; x_wconf 81' lang='lat' dir='ltr'>facultates</span> <span class='ocrx_word' id='word_1_308' title='bbox 1724 509 1854 551; x_wconf 87' lang='lat' dir='ltr'>babent,</span> <span class='ocrx_word' id='word_1_309' title='bbox 1876 510 1946 554; x_wconf 88' lang='lat' dir='ltr'>qui-</span> 
     </span>
     <span class='ocr_line' id='line_1_63' title="bbox 1203 563 1945 607; baseline -0.001 -9"><span class='ocrx_word' id='word_1_310' title='bbox 1203 565 1263 598; x_wconf 89' lang='lat' dir='ltr'>bus</span> <span class='ocrx_word' id='word_1_311' title='bbox 1283 564 1404 597; x_wconf 90' lang='lat' dir='ltr'>eisdem</span> <span class='ocrx_word' id='word_1_312' title='bbox 1427 563 1542 607; x_wconf 88' lang='lat' dir='ltr'>puellis</span> <span class='ocrx_word' id='word_1_313' title='bbox 1559 563 1599 596; x_wconf 86' lang='lat' dir='ltr'>ad</span> <span class='ocrx_word' id='word_1_314' title='bbox 1611 563 1729 596; x_wconf 82' lang='lat' dir='ltr'>victum</span> <span class='ocrx_word' id='word_1_315' title='bbox 1750 569 1781 597; x_wconf 91' lang='lat' dir='ltr'>et</span> <span class='ocrx_word' id='word_1_316' title='bbox 1797 563 1945 597; x_wconf 80' lang='lat' dir='ltr'>vestitum</span> 
     </span>
     <span class='ocr_line' id='line_1_64' title="bbox 1203 616 1946 660; baseline -0.001 -9"><span class='ocrx_word' id='word_1_317' title='bbox 1203 617 1382 652; x_wconf 84' lang='lat' dir='ltr'>neccssaria</span> <span class='ocrx_word' id='word_1_318' title='bbox 1410 616 1649 654; x_wconf 83' lang='lat' dir='ltr'>subministrari</span> <span class='ocrx_word' id='word_1_319' title='bbox 1680 622 1832 660; x_wconf 85' lang='lat' dir='ltr'>possent,</span> <span class='ocrx_word' id='word_1_320' title='bbox 1863 617 1946 650; x_wconf 87' lang='lat' dir='ltr'>eius-</span> 
     </span>
     <span class='ocr_line' id='line_1_65' title="bbox 1204 669 1948 705; baseline -0.001 -1"><span class='ocrx_word' id='word_1_321' title='bbox 1204 672 1276 705; x_wconf 88' lang='lat' dir='ltr'>dem</span> <span class='ocrx_word' id='word_1_322' title='bbox 1299 669 1740 704; x_wconf 86' lang='lat' dir='ltr'>monasteriinecessitatibus</span> <span class='ocrx_word' id='word_1_323' title='bbox 1760 670 1851 703; x_wconf 74' lang='lat' dir='ltr'>valde</span> <span class='ocrx_word' id='word_1_324' title='bbox 1871 680 1948 703; x_wconf 87' lang='lat' dir='ltr'>con-</span> 
     </span>
     <span class='ocr_line' id='line_1_66' title="bbox 1204 723 1947 768; baseline -0.001 -10"><span class='ocrx_word' id='word_1_325' title='bbox 1204 725 1265 758; x_wconf 88' lang='lat' dir='ltr'>suli</span> <span class='ocrx_word' id='word_1_326' title='bbox 1285 725 1406 768; x_wconf 73' lang='lat' dir='ltr'>possit,</span> <span class='ocrx_word' id='word_1_327' title='bbox 1435 724 1460 757; x_wconf 89' lang='lat' dir='ltr'>si</span> <span class='ocrx_word' id='word_1_328' title='bbox 1485 724 1579 757; x_wconf 86' lang='lat' dir='ltr'>dictis</span> <span class='ocrx_word' id='word_1_329' title='bbox 1605 723 1720 768; x_wconf 86' lang='lat' dir='ltr'>puellis</span> <span class='ocrx_word' id='word_1_330' title='bbox 1735 751 1742 765; x_wconf 90' lang='lat'>,</span> <span class='ocrx_word' id='word_1_331' title='bbox 1769 724 1854 757; x_wconf 79' lang='lat' dir='ltr'>iuxta</span> <span class='ocrx_word' id='word_1_332' title='bbox 1874 734 1947 767; x_wconf 82' lang='lat' dir='ltr'>suas</span> 
     </span>
     <span class='ocr_line' id='line_1_67' title="bbox 1205 772 1948 822; baseline -0.001 -10"><span class='ocrx_word' id='word_1_333' title='bbox 1205 784 1259 812; x_wconf 85' lang='lat' dir='ltr'>aut</span> <span class='ocrx_word' id='word_1_334' title='bbox 1278 789 1412 812; x_wconf 86' lang='lat' dir='ltr'>suorum</span> <span class='ocrx_word' id='word_1_335' title='bbox 1430 772 1672 822; x_wconf 80' lang='lat' dir='ltr'>praedictorum</span> <span class='ocrx_word' id='word_1_336' title='bbox 1691 777 1868 818; x_wconf 82' lang='lat' dir='ltr'>facultates,</span> <span class='ocrx_word' id='word_1_337' title='bbox 1893 787 1948 811; x_wconf 89' lang='lat' dir='ltr'>ne-</span> 
     </span>
     <span class='ocr_line' id='line_1_68' title="bbox 1205 830 1947 875; baseline -0.001 -10"><span class='ocrx_word' id='word_1_338' title='bbox 1205 831 1343 865; x_wconf 86' lang='lat' dir='ltr'>cessaria</span> <span class='ocrx_word' id='word_1_339' title='bbox 1379 831 1688 864; x_wconf 79' lang='lat' dir='ltr'>sulnninistrentur:</span> <span class='ocrx_word' id='word_1_340' title='bbox 1731 830 1852 864; x_wconf 80' lang='lat' dir='ltr'>ideirco</span> <span class='ocrx_word' id='word_1_341' title='bbox 1887 841 1947 875; x_wconf 85' lang='lat' dir='ltr'>pro</span> 
     </span>
     <span class='ocr_line' id='line_1_69' title="bbox 1205 883 1946 930; baseline 0 -12"><span class='ocrx_word' id='word_1_342' title='bbox 1205 895 1295 930; x_wconf 84' lang='lat' dir='ltr'>parte</span> <span class='ocrx_word' id='word_1_343' title='bbox 1315 884 1529 929; x_wconf 87' lang='lat' dir='ltr'>protectoris,</span> <span class='ocrx_word' id='word_1_344' title='bbox 1562 883 1698 928; x_wconf 73' lang='lat' dir='ltr'>praelati</span> <span class='ocrx_word' id='word_1_345' title='bbox 1724 889 1755 917; x_wconf 87' lang='lat' dir='ltr'>et</span> <span class='ocrx_word' id='word_1_346' title='bbox 1773 884 1946 928; x_wconf 83' lang='lat' dir='ltr'>deputato-</span> 
     </span>
     <span class='ocr_line' id='line_1_70' title="bbox 1187 937 1950 983; baseline -0.003 -11"><span class='ocrx_word' id='word_1_347' title='bbox 1187 950 1276 972; x_wconf 63' lang='lat' dir='ltr'>1rum</span> <span class='ocrx_word' id='word_1_348' title='bbox 1307 939 1550 983; x_wconf 89' lang='lat' dir='ltr'>praedictorum</span> <span class='ocrx_word' id='word_1_349' title='bbox 1581 937 1674 970; x_wconf 93' lang='lat' dir='ltr'>nobis</span> <span class='ocrx_word' id='word_1_350' title='bbox 1696 937 1754 970; x_wconf 80' lang='lat' dir='ltr'>fuit</span> <span class='ocrx_word' id='word_1_351' title='bbox 1781 937 1950 971; x_wconf 84' lang='lat' dir='ltr'>humiliter</span> 
     </span>
     <span class='ocr_line' id='line_1_71' title="bbox 1205 990 1948 1037; baseline -0.003 -11"><span class='ocrx_word' id='word_1_352' title='bbox 1205 993 1594 1037; x_wconf 84' lang='lat' dir='ltr'>supplicatum,quatenus</span> <span class='ocrx_word' id='word_1_353' title='bbox 1607 991 1751 1025; x_wconf 87' lang='lat' dir='ltr'>eiusdem</span> <span class='ocrx_word' id='word_1_354' title='bbox 1763 990 1948 1024; x_wconf 88' lang='lat' dir='ltr'>monasterii</span> 
     </span>
     <span class='ocr_line' id='line_1_72' title="bbox 1205 1044 1950 1089; baseline -0.004 -9"><span class='ocrx_word' id='word_1_355' title='bbox 1205 1058 1259 1080; x_wconf 89' lang='lat' dir='ltr'>seu</span> <span class='ocrx_word' id='word_1_356' title='bbox 1281 1045 1541 1089; x_wconf 72' lang='lat' dir='ltr'>congregationis</span> <span class='ocrx_word' id='word_1_357' title='bbox 1555 1044 1802 1078; x_wconf 85' lang='lat' dir='ltr'>necessitatibus</span> <span class='ocrx_word' id='word_1_358' title='bbox 1813 1050 1844 1078; x_wconf 89' lang='lat' dir='ltr'>et</span> <span class='ocrx_word' id='word_1_359' title='bbox 1860 1044 1950 1078; x_wconf 86' lang='lat' dir='ltr'>inde-</span> 
     </span>
    </p>
   </div>
   <div class='ocr_carea' id='block_1_24' title="bbox 1204 1151 1948 1250">
    <p class='ocr_par' dir='ltr' id='par_1_24' title="bbox 1204 1151 1948 1250">
     <span class='ocr_line' id='line_1_73' title="bbox 1205 1151 1948 1198; baseline -0.004 -11"><span class='ocrx_word' id='word_1_360' title='bbox 1205 1159 1386 1198; x_wconf 87' lang='lat' dir='ltr'>opportune</span> <span class='ocrx_word' id='word_1_361' title='bbox 1404 1152 1576 1197; x_wconf 75' lang='lat' dir='ltr'>providere</span> <span class='ocrx_word' id='word_1_362' title='bbox 1596 1153 1635 1185; x_wconf 91' lang='lat' dir='ltr'>de</span> <span class='ocrx_word' id='word_1_363' title='bbox 1655 1151 1852 1194; x_wconf 76' lang='lat' dir='ltr'>benignitate</span> <span class='ocrx_word' id='word_1_364' title='bbox 1869 1161 1948 1195; x_wconf 90' lang='lat' dir='ltr'>apo-</span> 
     </span>
     <span class='ocr_line' id='line_1_74' title="bbox 1204 1207 1564 1250; baseline -0.008 -8"><span class='ocrx_word' id='word_1_365' title='bbox 1204 1208 1318 1242; x_wconf 89' lang='lat' dir='ltr'>stolica</span> <span class='ocrx_word' id='word_1_366' title='bbox 1338 1207 1564 1250; x_wconf 77' lang='lat' dir='ltr'>dignaremur:</span> 
     </span>
    </p>
   </div>
   <div class='ocr_carea' id='block_1_25' title="bbox 1204 1260 2138 1649">
    <p class='ocr_par' dir='ltr' id='par_1_25' title="bbox 1204 1260 2138 1649">
     <span class='ocr_line' id='line_1_75' title="bbox 1250 1260 2129 1305; baseline -0.001 -10"><span class='ocrx_word' id='word_1_367' title='bbox 1250 1264 1266 1305; x_wconf 65' lang='grc' dir='ltr'>ξ</span> <span class='ocrx_word' id='word_1_368' title='bbox 1296 1261 1326 1294; x_wconf 71' lang='lat'>9..</span> <span class='ocrx_word' id='word_1_369' title='bbox 1365 1262 1428 1295; x_wconf 78' lang='lat' dir='ltr'>Nos</span> <span class='ocrx_word' id='word_1_370' title='bbox 1446 1260 1544 1303; x_wconf 79' lang='lat' dir='ltr'>igitur</span> <span class='ocrx_word' id='word_1_371' title='bbox 1563 1260 1680 1293; x_wconf 87' lang='lat' dir='ltr'>rationi</span> <span class='ocrx_word' id='word_1_372' title='bbox 1702 1260 1841 1293; x_wconf 79' lang='lat' dir='ltr'>maxime</span> <span class='ocrx_word' id='word_1_373' title='bbox 1866 1270 1946 1294; x_wconf 90' lang='lat' dir='ltr'>con-</span> <span class='ocrx_word' id='word_1_374' title='bbox 1982 1269 2129 1299; x_wconf 51' lang='lat' dir='ltr'>praeemit(</span> 
     </span>
     <span class='ocr_line' id='line_1_76' title="bbox 1204 1303 2128 1364; baseline -0.004 -15"><span class='ocrx_word' id='word_1_375' title='bbox 1204 1322 1393 1349; x_wconf 84' lang='lat' dir='ltr'>sentaneum</span> <span class='ocrx_word' id='word_1_376' title='bbox 1423 1325 1490 1348; x_wconf 87' lang='lat' dir='ltr'>csse</span> <span class='ocrx_word' id='word_1_377' title='bbox 1519 1314 1578 1347; x_wconf 86' lang='lat' dir='ltr'>rati</span> <span class='ocrx_word' id='word_1_378' title='bbox 1604 1319 1640 1347; x_wconf 91' lang='lat' dir='ltr'>ut</span> <span class='ocrx_word' id='word_1_379' title='bbox 1660 1313 1892 1347; x_wconf 87' lang='lat' dir='ltr'>monasterium</span> <span class='ocrx_word' id='word_1_380' title='bbox 1919 1319 1951 1348; x_wconf 88' lang='lat' dir='ltr'>et</span> <span class='ocrx_word' id='word_1_381' title='bbox 1964 1303 2128 1364; x_wconf 48' lang='lat' dir='ltr'>llssfisffl</span> 
     </span>
     <span class='ocr_line' id='line_1_77' title="bbox 1205 1351 2129 1412; baseline -0.004 -9"><span class='ocrx_word' id='word_1_382' title='bbox 1205 1368 1412 1412; x_wconf 72' lang='lat' dir='ltr'>congregatio</span> <span class='ocrx_word' id='word_1_383' title='bbox 1427 1367 1625 1408; x_wconf 84' lang='lat' dir='ltr'>huiusmodi,</span> <span class='ocrx_word' id='word_1_384' title='bbox 1642 1367 1750 1411; x_wconf 86' lang='lat' dir='ltr'>quoad</span> <span class='ocrx_word' id='word_1_385' title='bbox 1763 1367 1950 1401; x_wconf 86' lang='lat' dir='ltr'>huiusmodi</span> <span class='ocrx_word' id='word_1_386' title='bbox 1965 1351 2129 1409; x_wconf 49' lang='lat' dir='ltr'>iiiiii&#39;miassm‘s</span> 
     </span>
     <span class='ocr_line' id='line_1_78' title="bbox 1205 1407 2103 1467; baseline -0.002 -12"><span class='ocrx_word' id='word_1_387' title='bbox 1205 1421 1328 1467; x_wconf 82' lang='lat' dir='ltr'>puellas</span> <span class='ocrx_word' id='word_1_388' title='bbox 1347 1421 1513 1454; x_wconf 80' lang='lat' dir='ltr'>facultates</span> <span class='ocrx_word' id='word_1_389' title='bbox 1533 1420 1699 1461; x_wconf 72' lang='lat' dir='ltr'>habentes,</span> <span class='ocrx_word' id='word_1_390' title='bbox 1723 1415 1753 1452; x_wconf 90' lang='lat' dir='ltr'>in</span> <span class='ocrx_word' id='word_1_391' title='bbox 1767 1430 1879 1453; x_wconf 88' lang='lat' dir='ltr'>eorum</span> <span class='ocrx_word' id='word_1_392' title='bbox 1895 1430 1951 1453; x_wconf 89' lang='lat' dir='ltr'>ne·</span> <span class='ocrx_word' id='word_1_393' title='bbox 1965 1407 2129 1462; x_wconf 49' lang='grc' dir='ltr'>ξὲἑεῗοέιῗῗ</span> 
     </span>
     <span class='ocr_line' id='line_1_79' title="bbox 1206 1458 2102 1518; baseline -0.007 -9"><span class='ocrx_word' id='word_1_394' title='bbox 1206 1475 1407 1509; x_wconf 88' lang='lat' dir='ltr'>cessitatibus</span> <span class='ocrx_word' id='word_1_395' title='bbox 1427 1474 1646 1514; x_wconf 82' lang='lat' dir='ltr'>subleventur,</span> <span class='ocrx_word' id='word_1_396' title='bbox 1671 1473 1855 1517; x_wconf 83' lang='lat' dir='ltr'>praedictos</span> <span class='ocrx_word' id='word_1_397' title='bbox 1876 1483 1951 1518; x_wconf 91' lang='lat' dir='ltr'>pro·</span> <span class='ocrx_word' id='word_1_398' title='bbox 1965 1458 2128 1516; x_wconf 50' lang='lat' dir='ltr'>ia‘i&#39;t&#39;ss‘i&#39;pssin&#39;</span> 
     </span>
     <span class='ocr_line' id='line_1_80' title="bbox 1207 1513 2129 1573; baseline -0.001 -10"><span class='ocrx_word' id='word_1_399' title='bbox 1207 1535 1381 1569; x_wconf 88' lang='lat' dir='ltr'>tectorem,</span> <span class='ocrx_word' id='word_1_400' title='bbox 1413 1529 1594 1573; x_wconf 86' lang='lat' dir='ltr'>praelatum</span> <span class='ocrx_word' id='word_1_401' title='bbox 1629 1533 1660 1560; x_wconf 87' lang='lat' dir='ltr'>et</span> <span class='ocrx_word' id='word_1_402' title='bbox 1695 1528 1882 1572; x_wconf 84' lang='lat' dir='ltr'>deputatos,</span> <span class='ocrx_word' id='word_1_403' title='bbox 1914 1537 1951 1561; x_wconf 90' lang='lat' dir='ltr'>ae</span> <span class='ocrx_word' id='word_1_404' title='bbox 1965 1513 2129 1570; x_wconf 50' lang='grc' dir='ltr'>ἒὲῗιῗῖἓῗῖιι</span> 
     </span>
     <span class='ocr_line' id='line_1_81' title="bbox 1206 1566 2138 1649; baseline -0.004 -32"><span class='ocrx_word' id='word_1_405' title='bbox 1206 1593 1319 1617; x_wconf 86' lang='lat' dir='ltr'>eorum</span> <span class='ocrx_word' id='word_1_406' title='bbox 1334 1582 1477 1625; x_wconf 75' lang='lat' dir='ltr'>singulos</span> <span class='ocrx_word' id='word_1_407' title='bbox 1487 1592 1504 1614; x_wconf 89' lang='lat' dir='ltr'>a</span> <span class='ocrx_word' id='word_1_408' title='bbox 1514 1581 1678 1625; x_wconf 79' lang='lat' dir='ltr'>quibusvis</span> <span class='ocrx_word' id='word_1_409' title='bbox 1692 1575 1952 1614; x_wconf 68' lang='lat' dir='ltr'>excommunica·⁴</span> <span class='ocrx_word' id='word_1_410' title='bbox 1965 1566 2102 1649; x_wconf 51' lang='grc' dir='ltr'>Ξὲἕξιὲέἰὶξ</span> <span class='ocrx_word' id='word_1_411' title='bbox 2115 1571 2138 1609; x_wconf 57' lang='grc' dir='ltr'>’ἶ</span> 
     </span>
    </p>
   </div>
   <div class='ocr_carea' id='block_1_26' title="bbox 2083 1239 2252 3195">
    <p class='ocr_par' dir='ltr' id='par_1_26' title="bbox 2083 1239 2252 3195">
     <span class='ocr_line' id='line_1_82' title="bbox 2083 1239 2252 1338; baseline 0 -14"><span class='ocrx_word' id='word_1_412' title='bbox 2083 1239 2252 1338; x_wconf 95' lang='lat' dir='ltr'>  </span> 
     </span>
     <span class='ocr_line' id='line_1_83' title="bbox 2083 1338 2252 1437; baseline -0.036 -40"><span class='ocrx_word' id='word_1_413' title='bbox 2083 1338 2252 1437; x_wconf 95' lang='lat' dir='ltr'>   </span> 
     </span>
     <span class='ocr_line' id='line_1_84' title="bbox 2083 1437 2252 1540; baseline 0 -94"><span class='ocrx_word' id='word_1_414' title='bbox 2083 1437 2252 1540; x_wconf 95' lang='lat' dir='ltr'>     </span> 
     </span>
     <span class='ocr_line' id='line_1_85' title="bbox 2083 1540 2252 1611; baseline 0 -16"><span class='ocrx_word' id='word_1_415' title='bbox 2083 1540 2252 1611; x_wconf 95' lang='lat' dir='ltr'>   </span> 
     </span>
     <span class='ocr_line' id='line_1_86' title="bbox 2083 1611 2252 3195; baseline 0 -1492"><span class='ocrx_word' id='word_1_416' title='bbox 2083 1611 2252 3195; x_wconf 95' lang='lat' dir='ltr'>  </span> 
     </span>
    </p>
   </div>
   <div class='ocr_carea' id='block_1_27' title="bbox 1965 1674 2047 1699">
    <p class='ocr_par' dir='ltr' id='par_1_27' title="bbox 1965 1674 2047 1699">
     <span class='ocr_line' id='line_1_87' title="bbox 1965 1674 2047 1699; baseline -0.024 -5"><span class='ocrx_word' id='word_1_417' title='bbox 1965 1674 2047 1699; x_wconf 44' lang='lat' dir='ltr'>monta,</span> 
     </span>
    </p>
   </div>
   <div class='ocr_carea' id='block_1_28' title="bbox 1207 1795 1950 1840">
    <p class='ocr_par' dir='ltr' id='par_1_28' title="bbox 1207 1795 1950 1840">
     <span class='ocr_line' id='line_1_88' title="bbox 1207 1795 1950 1840; baseline -0.005 -8"><span class='ocrx_word' id='word_1_418' title='bbox 1207 1796 1296 1832; x_wconf 75' lang='lat' dir='ltr'>sione</span> <span class='ocrx_word' id='word_1_419' title='bbox 1317 1798 1364 1831; x_wconf 77' lang='lat' dir='ltr'>vel</span> <span class='ocrx_word' id='word_1_420' title='bbox 1387 1807 1498 1837; x_wconf 77' lang='lat' dir='ltr'>causa,</span> <span class='ocrx_word' id='word_1_421' title='bbox 1523 1796 1605 1837; x_wconf 88' lang='lat' dir='ltr'>latis,</span> <span class='ocrx_word' id='word_1_422' title='bbox 1629 1796 1659 1828; x_wconf 38' lang='lat' dir='ltr'>si*</span> <span class='ocrx_word' id='word_1_423' title='bbox 1676 1795 1793 1840; x_wconf 89' lang='lat' dir='ltr'>quibus</span> <span class='ocrx_word' id='word_1_424' title='bbox 1814 1805 1950 1839; x_wconf 85' lang='lat' dir='ltr'>quomo-</span> 
     </span>
    </p>
   </div>
   <div class='ocr_carea' id='block_1_29' title="bbox 1191 1903 1956 2698">
    <p class='ocr_par' dir='ltr' id='par_1_29' title="bbox 1191 1903 1956 2698">
     <span class='ocr_line' id='line_1_89' title="bbox 1209 1903 1948 1950; baseline -0.005 -11"><span class='ocrx_word' id='word_1_425' title='bbox 1209 1905 1427 1950; x_wconf 84' lang='lat' dir='ltr'>praesentium</span> <span class='ocrx_word' id='word_1_426' title='bbox 1459 1906 1625 1938; x_wconf 77' lang='lat' dir='ltr'>dumtaxat</span> <span class='ocrx_word' id='word_1_427' title='bbox 1656 1903 1948 1947; x_wconf 80' lang='lat' dir='ltr'>consequendum,</span> 
     </span>
     <span class='ocr_line' id='line_1_90' title="bbox 1210 1957 1954 1992; baseline -0.003 0"><span class='ocrx_word' id='word_1_428' title='bbox 1210 1960 1323 1992; x_wconf 88' lang='lat' dir='ltr'>barum</span> <span class='ocrx_word' id='word_1_429' title='bbox 1345 1958 1428 1992; x_wconf 85' lang='lat' dir='ltr'>serie</span> <span class='ocrx_word' id='word_1_430' title='bbox 1445 1958 1649 1991; x_wconf 79' lang='lat' dir='ltr'>absolventes</span> <span class='ocrx_word' id='word_1_431' title='bbox 1666 1962 1694 1990; x_wconf 86' lang='lat' dir='ltr'>et</span> <span class='ocrx_word' id='word_1_432' title='bbox 1709 1957 1874 1990; x_wconf 88' lang='lat' dir='ltr'>absolutos</span> <span class='ocrx_word' id='word_1_433' title='bbox 1885 1957 1954 1990; x_wconf 85' lang='lat' dir='ltr'>sore</span> 
     </span>
     <span class='ocr_line' id='line_1_91' title="bbox 1209 2009 1952 2054; baseline -0.004 -9"><span class='ocrx_word' id='word_1_434' title='bbox 1209 2018 1386 2051; x_wconf 83' lang='lat' dir='ltr'>censentes,</span> <span class='ocrx_word' id='word_1_435' title='bbox 1404 2010 1590 2044; x_wconf 83' lang='lat' dir='ltr'>huiusmodi</span> <span class='ocrx_word' id='word_1_436' title='bbox 1605 2009 1895 2054; x_wconf 86' lang='lat' dir='ltr'>supplicationibus</span> <span class='ocrx_word' id='word_1_437' title='bbox 1905 2009 1952 2042; x_wconf 90' lang='lat' dir='ltr'>in-</span> 
     </span>
     <span class='ocr_line' id='line_1_92' title="bbox 1191 2063 1952 2105; baseline -0.003 -7"><span class='ocrx_word' id='word_1_438' title='bbox 1191 2095 1192 2104; x_wconf 65' lang='grc'>,</span> <span class='ocrx_word' id='word_1_439' title='bbox 1209 2066 1328 2103; x_wconf 77' lang='lat' dir='ltr'>clinati,</span> <span class='ocrx_word' id='word_1_440' title='bbox 1342 2067 1455 2098; x_wconf 87' lang='lat' dir='ltr'>barum</span> <span class='ocrx_word' id='word_1_441' title='bbox 1471 2064 1563 2105; x_wconf 81' lang='lat' dir='ltr'>serie,</span> <span class='ocrx_word' id='word_1_442' title='bbox 1581 2064 1753 2097; x_wconf 84' lang='lat' dir='ltr'>statuimus</span> <span class='ocrx_word' id='word_1_443' title='bbox 1774 2069 1804 2097; x_wconf 90' lang='lat' dir='ltr'>et</span> <span class='ocrx_word' id='word_1_444' title='bbox 1821 2063 1952 2097; x_wconf 86' lang='lat' dir='ltr'>ordina-</span> 
     </span>
     <span class='ocr_line' id='line_1_93' title="bbox 1211 2117 1954 2163; baseline -0.004 -10"><span class='ocrx_word' id='word_1_445' title='bbox 1211 2131 1280 2153; x_wconf 87' lang='lat' dir='ltr'>mus</span> <span class='ocrx_word' id='word_1_446' title='bbox 1309 2120 1413 2163; x_wconf 64' lang='lat' dir='ltr'>quodj,</span> <span class='ocrx_word' id='word_1_447' title='bbox 1443 2130 1478 2152; x_wconf 80' lang='lat' dir='ltr'>ex</span> <span class='ocrx_word' id='word_1_448' title='bbox 1507 2129 1593 2151; x_wconf 79' lang='lat' dir='ltr'>nunc</span> <span class='ocrx_word' id='word_1_449' title='bbox 1614 2117 1766 2161; x_wconf 86' lang='lat' dir='ltr'>deinceps</span> <span class='ocrx_word' id='word_1_450' title='bbox 1791 2117 1954 2161; x_wconf 88' lang='lat' dir='ltr'>perpetuis</span> 
     </span>
     <span class='ocr_line' id='line_1_94' title="bbox 1212 2170 1952 2217; baseline -0.004 -11"><span class='ocrx_word' id='word_1_451' title='bbox 1212 2173 1324 2207; x_wconf 84' lang='lat' dir='ltr'>suturis</span> <span class='ocrx_word' id='word_1_452' title='bbox 1346 2172 1557 2217; x_wconf 79' lang='lat' dir='ltr'>temporibus,</span> <span class='ocrx_word' id='word_1_453' title='bbox 1582 2181 1640 2215; x_wconf 90' lang='lat' dir='ltr'>pro</span> <span class='ocrx_word' id='word_1_454' title='bbox 1662 2171 1699 2203; x_wconf 80' lang='lat' dir='ltr'>iis</span> <span class='ocrx_word' id='word_1_455' title='bbox 1720 2171 1835 2214; x_wconf 83' lang='lat' dir='ltr'>puellis</span> <span class='ocrx_word' id='word_1_456' title='bbox 1847 2177 1877 2204; x_wconf 85' lang='lat' dir='ltr'>et</span> <span class='ocrx_word' id='word_1_457' title='bbox 1890 2170 1952 2203; x_wconf 84' lang='lat' dir='ltr'>rir-</span> 
     </span>
     <span class='ocr_line' id='line_1_95' title="bbox 1192 2223 1954 2274; baseline -0.004 -15"><span class='ocrx_word' id='word_1_458' title='bbox 1192 2227 1339 2274; x_wconf 44' lang='lat' dir='ltr'>¹pinibus</span> <span class='ocrx_word' id='word_1_459' title='bbox 1359 2254 1366 2265; x_wconf 84' lang='grc'>,</span> <span class='ocrx_word' id='word_1_460' title='bbox 1407 2232 1469 2258; x_wconf 84' lang='lat' dir='ltr'>tam</span> <span class='ocrx_word' id='word_1_461' title='bbox 1507 2226 1661 2258; x_wconf 78' lang='lat' dir='ltr'>hactenus</span> <span class='ocrx_word' id='word_1_462' title='bbox 1692 2223 1829 2268; x_wconf 82' lang='lat' dir='ltr'>receptis</span> <span class='ocrx_word' id='word_1_463' title='bbox 1857 2234 1954 2268; x_wconf 86' lang='lat' dir='ltr'>quam</span> 
     </span>
     <span class='ocr_line' id='line_1_96' title="bbox 1210 2277 1956 2324; baseline -0.003 -11"><span class='ocrx_word' id='word_1_464' title='bbox 1210 2280 1362 2324; x_wconf 58' lang='lat' dir='ltr'>tlt-inceps</span> <span class='ocrx_word' id='word_1_465' title='bbox 1377 2279 1582 2324; x_wconf 65' lang='lat' dir='ltr'>recipiendis,</span> <span class='ocrx_word' id='word_1_466' title='bbox 1598 2278 1692 2312; x_wconf 85' lang='lat' dir='ltr'>ctiam</span> <span class='ocrx_word' id='word_1_467' title='bbox 1715 2277 1820 2311; x_wconf 90' lang='lat' dir='ltr'>invitis</span> <span class='ocrx_word' id='word_1_468' title='bbox 1841 2287 1956 2322; x_wconf 85' lang='lat' dir='ltr'>paren-</span> 
     </span>
     <span class='ocr_line' id='line_1_97' title="bbox 1211 2331 1951 2375; baseline -0.003 -8"><span class='ocrx_word' id='word_1_469' title='bbox 1211 2335 1293 2367; x_wconf 72' lang='lat' dir='ltr'>tibus</span> <span class='ocrx_word' id='word_1_470' title='bbox 1314 2339 1341 2367; x_wconf 80' lang='lat' dir='ltr'>et</span> <span class='ocrx_word' id='word_1_471' title='bbox 1361 2332 1610 2375; x_wconf 56' lang='lat' dir='ltr'>vonsanguitufis</span> <span class='ocrx_word' id='word_1_472' title='bbox 1630 2331 1706 2370; x_wconf 85' lang='lat' dir='ltr'>suis,</span> <span class='ocrx_word' id='word_1_473' title='bbox 1727 2331 1758 2365; x_wconf 91' lang='lat' dir='ltr'>in</span> <span class='ocrx_word' id='word_1_474' title='bbox 1779 2331 1866 2365; x_wconf 82' lang='lat' dir='ltr'>dicto</span> <span class='ocrx_word' id='word_1_475' title='bbox 1879 2342 1951 2365; x_wconf 83' lang='lat' dir='ltr'>tuo-</span> 
     </span>
     <span class='ocr_line' id='line_1_98' title="bbox 1212 2384 1956 2427; baseline -0.004 -7"><span class='ocrx_word' id='word_1_476' title='bbox 1212 2387 1371 2425; x_wconf 68' lang='lat' dir='ltr'>uastcrio,</span> <span class='ocrx_word' id='word_1_477' title='bbox 1397 2392 1428 2420; x_wconf 89' lang='lat' dir='ltr'>ut</span> <span class='ocrx_word' id='word_1_478' title='bbox 1457 2386 1497 2427; x_wconf 87' lang='lat' dir='ltr'>ibi</span> <span class='ocrx_word' id='word_1_479' title='bbox 1520 2386 1699 2419; x_wconf 65' lang='lat' dir='ltr'>educentur</span> <span class='ocrx_word' id='word_1_480' title='bbox 1724 2390 1753 2417; x_wconf 80' lang='lat' dir='ltr'>ct</span> <span class='ocrx_word' id='word_1_481' title='bbox 1780 2384 1956 2418; x_wconf 88' lang='lat' dir='ltr'>istruantur</span> 
     </span>
     <span class='ocr_line' id='line_1_99' title="bbox 1211 2437 1954 2483; baseline -0.004 -10"><span class='ocrx_word' id='word_1_482' title='bbox 1211 2441 1262 2478; x_wconf 78' lang='lat' dir='ltr'>(ad</span> <span class='ocrx_word' id='word_1_483' title='bbox 1285 2451 1364 2483; x_wconf 77' lang='lat' dir='ltr'>quas</span> <span class='ocrx_word' id='word_1_484' title='bbox 1385 2439 1492 2483; x_wconf 78' lang='lat' dir='ltr'>aliqua</span> <span class='ocrx_word' id='word_1_485' title='bbox 1521 2439 1604 2471; x_wconf 89' lang='lat' dir='ltr'>bona</span> <span class='ocrx_word' id='word_1_486' title='bbox 1630 2448 1684 2471; x_wconf 85' lang='lat' dir='ltr'>seu</span> <span class='ocrx_word' id='word_1_487' title='bbox 1718 2438 1882 2471; x_wconf 73' lang='lat' dir='ltr'>facultates</span> <span class='ocrx_word' id='word_1_488' title='bbox 1906 2437 1954 2470; x_wconf 80' lang='lat' dir='ltr'>vel</span> 
     </span>
     <span class='ocr_line' id='line_1_100' title="bbox 1213 2493 1955 2536; baseline -0.004 -10"><span class='ocrx_word' id='word_1_489' title='bbox 1213 2493 1334 2526; x_wconf 79' lang='lat' dir='ltr'>reditus</span> <span class='ocrx_word' id='word_1_490' title='bbox 1355 2493 1534 2536; x_wconf 66' lang='lat' dir='ltr'>portinere,</span> <span class='ocrx_word' id='word_1_491' title='bbox 1567 2497 1618 2524; x_wconf 85' lang='lat' dir='ltr'>aut</span> <span class='ocrx_word' id='word_1_492' title='bbox 1641 2501 1778 2534; x_wconf 81' lang='lat' dir='ltr'>quarum</span> <span class='ocrx_word' id='word_1_493' title='bbox 1806 2495 1955 2534; x_wconf 80' lang='lat' dir='ltr'>parentes</span> 
     </span>
     <span class='ocr_line' id='line_1_101' title="bbox 1210 2543 1953 2588; baseline -0.005 -9"><span class='ocrx_word' id='word_1_494' title='bbox 1210 2558 1265 2579; x_wconf 71' lang='lat' dir='ltr'>seu</span> <span class='ocrx_word' id='word_1_495' title='bbox 1285 2545 1505 2586; x_wconf 59' lang='lat' dir='ltr'>consanguinei,</span> <span class='ocrx_word' id='word_1_496' title='bbox 1530 2545 1568 2578; x_wconf 80' lang='lat' dir='ltr'>:ul</span> <span class='ocrx_word' id='word_1_497' title='bbox 1583 2555 1664 2588; x_wconf 77' lang='lat' dir='ltr'>quos</span> <span class='ocrx_word' id='word_1_498' title='bbox 1681 2543 1824 2587; x_wconf 82' lang='lat' dir='ltr'>alioquin</span> <span class='ocrx_word' id='word_1_499' title='bbox 1842 2553 1953 2576; x_wconf 86' lang='lat' dir='ltr'>earum</span> 
     </span>
     <span class='ocr_line' id='line_1_102' title="bbox 1211 2597 1951 2643; baseline -0.004 -12"><span class='ocrx_word' id='word_1_500' title='bbox 1211 2600 1360 2633; x_wconf 65' lang='lat' dir='ltr'>educatio</span> <span class='ocrx_word' id='word_1_501' title='bbox 1385 2606 1413 2633; x_wconf 79' lang='lat' dir='ltr'>ct</span> <span class='ocrx_word' id='word_1_502' title='bbox 1444 2609 1520 2632; x_wconf 77' lang='lat' dir='ltr'>cura</span> <span class='ocrx_word' id='word_1_503' title='bbox 1553 2598 1742 2643; x_wconf 68' lang='lat' dir='ltr'>pertinesct.</span> <span class='ocrx_word' id='word_1_504' title='bbox 1775 2597 1951 2634; x_wconf 74' lang='lat' dir='ltr'>facultates,</span> 
     </span>
     <span class='ocr_line' id='line_1_103' title="bbox 1211 2648 1953 2698; baseline -0.009 -10"><span class='ocrx_word' id='word_1_505' title='bbox 1211 2666 1245 2688; x_wconf 64' lang='lat' dir='ltr'>ex</span> <span class='ocrx_word' id='word_1_506' title='bbox 1265 2653 1384 2698; x_wconf 81' lang='lat' dir='ltr'>‹piibus</span> <span class='ocrx_word' id='word_1_507' title='bbox 1403 2653 1464 2686; x_wconf 81' lang='lat' dir='ltr'>illis</span> <span class='ocrx_word' id='word_1_508' title='bbox 1485 2653 1654 2692; x_wconf 79' lang='lat' dir='ltr'>alimenta,</span> <span class='ocrx_word' id='word_1_509' title='bbox 1681 2651 1711 2684; x_wconf 94' lang='lat' dir='ltr'>in</span> <span class='ocrx_word' id='word_1_510' title='bbox 1731 2657 1831 2684; x_wconf 89' lang='lat' dir='ltr'>totum</span> <span class='ocrx_word' id='word_1_511' title='bbox 1854 2649 1901 2682; x_wconf 81' lang='lat' dir='ltr'>vel</span> <span class='ocrx_word' id='word_1_512' title='bbox 1921 2648 1953 2682; x_wconf 90' lang='lat' dir='ltr'>in</span> 
     </span>
    </p>
   </div>
   <div class='ocr_carea' id='block_1_30' title="bbox 1185 314 1194 2090">
    <p class='ocr_par' dir='ltr' id='par_1_30' title="bbox 1185 314 1194 2090">
     <span class='ocr_line' id='line_1_104' title="bbox 1185 314 1194 2090; baseline 0 0"><span class='ocrx_word' id='word_1_513' title='bbox 1185 314 1194 2090; x_wconf 95' lang='lat' dir='ltr'> </span> 
     </span>
    </p>
   </div>
  </div>
 </body>
</html>
