2253 3195
44 264 92 291 An.
107 261 133 289 C.
157 261 219 288 ¹601

850 260 997 283 CLEMENS
1018 260 1074 283 vttt
1096 259 1145 282 FP.

234 307 466 347 remanserint;
497 308 556 351 ipsi
586 318 659 340 vero
688 318 800 341 omnes
828 308 974 340 canonici

234 361 337 394 dictae
373 361 526 394 ecclcsiae
562 361 666 394 Sancti
703 361 830 394 loannis
863 361 972 404 Bapti-

233 420 300 448 stae
326 426 361 447 ex
393 426 477 447 nunc
506 415 670 458 deinceps,
695 416 797 448 donec
828 415 972 457 singulo-

233 478 304 499 rum
326 468 574 500 canonicatuum
596 474 624 500 et
644 468 900 511 praebemlarum
920 478 977 510 per

235 530 288 552 eos
306 520 512 553 obtentorum
538 521 722 564 suppressio
747 531 839 553 suum
865 521 976 563 plena-

234 573 317 605 rium
353 574 464 606 sortita
501 574 597 606 suerit
631 574 802 613 effectum,
832 573 977 606 canonici

235 625 394 659 Ecclesiae
419 627 573 667 Elnensis,
597 627 636 659 att
658 627 757 659 instar
777 627 913 659 aliorum
936 627 975 659 il-

235 678 295 711 lius
319 680 548 713 canonicorum
577 685 649 712 actu
676 679 901 721 existentium,
925 681 978 713 de-

235 732 460 772 nominentur,
485 744 521 766 ac
540 743 599 776 pro
625 733 741 766 talibus
772 733 975 774 habeantur,

237 791 405 818 teneantur
425 792 455 819 et
476 786 683 829 recipiantur,
701 792 729 819 et
748 792 918 830 postquam
940 786 978 820 ad

235 843 306 871 octo
327 839 446 871 redacti
466 839 595 879 suerint,
611 839 679 882 ipso
697 851 734 872 ex
757 845 830 873 tunc
852 841 979 873 excluso

235 891 363 934 penitus
383 902 440 924 usu
466 892 597 935 capituli
619 903 676 935 per
695 898 879 936 praesentes
899 904 976 937 sup-

236 944 347 986 pressi,
372 945 511 987 capitulo
533 951 564 977 et
582 945 743 981 consortio
766 956 980 978 verorumca-

236 996 429 1029 nonicornm
451 998 611 1030 Ecclesiae
630 998 774 1031 Elnensis
794 998 979 1032 huiusmodi

237 1056 463 1091 aggregentur,
488 1061 524 1083 ae
544 1062 644 1084 unum
667 1051 831 1084 dumtaxat
852 1052 977 1095 capitu-

237 1104 302 1136 lum
325 1104 540 1145 constituant,
565 1105 751 1148 ibidemque
780 1111 887 1138 votum
917 1112 979 1138 tam

237 1157 410 1190 decisivum
444 1168 541 1201 quam
574 1158 787 1191 consultivum
820 1159 977 1196 babeant,

237 1209 315 1242 cita
338 1216 442 1243 tamen
465 1211 687 1244 confusionem
706 1211 977 1255 praebendarum,

238 1274 320 1306 quae
342 1263 372 1295 in
391 1274 501 1296 eorum
523 1264 658 1308 pristino
679 1270 762 1297 statu
786 1264 978 1308 persistant,

238 1317 433 1360 illorumque
453 1328 652 1361 possessores
673 1318 805 1358 fructus,
821 1318 941 1351 reditus
953 1323 983 1351 et

238 1376 421 1413 proventus,
446 1371 689 1408 distributiones
714 1376 744 1403 et
765 1371 983 1403 emolumenta

238 1424 409 1466 separatim
435 1424 625 1467 percipiant,
643 1419 756 1464 donec,
781 1425 901 1457 eisdem
920 1424 983 1457 suis
1000 1425 1002 1444 ³

238 1477 430 1520 praebendis
455 1479 584 1510 tandem
605 1479 798 1521 suppressis,
822 1479 861 1511 ad
883 1488 981 1511 cano-

239 1531 363 1564 nicatus
384 1537 415 1563 ct
436 1531 635 1574 praebendas
662 1532 820 1565 Ecclesiae
842 1531 985 1565 Elnensis

239 1583 436 1623 huiusmodi,
458 1590 552 1627 prout
572 1584 643 1616 illos
667 1595 779 1617 vacare
801 1584 982 1626 contigerit,

241 1641 272 1669 et
299 1636 358 1680 ipsi
380 1637 606 1677 ascenderint,
630 1643 657 1669 et
681 1637 826 1680 quamvis
851 1647 887 1670 ex
912 1642 987 1669 tunc

241 1689 320 1722 alios
338 1690 510 1722 canonicos
528 1690 672 1722 eiusdem
692 1689 851 1722 Ecclesiae
872 1690 988 1722 Etnen-

242 1797 354 1837 liccat,
379 1808 436 1840 pei·
456 1797 518 1830 hoc
538 1802 644 1829 tamen
671 1797 715 1829 uti
748 1796 880 1839 praefati
913 1796 987 1838 eligi

242 1851 375 1893 possint,
392 1861 455 1883 non
477 1856 668 1883 censeantur
689 1860 756 1882 esse
777 1860 984 1889 concessum;

243 1903 276 1936 in
297 1903 428 1947 reliquis
449 1909 555 1936 autem
581 1914 692 1936 omnes
713 1903 858 1936 canonici
880 1903 985 1936 eccle-

243 1956 308 1989 siae
328 1956 433 1989 Sancti
459 1956 586 1989 loannis
611 1956 771 1999 Baptistae
800 1956 987 1989 huiusmodi

191 2021 194 2023 “
244 2009 393 2042 omnibus
417 2015 447 2042 et
474 2009 608 2051 singulis
634 2009 703 2041 aliis
732 2009 985 2052 praerogativis,

244 2061 430 2105 privilegiis,
451 2061 719 2105 exemptionibus,
738 2061 927 2101 honoribus,
946 2062 989 2093 sa-

244 2115 384 2155 voribus,
398 2115 530 2148 indultis
543 2121 573 2148 et
587 2114 656 2147 aliis
670 2114 790 2156 gratiis,
810 2121 873 2147 tam
895 2114 989 2157 spiri-

247 2168 388 2201 tualibus
408 2179 503 2211 quam
527 2167 770 2211 temporalibus,
788 2168 905 2211 quibus
924 2168 989 2200 veri

246 2222 391 2255 canonici
413 2223 515 2255 dictae
532 2222 692 2255 Ecclesiae
703 2222 848 2254 Elnensis
862 2227 925 2254 tam
940 2232 991 2254 va-

247 2281 349 2315 cante,
367 2286 462 2318 quam
484 2286 549 2308 non
570 2280 702 2307 vacante
725 2274 810 2307 illius
831 2275 906 2307 sede
925 2274 991 2317 epi-

247 2328 378 2371 scopali,
397 2334 549 2368 utuntur,
579 2329 748 2365 trauntur,
774 2327 941 2371 potiuntur
962 2333 992 2360 et

247 2381 408 2422 gaudent,
433 2392 469 2414 ac
490 2381 553 2420 uti,
578 2381 637 2414 frui
664 2381 760 2424 potiri
792 2386 822 2413 ct,
853 2380 992 2422 gaudere

248 2440 382 2477 possunt
401 2440 431 2467 et
451 2439 602 2477 poterunt
628 2433 873 2477 quomodolibet.
894 2433 925 2465 in
947 2433 993 2465 su—

251 2488 468 2527 turum,salvo
490 2487 576 2529 quod
597 2486 676 2519 citra
703 2496 831 2518 omnem
864 2491 992 2518 contro-

251 2540 385 2572 versiam
400 2539 643 2582 praecedentiae
665 2539 695 2571 iu
714 2538 858 2577 ccclesia,
881 2538 990 2578 choro,
1010 2555 1012 2564 1

251 2592 390 2636 capitulo
404 2593 512 2626 etaliis
526 2592 660 2630 actibus,
673 2598 736 2624 tam
750 2590 887 2634 publicis
897 2601 992 2634 quam

252 2645 396 2688 privatis,
426 2645 654 2678 canonicorum
675 2644 857 2677 Etnensium
877 2643 936 2675 sint
966 2650 994 2676 et

290 2707 366 2734 Bull.
386 2708 467 2734 Rom.
490 2708 548 2734 Vol.
570 2708 603 2733 X.
897 2704 930 2731 02

1659 247 1721 279 7¹20

1009 318 1076 340 esse
1089 307 1236 345 debeant,
1247 306 1352 349 quoad
1362 305 1486 349 reliqua
1498 304 1645 338 similiter
1656 310 1684 338 et
1700 315 1754 348 pa-

1009 361 1097 401 riter,
1111 360 1231 403 absque
1241 360 1305 392 ulla
1315 370 1445 403 prorsus
1457 358 1646 399 differentia,
1659 358 1753 391 etiam

1011 414 1076 451 uti,
1102 414 1181 451 t‘rui,
1205 413 1301 457 potiri
1323 419 1351 446 et
1377 413 1519 455 gaudere
1546 413 1647 445 libere
1668 417 1697 444 et
1717 411 1755 444 li-

1012 467 1073 499 cite
1092 467 1226 499 valcant.

1058 522 1074 561 ξ
1092 520 1122 552 6.
1144 521 1206 553 Sed
1228 520 1321 564 quia,
1342 526 1376 552 ut
1401 520 1548 563 superius
1569 529 1753 562 expressum

1014 573 1083 612 suit,
1107 573 1257 606 omnibus
1278 573 1521 606 canonicatibus
1541 578 1572 605 et
1590 572 1752 616 praeben-

1014 625 1061 658 dis
1082 626 1233 658 ecclesiae
1253 626 1358 659 Sancti
1379 626 1506 658 Ioannis
1527 625 1685 668 Baptistae
1699 625 1757 657 hu-

1015 678 1153 711 iusmodi
1173 678 1235 711 hoc
1251 684 1344 722 pacto
1362 678 1518 718 extinctis,
1544 678 1700 710 moderno
1722 687 1758 710 ac

1014 743 1072 775 pro
1095 737 1240 775 tempore
1269 732 1415 765 existenti
1441 732 1593 776 episcopo
1614 732 1758 775 praefato

1015 785 1063 818 ius
1084 786 1269 819 conferendi
1301 785 1545 829 quatuordecim
1577 797 1613 818 ex
1639 785 1699 818 illis
1729 785 1757 817 in

1015 839 1189 879 mensibus,
1215 839 1246 871 in
1268 839 1384 882 quibus
1404 838 1638 872 beneficiorum
1660 838 1760 870 eccle-

1014 892 1218 925 siasticorum.
1237 891 1365 924 collatio
1391 892 1429 924 ad
1451 892 1596 924 locorum
1618 891 1756 924 Ordina-

1015 946 1096 984 rios,
1118 945 1314 978 cessantibus
1340 944 1611 977 reservationilms
1628 949 1658 976 et
1678 944 1757 976 affe-

1016 999 1177 1032 ctionibus
1191 998 1385 1041 apostolicis,
1396 998 1545 1041 pertinet,
1556 997 1691 1030 cessabit
1705 1007 1761 1029 seu

1016 1052 1186 1095 deperibit,
1214 1052 1318 1084 eidem
1352 1052 1508 1084 moderno
1536 1056 1566 1083 et
1594 1061 1653 1094 pro
1678 1055 1760 1082 tem-

1016 1117 1093 1149 pore
1115 1105 1258 1138 existenti
1281 1105 1434 1147 episcopo
1460 1104 1681 1137 omnimodam
1697 1104 1761 1136 col-

1016 1158 1180 1197 lationem,
1202 1157 1432 1200 provisionem,
1450 1163 1480 1190 et
1501 1156 1647 1200 quamvis
1665 1156 1760 1189 aliam

1017 1211 1260 1255 dispositionem
1283 1211 1444 1244 dictorum
1466 1210 1563 1243 trium
1584 1209 1758 1243 canonica-

1019 1270 1106 1297 tuum
1130 1270 1160 1297 et
1182 1263 1312 1296 totidem
1335 1263 1594 1306 praebendarum
1614 1274 1672 1306 per
1689 1263 1761 1295 Pbi-

1017 1318 1140 1361 lippum
1163 1317 1259 1357 lordi,
1288 1322 1318 1350 et
1338 1317 1542 1357 Michaelem,
1567 1324 1598 1350 et
1624 1317 1763 1349 Monser—

1017 1376 1123 1403 ratum
1138 1370 1296 1414 praefatos
1310 1370 1530 1410 obtentorum,
1546 1370 1672 1413 quoties
1692 1369 1763 1402 illos

1018 1434 1077 1467 pro
1099 1429 1260 1466 tempore,
1285 1423 1483 1456 cessantibus
1508 1428 1616 1456 tamen
1643 1422 1763 1455 eisdem

1019 1476 1290 1509 reservationibus
1318 1481 1349 1509 et
1375 1476 1601 1509 affectionibus
1629 1481 1760 1519 aposto<

1019 1529 1100 1567 licis,
1125 1539 1237 1561 vacare
1261 1528 1452 1570 contigerit,
1477 1528 1597 1561 eisdem
1624 1528 1764 1561 auctori—

1003 1597 1004 1620 t
1021 1587 1083 1614 tate
1095 1581 1376 1622 etten01=e‚itide1u
1387 1587 1543 1625 perpetuo
1556 1581 1762 1614 concedimus

1022 1640 1049 1667 et
1062 1634 1246 1676 elargimur,
1263 1634 1433 1677 ipsumque
1454 1635 1646 1668 modernum
1667 1639 1765 1678 etpro

1004 1694 1168 1739 5tempore
1196 1688 1381 1720 existentem
1407 1688 1595 1732 episcopum
1621 1699 1639 1721 a
1669 1698 1764 1731 prae-

241 1744 283 1776 sis
304 1745 343 1776 ad
372 1744 493 1776 curiam
526 1750 553 1776 et
585 1744 647 1776 alia
668 1743 773 1776 officia
801 1743 918 1785 eligere
943 1743 1006 1776 eis?

1022 1742 1159 1775 statione
1176 1748 1207 1775 et
1226 1742 1385 1775 solutione
1417 1748 1557 1785 quatuor
1584 1743 1765 1775 eminarum

1025 1794 1131 1835 tritici,
1156 1799 1187 1826 et
1207 1794 1320 1827 decem
1338 1795 1495 1827 librarum
1522 1794 1763 1838 praedictarum

1023 1848 1156 1890 singulis
1176 1848 1340 1881 canonicis
1351 1849 1504 1882 ecclcsiae
1519 1848 1626 1882 Sancti
1640 1848 1766 1881 loannis

1024 1901 1185 1945 Baptistae
1205 1901 1404 1942 huiusmodi,
1429 1907 1463 1934 ut
1482 1902 1673 1945 praefertur,
1697 1901 1767 1933 fieri

1023 1954 1126 1994 solita,
1150 1954 1176 1986 si
1198 1959 1229 1987 et
1248 1960 1345 1998 prout
1366 1965 1479 1987 eorum
1500 1954 1644 1996 singulae
1666 1964 1763 1997 prae-

1024 2007 1149 2040 bendae
1181 2007 1309 2040 realiter
1340 2018 1530 2051 suppressae
1567 2007 1699 2047 suerint,
1735 2012 1769 2039 ut

1024 2061 1216 2104 praefertur,
1241 2060 1431 2093 auctoritate
1445 2066 1476 2093 et
1498 2065 1608 2093 tenore
1632 2060 1763 2103 praedi--

1025 2114 1093 2154 ctis,
1118 2114 1214 2147 etiam
1236 2119 1392 2157 perpetuo
1415 2113 1584 2146 eximimus
1605 2118 1635 2145 et
1652 2112 1768 2145 libera-

1028 2179 1119 2207 muS‚
1144 2173 1394 2211 exemptumque
1415 2173 1445 2200 et
1462 2167 1635 2199 liberatum
1661 2166 1767 2199 deela-

1025 2231 1143 2253 ramus.

1070 2275 1085 2315 ἓ
1109 2273 1418 2316 7.Caeterum,quia
1432 2273 1515 2306 circa
1527 2272 1766 2306 translationem
1796 2304 1798 2307 ⁴

1026 2332 1090 2359 tam
1111 2337 1276 2359 sacrarum
1299 2326 1531 2369 reliquiarum,
1555 2331 1764 2369 paramento-

1027 2389 1097 2411 rum
1120 2385 1150 2411 ct
1170 2384 1437 2412 ornamentorum
1458 2378 1764 2419 ecclesiasticorum,

1029 2442 1124 2474 quam
1147 2431 1318 2464 divisiones
1338 2431 1539 2472 eorumdem,
1563 2441 1622 2464 nec
1642 2442 1707 2464 non
1722 2431 1769 2463 ‹ti-

1029 2484 1258 2516 stributionum
1286 2484 1566 2527 quotidianarum,
1595 2490 1623 2516 et
1647 2484 1770 2517 emolu-

1031 2543 1225 2577 mentorum,
1250 2548 1286 2569 ac
1307 2537 1446 2581 (lenique
1460 2537 1766 2577 anniversariorum,

1030 2591 1234 2633 aliorumque
1267 2591 1446 2625 divinorum
1479 2591 1658 2624 ossiciortun
1689 2591 1771 2623 inter

1030 2645 1202 2678 canonicos
1220 2651 1246 2678 et
1267 2645 1474 2678 beneficiatos
1485 2645 1642 2678 Ecclesiae
1655 2646 1769 2679 libien-

1768 256 1817 283 An.
1840 256 1868 283 C.
1885 256 1947 284 1601

1806 532 1839 552 lus
1854 531 1955 556 e1ii<impn

1770 558 1893 578 attributum
1913 560 1955 577 tres

1771 584 1892 605 conterendi
1921 591 1954 603 ra*

1771 613 1890 631 numenius.

1821 2277 1968 2297 ‘rariacum-1.-

1783 2310 1799 2324 si
1806 2303 1969 2328 archiepiscopo

1784 2330 1921 2350 committitur
1937 2335 1968 2349 rr-

1783 2357 1908 2382 liqniaruui.
1931 2362 1967 2381 pa-

1783 2385 1969 2406 rammi!oronnae.

1784 2410 1904 2433 translatio,
