2253 3195
30 227 81 254 Au.
99 225 126 254 C.
146 225 213 254 1595

53 975 158 996 Protuesm
168 975 215 995 fidei

34 1002 127 1032 episcopi
137 1001 217 1023 wlodi-

34 1034 144 1050 auncinis.

849 225 996 249 CLEMENS
1016 226 1073 249 vul
1094 226 1144 249 PP.

228 274 400 308 sessionem
431 274 590 315 facturos,
621 279 717 318 atque
753 274 969 308 obedientiam

226 327 456 372 praestituros,
487 328 596 372 omnia
628 328 767 371 denique
799 338 856 372 per
886 327 971 371 ipsos

228 391 339 414 eorum
359 386 503 414 oratores
524 387 552 414 et
576 386 812 424 procuratores,
830 386 924 424 atque
942 386 971 413 et

227 434 384 478 promissa
411 435 660 468 confirmaturos
681 440 708 467 et
731 435 967 474 observaturos,

228 489 311 521 bona
333 488 395 522 tide
416 494 447 521 et
468 489 564 521 corde
585 488 730 525 sincero,
753 498 860 520 coram
882 488 968 527 Deo,

228 542 282 587 qui
308 542 508 575 iudicaturus
529 547 574 574 est
593 541 679 574 rivos
699 546 730 574 et
751 547 906 579 mortuos,
924 540 971 573 iu-

228 596 401 629 reiurando
412 594 641 639 promiserunt.
653 594 778 627 Primus
792 599 899 627 autem
913 595 974 638 Hy-

228 649 333 694 patius
354 649 524 693 episeopus
542 648 617 681 fidei
636 648 834 682 orthodoxae
852 648 974 692 profes-

228 703 351 736 sionem
373 702 447 736 secit
467 702 565 735 latina
585 702 705 745 lingua,
730 702 817 746 quod
838 701 906 746 ipse
927 702 974 734 la-

229 756 295 790 tine
321 761 448 797 nosset,
473 755 558 789 iuxta
590 755 724 789 formam
752 756 972 800 praedictam,

229 810 307 853 legit
326 816 432 844 autem
463 820 533 843 eam
566 810 653 844 clara
684 820 761 844 voce
785 810 825 844 de
856 810 976 854 scripto

230 863 353 906 integre
370 863 401 896 in
416 873 502 904 euin,
523 863 578 908 qui
598 863 760 908 sequitur,
778 864 922 897 modum.

276 918 292 960 ξ
313 916 343 950 6.
374 917 580 951 Sanctissime
607 927 643 950 ac
667 917 850 950 beatissime
870 917 974 951 Pater.

232 971 298 1013 Ego
319 970 451 1004 humilis
471 970 624 1014 Hypatius
644 970 777 1014 Pocicy,
800 970 855 1003 Dei
877 970 977 1012 gratia

232 1023 481 1069 protothronius
494 1023 768 1057 Wlodimiriensis
790 1029 820 1056 et
833 1023 978 1057 Bresten-

233 1076 275 1110 sis
293 1077 508 1120 episcopusin
522 1076 635 1110 Russia
648 1076 788 1110 nationis
802 1077 976 1110 Russorum

234 1140 290 1163 seu
307 1129 542 1170 Ruthenorum‚
557 1140 641 1163 unus
659 1140 695 1163 ex
715 1130 979 1174 procuratoribus

233 1183 486 1217 reverendorum
508 1183 540 1216 in
561 1183 692 1217 Christo·
715 1189 843 1227 patrum
874 1184 978 1217 domi-

234 1247 350 1271 norum
365 1237 585 1281 praelatorum
599 1237 742 1270 eiusdem
758 1237 908 1276 nationis,
925 1249 978 1271 ve-

234 1292 386 1326 nerabilis
406 1291 566 1325 Michaelis
590 1291 717 1325 Rahosa
745 1290 979 1336 archiepiscopi

235 1345 461 1389 metropolitae
478 1345 656 1378 Kioviensis
676 1350 707 1378 et
726 1345 926 1385 Haliciensis‚
943 1356 980 1379 ac

235 1398 332 1432 totius
353 1397 500 1438 Russiae,
525 1403 555 1431 et
586 1397 715 1440 Georgii
747 1398 979 1443 archiepiscopi

236 1451 436 1485 denominati
454 1451 546 1485 electi
566 1452 598 1485 in
619 1452 806 1496 episcopum
827 1452 980 1486 Polocen-

236 1515 303 1539 sem
325 1511 356 1539 et
374 1505 625 1545 Vitebscensem,
641 1511 671 1538 et
684 1506 779 1539 Ionae
800 1505 902 1539 Hohol
919 1506 981 1539 ele—

238 1558 279 1593 cti
301 1559 333 1592 in
353 1558 540 1603 episcopum
555 1559 761 1592 Pinscensem
776 1565 806 1592 et
819 1559 982 1593 Iurovien-

238 1623 316 1653 scm,
341 1618 371 1645 et
391 1612 577 1646 Michaelem
602 1612 814 1657 Kopystenski
841 1613 981 1657 episcopi

237 1665 460 1700 Premislensis
480 1671 512 1698 et
530 1665 775 1705 Samboriensis,
800 1671 831 1698 et
853 1665 980 1699 Gedeo-

238 1719 288 1753 nis
300 1719 452 1759 Balaban‚
467 1718 608 1763 episcopi
623 1719 852 1762 Leopoliensis,
869 1725 900 1752 et
912 1719 984 1752 Dio-

239 1773 321 1818 nysii
342 1772 508 1817 Zbiru'isky
537 1772 680 1816 episcopi
700 1772 916 1813 Chelmensis,
945 1773 984 1805 ab

242 1827 286 1861 eis
306 1826 488 1871 specialiter
508 1826 701 1859 constitutus
726 1831 755 1859 et
787 1826 902 1859 missus
922 1837 986 1859 una

242 1891 316 1914 cum
337 1880 515 1914 reverendo
536 1880 567 1912 in
589 1879 712 1913 Christo
738 1885 828 1923 patre
853 1879 986 1913 domino

242 1933 356 1978 Cyrillo
379 1933 548 1977 Terleczky
569 1932 719 1972 exarcha,
744 1930 896 1976 episcopo
921 1933 984 1966 Lu-

244 1985 401 2019 ceoriensi
414 1991 444 2018 et
457 1985 647 2019 Ostrosiensi
669 1985 813 2018 eiusdem
834 1986 984 2026 nationis,

245 2040 346 2073 altero
364 2050 401 2072 ex
413 2039 681 2083 procuratoribus
702 2039 862 2072 dictorum
884 2039 989 2073 domi-

245 2103 362 2126 norum
394 2092 625 2136 praelatorum,
647 2097 677 2125 et
704 2092 827 2134 collega
853 2103 925 2125 meo
950 2093 988 2126 ad

246 2146 422 2180 ineundam
436 2152 466 2179 et
478 2145 716 2188 suscipiendam
739 2145 894 2179 unionem
910 2146 989 2179 San-

247 2199 364 2233 ctitatis
383 2199 514 2232 Vestrae
540 2204 571 2231 et
595 2198 729 2231 Sanctae
749 2198 912 2232 Romanae
934 2199 991 2232 Ec-

247 2253 373 2293 clesiae,
391 2258 487 2296 atque
508 2253 547 2285 ad
569 2252 775 2285 deferendam
797 2252 938 2285 debitam
960 2263 993 2285 o-

247 2308 444 2342 bedientiam
473 2307 617 2351 ipsorum
648 2307 817 2346 omnium,
842 2312 872 2339 et
896 2306 994 2339 totius

249 2361 454 2396 ecclesiastici
475 2371 587 2394 eorum
614 2366 734 2400 status,
758 2365 789 2393 et
809 2359 916 2392 orium
950 2359 994 2392 eis

250 2414 505 2454 commissarum,
523 2414 666 2452 nomine,
683 2413 758 2447 huic
775 2413 909 2447 Sanctae
922 2413 994 2446 Sedi

250 2467 338 2501 Beati
346 2467 431 2500 Petri
444 2473 473 2500 et
484 2466 650 2500 Sanctitati
660 2467 800 2506 Vestrae,
811 2466 856 2498 uti
869 2476 995 2499 summo

251 2521 371 2566 pastori
385 2521 572 2555 universalis
581 2521 741 2555 Ecclesiae
755 2521 795 2553 ad
809 2521 906 2564 pedes
919 2520 996 2553 San-

254 2573 372 2607 ctitatis
389 2574 519 2607 Vestrae
540 2574 680 2618 positus,
705 2584 741 2606 ac
761 2573 995 2616 infrascriptam

255 2632 385 2661 sanetae
412 2628 609 2661 orthodoxae
637 2627 712 2661 fidei
742 2626 994 2671 professionem,

1654 213 1718 246 0243

1004 273 1091 307 iuxta
1110 274 1245 307 formam
1266 272 1395 307 Graecis
1417 272 1456 305 ad
1469 271 1623 305 unitatem
1646 272 1749 305 dictae

1005 327 1035 361 S.
1052 328 1087 361 R.
1106 328 1138 360 E.
1162 326 1372 360 redeuntibus
1385 325 1626 370 praescriptam,
1644 325 1746 358 sactu-

1006 391 1059 413 rus
1080 386 1110 413 et
1141 380 1316 413 emissurus
1344 385 1408 413 tam
1441 379 1666 423 procuratorio
1687 389 1747 412 no-

1007 434 1092 467 mine
1113 435 1355 478 praedictorum
1384 433 1591 467 dominorum
1621 433 1748 465 archie-

1007 488 1128 532 piscopi
1143 494 1173 521 et
1186 488 1413 532 episcoporum
1427 487 1649 520 Ruthenorum
1664 497 1752 519 meo-

1007 552 1077 574 rum
1099 541 1337 585 principalium,
1353 551 1449 584 quam
1471 540 1566 573 etiam
1589 550 1661 573 meo
1677 550 1752 583 pro-

1008 594 1079 638 prio
1097 594 1192 627 simul
1214 604 1286 627 cum
1308 594 1475 637 praedicto
1488 593 1620 626 domino
1638 593 1753 638 Cyrillo

1009 647 1156 687 exarcha,
1181 647 1335 691 episcopo
1352 646 1557 680 Luceoriensi
1584 651 1615 680 et
1638 645 1750 680 Ostro-

1009 701 1116 741 siensi‚
1132 705 1343 744 procuratore
1363 705 1394 733 et
1411 700 1534 742 collega
1555 710 1638 739 meo,
1662 699 1754 743 polli-

1010 765 1085 787 ceor
1106 760 1136 787 et
1149 754 1315 798 promitto,
1333 753 1420 797 quod
1442 753 1499 797 ipsi
1519 753 1579 786 DD.
1597 752 1755 796 archiepi-

1011 818 1127 851 scopus
1148 814 1178 841 et
1199 807 1341 852 episcopi
1357 807 1443 840 illam
1463 813 1563 840 ratam
1583 812 1613 840 et
1631 812 1754 849 gratam

1012 861 1187 901 habebunt,
1212 871 1248 894 ac
1268 860 1444 904 suscipient
1469 865 1499 893 et
1525 859 1751 903 acceptabunt,

1013 920 1044 947 et
1061 915 1144 948 intra
1158 920 1284 958 tempus
1302 919 1489 957 competens
1510 912 1715 946 ratificabunt
1727 918 1758 946 et

1013 968 1263 1007 confirmabunt,
1284 973 1380 1011 atque
1398 967 1437 1000 de
1458 977 1540 1000 novo
1561 966 1646 1000 iuxta
1666 976 1757 1010 prae-

1014 1021 1131 1055 dictam
1156 1022 1291 1055 sormam
1315 1021 1354 1054 de
1374 1020 1472 1054 verbo
1493 1020 1533 1054 ad
1554 1019 1687 1053 verbum
1708 1019 1755 1052 sa-

1013 1075 1099 1109 cient
1124 1081 1155 1109 et
1185 1075 1347 1114 emittent,
1372 1081 1402 1107 et
1422 1084 1535 1108 eorum
1557 1084 1653 1107 manu
1675 1073 1755 1107 scri-

1014 1133 1113 1171 ptam,
1142 1132 1173 1160 et
1193 1126 1298 1169 sigillo
1320 1126 1520 1168 obsignatam
1544 1126 1583 1158 ad
1604 1125 1760 1158 Sanctita-

1016 1186 1078 1214 tem
1099 1181 1242 1213 Vestram
1264 1185 1295 1213 et
1314 1179 1397 1212 hanc
1426 1179 1576 1212 Sanctam
1602 1178 1760 1222 Apostoli-

1015 1245 1083 1267 cam
1097 1234 1212 1267 Sedem
1228 1232 1457 1271 transmittent,
1470 1237 1566 1276 prout
1580 1231 1724 1275 sequitur
1736 1232 1756 1264 ¹.

1060 1290 1075 1331 ξ
1098 1288 1126 1321 7,
1142 1288 1220 1321 Tum
1242 1286 1412 1320 ruthenica
1437 1286 1547 1327 lingua
1561 1285 1756 1329 conscripta,

1015 1346 1046 1375 et
1066 1341 1214 1374 similiter
1231 1340 1269 1373 ab
1288 1339 1357 1384 ipso
1376 1338 1558 1382 subscripta
1578 1348 1637 1382 pro
1659 1349 1696 1372 eo
1717 1338 1761 1372 le-

1015 1401 1064 1429 cta
1084 1401 1131 1428 est
1148 1405 1164 1427 a
1186 1394 1303 1428 dilecto
1324 1393 1390 1426 filio
1404 1392 1575 1426 Eustachio
1589 1392 1758 1433 Volovitio,

1016 1448 1171 1482 canonico
1184 1447 1343 1481 Vilnensis
1363 1446 1533 1485 Ecclesiae,
1544 1446 1688 1479 eiusdem
1702 1446 1759 1478 lin-

1016 1513 1097 1545 guae
1129 1501 1245 1545 perito.
1277 1499 1398 1534 Deinde
1428 1499 1561 1544 (lyrillus
1592 1499 1762 1543 episcopus

1017 1556 1163 1589 eamdem
1196 1554 1394 1588 orthodoxae
1426 1553 1501 1586 fidei
1527 1553 1762 1596 professionem

1018 1610 1092 1643 fecit
1112 1609 1150 1642 ad
1172 1608 1319 1642 eamdem
1344 1617 1477 1651 prorsus
1497 1606 1645 1645 sormam,
1669 1611 1765 1650 prout

1018 1662 1170 1707 Hypatius
1183 1661 1354 1705 episcopus
1365 1660 1493 1701 fecerat,
1510 1660 1677 1693 ruthenice
1688 1659 1765 1692 scri-

1020 1723 1117 1761 ptam,
1139 1726 1176 1749 eo
1197 1715 1283 1759 quod
1306 1714 1449 1756 linguam
1467 1713 1600 1746 latinam
1623 1723 1687 1746 non
1701 1713 1765 1746 cal-

1021 1771 1109 1803 leret.
1134 1769 1207 1808 Sed,
1223 1774 1253 1801 et
1272 1767 1370 1800 latine
1392 1767 1556 1810 scriptam,
1580 1777 1616 1799 ac
1634 1766 1673 1799 ab
1696 1766 1765 1810 ipso

1020 1824 1252 1867 subscriptam,
1276 1822 1344 1855 eius
1372 1821 1503 1855 nomine
1532 1820 1609 1863 legit
1630 1821 1766 1854 dilectus

1022 1878 1106 1911 filius
1127 1878 1237 1917 Lucas,
1261 1875 1425 1909 doctorius
1441 1874 1615 1908 canonicus
1644 1875 1766 1908 Luceo-

1024 1930 1147 1969 riensis,
1172 1928 1358 1962 huiusmodi
1379 1928 1437 1961 sub
1459 1934 1581 1968 tenore,
1596 1927 1762 1960 videlicet:

1023 1983 1228 2018 Sanctissime
1249 1993 1285 2015 ac
1304 1981 1491 2015 Beatissime
1508 1982 1611 2014 Pater.
1629 1981 1694 2022 Ego
1709 1980 1767 2013 hu-

1026 2037 1109 2070 milis
1124 2036 1257 2081 Cyrillus
1268 2034 1449 2078 Terleczky,
1472 2034 1526 2068 Dei
1543 2033 1655 2076 gratia,
1678 2043 1767 2066 exar-

1025 2091 1094 2130 cha,
1107 2090 1277 2134 episeopus
1287 2088 1506 2122 Luceoriensis
1519 2094 1550 2121 et
1562 2087 1769 2121 Ostrosiensis

1026 2144 1057 2176 in
1078 2142 1200 2182 Russia,
1224 2141 1364 2175 nationis
1384 2142 1559 2174 Russorum
1578 2151 1633 2173 seu
1651 2140 1769 2173 Ruthe-

1027 2207 1155 2236 norum,
1179 2206 1262 2229 unus
1282 2206 1318 2229 ex
1336 2194 1602 2239 procuratoribus
1622 2204 1770 2227 reveren-

1028 2252 1143 2284 dorum
1177 2249 1210 2282 in
1243 2249 1366 2283 Christo
1399 2253 1526 2292 patrum
1561 2247 1768 2280 dominorum

1030 2304 1245 2347 praelatorum
1267 2302 1410 2335 eiusdem
1442 2300 1598 2339 nationis,
1623 2300 1771 2334 videlicet

1030 2356 1190 2390 Michaelis
1201 2356 1338 2395 Rahosa,
1355 2354 1589 2398 archiepiscopi
1606 2360 1770 2397 metropo-

1765 223 1811 248 An.
1831 223 1860 249 C.
1880 222 1948 250 1595

1796 1295 1901 1315 Professio
1910 1294 1960 1315 fidet

1775 1322 1863 1343 alterius
1885 1326 1961 1347 procu-

1777 1349 1864 1371 ratoris,
1880 1348 1963 1368 scilicet

1776 1375 1871 1404 episcopi
1881 1375 1962 1396 Lucet)-

1777 1408 1858 1423 τιουεις.

1031 2411 1104 2443 litae
1113 2409 1290 2443 Kioviensis
1299 2415 1329 2442 et
1341 2408 1529 2441 Haliciensis
1538 2418 1574 2440 ac
1588 2407 1684 2440 totius
1694 2408 1772 2440 Rus·
1825 2427 1829 2429 λ

1029 2464 1105 2504 siae,
1121 2469 1152 2497 et
1167 2462 1313 2505 Gregorii
1327 2461 1561 2505 archiepiscopi
1574 2460 1773 2494 denominati

1031 2516 1123 2549 electi
1142 2516 1172 2548 in
1187 2515 1373 2560 episcopum
1394 2515 1601 2548 Polocensem
1619 2519 1650 2547 et
1668 2513 1773 2547 vitel)-

1069 2591 1078 2616 1
1096 2588 1232 2615 Omittitur
1251 2587 1383 2623 professio
1396 2586 1479 2623 Fidei,
1495 2586 1558 2622 quia
1573 2585 1708 2622 reperitur
1722 2586 1773 2613 im-

1032 2641 1134 2669 pressa.
