2253 3195
245 211 294 238 An.
311 212 340 238 c.
361 212 430 240 1596
475 202 539 237 268

293 1115 428 1136 facientibus

244 1144 312 1163 autem
321 1143 429 1167 indulgen-

244 1172 294 1189 uam
317 1176 336 1190 in
363 1169 428 1189 serina

244 1195 333 1217 tubttaet
353 1202 428 1217 conce-

446 266 508 294 tam
529 261 674 294 notitiam
695 261 918 304 pervenerint,
943 260 983 293 ad
1001 260 1103 293 Deum
1122 260 1184 292 Pa-

445 320 525 347 trem
546 314 845 353 clementissimum,
868 313 1040 346 humiliato
1061 318 1092 345 et
1111 322 1206 363 con-g

444 367 518 401 trito
543 368 658 407 corde,
682 372 926 407 convertantur,
955 371 987 399 et
1010 366 1052 399 ob
1077 366 1188 410 culpas

444 432 480 454 ac
499 426 629 465 peccata
650 420 821 453 commissa
846 430 883 453 ex
901 419 1010 452 animo
1028 419 1184 459 dolentes,

443 473 657 507 concordibus
677 478 709 506 et
732 473 868 506 assiduis
898 473 1050 516 precibus
1081 472 1186 516 ipsum

443 532 559 567 orent,
594 532 629 558 ut
660 525 762 558 oculis
793 525 984 559 clementiae
1012 524 1186 559 Ecclesiam

442 591 531 614 suam
549 586 692 614 sanctam
707 580 869 624 respiciat,
881 580 1036 614 Franciae
1050 590 1186 622 regnum

444 634 476 666 in
495 639 604 667 sancta
625 633 783 666 catholica
795 639 826 667 et
839 633 1017 677 apostolica
1034 633 1098 667 fide
1112 643 1188 666 con-

442 692 555 727 servet,
579 686 724 730 illudque
743 686 777 719 in
796 686 966 730 pristinam
986 686 1139 730 pietatem
1157 691 1206 723 eti

444 739 706 783 tranquillitatem
726 739 884 780 restituat,
905 739 1075 773 haeresum
1095 738 1185 772 radi-

443 803 495 826 ces
508 792 631 833 evellat,
643 792 822 826 simultates
839 798 935 836 atque
953 792 1028 826 odia
1041 792 1185 832 dirimat;

443 846 626 879 universam
657 846 797 890 denique
826 846 1065 890 rempublicam
1098 845 1185 879 chri-

443 899 579 933 stianam
600 909 618 932 a
644 899 750 943 pravis
778 899 988 933 schismatum
1009 899 1185 940 erroribus,
1204 915 1207 958 ε

444 953 646 986 etmalorum
670 953 816 986 omnium
840 953 995 997 periculis
1017 952 1137 986 salvam
1158 958 1189 986 et

444 1006 640 1040 incolumem
662 1012 798 1040 tueatur.

488 1061 504 1102 S
524 1059 555 1093 4.
579 1060 617 1094 Et
636 1060 658 1093 ii
678 1060 821 1104 quidem,
845 1060 900 1104 qui
921 1060 953 1093 in
973 1061 1086 1094 eadem
1106 1060 1186 1094 civi-

444 1113 539 1146 vitate
564 1113 700 1153 suerint‚
731 1113 913 1157 praedictas
940 1113 1113 1154 ecclesias,
1139 1113 1188 1147 vel

443 1176 542 1200 unam
562 1177 599 1200 ex
619 1166 675 1207 eis,
699 1177 796 1210 quam
818 1166 1014 1207 maluerint;
1037 1166 1091 1210 qui
1112 1177 1188 1200 vero

444 1225 532 1254 extra
560 1220 709 1253 eamdem
731 1219 891 1253 civitatem
915 1219 947 1253 in
974 1219 1061 1254 dicto
1087 1230 1188 1262 regno

444 1278 558 1314 erunt,
581 1273 749 1307 ecclesiam
771 1284 827 1307 seu
849 1266 998 1307 ecclesias
1018 1284 1076 1316 per
1101 1273 1189 1306 loco-

445 1336 516 1359 rum
538 1325 735 1367 Ordinarios,
758 1337 814 1360 seu
835 1336 948 1359 eorum
972 1325 1119 1365 vicarios,
1136 1331 1190 1359 aut

444 1380 484 1414 de
504 1390 616 1414 eorum
638 1380 808 1420 mandatis,
827 1380 876 1413 vel
897 1379 942 1413 eis
962 1379 1185 1420 deficendbus,

444 1444 503 1478 per
522 1444 577 1469 eos
597 1434 653 1478 qui
679 1434 723 1467 ihi
750 1444 861 1468 curam
886 1439 1037 1468 exercent
1066 1433 1190 1467 anima-

444 1497 528 1527 rum,
552 1487 768 1532 deputandam
789 1498 846 1521 seu
865 1487 1083 1531 deputandas,
1107 1497 1189 1531 quo-

445 1551 583 1585 cumque
609 1541 680 1581 die,
709 1541 757 1574 vel
789 1541 1048 1585 quibuscumque
1078 1540 1190 1574 diebus

444 1594 589 1628 eiusdem
601 1595 649 1628 vel
667 1594 829 1638 sequentis
841 1595 1075 1635 hebdomadae,
1093 1605 1188 1638 quam

445 1648 504 1692 ipsi
525 1648 691 1690 elegerint,
715 1649 826 1682 saltem
854 1648 953 1682 semel
975 1648 1088 1682 devote
1112 1648 1186 1681 visi-

446 1701 593 1740 taverint,
617 1707 647 1735 et
668 1707 783 1745 quarta
801 1707 832 1735 et
851 1707 938 1735 sexta
958 1701 1048 1741 seria,
1064 1712 1100 1734 ac
1119 1701 1191 1735 sab-

446 1755 521 1788 bato
541 1755 684 1789 eiusdem
710 1756 757 1789 vel
778 1756 943 1799 sequentis
965 1755 1190 1789 hebdomadae

446 1807 599 1842 ieiunent.
624 1808 793 1842 Praeterea
822 1808 1021 1853 pauperibus
1048 1814 1079 1842 et
1108 1808 1190 1842 indi-

446 1861 595 1904 gentibus
612 1861 769 1906 personis,
793 1867 847 1895 aut
864 1861 942 1894 locis
962 1861 1032 1905 piis,
1052 1872 1111 1905 pro
1131 1872 1190 1895 suo

446 1914 591 1955 arbitrio,
612 1916 832 1959 eleemosynas
852 1921 1001 1957 erogent,
1025 1921 1121 1959 atque
1140 1915 1188 1949 in-

448 1975 496 2002 tra
521 1968 581 2001 boc
610 1973 737 2012 tempus
761 1968 920 2001 sacerdoti
949 1968 988 2001 ab
1020 1968 1189 2002 Ordinario

447 2023 626 2067 approbato
639 2026 769 2066 peccata
782 2032 838 2055 sua
855 2022 1081 2062 confiteantur,
1095 2028 1125 2055 et
1138 2022 1189 2056 die

447 2075 611 2109 dominico
635 2075 755 2108 dictum
779 2075 902 2108 sabbati
930 2075 1015 2108 diem
1043 2075 1189 2119 proxime

447 2129 676 2173 subsequenti,
701 2129 748 2162 vet
776 2128 839 2162 alio
866 2129 969 2161 dictae
990 2129 1106 2172 prioris
1134 2136 1186 2162 aut

447 2182 610 2226 sequentis
628 2182 851 2215 hebdomadae
876 2181 939 2221 die,
960 2181 1093 2215 arbitrio
1113 2192 1188 2215 con-

449 2235 587 2275 fessarii,
622 2234 858 2268 >ant-tissimum
892 2233 1110 2267 Eucharistiae
1141 2246 1206 2274 sa-¹

448 2294 649 2322 crumentum
672 2288 784 2322 derote
801 2287 986 2331 suscipiant.
1008 2287 1064 2327 Qui
1081 2294 1186 2322 autem

449 2342 478 2374 in
500 2342 701 2383 navigatione
723 2342 769 2374 vel
792 2341 904 2374 itinere
927 2341 1060 2380 suerint,
1077 2352 1115 2375 eo
1135 2353 1189 2385 pc-

449 2401 546 2435 ras-to,
561 2395 638 2428 haee
652 2395 772 2435 omma,
785 2401 815 2427 ut
829 2397 1018 2439 praefertur,
1032 2394 1146 2428 tta-iant
1159 2401 1189 2428 et
1205 2393 1207 2441 't

449 2454 657 2492 exc-quantur.
682 2449 855 2491 ltegulares
887 2454 992 2481 autem
1024 2448 1207 2492 utriusque.

448 2512 550 2539 scimus,
575 2501 628 2545 qui
659 2501 689 2534 in
722 2501 868 2535 claustris
889 2502 1024 2543 degunt,
1049 2512 1105 2534 ner
1124 2511 1207 2547 nont

449 2552 520 2592 atii,
545 2554 599 2597 qui
621 2553 651 2586 in
673 2565 801 2588 earcere
825 2555 872 2587 vot
894 2554 1076 2598 captivitate
1102 2553 1184 2587 deti·
1204 2549 1207 2600 Ι

452 2613 584 2647 nentur,
608 2613 661 2640 aut
688 2613 819 2652 propter
845 2608 989 2652 corporis
1021 2607 1206 2649 infirmita-¹

1027 212 1212 236 BULLARIUM
1232 211 1388 236 ROMANUM

1221 264 1297 300 tem,
1320 269 1377 292 seu
1396 259 1484 292 aliud
1503 260 1732 304 quodcumque
1750 260 1964 304 impedimen-

1223 316 1301 352 tum,
1324 311 1474 355 superius
1494 322 1659 356 expressa,
1682 317 1738 346 aut
1763 323 1875 346 eorum
1904 313 1964 346 ali-

1221 375 1284 408 qua
1313 365 1418 398 facere
1447 365 1497 404 vel
1524 365 1703 409 adimplere
1737 366 1961 409 nequiverint,

1204 417 1396 452 *sacerdotis
1426 417 1629 459 confessarii,
1661 428 1758 462 quem
1785 418 1979 461 elegerint,.

1221 471 1368 512 arbitrio,
1391 471 1557 515 praedicta
1574 471 1684 506 omnia
1704 476 1735 504 et
1753 470 1889 514 singula,
1911 477 1966 505 aut

1221 524 1330 567 aliqua
1348 524 1478 558 illorum
1497 525 1529 558 in
1549 524 1611 558 alia
1623 524 1750 569 pietatis
1767 534 1866 568 opera
1877 535 1966 558 com·

1222 583 1363 618 mutare,
1390 578 1440 611 vel
1464 577 1496 611 in
1517 577 1615 618 aliud,
1638 577 1822 622 proximum
1842 582 1962 618 tamen,

1223 636 1349 675 tempus
1375 631 1510 666 differre
1524 633 1661 665 valeant.
1686 631 1773 671 Quae
1793 631 1914 672 omnia,
1931 636 1975 670 ut„

1222 694 1260 718 eo
1278 684 1429 719 libentius
1449 690 1611 730 praestare
1629 685 1788 725 studeant,
1811 694 1876 728 quo
1887 684 1966 717 ube-

1222 737 1288 770 rius
1305 738 1525 782 spiritualibus
1545 738 1734 772 muneribus
1754 743 1786 771 et
1802 737 1913 780 gratiis
1931 747 1966 770 se

1222 802 1241 824 a
1259 791 1353 825 nobis
1374 792 1511 826 refectos
1531 803 1599 826 esse
1620 792 1848 835 cognoverint,
1872 791 1912 825 de
1931 801 1966 824 o-

1223 844 1432 888 mnipotentis
1450 846 1506 879 Dei
1533 845 1772 886 misericordia,
1799 855 1837 878 ac
1856 844 1966 878 beato-

1222 909 1295 932 rum
1316 898 1410 932 Petri·
1422 905 1453 933 et
1471 899 1561 933 Pauli
1581 899 1804 943 apostolorum
1823 897 1898 932 Eius
1910 908 1967 932 au-

1223 951 1370 986 ctoritate
1401 952 1536 993 confisi,
1571 963 1608 986 ex
1638 952 1692 985 illa
1720 951 1841 995 ligandi
1871 956 1967 995 atque

1222 1005 1366 1039 solvendi
1386 1011 1555 1050 potestate,
1578 1016 1675 1050 quam
1695 1006 1779 1040 Deus
1802 1004 1906 1046 nobis,
1929 1004 1967 1038 li-

1223 1064 1273 1092 cet
1286 1059 1436 1102 indignis,
1452 1059 1598 1101 contulit,
1611 1059 1780 1094 thesauros
1791 1057 1963 1098 Ecclesiae,

1223 1122 1363 1156 quorum
1384 1111 1622 1156 dispensatores
1639 1122 1696 1145 sua
1707 1111 1907 1155 benignitate
1921 1110 1966 1144 sa-

1223 1166 1265 1200 cti
1285 1176 1408 1206 sumus,
1431 1165 1561 1210 copiose
1587 1165 1768 1210 aperientes
1782 1192 1790 1206 ,
1815 1164 1967 1199 omnibus

1223 1225 1254 1254 et
1272 1219 1406 1262 singulis
1424 1219 1609 1264 praedictis,
1632 1219 1687 1263 qui
1713 1218 1890 1263 praemissa
1915 1218 1963 1252 te·

1223 1273 1325 1307 cerint
1344 1278 1376 1306 et
1395 1272 1882 1317 adimpleverint,plenissimam
1891 1282 1966 1316 pec-

1224 1332 1368 1361 catorum
1388 1336 1522 1360 suorum
1540 1325 1784 1368 indulgentiam,
1797 1325 1922 1360 veniam
1936 1330 1967 1359 et

1224 1379 1459 1420 remissionem,
1479 1379 1561 1413 sieut
1577 1379 1610 1412 in
1635 1389 1721 1413 anno
1741 1378 1873 1412 iubilaei
1891 1378 1966 1413 visi-

1224 1434 1320 1467 tando
1349 1438 1451 1467 certas
1471 1432 1622 1466 ecclesias
1641 1431 1725 1466 inter
1744 1437 1776 1466 et
1795 1437 1882 1466 extra
1901 1431 1963 1466 Ur-

1224 1487 1309 1527 bem,
1330 1486 1464 1520 concedi
1485 1485 1661 1526 consuevit,
1682 1490 1796 1520 tenore
1815 1495 1966 1530 praesen-

1226 1540 1316 1581 tium,
1340 1540 1469 1580 damus,
1493 1539 1701 1573 concedimus
1726 1544 1756 1573 et
1776 1538 1962 1582 elargimur.

1268 1593 1284 1637 ἓ
1304 1592 1333 1626 5.
1358 1593 1422 1627 Nec
1441 1603 1507 1627 non
1527 1592 1647 1626 eisdem
1679 1591 1943 1626 christifidelibus
1955 1619 1963 1633 ‚
1981 1599 2168 1648 mgffitffitozgtff

1224 1647 1321 1681 etiam
1341 1646 1574 1690 cuiuscumque
1594 1645 1717 1679 ordinis
1734 1651 1766 1680 et
1784 1655 1964 1688 congrega·
1981 1652 2168 1676 fossariistrtbutu

1226 1701 1321 1735 tionis
1338 1699 1541 1743 regularibus
1561 1699 1730 1743 utriusque
1750 1709 1842 1733 sexus
1862 1699 1965 1734 sacul-

1225 1760 1322 1788 tatem
1351 1752 1566 1797 impertimur,
1591 1752 1730 1795 eligendi
1755 1751 1815 1786 sibi
1835 1751 1968 1797 presby-

1225 1813 1329 1841 terum
1339 1805 1567 1840 confessarium
1578 1811 1642 1839 tam
1652 1806 1861 1846 saecularem,
1870 1815 1967 1850 quam

1224 1859 1363 1894 cuiusvis
1383 1859 1516 1899 ordinis,
1544 1859 1592 1892 vel
1620 1858 1756 1892 instituti
1785 1858 1967 1902 regularem

1225 1925 1260 1948 ex
1278 1913 1464 1958 approbatis
1485 1912 1524 1946 ab
1544 1911 1724 1946 Ordinariis
1744 1912 1901 1953 locorum,
1913 1911 1967 1956 qui

1224 1977 1279 2001 eos
1298 1967 1338 2000 ab
1359 1966 1510 2000 omnibus
1534 1965 1893 2007 excommunicationis,
1915 1976 1967 2002 su-

1223 2020 1414 2065 spensionis,
1429 2025 1461 2054 et
1481 2019 1642 2054 interdicti
1663 2019 1798 2064 aliisque
1818 2019 1967 2055 ecclesia-

1223 2074 1308 2108 sticis
1327 2073 1493 2108 sententiis
1513 2079 1544 2108 et
1563 2073 1707 2108 censuris
1723 2084 1741 2107 a
1761 2073 1832 2108 iure
1851 2074 1900 2108 vel
1925 2073 1966 2108 ab

1223 2128 1365 2168 bomine,
1376 2127 1489 2171 quovis
1507 2127 1605 2161 modo
1626 2127 1673 2160 vel
1695 2137 1802 2168 causa,
1825 2126 1897 2162 latis
1909 2137 1966 2160 seu

1223 2181 1362 2222 inflictis,
1386 2191 1445 2214 nec
1465 2191 1529 2214 non
1559 2180 1599 2214 ab
1627 2180 1778 2214 omnibus
1801 2179 1962 2224 peccatis,

1223 2235 1414 2275 ext-essibus,
1443 2234 1633 2268 criminibus
1653 2240 1684 2268 et
1703 2233 1838 2274 delictis,
1861 2243 1965 2278 quan-

1224 2288 1339 2322 tumvis
1359 2287 1509 2330 gravibus
1534 2293 1565 2321 et
1587 2287 1784 2327 enormibus,
1807 2286 1903 2320 etiam
1933 2286 1966 2320 in

1223 2341 1349 2375 casibus
1363 2346 1426 2374 tam
1442 2341 1586 2374 locorum
1600 2339 1787 2380 Ordinariis,
1800 2350 1897 2383 quam
1908 2349 1965 2374 no-

1223 2394 1271 2428 bis
1295 2400 1326 2427 et
1351 2394 1424 2428 Sedi
1446 2393 1648 2438 Apostolicae
1668 2393 1764 2427 etiam
1792 2393 1824 2427 in
1853 2393 1966 2429 litteris

1224 2447 1254 2480 in
1285 2447 1336 2480 die
1370 2448 1491 2482 Comae
1519 2447 1654 2480 Domini
1686 2447 1746 2489 legi
1779 2446 1940 2482 consuetis
1953 2473 1961 2487 ,

1223 2507 1317 2545 atque
1346 2501 1424 2536 alias
1445 2501 1539 2535 etiam
1569 2512 1626 2545 per
1657 2511 1878 2545 quascumque
1902 2500 1964 2535 no-

1224 2565 1393 2588 manorum
1405 2554 1597 2590 Pontiticum
1608 2554 1894 2598 praedecessorum
1905 2563 1964 2588 no-

1221 2613 1361 2641 strorum
1383 2607 1637 2647 constitutiones,
1658 2618 1794 2652 quarum
1815 2612 1959 2647 tenores,

1984 211 2034 238 An.
2052 211 2082 239 C.
2094 211 2166 240 1590,
2178 222 2182 238 π
2230 215 2231 218 ’
