2253 3195
311 265 362 292 Αη.
381 265 409 293 C.
429 266 490 294 1601

356 966 496 990 Provisiwnas.

311 994 326 1012 si
352 1000 413 1013 *ecus
435 994 494 1015 fiant.

311 1021 378 1041 nuttau
390 1020 436 1040 sine.

540 258 603 291 678

1091 270 1274 294 BULLARlUM
1295 270 1447 295 ROMANUM

508 316 673 356 fructibus,
698 316 854 350 reditibus
873 323 904 349 et
931 317 1161 361 proventibus,
1200 318 1248 351 vel
1283 325 1332 352 tae
1352 319 1563 362 possessionis
1584 320 1785 353 tolerantiam
1802 348 1809 362 ,
1839 328 1893 355 aut
1915 323 2022 366 quod-

508 379 620 401 eorum
640 369 712 402 loeo
737 370 859 402 fruetus
879 369 965 413 ipsos
986 371 1037 413 (ex
1057 381 1153 404 causa
1173 372 1250 406 resi·
1284 382 1421 415 eumque
1447 372 1516 412 ius,
1551 373 1598 405 vel
1620 373 1707 406 aliud
1738 373 1931 408 beneficium
1958 376 2026 409 ullo

506 421 665 464 gnationis
678 421 863 455 huiusmodi
877 428 999 456 tantum
1021 424 1176 458 canonice
1190 425 1249 458 sibi
1285 431 1431 469 tempore
1444 425 1505 458 illis
1517 425 1696 468 suffragari,
1717 428 1772 460 sed
1792 427 1948 461 beneficia
1967 429 2027 462 hu-

507 474 715 507 reservandos
745 475 792 507 vel
823 475 1054 519 assignandos)
1084 478 1189 510 levare
1220 484 1249 511 et
1285 477 1434 519 iusmodi‚
1456 484 1491 512 ut
1509 479 1599 522 prius
1618 490 1742 520 vacare,
1766 485 1891 524 etquae
1909 492 1944 514 ex
1966 481 2027 515 illis

506 527 672 571 percipere
693 527 792 561 libere
812 528 950 572 possint;
970 540 1036 563 nec
1056 530 1116 574 ipsi
1144 532 1252 574 quoad

506 580 577 620 hoc,
599 590 703 624 neque
725 580 819 614 etiam
839 581 997 615 beneficia
1027 583 1065 616 de
1087 583 1251 628 iurepato-

506 638 598 666 natus
629 634 808 668 charissimi
843 634 876 668 in
901 635 1025 669 Christo
1059 636 1115 669 filii
1151 638 1251 671 nostri

507 686 644 731 Philippi
666 687 891 731 Hispaniarum
914 689 999 732 regis
1019 690 1168 724 catholici
1189 692 1253 725 exi-

507 739 633 781 stentia,
657 741 696 774 ad
714 751 796 784 quae
808 741 903 774 etiarn
918 742 1117 785 alienigenae
1137 755 1250 788 perso-

509 804 568 826 nae
596 795 795 837 praesentari
821 795 968 836 valeant,
1003 797 1062 829 sub
1091 799 1252 841 praesenti

509 852 628 879 statuto
647 847 976 891 comprehendantur.

555 899 622 942 §3-
657 901 871 935 Decernentes
910 913 1022 936 omnes
1054 909 1084 937 et
1112 905 1254 948 singulas

512 954 710 995 collationes,
726 955 938 999 provisiones,
954 959 1173 999 commendas,
1190 959 1254 993 ele-

511 1006 650 1048 ctiones,
673 1004 931 1052 acceptationes,
966 1011 1251 1054 praesentationes,

511 1060 727 1095 institutiones
747 1068 776 1095 et
789 1064 916 1106 quasvis
932 1064 1010 1098 alias
1030 1065 1255 1110 dispositiones

511 1115 549 1147 de
571 1114 829 1160 quibuscumque
853 1117 1019 1151 beneficiis
1032 1120 1254 1153 ecclesiasticis

511 1167 586 1200 dit-ti
607 1168 696 1210 regni
717 1169 900 1211 Sardiniae,
929 1177 963 1203 ut
980 1173 1161 1215 praefertur
1175 1201 1182 1211 ,
1207 1174 1253 1207 vel

511 1220 588 1254 alias
608 1222 851 1265 quomodolibet
874 1224 1076 1267 qualificatis‚
1094 1236 1129 1259 ac
1150 1237 1253 1260 reser-

510 1274 788 1309 vationesillorum
800 1277 971 1318 fructuum,
990 1279 1163 1321 redituum,
1179 1291 1254 1324 pro-

510 1334 662 1362 ventuum
696 1335 727 1362 et
748 1330 939 1373 pensionum
962 1343 1060 1375 super
1079 1333 1199 1367 eisdem
1222 1335 1252 1367 in

509 1382 649 1415 savorem
679 1383 837 1416 dictorum
860 1384 1115 1427 alienigenarum
1142 1394 1254 1420 contra

510 1435 686 1478 praesentis
703 1436 812 1469 statuti
836 1437 972 1470 sormam
994 1444 1021 1471 et
1045 1445 1201 1480 tenorem,
1225 1446 1252 1474 et

509 1499 566 1532 per
591 1499 667 1529 nos,
692 1495 721 1522 et
745 1500 968 1534 quoscumque
988 1492 1067 1525 alios
1092 1493 1254 1527 Romanos

510 1542 678 1576 Pontifices
695 1553 897 1577 Stict'CSSOt'eS
911 1551 1048 1585 nostrOS,
1071 1545 1253 1591 dictamque

509 1595 636 1636 Sedem,
659 1607 695 1629 ac
712 1596 795 1630 illius
816 1597 949 1639 legatos,
973 1599 1068 1632 etiam
1087 1600 1126 1633 de
1140 1600 1251 1641 latere,

510 1655 539 1682 et
560 1650 697 1683 nuncios
712 1678 719 1691 ,
754 1661 930 1696 omnesque
952 1658 981 1685 et
1008 1653 1151 1696 singulos
1175 1654 1254 1688 alios

511 1703 569 1739 ius:
586 1709 613 1736 et
630 1704 812 1737 facultatem
829 1706 1027 1746 conferendi,
1049 1707 1250 1750 providendi,

509 1757 770 1796 commendandi,
785 1758 936 1801 eligendi,
954 1761 1192 1803 praesentandi,
1208 1761 1253 1794 in-

510 1810 702 1844 stituendiet
725 1811 803 1844 alias
824 1813 1117 1856 quomodolibetde
1138 1814 1250 1847 huius--

512 1863 598 1897 modi
623 1864 787 1897 beneficiis
809 1865 1021 1909 disponendi,
1059 1867 1254 1912 illorumque

513 1917 782 1957 fructus,1·0ditus
803 1924 831 1951 et
849 1925 1034 1963 proventus⁷
1052 1930 1086 1954 ac
1099 1931 1197 1964 super
1211 1921 1255 1954 eis

524 1971 680 2004 ›ensiones
701 1972 883 2005 reservandi
905 1973 944 2006 ab
965 1973 1031 2017 ipsa
1045 1973 1125 2007 Sede
1136 1973 1256 2008 haben-

509 1982 566 2063 les
592 2035 649 2057 nee
670 2035 733 2057 non
755 2025 946 2066 ordinarios,
971 2032 1001 2059 et
1023 2026 1102 2060 alios
1123 2027 1254 2061 inferio-

511 2088 560 2110 res
579 2078 749 2111 collatores
763 2079 860 2112 etiam
875 2079 913 2112 ad
934 2086 1144 2123 patronorum
1160 2092 1254 2124 prae-

509 2131 744 2171 sentationem,
780 2143 835 2165 seu
867 2132 905 2165 de
937 2133 1066 2166 illorum
1097 2144 1254 2167 consensu

511 2196 568 2227 pro
590 2190 734 2228 tempore
757 2185 870 2221 saetas.
897 2185 964 2229 ipso
995 2186 1062 2219 iure
1093 2187 1196 2220 nullas
1225 2193 1254 2221 et

511 2237 675 2277 invalidas,
688 2238 871 2282 nulliusque
887 2239 1012 2272 roboris
1031 2240 1075 2271 vel
1099 2241 1254 2273 momenti

511 2291 577 2323 sore
599 2297 627 2323 et
642 2302 720 2330 esse,
741 2302 777 2324 ae
798 2302 856 2335 pro
877 2292 973 2325 nullis
994 2299 1023 2325 et
1046 2293 1171 2326 insectis
1192 2294 1251 2326 lia—

511 2344 590 2384 beri,
616 2355 673 2377 nec
690 2356 747 2388 per
767 2356 819 2377 eas
838 2345 987 2389 cuiquam
1011 2346 1070 2385 ius,
1095 2347 1142 2379 vel
1157 2347 1252 2379 etiam

511 2398 688 2430 coloratum
701 2398 1020 2442 titulumpossidendi
1036 2399 1132 2432 tribui
1146 2410 1250 2443 posse,

512 2451 661 2494 ipsosque
682 2451 878 2493 alienigenas
899 2452 1026 2485 illarum
1041 2464 1173 2496 prorsus
1195 2463 1253 2486 usu

511 2511 539 2536 et
572 2506 743 2539 rmiunodo
779 2517 911 2546 carere,
951 2518 1007 2539 nec
1044 2507 1253 2540 cancellariae

512 2559 711 2600 ,apostoticae
726 2560 863 2599 regulas,
884 2571 939 2592 seu
954 2559 1201 2593 constitutiones
1216 2561 1254 2593 de

512 2611 617 2643 aiiuali
649 2618 678 2643 vt
709 2613 856 2646 trimmali
886 2613 1122 2656 possessoribus
1159 2613 1253 2646 etiam

513 2669 642 2706 propter
663 2666 867 2708 ‹piantumvis
881 2666 1065 2699 diuturnam
1081 2667 1251 2699 continua-

1285 536 1430 575 tempore
1467 532 1685 576 dispositionis
1721 534 1915 577 apostolicae
1935 534 2028 568 dictis

1285 584 1473 627 alienigenis
1494 586 1596 618 factae
1616 585 1720 619 eidem
1749 586 1953 631 dispositioni
1972 598 2026 621 re-

1286 644 1408 672 servata
1432 649 1486 672 seu
1517 639 1629 673 affecta
1660 640 1797 682 suerint,
1826 641 1885 674 sub
1917 642 2029 675 eadem

1287 692 1514 732 reservatione,
1538 703 1594 726 seu
1614 693 1971 736 affectioneremanere,
1999 700 2030 728 et

1288 751 1350 778 tam
1369 745 1423 779 illa
1441 756 1536 789 quam
1559 746 1655 779 etiam
1677 747 1785 780 omnia
1806 747 1867 781 alia
1888 758 1954 781 non
1974 759 2027 782 re-

1286 804 1421 839 servata,
1444 809 1548 842 neque
1574 799 1696 840 affecta,
1721 801 1759 833 de
1780 800 1896 844 quibus
1915 801 2032 834 adicta

1286 851 1367 885 Sede
1383 879 1390 891 ,
1420 852 1466 885 vel
1496 851 1580 885 illius
1600 852 1711 895 legatis
1730 863 1786 886 seu
1808 853 1932 887 nunciis
1947 881 1954 895 ,
1978 859 2032 887 aut

1287 905 1358 938 aliis
1378 905 1427 938 ius
1448 911 1478 939 et
1498 906 1680 939 facultatem
1702 907 1887 941 conferendi
1911 907 1950 940 ab
1978 918 2031 941 ea—

1289 959 1360 992 dem
1386 959 1487 999 Sede,
1511 966 1544 992 ut
1569 959 1763 1003 praefertur,
1788 960 1980 994 habentibus
2000 961 2031 994 in

1288 1012 1473 1046 huiusmodi
1505 1012 1718 1055 alienigenas,
1761 1013 2032 1057 quandocumque

1289 1065 1479 1109 dispositum
1516 1065 1609 1099 suerit
1625 1093 1632 1106 ,
1666 1066 1706 1099 ad
1738 1076 1853 1099 novam
1896 1066 2032 1100 Romani

1289 1118 1454 1152 Pontifieis
1471 1129 1531 1162 pro
1554 1124 1699 1163 tempore
1720 1119 1882 1153 existentis
1900 1119 2034 1164 disposi-

1290 1172 1408 1205 tionem
1431 1172 1597 1205 dumtaxat
1620 1172 1803 1216 pertinere:
1835 1173 1875 1206 ab
1896 1173 2030 1206 ordina-

1289 1225 1343 1258 riis
1355 1235 1430 1258 vero
1452 1231 1482 1258 et
1503 1225 1573 1258 aliis
1587 1225 1793 1259 inferioribus
1811 1226 2030 1268 collatoribus,

1289 1279 1486 1312 cessantibus
1506 1279 1778 1313 reservationihus
1809 1290 1863 1313 seu
1889 1279 2033 1314 affectio-

1289 1332 1382 1365 nibus
1395 1332 1589 1376 apostolicis,
1606 1333 1726 1366 eisdem
1737 1343 1795 1377 pro
1809 1339 1953 1378 tempore
1967 1334 2033 1367 col-

1289 1387 1363 1425 lata,
1387 1397 1423 1420 ac
1437 1387 1532 1420 etiam
1547 1397 1594 1426 ea,
1612 1397 1694 1431 quae
1714 1387 1753 1420 de
1774 1387 2035 1430 iurepatronatus

1289 1439 1474 1473 huiusmodi
1506 1439 1643 1480 fuerint,
1677 1440 1703 1473 si
1736 1439 1902 1482 contingat
1921 1441 1960 1474 ad
1981 1440 2035 1474 illa

1289 1503 1486 1537 quemquam
1508 1498 1620 1526 eontra
1640 1493 1817 1537 praesentis
1837 1493 1946 1527 statuti
1964 1493 2032 1527 sor-

1291 1557 1374 1579 mam
1400 1547 1618 1591 praesentari,
1643 1547 1839 1580 devolutioni
1861 1547 1900 1580 ad
1920 1547 2035 1581 Sedem

1289 1600 1487 1645 praedictam
1510 1600 1696 1634 immediate
1717 1610 1755 1634 eo
1770 1600 1839 1645 ipso
1852 1600 2031 1641 subiacere,

1291 1654 1408 1698 illaque
1429 1653 1538 1687 omnia
1564 1653 1604 1686 ab
1630 1653 1819 1695 alienigenis
1844 1653 1918 1687 dicti
1944 1654 2034 1697 regni

1289 1712 1320 1740 et
1337 1717 1354 1739 a
1383 1707 1464 1740 Sede
1485 1706 1648 1750 praedicta
1677 1707 1841 1740 dumtaxat
1869 1706 2033 1751 impetrari

1289 1771 1401 1804 posse,
1425 1771 1482 1793 nec
1509 1760 1557 1792 ius
1577 1760 1678 1793 ullum
1700 1760 1739 1793 ad
1760 1760 1960 1802 resignantes
1980 1765 2034 1793 aut

1290 1814 1449 1854 cedentes,
1465 1813 1589 1846 etiamsi
1604 1813 1634 1845 in
1645 1813 1846 1857 possessione
1857 1813 1951 1846 etiam
1965 1812 2035 1846 diu-

1291 1867 1355 1900 tina
1371 1866 1595 1904 remanserint,
1612 1872 1641 1899 et
1653 1865 1948 1908 resignationcsseu
1962 1876 2032 1900 ces-

1290 1919 1395 1953 siones
1412 1919 1595 1952 huiusmodi
1617 1919 1798 1963 publicatae
1820 1929 1883 1952 non
1901 1918 2031 1959 suerint,

1290 1973 1395 2006 redire
1417 1973 1461 2005 vel
1484 1983 1582 2016 penes
1599 1982 1653 2006 cos
1675 1983 1854 2005 remanere.
1879 1973 2033 2017 Impetra-

1291 2027 1392 2059 tiones
1411 2037 1502 2066 vero,
1527 2037 1562 2059 ae
1584 2026 1826 2070 motu-proprio
1847 2026 2031 2060 concessio-

1289 2090 1355 2120 nes,
1380 2090 1462 2123 quae
1483 2080 1522 2112 de
1541 2079 1661 2113 eisdem
1682 2079 1848 2113 beneficiis
1868 2090 1926 2124 pro
1948 2085 2031 2113 tem-

1290 2143 1367 2177 pore
1386 2133 1472 2173 tit-nt,
1490 2133 1749 2177 quibuscumque
1770 2133 2034 2175 derogationibus

1291 2186 1408 2219 suerint
1429 2186 1595 2227 sull'ultae,
1618 2196 1783 2230 nunquam
1802 2186 1861 2218 sub
1882 2186 2033 2220 clausulis

1289 2240 1494 2282 generalibus
1519 2245 1573 2272 aut
1594 2239 1795 2272 vacationum
1827 2239 1930 2273 modis
1951 2249 2031 2272 con-

1290 2291 1497 2325 ditionalibus
1529 2293 1577 2325 vel
1600 2292 1762 2336 implicitis
1787 2291 2030 2336 comprehendi,

1289 2346 1342 2379 sed
1364 2345 1546 2390 specialiter
1567 2351 1595 2378 et
1623 2356 1790 2389 expresse,
1814 2345 1855 2378 ob
1877 2355 1939 2379 non
1960 2355 2030 2379 ser-

1290 2405 1392 2432 ratam
1424 2399 1601 2443 praesentis
1633 2399 1741 2431 statuti
1778 2399 1935 2439 sormam,
1959 2409 2032 2432 cum

1289 2453 1505 2485 declaratione
1535 2452 1702 2485 nominum
1740 2459 1769 2486 et
1802 2451 2031 2494 cognominum

1290 2506 1432 2549 ipsorum
1459 2505 1712 2547 alienigenarum
1735 2505 1967 2550 dispositione,
2001 2510 2032 2538 et

1290 2570 1352 2592 non
1374 2559 1646 2596 c‹›mliii011atit‹·=·‚
1671 2570 1774 2602 neque
1793 2569 1850 2603 per
1867 2558 2032 2602 aequipol-

1291 2613 1357 2645 lens
1377 2612 1509 2645 omnino
1531 2612 1599 2645 lieri
1619 2612 1744 2645 debeat.

1335 2669 1348 2709 ξ
1368 2666 1396 2699 fi.
1413 2666 1604 2710 Eisdemque
1626 2665 1849 2710 praesentibus
1869 2675 1926 2708 per
1936 2672 2030 2708 quas-

2042 275 2092 301 ΛΠ.
2111 273 2139 301 C.
2158 274 2216 317 lssffl
