2253 3195
245 242 294 268 An.
310 241 340 268 e.
358 241 427 268 1595
473 232 536 265 196

281 1786 402 1806 tim-imm,

445 290 614 334 episcopis,
637 289 839 334 praepositis,
860 289 1021 333 Cupitum,
1042 299 1184 322 eonven—

447 343 530 377 tibus
551 350 582 377 et
600 343 670 376 aliis
689 343 837 386 personis
850 342 1033 386 praedietis,
1057 343 1104 375 vel
1118 342 1186 386 qui-

446 397 551 430 busvis
578 396 647 429 aliis
678 395 895 429 communiter
918 396 968 428 vel
1000 395 1125 429 divisim
1147 396 1186 428 ab

446 449 618 483 eademsit
637 449 717 482 Sede
738 448 910 489 indultum,
934 449 1020 492 quod
1034 449 1074 482 ad
1095 449 1184 482 solu-

447 503 577 541 tionem,
598 503 646 534 vel
668 501 943 534 contributionem
961 501 1096 535 subsidii
1123 502 1184 534 ali-

446 556 538 589 euius
570 555 704 588 minime
726 560 907 595 teneantur,
931 560 963 588 et
979 555 1018 588 ad
1040 555 1073 589 id
1092 566 1184 588 com-

446 608 540 652 pelli,
564 613 620 641 aut
649 609 736 651 quod
768 608 941 647 interdici,
965 608 1119 652 suspendi
1139 609 1187 642 rel

445 661 718 694 excommunicari
742 672 807 694 non
843 662 967 705 possint
982 672 1041 706 per
1064 662 1188 695 litteras

443 715 636 759 apostolicas
664 725 729 748 non
755 715 907 749 facientes
927 716 1056 759 plenam
1077 721 1109 749 et
1128 727 1185 749 ex-

444 779 588 812 pressam
620 769 660 802 de
687 768 813 801 indulto
838 768 1026 802 huiusmodi
1048 769 1187 802 mentio-

444 833 530 855 nem.

485 875 603 924 Patum
625 875 746 908 Romae
761 876 847 919 apud
859 875 888 908 S.
912 876 1043 909 Petrum
1058 875 1118 908 sub
1131 886 1188 908 an-

445 929 523 962 nulo
543 928 729 969 Piscatoris‚
755 929 808 962 die
828 939 908 963 xvnl
938 928 1046 962 martii
1067 939 1184 970 nexem

445 982 654 1026 pontificatus
674 983 776 1016 nostri
796 993 881 1016 anuo
899 994 941 1017 iv.

481 1044 539 1072 nat.
554 1045 598 1072 die
616 1045 647 1072 18
665 1045 756 1072 martii
772 1045 849 1079 1595,
867 1045 962 1081 pontif.
984 1054 1027 1072 an.
1049 1052 1084 1072 lv.

786 1205 856 1239 CIV.

448 1313 659 1355 Confirmatio
678 1312 930 1356 privileqiorum
957 1322 1016 1356 per
1049 1312 1190 1345 diversos

490 1367 651 1400 Romanos
672 1366 846 1408 Pontifices
865 1376 1082 1399 concessorum
1106 1366 1191 1399 Duci

490 1424 518 1453 et
538 1420 669 1452 nationi
693 1419 880 1453 Sabandiae
895 1430 992 1463 super
1007 1420 1191 1463 provisione

493 1473 717 1516 beneficiorum
739 1472 759 1506 ¹.

658 1554 792 1582 Clemens
809 1554 889 1588 Papa
904 1553 983 1586 VIII,

575 1610 610 1636 ad
626 1612 802 1643 perpetuam
816 1609 860 1637 rei
879 1609 1061 1637 memoriam.

491 1673 585 1706 [ieret
616 1672 798 1705 Romanum
827 1671 1014 1705 Pontificem
1036 1683 1083 1711 ea,
1108 1683 1189 1716 quae

447 1737 464 1757 a
486 1725 790 1768 praedecessoribus
815 1725 882 1758 suis
901 1725 1054 1758 Romanis
1074 1725 1186 1758 Ponti-

448 1778 579 1815 lieibus,
604 1778 749 1821 personis
764 1778 943 1811 illustribus
957 1779 996 1811 de
1012 1778 1094 1812 Sede
1107 1780 1190 1822 Apo-

448 1831 561 1864 stolira
593 1831 818 1870 benmueritis,
855 1832 1045 1874 praesertim
1082 1832 1187 1865 ducali

448 1883 605 1924 dignitate
637 1884 845 1925 fulgentibus,
868 1885 1006 1924 gratiose
1039 1895 1188 1918 conressu

449 1942 640 1976 nese-untur,
657 1937 838 1980 approbare
850 1943 877 1970 et
892 1938 1097 1978 confirmare,
1114 1939 1190 1971 alia-

449 2001 511 2033 que
533 1990 672 2033 desuper
700 1990 888 2034 disponere,
917 1996 1011 2034 prout
1033 1991 1188 2034 ronspirit

450 2044 479 2076 in
499 2043 634 2077 Domino
655 2044 828 2076 salubriter
847 2044 1009 2087 expedire.

494 2099 510 2137 Ξ
536 2097 565 2130 Ἰ.
598 2099 679 2130 Sane
709 2097 848 2130 exhibita
875 2097 967 2130 nobis
999 2108 1103 2141 nuper
1132 2108 1190 2141 pro

406 2186 408 2189 ¹
449 2157 539 2194 purte
565 2151 672 2183 dilen-ti
695 2151 751 2183 titii
773 2151 875 2184 Caroli
899 2152 1115 2184 l⁴21111uun11elis
1135 2153 1190 2185 Su—

386 2193 433 2231 ·=='·'*'·
451 2204 587 2236 baubiae
609 2204 699 2236 duris
719 2204 851 2237 illustris
865 2204 977 2247 petitio
991 2205 1187 2243 venlint-bat,

407 2245 434 2283 ’ν’
450 2258 535 2300 ‹piod
557 2257 816 2300 uliusposttpuuu
837 2257 937 2289 lieth-‚is
958 2258 1191 2291 r-fvordnuonis

416 2298 434 2335 ‘.'.'
451 2310 598 2343 Niroluus
613 2311 739 2354 l'upuV,
756 2312 982 2354 prnedvressor
997 2317 1115 2351 noster,
1133 2312 1190 2345 bo-

415 2379 434 2416 1¹·
452 2375 509 2396 uu«-
532 2364 707 2397 memoriae
729 2363 889 2397 Ludoriro
909 2365 1187 2403 Sabaiuliueduri,

491 2436 498 2460 l
520 2433 552 2459 Ex
567 2435 672 2467 tugost.
686 2435 710 2460 in
728 2435 830 2461 si-cret.
850 2435 982 2462 brevium.
1004 2436 1076 2462 lluur
1092 2436 1191 2463 consti-

386 2458 436 2471 ’Μ’
453 2473 582 2495 tutionem
609 2469 693 2496 edidit
716 2479 824 2506 «pinque
850 2471 955 2497 Sannio!
983 2471 1137 2498 (iub-benoni
1164 2472 1189 2498 in

452 2514 533 2539 oper·-
554 2505 595 2531 rui
615 2506 719 2532 titulus:
743 2506 867 2534 Histoire
881 2508 1087 2542 yfimssatam‘qw·
1109 2508 1142 2533 dt·
1163 2508 1188 2534 ln

452 2541 532 2573 rnna!
559 2542 669 2566 minima
699 2542 731 2566 Δι’
759 2543 885 2576 Sumne,
908 2551 974 2569 (ινιτ
997 2544 1035 2568 les
1060 2551 1187 2576 pretweu.

454 2576 534 2608 14⁰0.
560 2577 635 2606 tuuc»,
652 2579 667 2602 ’Δ
689 2577 738 2602 vul.
756 2577 862 2608 in-l'ol.;
884 2575 960 2604 ruins
981 2577 1095 2604 tutu—tm·
1109 2583 1133 2604 et
1148 2589 1151 2603 :
1165 2591 1187 2604 ,ιι

451 2613 494 2636 ιειί.
517 2611 688 2637 'taurina-unis
707 2612 767 2638 nuni
790 2613 868 2646 177⁸,
885 2613 901 2638 5
918 2617 993 2645 torn..
1015 2613 1120 2640 duobus
1136 2614 1187 2641 vol.

452 2646 537 2672 iti-[ul.
561 2647 686 2681 sotium-li
707 2647 770 2673 usis.
1073 2649 1152 2684 (ΗΧ.)

1024 242 1209 266 BULLARIUM
1228 242 1382 266 ROMANUM

1223 295 1299 323 tune
1318 290 1351 322 in
1371 290 1522 324 humanis
1546 291 1669 333 agenti,
1692 302 1733 324 ne
1763 302 1799 324 ex
1825 302 1961 335 promo-

1223 343 1309 376 tione
1330 343 1520 387 quorumvis
1541 345 1581 377 ad
1602 355 1886 389 quarumcumque
1907 356 1961 378 ee-

1221 396 1392 430 clesiarum
1410 397 1460 430 vel
1486 388 1760 431 monasteriorum
1791 398 1876 431 infra
1907 397 1961 431 di-

1221 450 1368 483 strictum
1394 451 1443 484 sui
1474 451 1663 495 temporalis
1690 451 1825 484 dominii
1852 451 1960 485 consi—

1222 503 1376 536 stentium
1414 504 1592 547 regimine,
1637 515 1693 537 seu
1723 504 1964 548 provisionibus

1222 556 1422 599 quibuslibet
1435 558 1474 591 de
1486 557 1652 601 quibusvis
1665 557 1877 601 dignitatibus
1897 557 1962 591 dis-

1222 610 1374 653 positioni
1395 611 1590 654 apostolieae
1612 611 1781 644 reservatis
1794 610 1874 644 inibi
1885 621 1962 644 con-

1222 663 1408 697 sistentibus
1438 664 1716 708 quibuseumque,
1750 675 1809 708 per
1839 664 1963 698 dietum

1221 718 1505 760 praedecessorem
1523 718 1688 758 faciendis,
1704 718 1801 752 statui
1814 728 1872 751 suo
1886 727 1962 761 pro-

1221 770 1348 803 veniret
1366 770 1572 814 dispendium
1597 776 1654 804 aut
1673 771 1736 804 alia
1755 771 1886 814 quaevis
1905 771 1962 803 ad-

1222 823 1354 857 versitas
1367 823 1530 865 intestina,
1553 824 1737 868 praefatum
1754 826 1875 858 Ducem
1894 835 1964 858 eer-

1222 881 1291 909 tum
1309 887 1368 920 per
1391 887 1466 910 suas
1494 876 1618 910 litteras
1644 877 1832 914 reddiderat
1851 882 1884 910 et
1902 877 1980 910 sibi·

1221 930 1428 974 promiserat,
1452 931 1540 974 quod
1561 931 1631 974 ipso
1644 935 1676 964 et
1689 930 1834 964 dominio
1851 930 1964 964 huius-

1223 984 1311 1017 modi
1322 984 1355 1016 in
1366 984 1552 1027 integritate
1561 984 1765 1017 obedientiae
1779 984 1870 1018 Sedis
1880 985 1965 1028 Apo-

1223 1037 1355 1070 stolicae
1378 1037 1644 1081 persistentibus,
1668 1038 1708 1071 ad
1731 1048 1964 1081 quarumcum-

1223 1101 1286 1134 que
1316 1090 1654 1134 metropolitanarum‚
1681 1090 1730 1123 vel
1747 1090 1885 1124 aliarum
1905 1101 1961 1124 ca-

1223 1143 1419 1177 thedralium
1433 1144 1643 1177 ecclesiarum
1665 1143 1823 1187 regimina
1842 1149 1898 1178 aut
1917 1144 1966 1178 di-

1224 1197 1362 1240 gnitates
1373 1198 1549 1231 abbatiales
1558 1198 1641 1231 infra
1650 1198 1772 1232 dietum
1783 1198 1964 1232 districtum

1223 1253 1386 1286 neminem
1400 1253 1602 1297 praeficeret,
1617 1263 1673 1286 seu
1694 1253 1756 1286 illis
1777 1253 1816 1286 de
1833 1252 1966 1297 quibus-

1225 1316 1365 1350 cumque
1392 1306 1539 1350 personis
1568 1317 1633 1340 non
1665 1306 1872 1350 provideret,
1903 1305 1964 1339 nisi

1224 1359 1341 1393 habitis
1361 1359 1451 1404 prius
1471 1371 1530 1403 per
1550 1371 1623 1394 euni
1647 1359 1824 1393 intentione
1837 1364 1869 1393 et.
1887 1370 1965 1393 con-

1224 1424 1319 1446 sensu
1347 1413 1447 1457 ipsius
1478 1413 1630 1446 Ludovici
1650 1413 1740 1447 ducis
1761 1413 1800 1446 de
1820 1412 1967 1457 personis

1225 1466 1349 1500 idoneis
1367 1467 1407 1499 ad
1428 1467 1587 1509 regimina
1606 1477 1663 1500 seu
1677 1467 1849 1509 dignitates
1869 1466 1967 1500 abba-

1224 1520 1316 1553 tiales
1344 1519 1532 1553 huiusmodi
1561 1520 1812 1563 promovendis,
1842 1519 1892 1553 vel
1927 1520 1967 1553 de

1225 1584 1362 1618 quarum
1383 1573 1529 1617 personis
1550 1574 1629 1607 tales
1648 1573 1848 1618 provisiones
1861 1574 1967 1607 forent

1225 1624 1402 1667 saeien'dae,
1422 1628 1462 1661 de
1482 1627 1553 1660 aliis
1572 1637 1648 1661 vero
1669 1626 1891 1669 dignitatibus,
1913 1627 1963 1660 vi-

1224 1680 1340 1714 delieet
1365 1685 1437 1724 post
1467 1680 1689 1724 pontificalem
1720 1679 1911 1720 maioribus,
1934 1684 1967 1714 et

1224 1733 1422 1777 prioratibus
1452 1733 1738 1773 conventualibus,
1769 1744 1806 1766 ae
1825 1733 1895 1766 aliis
1915 1733 1963 1767 ei-

1224 1788 1296 1821 dem
1329 1786 1532 1830 dispositioni
1555 1787 1734 1826 reservatis,
1758 1786 1790 1819 in
1817 1786 1966 1820 districtu

1224 1840 1390 1884 praedicto
1411 1840 1671 1879 consistentibus
1695 1839 1841 1884 personis
1854 1840 1963 1884 provi-

1224 1895 1301 1927 dere
1322 1893 1457 1931 idoneis,
1485 1894 1524 1927 de
1545 1893 1623 1927 locis
1649 1899 1755 1927 tamen
1777 1894 1878 1937 ipsius
1898 1894 1963 1927 Lu-

1224 1947 1327 1981 doviei
1352 1947 1443 1980 ducis
1463 1946 1616 1987 ditionis,
1653 1952 1709 1980 aut
1735 1947 1795 1980 sibi
1815 1947 1915 1990 gratis
1935 1953 1966 1981 et

1224 2000 1363 2044 acceptis·
1377 2001 1416 2033 de
1429 2000 1499 2033 aliis
1519 2001 1596 2033 loeis
1616 2000 1772 2034 oriundis.
1797 2001 1966 2035 Praeterea

1225 2054 1404 2098 prioratum
1425 2053 1671 2091 Tallueriaruiu,
1697 2053 1839 2098 llipaliae
1860 2054 1966 2088 etNo-

1225 2107 1362 2146 valitiae,
1395 2119 1430 2140 :u-
1451 2107 1709 2151 praeposituram
1730 2107 1844 2141 Montis
1871 2107 1962 2149 lovis,

1225 2161 1279 2205 qui
1302 2161 1331 2193 in
1358 2161 1506 2194 eontiniis
1526 2161 1660 2194 dominii
1687 2161 1874 2195 huiusmodi
1895 2161 1962 2195 exi-

1225 2214 1362 2253 stebant,
1386 2214 1410 2247 si
1426 2220 1454 2247 et
1477 2225 1549 2247 rum
1572 2214 1642 2248 illos
1659 2225 1772 2247 vacare
1792 2214 1962 2257 continge-

1227 2273 1284 2307 ret,
1308 2267 1388 2301 nulli
1403 2269 1575 2307 conterret,
1600 2268 1659 2301 nisi
1680 2267 1881 2301 simitum-ab
1896 2267 1964 2312 ipso

1227 2321 1387 2354 tudovico
1412 2322 1493 2354 dure
1511 2321 1580 2354 eius
1601 2320 1778 2354 intentione
1799 2321 1908 2354 habita
1925 2321 1964 2355 de

1227 2374 1391 2418 pru-sonim
1426 2374 1544 2418 quibus
1569 2373 1757 2407 collationes
1777 2374 1962 2409 huiusmodi

1226 2430 1329 2461 l'orent
1350 2427 1533 2467 faciendae,
1557 2427 1687 2468 uratia&
1715 2433 1769 2460 aut
1790 2427 1963 2472 expectati-

1225 2492 1277 2514 γης
1303 2486 1331 2514 et
1360 2481 1514 2525 speeiales
1546 2481 1779 2514 reservationes
1805 2481 1965 2525 quaslibet

1223 2545 1295 2566 runi
1311 2534 1486 2578 quibusvis,
1504 2545 1586 2578 quae
1600 2545 1635 2567 ex
1651 2534 1712 2567 illis
1725 2534 1961 2578 dependebant,

1224 2587 1412 2630 providendi
1434 2587 1592 2621 inundatis
1613 2587 1643 2621 iu
1665 2587 1960 2632 disti·ietu,pi·aedi-

1223 2646 1296 2679 rto,
1333 2640 1478 2684 personis
1508 2641 1684 2679 dundaxat,
1713 2652 1795 2685 quim
1817 2641 1961 2674 locui-um
