2253 3195
271 202 320 229 Aa.
337 201 365 229 c.
390 201 456 229 ¹594
506 191 566 225 142

311 1003 408 1024 famu.»
425 1009 455 1022 rc-

359 1030 455 1050 raucedi-

281 1065 304 1077 ut·
315 1058 406 1077 nult-:cm
418 1063 454 1081 pr·-

373 1084 455 1106 coll-‘rii

270 1031 325 1052 etot-i

271 1084 340 1104 rausi,-

272 1110 379 1134 seligendi.

1054 199 1240 224 BULLARIUM
1259 198 1414 224 ROMANUM

469 249 661 294 propensius
695 249 957 282 commendatum
993 247 1149 280 habentes
1180 247 1211 280 in
1246 246 1351 280 vitatis
1379 246 1579 291 Hispalensis
1605 256 1663 291 per
1686 253 1872 291 praesentes
1903 252 1994 280 motu

469 302 662 346 ampliandis
682 307 712 335 et
735 300 962 335 conservandis
987 300 1112 333 iuribus
1140 299 1210 333 col·
1246 299 1343 333 simili
1357 300 1559 339 mandamus,
1575 305 1734 344 quatenus
1751 299 1812 344 ipsi
1829 305 1860 334 et
1879 310 1992 334 eorum

469 356 542 398 legii
564 361 595 389 et
614 364 826 399 personarum
854 353 885 385 in
911 363 949 386 eo
977 363 1036 396 pro
1068 359 1213 396 tempore
1247 353 1384 398 quilibet
1403 365 1461 398 per
1476 365 1521 394 se,
1534 355 1584 387 vel
1597 353 1709 396 alium,
1724 365 1783 387 seu
1802 354 1882 387 alios
1899 364 1992 398 prae-

469 409 682 447 existentium,
706 407 731 440 si
755 417 809 440 eos
830 405 960 449 benigni
982 406 1099 439 favoris
1118 405 1210 439 auxi-
1247 414 1352 442 sentes
1376 408 1514 449 litteras,
1538 413 1569 442 et
1592 408 1625 441 in
1652 409 1698 442 eis
1723 413 1874 442 contenta
1893 418 1993 452 quae-

470 462 513 495 lio
537 465 785 505 prosequantur,
810 460 897 503 quod
923 459 984 504 ipsi
1004 470 1118 493 eorum
1144 459 1214 493 fulti
1248 472 1398 506 eumque,
1422 462 1477 495 ubi
1496 468 1527 496 et
1546 462 1678 506 quando
1699 473 1780 506 opus
1800 461 1912 502 suerit,
1939 467 1995 496 aut

471 515 630 559 praesidio
642 514 673 547 in
686 513 881 558 praemissis,
895 515 960 548 Deo
973 513 1127 558 propitio,
1140 524 1212 557 pro·
1231 515 1375 559 .quoties
1399 526 1459 559 pro
1476 521 1567 559 parte
1588 515 1722 549 rectoris
1742 515 1818 549 dicti
1839 514 1913 549 novi
1928 515 1994 549 col-

469 579 599 613 sperare
620 569 757 612 possint,
782 579 817 601 ac
838 568 943 601 eidem
971 567 1120 612 Philippo
1146 568 1215 611 regi

469 635 486 655 a
506 623 570 656 Deo
587 622 738 666 perennis
756 621 836 655 ritae
857 621 1052 666 praemium,
1070 627 1099 655 et
1121 632 1138 655 a
1155 632 1214 656 no-

469 676 518 709 bis
535 675 697 717 condigna
717 675 884 719 proveniat
904 675 988 708 actio
1012 675 1212 718 gratiarum,

471 729 602 773 ipseque
629 728 808 762 Gulielmus
839 727 1013 762 cardinalis
1043 734 1216 773 propterea

471 782 610 815 divinam
640 782 900 816 misericordiam
937 793 972 814 ac
1004 788 1150 816 nostram
1180 793 1217 816 ac

472 836 576 870 dictae
595 835 685 869 Sedis
705 835 841 878 gratiam
867 836 969 869 valeat
989 835 1121 869 uberius
1140 847 1216 880 pro-

475 890 604 924 mereri.

516 945 532 985 g
552 942 603 976 «15.
620 944 787 976 Postremo
806 943 1016 977 concedimus
1033 943 1216 977 facultatem

472 997 589 1030 rectori
614 996 691 1030 dicti
722 996 795 1030 novi
824 996 951 1039 collegii
981 1006 1042 1042 pro
1074 1003 1218 1041 tempore

471 1050 615 1084 existenti
635 1050 756 1083 iudices
773 1050 963 1084 nominandi
977 1055 1009 1084 et
1027 1051 1215 1095 deputandi,

471 1103 750 1148 archiepiscopum
775 1103 924 1137 videlicet
955 1103 1058 1137 dictae
1083 1104 1219 1139 rivitatis

471 1157 518 1191 vel
540 1167 779 1201 quemcumque
805 1157 904 1190 alium
932 1157 964 1190 in
985 1157 1140 1200 dignitate
1161 1170 1216 1192 ec-

472 1210 647 1244 elesiastica
661 1210 871 1244 constitutum
890 1211 994 1245 dictae
1015 1211 1151 1245 civitatis
1164 1212 1217 1246 Hi*

471 1264 645 1308 spalensis,
666 1264 720 1308 qui
747 1275 861 1298 omnes
882 1270 911 1297 et
937 1264 1080 1307 singulas
1106 1276 1218 1299 causas

471 1318 590 1357 civiles,
615 1317 800 1351 criminales
832 1323 863 1352 et
893 1318 1007 1352 mixtas
1039 1318 1115 1352 dicti
1144 1319 1217 1352 novi

471 1371 610 1413 collegii,
627 1371 779 1415 illiusque
797 1371 1026 1414 collegialium,
1047 1376 1077 1404 et
1091 1371 1215 1405 officia-

472 1424 550 1458 lium
578 1431 609 1458 et
640 1425 863 1458 ministrorum
883 1452 890 1464 ,
921 1425 1080 1468 religiosis
1110 1426 1218 1459 Socie-

473 1478 545 1511 tatis
575 1479 644 1512 lesu
672 1478 832 1522 exceptis,
857 1488 917 1512 nec
941 1489 1005 1512 non
1028 1489 1098 1514 res.
1123 1478 1193 1512 iura
1208 1507 1215 1520 ‚

472 1532 613 1566 actiones
638 1537 669 1565 et
687 1532 773 1565 bona
802 1531 956 1575 privative
987 1532 1095 1576 quoad
1115 1532 1215 1572 alios,

472 1583 775 1625 etiam'summarie,
789 1585 980 1629 simpliciter
1000 1591 1031 1619 et
1051 1586 1089 1619 de
1107 1586 1217 1629 plano,

472 1650 510 1673 ac
533 1639 601 1672 sine
621 1639 755 1683 strepitu
776 1645 807 1672 et
831 1638 935 1682 figura
965 1638 1098 1679 iudicii,
1123 1650 1219 1673 manu

473 1692 572 1734 regia,
596 1693 749 1735 nullaque
780 1693 842 1726 tela
871 1692 1041 1725 iudiciaria
1072 1698 1217 1733 servata,

473 1747 528 1779 sed
549 1746 617 1779 sola
648 1745 721 1779 sacti
751 1745 884 1779 veritate
906 1746 1060 1789 inspecta,
1081 1751 1111 1779 et
1132 1747 1238 1780 omni*

474 1805 502 1832 et
525 1810 729 1843 quacumque
754 1798 971 1843 appellatione
1000 1805 1140 1839 remota,
1163 1810 1220 1833 au-

474 1852 582 1892 diant,
606 1858 803 1894 cognoscant
823 1863 859 1884 ac
888 1852 952 1885 tine
981 1852 1091 1886 debito
1113 1853 1219 1886 termi-

475 1911 562 1944 nent,
583 1917 655 1939 cmu
671 1906 822 1938 facultate
842 1915 1066 1949 quoscumque
1087 1905 1218 1946 citandi,
1238 1935 1239 1950 1

474 1970 510 1993 ac
531 1959 648 2003 quibus
671 1965 701 1992 et
729 1959 856 2003 quoties
877 1958 1089 1992 inhibendum
1112 1959 1218 1999 suerit,

475 2013 572 2046 etiam
594 2013 653 2047 sub
676 2013 788 2057 poenis
808 2013 1014 2057 pecuniariis,
1031 2019 1062 2047 et
1079 2014 1149 2047 aliis
1169 2024 1240 2051 (ἕο-ἢ

474 2077 546 2099 rum
578 2066 713 2099 arbitrio
744 2066 969 2110 imponendis,
1001 2078 1036 2100 ac
1064 2067 1094 2099 in
1120 2060 1241 2100 stipsi-⁴

475 2120 562 2153 dium
586 2120 684 2159 iuris,
706 2119 849 2153 censuris
880 2120 1104 2154 ecclesiasticis
1134 2121 1220 2154 inbi-

474 2172 582 2211 bendi,
599 2180 790 2216 caeteraque
804 2172 914 2206 onmia
935 2173 967 2206 in
989 2173 1173 2217 praemissis
1191 2179 1222 2207 et

474 2227 558 2259 circa
583 2237 619 2259 ea
645 2226 891 2270 quomodolibet
913 2227 1092 2260 necessaria
1112 2233 1142 2260 et
1159 2238 1220 2272 op·
1240 2229 1241 2238 ¹

476 2285 614 2323 portuna
633 2279 769 2313 faciendi
791 2285 822 2313 et
841 2280 1031 2324 exequendi.
1240 2313 1242 2326 Ι

522 2335 611 2376 §tu
636 2335 794 2375 Quocirca
825 2335 1002 2372 universis.
1031 2341 1058 2368 et
1089 2331 1242 2376 singulis]

433 2396 461 2433 ᾗῇ
477 2389 713 2422 venerabilibus
735 2389 886 2422 fratribus
908 2389 1109 2434 patriarchis,
1127 2396 1155 2423 et
1174 2401 1224 2423 ar·

428 2449 460 2460 “··
478 2442 702 2486 rbiepiscopis,
727 2443 898 2487 episeopis,
922 2454 958 2475 ac
983 2443 1108 2476 dilectis
1129 2443 1221 2483 filiis,
1241 2451 1243 2463 ³

391 2501 460 2514 ·’”···
478 2495 658 2531 abluitibus,
684 2496 845 2539 prioribus
865 2502 895 2529 et
926 2496 996 2529 aliis
1025 2497 1172 2540 personis
1193 2497 1223 2529 in
1241 2507 1243 2511 ·

479 2549 634 2588 ‹li-,gnitate
668 2549 884 2582 ‹ww-tesiustiva
915 2550 1098 2584 constitutis
1124 2542 1243 2584 dieto-i

479 2613 549 2635 rum
570 2612 742 2645 regnorum
764 2603 1042 2647 llispauiaruut‚et
1058 2603 1161 2637 dictae
1182 2603 1225 2636 ci-

1249 568 1323 611 legii
1343 579 1402 612 pro
1436 574 1583 612 tempore
1613 568 1776 602 existentis
1800 567 1921 601 tuerint
1944 578 1994 602 re-

1249 621 1370 664 quisiti,
1394 622 1582 655 solemniter
1601 622 1820 666 publicantes,
1843 621 1994 665 dictoque
2036 622 2043 630 ⁸

1249 675 1366 708 rectori
1387 680 1418 708 et
1437 685 1520 708 novo
1541 675 1678 718 collegio
1698 675 1730 708 in
1748 674 1933 719 praemissis
1952 675 1996 709 es-

1250 728 1357 762 ficacis
1382 728 1579 762 defensionis
1603 728 1766 773 praesidio
1790 728 1992 769 assistentes,

1251 781 1369 814 saciant
1400 781 1592 815 auctoritate
1615 787 1726 815 nostra
1746 781 1818 815 illos
1843 782 1994 822 decreto,

1251 835 1510 876 confirmatione,
1534 835 1744 870 concessione
1758 863 1765 877 ,
1788 835 1934 876 indulto,
1958 835 1997 869 li-

1252 890 1368 931 eentia,
1392 890 1543 923 facultate
1563 900 1601 923 ac
1620 889 1691 923 aliis
1711 889 1895 934 praemissis
1912 888 1999 933 paci-

1252 944 1312 977 fice
1332 944 1485 987 gaudere,
1502 955 1539 977 ac
1559 944 1689 978 easdem
1709 949 1894 988 praesentes
1913 943 1998 978 litte-

1253 1008 1315 1038 ras,
1339 1004 1369 1032 ct
1389 998 1422 1031 in
1440 997 1485 1032 eis
1505 1003 1656 1031 contenta
1676 1007 1901 1042 quaecumque
1918 1007 1995 1041 per-

1253 1057 1350 1096 petuo
1376 1051 1604 1085 inviolabiliter
1623 1051 1805 1084 observari:
1834 1061 1901 1084 nou
1927 1061 1999 1095 per-

1254 1106 1416 1139 mittentes
1445 1116 1500 1139 eos
1524 1116 1622 1150 super
1645 1105 1758 1139 iisdem
1788 1104 1996 1149 praemissis,

1252 1159 1300 1193 vel
1323 1170 1435 1193 eorum
1461 1158 1570 1203 aliquo
1595 1170 1654 1204 per
1673 1169 1897 1202 quoscumque
1917 1157 2000 1192 iudi-

1253 1222 1325 1253 ces,
1348 1212 1397 1246 vel
1426 1222 1581 1256 personas
1610 1212 1844 1256 cuiuscumque
1872 1216 1995 1251 status,

1248 1266 1371 1308 gradus
1391 1271 1446 1299 aut
1462 1265 1658 1299 conditionis
1678 1265 1824 1305 existant,
1845 1275 2000 1309 quacum-

1252 1330 1314 1364 que
1332 1319 1522 1353 auctoritate
1541 1320 1726 1362 fungantur,
1740 1318 1870 1363 publice
1883 1318 1932 1352 vel
1946 1328 2001 1351 oc-

1252 1373 1351 1413 culte,
1387 1372 1509 1406 directe
1542 1373 1589 1406 vel
1618 1372 1800 1412 indirecte,
1829 1371 1923 1405 tacite
1951 1371 2000 1404 vel

1252 1436 1412 1470 expresse,
1427 1425 1540 1469 quovis
1551 1425 1698 1470 quaesito
1715 1424 1901 1459 colore'aut
1913 1424 2003 1467 inge-

1253 1479 1319 1519 nio,
1336 1479 1498 1524 impediri.
1520 1479 1685 1513 molestari
1699 1484 1753 1512 aut
1767 1478 1845 1512 alias
1865 1488 2002 1522 quomo-

1254 1533 1377 1567 dolibet
1408 1532 1599 1577 inquietari:
1625 1532 1879 1566 contradictores
1907 1542 2004 1576 quos-

1254 1587 1329 1621 libet
1342 1592 1372 1620 et
1386 1587 1523 1620 rebelles
1536 1597 1595 1630 per
1605 1596 1758 1620 censuras
1771 1585 2003 1620 ecclesiasticas

1254 1647 1285 1675 et
1297 1641 1360 1673 alia
1381 1640 1460 1674 iuris
1478 1646 1665 1685 opportuna
1677 1639 1835 1680 remedia,
1852 1639 1999 1684 appella-

1255 1695 1341 1728 tione
1366 1693 1556 1738 postposita,
1581 1693 1830 1738 compescendo,
1854 1693 2002 1727 invocato

1255 1748 1352 1782 etiam
1381 1748 1422 1781 ad
1456 1747 1540 1788 hoc,
1571 1747 1597 1780 si
1627 1757 1710 1791 opus
1739 1746 1855 1788 suerit,
1882 1746 2002 1780 auxilio

1255 1801 1379 1835 brachii
1404 1800 1589 1835 saecularis.
1866 1843 1870 1849 ἡ

1301 1856 1315 1898 ᾖ
1340 1854 1392 1888 117.
1417 1854 1487 1888 Non
1516 1854 1718 1888 obstantibus
1738 1859 1848 1887 nostra
1875 1854 1914 1888 de
1935 1864 2000 1888 non

1256 1907 1472 1942 concedendis
1497 1907 1706 1949 indulgentiis
1727 1907 1767 1941 ad
1782 1907 1892 1948 instar,
1916 1907 2003 1941 aliis-

1238 1973 1319 2006 ·que
1355 1961 1640 1995 constitutionibus
1671 1966 1703 1994 et
1741 1960 2003 1995 ordinationibus

1257 2015 1453 2059 apostolicis,
1489 2025 1614 2048 necnon
1636 2014 1740 2048 dictae
1760 2013 1895 2048 civitatis
1916 2020 1948 2048 et
1964 2014 2002 2048 il-

1258 2069 1318 2103 tius
1352 2069 1561 2102 tribunalium
1592 2068 1791 2106 iuramento.
1825 2067 2000 2102 confirma-

1239 2149 1241 2161 ,
1259 2123 1345 2156 tione
1366 2122 1553 2167 apostolica,
1577 2122 1624 2155 vel
1640 2121 1752 2166 quavis
1772 2121 1923 2155 firmitate
1943 2121 2005 2156 alia

1258 2177 1419 2211 roboratis
1460 2176 1585 2210 statutis
1615 2183 1646 2210 et
1681 2175 1972 2210 consuetudinibus
1993 2202 2001 2216 ,

1259 2230 1435 2275 privilegiis
1448 2240 1591 2274 quoque,
1607 2229 1739 2264 indultis
1752 2235 1784 2263 et
1802 2228 1915 2263 litteris
1928 2238 2005 2274 apo*

1240 2283 1381 2318 rstolicis
1415 2283 1475 2316 sub
1507 2282 1767 2327 quibuscumque
1789 2281 1955 2315 tenoribus
1974 2286 2005 2315 et

1259 2336 1379 2375 formis,
1404 2348 1441 2369 ac
1462 2346 1534 2369 cum
1550 2335 1714 2380 quibusvis
1727 2334 1878 2368 clausulis
1897 2340 1929 2368 et
1948 2335 2004 2369 de-

1259 2390 1354 2423 cretis
1373 2390 1404 2423 in
1425 2400 1543 2431 genere
1563 2389 1611 2422 vel
1632 2389 1664 2422 in
1682 2388 1800 2433 specie,
1821 2399 1858 2421 ac
1878 2387 1956 2422 alias
1971 2387 2004 2422 in

1259 2443 1458 2476 contrarium
1484 2442 1726 2487 quomodolibet
1753 2442 1923 2481 concessis,
1946 2452 2003 2486 ap-

1260 2496 1404 2540 probatis
1425 2502 1455 2529 et
1477 2495 1646 2529 innovatis.
1680 2495 1802 2535 Quibus
1829 2494 1980 2528 omnibus
1994 2521 2001 2535 ,

1259 2560 1372 2583 eorum
1395 2555 1522 2583 tenores
1547 2549 1770 2593 praesentibus
1791 2559 1849 2593 pro
1869 2558 2001 2593 expres-

1259 2602 1301 2636 sis
1331 2603 1502 2643 habentes,
1537 2602 1600 2636 illis
1631 2602 1709 2635 alias
1739 2602 1768 2636 in
1800 2613 1858 2636 suo
1887 2601 2004 2636 robore

2008 197 2056 224 An.
2076 197 2105 225 C.
2122 175 2193 229 ίδθὲ

2031 1854 2146 1886 nepotatio
2158 1865 2172 1871 ›-

2016 1885 2137 1904 trel-torum.
2176 1887 2182 1915 ᾗ
