2253 3195
845 289 942 313 mnnx
966 288 1073 313 annun
1629 273 1693 308 895

281 355 341 391 rat,
355 349 435 383 ibid.
450 349 476 383 b.
500 350 672 393 Vectigalia
692 351 839 393 augenda
858 357 1013 391 recenset,
1034 349 1098 382 0215
1111 360 1140 382 α.
1164 349 1383 393 Exequutores
1403 347 1639 381 constitutionis
1656 346 1739 379 desi-

281 409 368 445 gnat,
383 403 462 436 ibid.
481 405 509 436 b.
537 404 582 436 Ibi
607 404 803 448 pragmatica
829 404 1013 448 publicatur
1037 404 1075 436 ad
1102 402 1265 436 evitandos
1287 402 1432 446 profusos
1453 406 1610 445 sumptus,
1633 399 1697 433 0266
1721 411 1740 433 a

283 462 313 489 et
337 467 400 499 seq.
428 457 538 496 Quoad
561 457 703 490 notarios
724 457 818 489 huius
839 457 986 494 civitatis,
1014 456 1046 489 Γ.
1071 456 1202 489 Notarii.

193 509 419 543 Bracharensis
444 510 625 554 episcopus,
653 520 689 542 ex
708 510 873 553 pontificia
898 509 1133 546 declaratione,
1161 515 1263 552 potest
1290 519 1403 550 cogere
1430 518 1505 541 suos
1530 507 1738 551 comprovin-

282 562 377 595 ciales
402 563 590 606 episcopos,
612 569 643 595 ut
669 563 729 595 sibi
752 563 1033 606 processiomiliter
1057 574 1128 595 cnut
1160 568 1225 594 toto
1258 562 1343 594 clero
1369 561 1494 594 obviam
1522 567 1606 597 eant,
1641 571 1740 604 quum

281 626 392 648 eorum
421 616 563 649 civitates
585 616 651 659 ipsc
670 616 860 658 ingreditur,
889 615 953 648 385»
973 626 993 648 α
1011 621 1042 648 ct
1067 616 1095 648 b.

194 668 388 702 Breviarinm
415 669 596 702 Romanum
623 668 830 712 imprimendi
868 669 1000 702 facultas
1025 669 1214 702 conceditur
1239 668 1482 712 archiepiscopo
1506 667 1739 710 Salisburgensi

280 733 352 755 cum
379 722 513 766 Proprio
539 722 681 754 eiusdem
707 721 876 762 Ecclesiae,
900 721 964 754 atti
988 733 1009 753 α
1033 728 1064 755 et
1089 722 1117 754 b.
1144 721 1363 765 Typographis
1380 727 1505 754 vetatur
1525 731 1565 754 ne
1583 720 1662 753 illud
1681 720 1741 752 im-

280 774 419 818 primant
445 775 512 807 sinc
535 774 662 807 licentia
688 774 933 818 archiepiscopi,
961 774 1024 807 :317
1049 786 1079 807 (1.
1115 775 1181 807 lloc
1214 774 1408 807 breviarium
1430 773 1504 806 Pius
1532 774 1555 806 V
1587 773 1737 812 restituit,

280 827 511 870 prohibuitque
543 827 718 867 immutari,
744 827 806 860 785
830 839 859 859 a.
885 828 962 861 Cum
983 827 1194 860 nihilominus
1221 827 1423 859 immutatum
1458 826 1576 866 fuisset,
1600 826 1681 859 ibid.
1703 827 1737 867 b,

281 880 427 913 Clemens
439 880 502 914 Vlll
526 881 604 913 illud
627 881 741 913 iterum
765 880 939 913 examinari
955 887 985 913 et
1006 880 1128 913 restitui
1147 880 1318 920 ordinarit,
1342 885 1437 923 atque
1455 880 1575 912 nomae
1598 879 1629 912 in
1651 884 1740 923 typo-

280 933 424 977 grapheo
444 933 596 967 Vaticano
622 933 763 977 imprimi
790 933 896 972 iussit,
920 933 1024 971 ibid:
1051 933 1281 976 cautionesque
1302 933 1449 966 adhibuit
1469 933 1507 965 ad
1527 943 1593 964 rem
1619 942 1740 976 oppor-

280 992 384 1026 tunas,
409 986 471 1019 789
492 998 512 1019 a
533 992 561 1020 et
584 987 611 1019 b.

191 1040 281 1073 Bulla
294 1040 470 1074 Cruciatao.
499 1041 533 1073 In
554 1040 613 1073 hac
634 1040 722 1073 bulla
743 1041 876 1073 facultas
901 1040 1096 1084 quandoque
1115 1041 1210 1073 datur
1227 1040 1458 1072 confessarium
1483 1039 1542 1073 sibi
1564 1039 1737 1082 deligendi,

279 1091 343 1126 549
364 1093 391 1126 b.
416 1094 500 1126 Ilaec
518 1094 649 1126 facultas
670 1099 776 1126 tamen
798 1093 962 1135 regulares
980 1104 1044 1126 non
1065 1093 1323 1137 comprehendit,
1348 1092 1411 1125 5230
1434 1104 1464 1125 α.

193 1146 386 1189 Burghesius
422 1146 585 1186 Camillus,
627 1147 708 1179 tituli
741 1147 771 1179 S.
800 1146 940 1187 Eusebii,
972 1147 1002 1180 S.
1027 1147 1064 1179 R.
1088 1147 1121 1179 E.
1145 1147 1312 1190 presbyter
1340 1146 1522 1187 cardinalis,
1548 1146 1742 1179 reformator

281 1200 533 1242 Anglicanorum
556 1199 768 1241 collegiorum
790 1205 821 1232 et
840 1199 1088 1232 seminariornm
1108 1200 1311 1232 existentium
1331 1200 1362 1232 in
1384 1199 1536 1243 Hispania
1556 1205 1585 1232 et
1604 1199 1737 1233 Germa-

279 1252 344 1291 nia,
368 1251 427 1284 521
454 1253 470 1284 b
492 1258 520 1285 et
541 1263 605 1295 seq.
629 1253 717 1285 ldem
739 1257 903 1296 protector
920 1252 1048 1294 collegii
1073 1253 1242 1286 Scotorum
1269 1252 1301 1284 in
1326 1253 1421 1293 Urbe,
1442 1252 1506 1285 0228
1531 1253 1559 1286 b.

193 1305 316 1348 Burgus
332 1305 362 1338 S.
380 1305 529 1338 Domnini
556 1305 586 1337 in
613 1305 773 1338 civitatem
799 1305 945 1347 erigitur,
974 1305 1069 1338 654st
1088 1311 1118 1339 ct
1143 1305 1179 1345 b;
1206 1311 1233 1338 et
1261 1306 1330 1338 eius
1355 1306 1489 1339 ecclesia
1514 1306 1684 1348 collegiata
1710 1306 1740 1338 in

280 1358 510 1399 cathedralem,
530 1358 606 1391 ibid.
634 1358 814 1402 Capitulum
840 1359 1047 1399 reformatur,
1064 1358 1127 1391 [355
1151 1370 1188 1395 a:
1216 1358 1370 1392 dioecesis
1395 1359 1585 1401 assignatur,
1605 1359 1685 1392 ibid.
1710 1359 1737 1392 b.

280 1413 342 1445 Dos
366 1411 518 1455 episcopo
537 1418 568 1445 et
591 1412 735 1455 Capitnlo
761 1417 892 1451 asserta,
920 1411 984 1444 656
1009 1423 1038 1445 a.
1075 1412 1244 1454 Privilegia
1269 1413 1359 1452 data,
1389 1412 1577 1455 theologalis
1602 1418 1633 1445 et
1658 1422 1737 1455 poe-

279 1465 482 1498 nitentiarius
507 1465 584 1497 inibi
611 1465 721 1504 creati,
750 1465 826 1498 ibid.
850 1465 880 1505 b,·
907 1471 937 1498 et
962 1466 1086 1510 reliqna
1112 1466 1218 1498 omnia
1245 1466 1283 1498 ad
1307 1465 1481 1509 praemissa
1507 1465 1686 1498 necessaria
1711 1471 1741 1498 et

281 1524 475 1562 opportuna,
504 1518 568 1551 657
593 1530 611 1551 a
637 1524 667 1551 et
693 1519 721 1551 b.

954 1627 975 1659 C

190 1733 364 1766 Caeeorum
397 1739 615 1767 trecentorum
655 1733 811 1777 hospitale
843 1733 971 1766 Parisiis
1001 1733 1032 1766 S.
1068 1733 1268 1773 Ludovicus,
1305 1744 1357 1766 rex
1389 1733 1529 1773 Galliae,
1557 1733 1675 1773 crexit,
1709 1740 1740 1767 et

279 1787 456 1830 apostolica
484 1787 675 1820 auctoritate
707 1787 894 1820 confirmari
926 1786 1070 1827 studuit,
1094 1786 1158 1819 499
1178 1787 1204 1819 b.
1228 1786 1334 1819 Sixtus
1354 1787 1390 1819 lV
1411 1797 1470 1830 pro
1490 1798 1603 1820 eorum
1626 1788 1739 1820 alimo-

278 1840 332 1873 nia
362 1846 532 1884 quaestum
562 1840 632 1873 fieri
665 1840 822 1884 permisit,
857 1839 921 1872 500
941 1851 971 1873 α..
1000 1840 1035 1873 Εἰ
1067 1846 1177 1883 postea
1202 1840 1294 1883 plura
1320 1850 1472 1873 concessa
1493 1841 1581 1874 suere
1602 1841 1734 1884 privile-

279 1893 341 1936 gia,
365 1894 445 1927 ibid.
469 1893 495 1927 b.
513 1894 626 1927 Omnia
648 1893 836 1927 confirmari
862 1894 941 1937 petit
965 1904 983 1926 a
1007 1893 1163 1926 Pontificc
1188 1893 1346 1926 Ilcnricus
1367 1893 1405 1926 tv
1428 1904 1494 1934 rex,
1518 1893 1577 1926 501
1601 1893 1628 1927 b.
1651 1894 1735 1927 Con·

279 1947 386 1980 firmat
404 1947 561 1988 Pontifex,
585 1946 648 1980 502
673 1958 711 1987 α;
738 1953 768 1980 et
793 1947 966 1991 praecipue
998 1946 1245 1992 permissionem
1278 1946 1515 1991 eleemosynam
1545 1947 1734 1991 quaerendi,

278 2000 318 2033 ad
338 2001 475 2034 formam
497 2007 604 2033 tamen
622 2000 756 2034 Concilii
774 2000 964 2041 Tridentini,
989 2000 1066 2033 ibid.
1091 2000 1119 2033 b.
1143 2000 1254 2033 Modus
1271 2000 1446 2033 servandus
1467 2000 1498 2033 in
1520 2001 1738 2044 quaestuatio-

277 2054 383 2094 nibus,
406 2052 470 2087 503
489 2054 515 2087 b.

189 2107 356 2141 Caietanus
376 2107 543 2148 llcnricus,
566 2107 596 2141 S.
621 2107 840 2142 Pudentianae
859 2108 1026 2152 presbyter
1045 2107 1229 2147 cardinalis,
1253 2107 1283 2139 S.
1305 2108 1340 2140 R.
1361 2108 1394 2140 E.
1416 2107 1624 2148 camerarius,
1638 2108 1737 2151 depu-

278 2166 361 2194 tatus
386 2160 541 2194 collector
561 2160 760 2194 decimarum
786 2172 845 2205 pro
866 2161 952 2194 bello
978 2166 1089 2194 contra
1109 2161 1227 2193 Turcas
1245 2160 1388 2203 parando
1407 2160 1611 2204 recipiendis,
1630 2159 1733 2193 100211.

276 2214 364 2247 Idem
385 2214 578 2248 reformator
601 2215 731 2257 Collegii
762 2215 957 2258 Anglicanae
989 2214 1129 2247 nationis
1150 2209 1186 2246 in'
1212 2213 1361 2257 Hispania
1383 2219 1411 2247 et
1433 2213 1615 2254 Germania,
1634 2213 1699 2246 5⁶25
1719 2214 1736 2246 b

278 2273 309 2301 et
328 2278 392 2312 seq.

188 2321 355 2355 caietanus
381 2321 568 2356 Timotheus
588 2322 824 2366 neapolitanus,
849 2321 1027 2355 monachus
1044 2321 1183 2361 Casinas,
1207 2320 1308 2365 prior,
1332 2320 1475 2354 visitator
1492 2321 1662 2365 deputatus
1675 2331 1735 2365 pro

277 2375 506 2409 reformatione
527 2376 673 2409 locorum
693 2375 892 2417 regularium
912 2375 943 2407 in
965 2375 1070 2408 insula
1091 2374 1269 2414 Sardiniae,
1291 2373 1356 2406 403
1377 2385 1397 2406 α
1418 2379 1448 2407 et
1463 2385 1527 2418 seq.

188 2428 440 2461 camaldulensis
464 2428 592 2462 Ordinis
612 2429 763 2462 monachi
785 2429 851 2473 qui,
875 2439 933 2472 pro
955 2428 1165 2470 dignitatibus
1185 2427 1380 2465 obtinendis,
1405 2427 1566 2461 favoribus
1588 2434 1732 2467 utuntur,

276 2482 416 2524 graviter
439 2482 628 2526 puniantur,
652 2482 717 2516 029AE
740 2494 770 2516 a.
795 2483 832 2515 Et
853 2482 872 2514 ii
894 2482 1015 2525 pariter
1042 2481 1097 2525 qui
1124 2491 1179 2514 cos
1201 2481 1246 2513 vel
1269 2481 1477 2522 gratiaveriut
1497 2482 1544 2514 vel
1567 2492 1737 2525 promove-

277 2535 352 2575 rint,
376 2535 455 2568 ibid.
480 2536 508 2568 b.
532 2536 758 2569 Promotiones
778 2536 884 2569 taliter
904 2535 1006 2568 factae
1023 2535 1130 2567 nullae
1151 2539 1235 2571 sunt,
1259 2534 1339 2567 ibid.

187 2588 448 2622 Cameracensem
464 2588 637 2622 Ecclesiam
651 2589 725 2622 Pius
736 2589 773 2622 IV
788 2589 818 2621 in
844 2588 1156 2631 archiepiscopatum
1182 2587 1319 2629 crigens,
1332 2589 1488 2621 nonnulla
1504 2589 1613 2622 statuit
1630 2590 1736 2633 quoad

276 2641 482 2675 collationem
511 2642 771 2679 canonicatuum,
795 2640 859 2673 ‘100
887 2652 918 2674 α.
945 2641 1020 2674 Pius
1050 2641 1073 2673 V
1098 2640 1210 2674 eadem
1236 2645 1353 2674 statuta
1377 2641 1565 2683 declaravit,
1594 2642 1674 2676 ibid.
1703 2643 1731 2676 b.

275 2694 413 2728 Dubium
439 2694 555 2728 exinde
574 2700 719 2728 exortum
746 2699 791 2727 est
817 2704 913 2738 super
939 2693 1202 2737 interpretatione
1227 2692 1464 2728 constitutionis
1488 2694 1534 2728 Pii
1552 2694 1674 2736 1V‚t9t
1698 2706 1733 2737 α,·
