2253 3195
274 261 326 290 An.
342 261 371 290 C.
391 261 461 290 1599
505 252 570 286 494

290 749 394 770 omi-mu<
404 748 461 773 pri-s-

276 780 358 796 tatuum
378 774 461 795 satissa-

276 804 380 824 cientium.

296 1440 406 1464 clausulae
414 1448 464 1469 poc·

279 1469 344 1489 ualet.

1049 259 1232 284 BULLAmuM

474 312 544 352 hus,
577 319 847 355 quorumcunque
883 313 1032 342 tenorum
1067 307 1212 347 existant,

474 376 532 409 per
552 375 633 408 quae
653 362 879 407 praesentibus
897 372 963 396 non
984 372 1144 405 expressa,
1167 362 1215 394 vel

475 417 616 451 totaliter
635 427 700 449 non
722 416 842 449 inserta
866 415 997 449 effectus
1018 425 1129 448 earum
1151 415 1214 447 im-

474 470 578 514 pediri
598 470 701 503 valeat
721 469 977 513 quomodolibet,
1001 469 1049 501 vel
1081 468 1214 508 differri,

476 529 506 556 et
532 523 571 557 de
595 522 713 567 quibus
744 533 949 567 quorumque
970 521 1136 555 tenoribus
1162 521 1219 554 ha-

476 577 582 610 benda
609 576 648 610 sit
668 576 700 609 in
725 576 842 609 nostris
859 575 974 609 litteris
999 575 1120 609 mentio
1140 585 1218 619 spe-

477 630 577 663 cialis.

521 685 538 726 g
560 682 610 716 1⁶2.
635 682 776 723 Proviso,
791 683 878 726 quod
898 688 1032 727 propter
1051 682 1216 722 unionem,

1234 452 1237 471 l

477 737 689 770 annexionem
717 742 747 770 et
778 736 1073 779 incorporationem
1103 735 1239 769 huius-t

479 789 566 823 modi
587 790 749 834 prioratus
762 789 918 833 praedicti
931 789 1046 822 debitis
1058 799 1121 822 non
1135 789 1221 821 frau-

478 844 595 877 dentur
626 842 811 886 obsequiis,
844 848 874 875 et
902 842 934 875 in
964 842 1008 875 eis
1038 842 1219 875 animarum

477 907 576 936 cura,
600 896 626 930 si
647 906 710 940 qua
739 895 801 929 illis
832 895 1012 936 immineat,
1036 896 1221 929 nullatenus

477 950 669 993 negligatur,
693 959 798 993 neque
818 949 1052 983 monachorum
1074 954 1105 982 et
1125 948 1220 982 mini-

476 1009 618 1037 strorum
640 1013 794 1036 numerus
815 1002 992 1043 minuatur,
1015 1003 1070 1036 sed
1088 1002 1217 1046 priora-

476 1056 1021 1091 tuumhuiusmodietconventuum
1030 1057 1218 1090 eorumdem

477 1121 619 1152 congrue
640 1116 871 1154 supportemus
887 1121 986 1143 onera
1006 1115 1169 1144 consueta.
1184 1110 1221 1143 Et

477 1164 610 1208 insuper
641 1175 676 1197 ex
698 1174 783 1197 nunc
806 1163 933 1197 irritum
955 1163 1160 1197 decernimus
1191 1147 1239 1200 eti

477 1218 572 1251 inane
586 1218 612 1251 si
626 1228 717 1251 secus
733 1218 891 1262 superbis
912 1228 929 1250 a
942 1227 1118 1261 quoquam,
1135 1228 1217 1261 qua-

477 1271 522 1305 vis
547 1271 748 1311 auctoritate,
775 1271 914 1305 scienter
944 1271 992 1305 vel
1019 1271 1216 1314 ignoranter,

477 1325 647 1368 contigerit
667 1325 829 1358 attentari.
1236 1362 1237 1366 Ἰ

523 1379 538 1422 g
558 1377 610 1412 13.
634 1379 717 1412 Nulli
739 1389 816 1421 ergo
836 1378 969 1412 omnino
990 1378 1158 1412 hominum
1183 1379 1221 1411 li-

480 1438 549 1465 ceat
576 1432 658 1466 hanc
686 1433 836 1476 paginam
873 1438 1000 1465 nostrae
1025 1433 1237 1471 01=ectionis‚³

479 1486 705 1527 institutionis,
722 1487 868 1526 unionis,
891 1486 1078 1520 annexionis
1091 1514 1098 1525 ,
1117 1487 1220 1520 incor-

478 1540 667 1584 porationis,
679 1539 901 1583 susceptionis,
916 1540 1143 1580 concessionis,
1160 1540 1219 1572 im·
1236 1566 1238 1588 ¹.

478 1593 672 1637 partitionis,
696 1592 945 1632 constitutionis,
975 1593 1194 1637 deputationis
1209 1620 1216 1633 ,

479 1646 679 1689 elargitionis
694 1674 701 1686 ,
730 1646 882 1685 mandati,
903 1646 1131 1689 derogationis,
1160 1657 1217 1680 vo·
1236 1639 1238 1655 ἶ

479 1701 611 1734 luntatis
629 1707 659 1734 et
680 1701 885 1735 decretorum
912 1701 1099 1743 infringere,
1124 1701 1171 1734 vel
1192 1701 1220 1734 ei

479 1765 557 1787 ausu
579 1754 751 1787 temerario
772 1755 942 1787 contraire.
966 1754 997 1789 Si
1018 1755 1089 1798 qttis
1114 1760 1220 1788 autem

480 1807 542 1841 ltoc
562 1813 719 1841 attentare
741 1808 1004 1852 praesumpserit,
1030 1808 1222 1850 indignatio-

481 1873 553 1895 nem
576 1862 809 1906 omnipotentis
822 1862 888 1901 Dei,
906 1873 942 1895 ac
955 1862 1123 1895 beatorum
1138 1862 1222 1895 Petri
1239 1866 1241 1885 l

482 1921 511 1948 et
530 1915 617 1948 Pauli
640 1916 859 1959 apostolorum
878 1915 951 1948 Eius
971 1926 1004 1949 se
1024 1915 1149 1949 noverit
1170 1915 1220 1948 in-

483 1979 664 2002 cursurum.

527 2022 638 2056 Datum
658 2022 777 2055 Romae
803 2022 888 2066 apud
909 2022 1060 2056 Sanctum
1082 2022 1222 2055 Murcum
1240 2021 1241 2027 ¹

482 2086 567 2109 anno
586 2075 816 2109 incarnationis
837 2075 1022 2109 Dominicae
1053 2075 1223 2107 millesimo

483 2130 742 2173 quingentesimo
768 2129 976 2169 uonassesimo
998 2139 1094 2168 nono,
1116 2129 1241 2162 kalen-¹

484 2183 531 2216 dis
552 2184 676 2227 aprilis,
701 2183 906 2227 pontitivatus
927 2183 1026 2215 nostri
1041 2193 1126 2216 anno
1151 2193 1219 2216 vui.
1240 2168 1242 2219 i

521 2246 577 2273 Dat.
598 2246 641 2273 die
663 2246 748 2282 prima
762 2246 854 2281 aprilis
871 2245 948 2278 1507,
965 2245 1058 2280 pontis.
1081 2255 1124 2272 au.
1144 2252 1199 2272 vitt.
1240 2261 1242 2286 5

1240 2298 1242 2318 l

800 2388 880 2421 (Itjtv
907 2388 913 2403 ¹

489 2461 571 2493 {snio
602 2461 766 2503 prioratus
787 2470 824 2491 nc
851 2459 1052 2503 parochialis
1077 2445 1242 2491 ecclesiaef

530 2514 567 2544 cle
580 2515 678 2547 Venox
688 2514 764 2552 ittet,
779 2513 912 2546 Ordinis
922 2513 1034 2546 Sancti
1045 2511 1221 2551 Benedicti,
1241 2532 1244 2552 ,

1241 2576 1243 2598 t

524 2588 532 2611 1
558 2586 585 2611 ln
602 2586 718 2612 editione
743 2586 860 2612 tin-nana
884 2585 949 2610 lrwr
966 2583 1225 2610 tiut»‹·1=11·‹·0nstitu-

488 2636 523 2655 ιιο
543 2631 569 2656 in
593 2631 771 2664 Appendices,
797 2638 908 2656 numero
933 2635 1062 2656 ettcmxttt
1087 2628 1223 2654 distinctu.

1094 2675 1178 2705 (uxr.)

1252 258 1404 283 ROMANUM

1296 306 1557 341 carcassonensis
1574 309 1603 338 el
1631 304 1878 338 Tholosanensis
1898 304 1991 337 dioe-

1295 370 1413 401 cesum,
1441 359 1626 393 Seminario
1647 358 1882 392 Tholoscmensi
1899 359 1920 391 ¹.

1276 449 1409 476 Ctemens
1426 448 1595 482 episcopus,
1609 454 1716 474 servus
1733 453 1888 473 servorum
1903 446 1966 478 Dei,

1403 502 1439 529 ad
1454 502 1588 529 futuram
1603 501 1647 529 rei
1663 500 1843 528 memoriam.

1296 575 1344 608 Ad
1361 574 1586 618 exequendum
1607 572 1776 617 pastoralis
1793 571 1890 606 officii
1903 571 1993 605 debi-

1255 634 1320 662 tum
1341 628 1482 672 paternis
1495 633 1526 660 et
1545 626 1688 660 sollicitis
1701 626 1815 659 studiis
1827 625 1993 668 vigilantes

1254 681 1339 715 circa
1365 686 1483 714 statum
1514 679 1764 713 seminariorum
1797 678 1993 712 ecclesiasti-

1254 745 1377 775 eorum,
1398 734 1429 767 in
1453 734 1569 778 quibus
1589 734 1809 766 adolescentes
1828 742 1846 764 a
1871 732 1994 766 teneris

1255 788 1346 821 annis
1370 789 1410 822 ad
1441 788 1593 832 pietatem
1614 793 1646 820 et
1665 787 1857 830 religionem
1887 787 1990 820 infor-

1256 847 1395 882 mantur,
1419 847 1449 875 et
1469 852 1506 875 ex
1523 841 1640 885 quibus
1652 841 1737 874 docti
1757 846 1788 875 et
1807 841 1928 874 strenui
1943 851 1995 874 ca-

1256 895 1394 929 tholicae
1411 894 1486 928 fidei
1508 895 1693 928 defensores
1716 894 1888 938 prodeunt,
1911 894 1996 928 salu-

1255 949 1355 982 briter
1374 948 1580 991 dirigendum
1605 948 1744 982 libenter
1773 947 1970 982 intendimus
1985 974 1992 987 ,

1255 1013 1292 1036 ac
1311 1002 1374 1035 illis
1388 1030 1395 1043 ,
1418 1007 1454 1035 ut
1481 1011 1638 1045 personae
1669 1001 1701 1034 in
1722 1002 1767 1034 eis
1791 1001 1944 1044 degentes
1963 1000 1996 1033 in

1254 1055 1320 1089 suis
1344 1055 1587 1089 necessitatibus
1617 1054 1819 1095 releventur,
1850 1054 1890 1088 de
1917 1063 1995 1087 con-

1255 1120 1334 1152 grua
1359 1109 1433 1142 dote
1450 1119 1507 1152 per
1523 1108 1676 1141 unionem
1698 1107 1929 1142 beneficiorum
1945 1119 1996 1142 ec-

1255 1163 1517 1202 clesiasticorum,
1530 1173 1567 1195 ac
1580 1162 1659 1195 alias
1669 1162 1886 1206 providemus,
1900 1167 1998 1206 prout

1254 1215 1285 1248 in
1314 1215 1451 1249 Domino
1489 1215 1706 1260 conspicimus
1738 1214 1911 1248 salubriter
1938 1225 1994 1249 ex-

1254 1269 1374 1314 pedire.

1298 1323 1357 1365 gl.
1377 1323 1460 1357 Sane
1481 1323 1615 1356 dilectus
1636 1322 1720 1355 tilius
1739 1327 1848 1356 noster
1861 1322 1994 1356 Franci-

1255 1436 1302 1463 ter
1321 1430 1492 1463 cardinalis
1503 1430 1542 1463 de
1560 1429 1696 1474 Gioyosa
1714 1437 1929 1474 nuncupatus,
1942 1441 1996 1474 qut

1253 1484 1407 1518 ecclesiae
1429 1484 1644 1523 Tholosanae,
1672 1494 1708 1517 ex
1730 1483 1938 1517 concessione
1966 1487 1998 1516 et

1254 1538 1491 1582 dispensatione
1510 1537 1697 1581 apostolica,
1718 1547 1865 1581 praeesse
1885 1537 1999 1580 digno-

1253 1592 1364 1631 scitur,
1388 1591 1481 1624 nobis
1502 1601 1606 1634 nuper
1622 1590 1778 1635 exposuit,
1803 1591 1889 1635 quod
1919 1590 1998 1624 alias

1256 1645 1322 1690 ipse
1342 1645 1475 1689 provide
1493 1644 1700 1678 considerans
1721 1644 1751 1677 in
1770 1644 1896 1678 civitate
1915 1644 1998 1678 Tho-

1255 1699 1365 1732 losana
1396 1698 1603 1732 seminarium
1627 1698 1890 1739 ecclesiasticum,
1914 1697 2000 1731 iuxta

1256 1753 1498 1797 dispositionem
1519 1762 1686 1786 sacrorum
1712 1762 1895 1791 canonum,
1919 1761 2000 1785 non-

1239 1807 1333 1865 [dum
1355 1811 1496 1839 erectum
1520 1806 1626 1846 fuisse,
1650 1805 1786 1839 hisvero
1801 1804 2000 1848 temporibus

1258 1860 1442 1894 huiusmodi
1464 1859 1672 1893 seminarium
1692 1859 1722 1891 in
1742 1858 1905 1902 praedicta
1923 1857 1999 1890 civi-

1259 1919 1320 1947 tate
1343 1919 1373 1946 et
1398 1913 1482 1946 illius
1509 1912 1647 1946 dioecesi
1675 1911 1821 1956 apprime
1853 1921 1999 1944 necessa-

1241 1967 1341 2005 ,rium
1363 1977 1442 2005 esse,
1467 1966 1538 1999 ideo
1560 1975 1619 2009 pro
1639 1976 1697 1999 suo
1719 1964 1870 2009 pastorali
1892 1963 1999 1998 officio

1260 2020 1289 2052 in
1312 2020 1475 2063 praedicta
1504 2019 1630 2052 civitate
1663 2017 1998 2051 unumseminarium

1259 2073 1532 2111 ecclesiasticum,
1566 2072 1596 2105 in
1618 2082 1682 2116 quo
1704 2071 1794 2115 pueri
1816 2071 1952 2105 civitatis
1971 2076 2001 2105 et

1259 2127 1414 2160 dioecesis
1434 2126 1672 2170 praedictarum
1696 2124 1806 2169 recipi,
1824 2130 1853 2158 et
1870 2125 1900 2157 in
1922 2124 2001 2157 libe-

1259 2181 1379 2213 ratibus
1400 2179 1599 2223 disciplinis,
1623 2190 1659 2211 ac
1681 2178 1807 2221 pietatis
1827 2183 1856 2210 et
1878 2177 2001 2210 virtutis

1258 2233 1364 2267 studio
1393 2233 1557 2266 informari
1584 2232 1760 2266 deberent.
1786 2237 1848 2265 tam
1869 2241 1926 2264 sua
1947 2240 2000 2264 or-

1259 2287 1394 2325 dinaria,
1412 2298 1507 2330 quam
1523 2286 1581 2319 sibi
1603 2286 1642 2318 ab
1660 2285 1780 2318 eisdem
1795 2284 1893 2317 saei-is
1906 2294 2001 2317 cano-

1259 2341 1352 2374 nibus
1372 2341 1411 2374 :ul
1434 2340 1463 2373 id
1490 2340 1642 2373 attributa
1663 2345 1692 2372 ct
1714 2339 1860 2379 detegam
1889 2343 1998 2371 aucto-

1259 2394 1363 2434 ritate,
1388 2399 1544 2438 perpetuo
1558 2393 1616 2426 sub
1633 2392 1730 2426 certis
1745 2392 1842 2424 inodo
1856 2397 1886 2424 ct
1901 2392 2001 2423 forma

1261 2455 1334 2481 tunc
1355 2447 1522 2492 expressis,
1547 2446 1646 2479 erevit
1667 2452 1696 2478 vt
1730 2445 1877 2483 instituit,
1907 2449 2003 2488 prout

1261 2501 1290 2533 in
1311 2500 1477 2544 scripturis
1490 2511 1545 2532 scu
1560 2498 1772 2539 documentis,
1788 2498 1927 2541 desuper
1940 2497 2002 2529 sor-

1259 2565 1314 2587 san
1336 2554 1501 2591 consertis,
1528 2553 1652 2597 plenius
1673 2552 1792 2585 dicitur
1812 2549 1980 2584 contineri.

1304 2609 1360 2652 §tl
1375 2609 1451 2641 (jum
1473 2613 1592 2644 (uitem,
1609 2606 1689 2639 sicut
1709 2606 1821 2638 cadem
1843 2603 2000 2648 expositio

1296 2672 1305 2696 ¹
1332 2670 1367 2697 lix
1389 2670 1494 2705 lle-gest.
1517 2669 1659 2696 insueret.
1677 2667 1810 2695 Breviuin.

2005 255 2059 282 An.
2075 254 2104 281 C.
2119 253 2189 281 1599

2033 582 2152 606 Exordium.

1360 1377 1364 1382 .
1421 1377 1459 1386 ,Ἰ
1541 1376 1546 1381 .
1637 1376 1643 1381 .
1739 1375 1744 1380 .
2013 1328 2195 1384 ωξξὲἒῗῆἳιέἓ

1254 1387 1325 1410 scus
1345 1377 1427 1410 tituli
1441 1382 1548 1410 sancti
1561 1376 1644 1409 Petri
1659 1376 1698 1409 ad
1712 1376 1845 1409 Vincula
1864 1376 1996 1421 presby·
2011 1383 2196 1437 ffiffinegfflo-
