<?xml version="1.0" encoding="UTF-8"?>
<!DOCTYPE html PUBLIC "-//W3C//DTD XHTML 1.0 Transitional//EN"
    "http://www.w3.org/TR/xhtml1/DTD/xhtml1-transitional.dtd">
<html xmlns="http://www.w3.org/1999/xhtml" xml:lang="en" lang="en">
 <head>
  <title>
</title>
<meta http-equiv="Content-Type" content="text/html;charset=utf-8" />
  <meta name='ocr-system' content='tesseract 3.04.00' />
  <meta name='ocr-capabilities' content='ocr_page ocr_carea ocr_par ocr_line ocrx_word'/>
</head>
<body>
  <div class='ocr_page' id='page_1' title='image "./bullarumdiplomat10cath_0418.png"; bbox 0 0 2253 3195; ppageno 0'>
   <div class='ocr_carea' id='block_1_1' title="bbox 254 230 435 258">
    <p class='ocr_par' dir='ltr' id='par_1_1' title="bbox 254 230 435 258">
     <span class='ocr_line' id='line_1_1' title="bbox 254 230 435 258; baseline 0.017 -3"><span class='ocrx_word' id='word_1_1' title='bbox 254 230 302 257; x_wconf 70' lang='lat' dir='ltr'>An.</span> <span class='ocrx_word' id='word_1_2' title='bbox 321 230 350 258; x_wconf 89' lang='lat' dir='ltr'>C.</span> <span class='ocrx_word' id='word_1_3' title='bbox 368 230 435 258; x_wconf 85' lang='lat'>1597</span> 
     </span>
    </p>
   </div>
   <div class='ocr_carea' id='block_1_2' title="bbox 264 1723 447 1774">
    <p class='ocr_par' dir='ltr' id='par_1_2' title="bbox 264 1723 447 1774">
     <span class='ocr_line' id='line_1_2' title="bbox 289 1723 447 1749; baseline 0 -7"><span class='ocrx_word' id='word_1_4' title='bbox 289 1723 383 1748; x_wconf 49' lang='lat' dir='ltr'>&amp;ltaque</span> <span class='ocrx_word' id='word_1_5' title='bbox 393 1730 447 1749; x_wconf 72' lang='lat' dir='ltr'>pon·-</span> 
     </span>
     <span class='ocr_line' id='line_1_3' title="bbox 264 1749 398 1774; baseline 0 -6"><span class='ocrx_word' id='word_1_6' title='bbox 264 1754 301 1768; x_wconf 68' lang='grc' dir='ltr'><strong>Ιιην.</strong></span> <span class='ocrx_word' id='word_1_7' title='bbox 317 1749 398 1774; x_wconf 67' lang='grc' dir='ltr'>Ιιιῐὶιμιῑ,</span> 
     </span>
    </p>
   </div>
   <div class='ocr_carea' id='block_1_3' title="bbox 482 221 546 256">
    <p class='ocr_par' dir='ltr' id='par_1_3' title="bbox 482 221 546 256">
     <span class='ocr_line' id='line_1_4' title="bbox 482 221 546 256; baseline -0.016 0"><span class='ocrx_word' id='word_1_8' title='bbox 482 221 546 256; x_wconf 75' lang='grc'>374</span> 
     </span>
    </p>
   </div>
   <div class='ocr_carea' id='block_1_4' title="bbox 452 277 1211 2670">
    <p class='ocr_par' dir='ltr' id='par_1_4' title="bbox 452 277 1205 1654">
     <span class='ocr_line' id='line_1_5' title="bbox 452 277 1194 324; baseline -0.004 -11"><span class='ocrx_word' id='word_1_9' title='bbox 452 280 606 324; x_wconf 87' lang='lat' dir='ltr'>cuiusque</span> <span class='ocrx_word' id='word_1_10' title='bbox 631 285 796 322; x_wconf 85' lang='lat' dir='ltr'>tempore,</span> <span class='ocrx_word' id='word_1_11' title='bbox 825 288 922 321; x_wconf 88' lang='lat' dir='ltr'>super</span> <span class='ocrx_word' id='word_1_12' title='bbox 951 277 1194 311; x_wconf 81' lang='lat' dir='ltr'>manutentione</span> 
     </span>
     <span class='ocr_line' id='line_1_6' title="bbox 452 331 1191 372; baseline -0.005 -5"><span class='ocrx_word' id='word_1_13' title='bbox 452 344 616 372; x_wconf 84' lang='lat' dir='ltr'>annonae,</span> <span class='ocrx_word' id='word_1_14' title='bbox 648 338 759 365; x_wconf 85' lang='lat' dir='ltr'>contra</span> <span class='ocrx_word' id='word_1_15' title='bbox 785 331 987 364; x_wconf 79' lang='lat' dir='ltr'><strong>extrahentes</strong></span> <span class='ocrx_word' id='word_1_16' title='bbox 1019 331 1191 371; x_wconf 79' lang='lat' dir='ltr'>frumenta,</span> 
     </span>
     <span class='ocr_line' id='line_1_7' title="bbox 452 378 1196 427; baseline -0.004 -8"><span class='ocrx_word' id='word_1_17' title='bbox 452 378 563 425; x_wconf 74' lang='lat' dir='ltr'>blada,</span> <span class='ocrx_word' id='word_1_18' title='bbox 587 384 749 427; x_wconf 72' lang='lat' dir='ltr'>legumina</span> <span class='ocrx_word' id='word_1_19' title='bbox 769 390 799 417; x_wconf 88' lang='lat' dir='ltr'>et</span> <span class='ocrx_word' id='word_1_20' title='bbox 823 394 935 417; x_wconf 88' lang='lat' dir='ltr'>omnes</span> <span class='ocrx_word' id='word_1_21' title='bbox 955 383 1034 417; x_wconf 82' lang='lat' dir='ltr'>alios</span> <span class='ocrx_word' id='word_1_22' title='bbox 1059 383 1196 417; x_wconf 72' lang='lat' dir='ltr'>cuiusvis</span> 
     </span>
     <span class='ocr_line' id='line_1_8' title="bbox 453 437 1196 481; baseline -0.004 -9"><span class='ocrx_word' id='word_1_23' title='bbox 453 438 579 481; x_wconf 75' lang='lat' dir='ltr'>generis</span> <span class='ocrx_word' id='word_1_24' title='bbox 595 443 806 477; x_wconf 81' lang='lat' dir='ltr'>commeatus,</span> <span class='ocrx_word' id='word_1_25' title='bbox 820 448 857 470; x_wconf 86' lang='lat' dir='ltr'>ac-</span> <span class='ocrx_word' id='word_1_26' title='bbox 878 442 1058 470; x_wconf 79' lang='lat' dir='ltr'>mercantes</span> <span class='ocrx_word' id='word_1_27' title='bbox 1078 437 1123 470; x_wconf 83' lang='lat' dir='ltr'>sat</span> <span class='ocrx_word' id='word_1_28' title='bbox 1145 447 1196 470; x_wconf 84' lang='lat' dir='ltr'>ex-</span> 
     </span>
     <span class='ocr_line' id='line_1_9' title="bbox 454 490 1197 534; baseline -0.003 -10"><span class='ocrx_word' id='word_1_29' title='bbox 454 498 567 531; x_wconf 84' lang='lat' dir='ltr'>terum,</span> <span class='ocrx_word' id='word_1_30' title='bbox 582 497 611 524; x_wconf 87' lang='lat' dir='ltr'>et</span> <span class='ocrx_word' id='word_1_31' title='bbox 632 490 711 524; x_wconf 84' lang='lat' dir='ltr'>alios</span> <span class='ocrx_word' id='word_1_32' title='bbox 731 501 828 534; x_wconf 87' lang='lat' dir='ltr'>supra</span> <span class='ocrx_word' id='word_1_33' title='bbox 849 490 1042 530; x_wconf 86' lang='lat' dir='ltr'>nominatos,</span> <span class='ocrx_word' id='word_1_34' title='bbox 1064 495 1095 523; x_wconf 87' lang='lat' dir='ltr'>et</span> <span class='ocrx_word' id='word_1_35' title='bbox 1114 490 1197 522; x_wconf 79' lang='lat' dir='ltr'>infra</span> 
     </span>
     <span class='ocr_line' id='line_1_10' title="bbox 453 543 1193 588; baseline -0.003 -11"><span class='ocrx_word' id='word_1_36' title='bbox 453 544 606 578; x_wconf 90' lang='lat' dir='ltr'>dicendos</span> <span class='ocrx_word' id='word_1_37' title='bbox 627 543 734 584; x_wconf 82' lang='lat' dir='ltr'>editis,</span> <span class='ocrx_word' id='word_1_38' title='bbox 763 554 948 588; x_wconf 81' lang='lat' dir='ltr'>poenasque</span> <span class='ocrx_word' id='word_1_39' title='bbox 969 543 1065 576; x_wconf 85' lang='lat' dir='ltr'>etiam</span> <span class='ocrx_word' id='word_1_40' title='bbox 1085 543 1193 587; x_wconf 82' lang='lat' dir='ltr'>priva-</span> 
     </span>
     <span class='ocr_line' id='line_1_11' title="bbox 453 596 1196 637; baseline -0.004 -6"><span class='ocrx_word' id='word_1_41' title='bbox 453 597 548 631; x_wconf 80' lang='lat' dir='ltr'>tionis</span> <span class='ocrx_word' id='word_1_42' title='bbox 561 598 743 637; x_wconf 76' lang='lat' dir='ltr'>seudomm,</span> <span class='ocrx_word' id='word_1_43' title='bbox 756 607 792 630; x_wconf 83' lang='lat' dir='ltr'>ac</span> <span class='ocrx_word' id='word_1_44' title='bbox 805 597 1042 630; x_wconf 74' lang='lat' dir='ltr'>confiscationis</span> <span class='ocrx_word' id='word_1_45' title='bbox 1059 596 1196 629; x_wconf 82' lang='lat' dir='ltr'>aliorum</span> 
     </span>
     <span class='ocr_line' id='line_1_12' title="bbox 454 649 1193 693; baseline -0.001 -11"><span class='ocrx_word' id='word_1_46' title='bbox 454 660 734 693; x_wconf 87' lang='lat' dir='ltr'>quorumcumque</span> <span class='ocrx_word' id='word_1_47' title='bbox 754 649 929 690; x_wconf 86' lang='lat' dir='ltr'>honorum,</span> <span class='ocrx_word' id='word_1_48' title='bbox 953 649 1061 693; x_wconf 84' lang='lat' dir='ltr'>quoad</span> <span class='ocrx_word' id='word_1_49' title='bbox 1086 649 1193 682; x_wconf 92' lang='lat' dir='ltr'>domi—</span> 
     </span>
     <span class='ocr_line' id='line_1_13' title="bbox 454 702 1194 744; baseline -0.001 -8"><span class='ocrx_word' id='word_1_50' title='bbox 454 703 552 737; x_wconf 84' lang='lat' dir='ltr'>cellos</span> <span class='ocrx_word' id='word_1_51' title='bbox 569 708 601 736; x_wconf 91' lang='lat' dir='ltr'>et</span> <span class='ocrx_word' id='word_1_52' title='bbox 619 703 768 744; x_wconf 82' lang='lat' dir='ltr'>barones,</span> <span class='ocrx_word' id='word_1_53' title='bbox 781 709 811 736; x_wconf 85' lang='lat' dir='ltr'>et</span> <span class='ocrx_word' id='word_1_54' title='bbox 827 703 1010 736; x_wconf 87' lang='lat' dir='ltr'>amissionis</span> <span class='ocrx_word' id='word_1_55' title='bbox 1030 702 1194 743; x_wconf 79' lang='lat' dir='ltr'>frumenti,</span> 
     </span>
     <span class='ocr_line' id='line_1_14' title="bbox 455 756 1198 796; baseline -0.001 -7"><span class='ocrx_word' id='word_1_56' title='bbox 455 756 635 796; x_wconf 80' lang='lat' dir='ltr'>bladarum,</span> <span class='ocrx_word' id='word_1_57' title='bbox 659 756 733 789; x_wconf 84' lang='lat' dir='ltr'>salis</span> <span class='ocrx_word' id='word_1_58' title='bbox 754 761 784 789; x_wconf 90' lang='lat' dir='ltr'>et</span> <span class='ocrx_word' id='word_1_59' title='bbox 804 756 1005 796; x_wconf 80' lang='lat' dir='ltr'>animalium,</span> <span class='ocrx_word' id='word_1_60' title='bbox 1029 767 1065 789; x_wconf 83' lang='lat' dir='ltr'>ae</span> <span class='ocrx_word' id='word_1_61' title='bbox 1093 760 1198 788; x_wconf 84' lang='lat' dir='ltr'>scuto-</span> 
     </span>
     <span class='ocr_line' id='line_1_15' title="bbox 456 808 1198 853; baseline -0.001 -11"><span class='ocrx_word' id='word_1_62' title='bbox 456 819 527 842; x_wconf 90' lang='lat' dir='ltr'>rum</span> <span class='ocrx_word' id='word_1_63' title='bbox 559 809 703 853; x_wconf 89' lang='lat' dir='ltr'>quinque</span> <span class='ocrx_word' id='word_1_64' title='bbox 727 820 786 853; x_wconf 91' lang='lat' dir='ltr'>pro</span> <span class='ocrx_word' id='word_1_65' title='bbox 815 809 959 853; x_wconf 88' lang='lat' dir='ltr'>qualibet</span> <span class='ocrx_word' id='word_1_66' title='bbox 991 809 1092 842; x_wconf 77' lang='lat' dir='ltr'>salma</span> <span class='ocrx_word' id='word_1_67' title='bbox 1123 808 1198 842; x_wconf 88' lang='lat' dir='ltr'>dicti</span> 
     </span>
     <span class='ocr_line' id='line_1_16' title="bbox 455 861 1198 906; baseline 0 -11"><span class='ocrx_word' id='word_1_68' title='bbox 455 863 617 903; x_wconf 80' lang='lat' dir='ltr'>frumenti,</span> <span class='ocrx_word' id='word_1_69' title='bbox 633 873 670 896; x_wconf 81' lang='lat' dir='ltr'>ac</span> <span class='ocrx_word' id='word_1_70' title='bbox 690 863 829 896; x_wconf 83' lang='lat' dir='ltr'>duorum</span> <span class='ocrx_word' id='word_1_71' title='bbox 850 873 909 906; x_wconf 91' lang='lat' dir='ltr'>pro</span> <span class='ocrx_word' id='word_1_72' title='bbox 930 862 1075 906; x_wconf 88' lang='lat' dir='ltr'>quolibet</span> <span class='ocrx_word' id='word_1_73' title='bbox 1095 861 1198 906; x_wconf 81' lang='lat' dir='ltr'>capite</span> 
     </span>
     <span class='ocr_line' id='line_1_17' title="bbox 455 915 1199 960; baseline -0.001 -11"><span class='ocrx_word' id='word_1_74' title='bbox 455 916 654 957; x_wconf 84' lang='lat' dir='ltr'>animalium,</span> <span class='ocrx_word' id='word_1_75' title='bbox 677 917 785 960; x_wconf 83' lang='lat' dir='ltr'>quoad</span> <span class='ocrx_word' id='word_1_76' title='bbox 805 927 934 957; x_wconf 88' lang='lat' dir='ltr'>omnes,</span> <span class='ocrx_word' id='word_1_77' title='bbox 955 927 1028 950; x_wconf 91' lang='lat' dir='ltr'>cum</span> <span class='ocrx_word' id='word_1_78' title='bbox 1049 915 1199 949; x_wconf 87' lang='lat' dir='ltr'>omnibus</span> 
     </span>
     <span class='ocr_line' id='line_1_18' title="bbox 456 964 1199 1013; baseline -0.001 -10"><span class='ocrx_word' id='word_1_79' title='bbox 456 970 527 1003; x_wconf 86' lang='lat' dir='ltr'>aliis</span> <span class='ocrx_word' id='word_1_80' title='bbox 547 975 577 1003; x_wconf 89' lang='lat' dir='ltr'>et</span> <span class='ocrx_word' id='word_1_81' title='bbox 596 964 730 1011; x_wconf 74' lang='lat' dir='ltr'>singulis</span> <span class='ocrx_word' id='word_1_82' title='bbox 752 970 783 1002; x_wconf 90' lang='lat' dir='ltr'>in</span> <span class='ocrx_word' id='word_1_83' title='bbox 812 970 857 1004; x_wconf 88' lang='lat' dir='ltr'>cis</span> <span class='ocrx_word' id='word_1_84' title='bbox 887 969 1047 1004; x_wconf 87' lang='lat' dir='ltr'>contentis</span> <span class='ocrx_word' id='word_1_85' title='bbox 1061 997 1068 1011; x_wconf 82' lang='lat'>,</span> <span class='ocrx_word' id='word_1_86' title='bbox 1092 970 1199 1013; x_wconf 82' lang='lat' dir='ltr'>quoad</span> 
     </span>
     <span class='ocr_line' id='line_1_19' title="bbox 457 1023 1195 1070; baseline 0 -15"><span class='ocrx_word' id='word_1_87' title='bbox 457 1034 493 1055; x_wconf 83' lang='lat' dir='ltr'>ea</span> <span class='ocrx_word' id='word_1_88' title='bbox 517 1033 600 1066; x_wconf 87' lang='lat' dir='ltr'>quae</span> <span class='ocrx_word' id='word_1_89' title='bbox 624 1023 847 1070; x_wconf 75' lang='lat' dir='ltr'>praesentibus</span> <span class='ocrx_word' id='word_1_90' title='bbox 877 1033 943 1056; x_wconf 90' lang='lat' dir='ltr'>non</span> <span class='ocrx_word' id='word_1_91' title='bbox 968 1023 1195 1063; x_wconf 71' lang='lat' dir='ltr'>adversentur,</span> 
     </span>
     <span class='ocr_line' id='line_1_20' title="bbox 457 1075 1196 1119; baseline 0 -10"><span class='ocrx_word' id='word_1_92' title='bbox 457 1081 487 1109; x_wconf 87' lang='lat' dir='ltr'>et</span> <span class='ocrx_word' id='word_1_93' title='bbox 507 1081 638 1119; x_wconf 81' lang='lat' dir='ltr'>excepta</span> <span class='ocrx_word' id='word_1_94' title='bbox 658 1075 999 1109; x_wconf 75' lang='lat' dir='ltr'>excommunicationis</span> <span class='ocrx_word' id='word_1_95' title='bbox 1024 1076 1196 1115; x_wconf 86' lang='lat' dir='ltr'>sententia,</span> 
     </span>
     <span class='ocr_line' id='line_1_21' title="bbox 457 1129 1201 1173; baseline 0.003 -12"><span class='ocrx_word' id='word_1_96' title='bbox 457 1139 538 1173; x_wconf 85' lang='lat' dir='ltr'>quae</span> <span class='ocrx_word' id='word_1_97' title='bbox 551 1140 624 1162; x_wconf 89' lang='lat' dir='ltr'>cum</span> <span class='ocrx_word' id='word_1_98' title='bbox 646 1129 686 1162; x_wconf 82' lang='lat' dir='ltr'>ad</span> <span class='ocrx_word' id='word_1_99' title='bbox 708 1129 866 1162; x_wconf 85' lang='lat' dir='ltr'>medelam</span> <span class='ocrx_word' id='word_1_100' title='bbox 878 1135 907 1162; x_wconf 89' lang='lat' dir='ltr'>et</span> <span class='ocrx_word' id='word_1_101' title='bbox 922 1129 1057 1163; x_wconf 85' lang='lat' dir='ltr'>salutem</span> <span class='ocrx_word' id='word_1_102' title='bbox 1073 1130 1201 1163; x_wconf 82' lang='lat' dir='ltr'>inventa</span> 
     </span>
     <span class='ocr_line' id='line_1_22' title="bbox 457 1182 1198 1226; baseline 0 -11"><span class='ocrx_word' id='word_1_103' title='bbox 457 1183 507 1223; x_wconf 90' lang='lat' dir='ltr'>sit,</span> <span class='ocrx_word' id='word_1_104' title='bbox 527 1193 568 1216; x_wconf 89' lang='lat' dir='ltr'>ne</span> <span class='ocrx_word' id='word_1_105' title='bbox 588 1182 770 1216; x_wconf 82' lang='lat' dir='ltr'>animarum</span> <span class='ocrx_word' id='word_1_106' title='bbox 788 1183 963 1226; x_wconf 83' lang='lat' dir='ltr'>perniciem</span> <span class='ocrx_word' id='word_1_107' title='bbox 986 1188 1016 1216; x_wconf 87' lang='lat' dir='ltr'>et</span> <span class='ocrx_word' id='word_1_108' title='bbox 1035 1183 1198 1216; x_wconf 88' lang='lat' dir='ltr'>interitum</span> 
     </span>
     <span class='ocr_line' id='line_1_23' title="bbox 457 1236 1197 1280; baseline 0.003 -12"><span class='ocrx_word' id='word_1_109' title='bbox 457 1236 583 1276; x_wconf 74' lang='lat' dir='ltr'>afferat,</span> <span class='ocrx_word' id='word_1_110' title='bbox 608 1242 671 1269; x_wconf 89' lang='lat' dir='ltr'>tam</span> <span class='ocrx_word' id='word_1_111' title='bbox 692 1247 729 1269; x_wconf 86' lang='lat' dir='ltr'>ex</span> <span class='ocrx_word' id='word_1_112' title='bbox 750 1247 845 1280; x_wconf 81' lang='lat' dir='ltr'>supra</span> <span class='ocrx_word' id='word_1_113' title='bbox 866 1236 1021 1280; x_wconf 71' lang='lat' dir='ltr'>expressis</span> <span class='ocrx_word' id='word_1_114' title='bbox 1051 1237 1197 1278; x_wconf 84' lang='lat' dir='ltr'>casibus,</span> 
     </span>
     <span class='ocr_line' id='line_1_24' title="bbox 458 1289 1202 1333; baseline 0.001 -11"><span class='ocrx_word' id='word_1_115' title='bbox 458 1300 554 1333; x_wconf 86' lang='lat' dir='ltr'>quam</span> <span class='ocrx_word' id='word_1_116' title='bbox 576 1290 607 1322; x_wconf 93' lang='lat' dir='ltr'>in</span> <span class='ocrx_word' id='word_1_117' title='bbox 632 1289 769 1323; x_wconf 84' lang='lat' dir='ltr'>emendo</span> <span class='ocrx_word' id='word_1_118' title='bbox 796 1290 957 1323; x_wconf 79' lang='lat' dir='ltr'>frumenta</span> <span class='ocrx_word' id='word_1_119' title='bbox 982 1297 1008 1324; x_wconf 88' lang='lat' dir='ltr'>et</span> <span class='ocrx_word' id='word_1_120' title='bbox 1036 1290 1097 1323; x_wconf 84' lang='lat' dir='ltr'>alia</span> <span class='ocrx_word' id='word_1_121' title='bbox 1117 1291 1202 1324; x_wconf 87' lang='lat' dir='ltr'>ultra</span> 
     </span>
     <span class='ocr_line' id='line_1_25' title="bbox 459 1343 1199 1383; baseline 0.003 -8"><span class='ocrx_word' id='word_1_122' title='bbox 459 1353 564 1383; x_wconf 87' lang='lat' dir='ltr'>usum,</span> <span class='ocrx_word' id='word_1_123' title='bbox 588 1343 734 1376; x_wconf 78' lang='lat' dir='ltr'>consulto</span> <span class='ocrx_word' id='word_1_124' title='bbox 756 1343 930 1376; x_wconf 82' lang='lat' dir='ltr'>tollendam</span> <span class='ocrx_word' id='word_1_125' title='bbox 953 1350 983 1376; x_wconf 89' lang='lat' dir='ltr'>et</span> <span class='ocrx_word' id='word_1_126' title='bbox 1002 1344 1199 1377; x_wconf 79' lang='lat' dir='ltr'>submoven-</span> 
     </span>
     <span class='ocr_line' id='line_1_26' title="bbox 459 1396 1203 1437; baseline 0.004 -9"><span class='ocrx_word' id='word_1_127' title='bbox 459 1396 533 1429; x_wconf 81' lang='lat' dir='ltr'>dam</span> <span class='ocrx_word' id='word_1_128' title='bbox 557 1396 727 1437; x_wconf 73' lang='lat' dir='ltr'>duximus,</span> <span class='ocrx_word' id='word_1_129' title='bbox 753 1408 787 1429; x_wconf 89' lang='lat' dir='ltr'>cx</span> <span class='ocrx_word' id='word_1_130' title='bbox 815 1402 902 1430; x_wconf 83' lang='lat' dir='ltr'>certa</span> <span class='ocrx_word' id='word_1_131' title='bbox 932 1397 1066 1430; x_wconf 83' lang='lat' dir='ltr'>scientia</span> <span class='ocrx_word' id='word_1_132' title='bbox 1094 1403 1203 1431; x_wconf 82' lang='lat' dir='ltr'>nostra</span> 
     </span>
     <span class='ocr_line' id='line_1_27' title="bbox 460 1450 1202 1495; baseline 0.003 -13"><span class='ocrx_word' id='word_1_133' title='bbox 460 1450 675 1493; x_wconf 75' lang='lat' dir='ltr'>approbantes</span> <span class='ocrx_word' id='word_1_134' title='bbox 706 1455 736 1482; x_wconf 90' lang='lat' dir='ltr'>ct</span> <span class='ocrx_word' id='word_1_135' title='bbox 772 1450 979 1490; x_wconf 80' lang='lat' dir='ltr'>innovantes,</span> <span class='ocrx_word' id='word_1_136' title='bbox 1010 1451 1202 1495; x_wconf 85' lang='lat' dir='ltr'>illarumque</span> 
     </span>
     <span class='ocr_line' id='line_1_28' title="bbox 461 1503 1200 1543; baseline 0.004 -8"><span class='ocrx_word' id='word_1_137' title='bbox 461 1503 605 1536; x_wconf 88' lang='lat' dir='ltr'>omnium</span> <span class='ocrx_word' id='word_1_138' title='bbox 629 1509 765 1543; x_wconf 85' lang='lat' dir='ltr'>tenores,</span> <span class='ocrx_word' id='word_1_139' title='bbox 789 1514 824 1536; x_wconf 84' lang='lat' dir='ltr'>ac</span> <span class='ocrx_word' id='word_1_140' title='bbox 845 1503 869 1536; x_wconf 92' lang='lat' dir='ltr'>si</span> <span class='ocrx_word' id='word_1_141' title='bbox 891 1504 930 1537; x_wconf 85' lang='lat' dir='ltr'>(le</span> <span class='ocrx_word' id='word_1_142' title='bbox 950 1504 1047 1537; x_wconf 81' lang='lat' dir='ltr'>verbo</span> <span class='ocrx_word' id='word_1_143' title='bbox 1068 1505 1108 1538; x_wconf 81' lang='lat' dir='ltr'>ad</span> <span class='ocrx_word' id='word_1_144' title='bbox 1129 1516 1200 1538; x_wconf 81' lang='lat' dir='ltr'>ver-</span> 
     </span>
     <span class='ocr_line' id='line_1_29' title="bbox 462 1556 1205 1601; baseline 0.004 -13"><span class='ocrx_word' id='word_1_145' title='bbox 462 1557 538 1588; x_wconf 89' lang='lat' dir='ltr'>bum</span> <span class='ocrx_word' id='word_1_146' title='bbox 569 1556 804 1597; x_wconf 77' lang='lat' dir='ltr'>insererentur,</span> <span class='ocrx_word' id='word_1_147' title='bbox 828 1557 1050 1600; x_wconf 86' lang='lat' dir='ltr'>praesentibus</span> <span class='ocrx_word' id='word_1_148' title='bbox 1073 1568 1131 1601; x_wconf 88' lang='lat' dir='ltr'>pro</span> <span class='ocrx_word' id='word_1_149' title='bbox 1153 1569 1205 1591; x_wconf 85' lang='lat' dir='ltr'>ex-</span> 
     </span>
     <span class='ocr_line' id='line_1_30' title="bbox 463 1609 1093 1654; baseline 0.003 -12"><span class='ocrx_word' id='word_1_150' title='bbox 463 1609 579 1654; x_wconf 69' lang='lat' dir='ltr'>pressis</span> <span class='ocrx_word' id='word_1_151' title='bbox 599 1616 628 1643; x_wconf 88' lang='lat' dir='ltr'>ct</span> <span class='ocrx_word' id='word_1_152' title='bbox 654 1609 780 1643; x_wconf 83' lang='lat' dir='ltr'>insertis</span> <span class='ocrx_word' id='word_1_153' title='bbox 802 1611 914 1643; x_wconf 81' lang='lat' dir='ltr'>baberi</span> <span class='ocrx_word' id='word_1_154' title='bbox 940 1611 1093 1644; x_wconf 78' lang='lat' dir='ltr'>volentes.</span> 
     </span>
    </p>

    <p class='ocr_par' dir='ltr' id='par_1_5' title="bbox 462 1662 1211 2670">
     <span class='ocr_line' id='line_1_31' title="bbox 507 1662 1205 1715; baseline 0.007 -21"><span class='ocrx_word' id='word_1_155' title='bbox 507 1664 523 1705; x_wconf 65' lang='lat' dir='ltr'>g</span> <span class='ocrx_word' id='word_1_156' title='bbox 544 1662 574 1695; x_wconf 79' lang='lat'>5.</span> <span class='ocrx_word' id='word_1_157' title='bbox 599 1663 758 1696; x_wconf 73' lang='lat' dir='ltr'>L&#39;niversis</span> <span class='ocrx_word' id='word_1_158' title='bbox 779 1669 807 1697; x_wconf 86' lang='lat' dir='ltr'>et</span> <span class='ocrx_word' id='word_1_159' title='bbox 828 1664 962 1704; x_wconf 62' lang='lat' dir='ltr'>singulis</span> <span class='ocrx_word' id='word_1_160' title='bbox 982 1670 1093 1698; x_wconf 82' lang='lat' dir='ltr'>tenore</span> <span class='ocrx_word' id='word_1_161' title='bbox 1114 1677 1205 1715; x_wconf 51' lang='lat' dir='ltr'>prae:</span> 
     </span>
     <span class='ocr_line' id='line_1_32' title="bbox 462 1717 1205 1761; baseline 0.005 -12"><span class='ocrx_word' id='word_1_162' title='bbox 462 1717 600 1750; x_wconf 72' lang='lat' dir='ltr'>sentium</span> <span class='ocrx_word' id='word_1_163' title='bbox 622 1717 857 1757; x_wconf 84' lang='lat' dir='ltr'>intcrdirinms,</span> <span class='ocrx_word' id='word_1_164' title='bbox 872 1729 911 1751; x_wconf 86' lang='lat' dir='ltr'>ne</span> <span class='ocrx_word' id='word_1_165' title='bbox 931 1718 990 1751; x_wconf 87' lang='lat' dir='ltr'>sub</span> <span class='ocrx_word' id='word_1_166' title='bbox 1013 1718 1205 1761; x_wconf 76' lang='lat' dir='ltr'>indignatio-</span> 
     </span>
     <span class='ocr_line' id='line_1_33' title="bbox 463 1771 1201 1817; baseline 0.004 -14"><span class='ocrx_word' id='word_1_167' title='bbox 463 1771 512 1803; x_wconf 82' lang='lat' dir='ltr'>nis</span> <span class='ocrx_word' id='word_1_168' title='bbox 543 1777 688 1812; x_wconf 79' lang='lat' dir='ltr'>nostrae,</span> <span class='ocrx_word' id='word_1_169' title='bbox 712 1778 739 1804; x_wconf 90' lang='lat' dir='ltr'>et</span> <span class='ocrx_word' id='word_1_170' title='bbox 772 1772 830 1804; x_wconf 84' lang='lat' dir='ltr'>snb</span> <span class='ocrx_word' id='word_1_171' title='bbox 860 1772 921 1805; x_wconf 83' lang='lat' dir='ltr'>iam</span> <span class='ocrx_word' id='word_1_172' title='bbox 948 1772 1040 1805; x_wconf 75' lang='lat' dir='ltr'>(lictis</span> <span class='ocrx_word' id='word_1_173' title='bbox 1070 1774 1201 1817; x_wconf 82' lang='lat' dir='ltr'>poenis,</span> 
     </span>
     <span class='ocr_line' id='line_1_34' title="bbox 465 1826 1204 1869; baseline 0.005 -12"><span class='ocrx_word' id='word_1_174' title='bbox 465 1835 580 1869; x_wconf 81' lang='lat' dir='ltr'>nempe</span> <span class='ocrx_word' id='word_1_175' title='bbox 601 1826 707 1868; x_wconf 80' lang='lat' dir='ltr'>quoad</span> <span class='ocrx_word' id='word_1_176' title='bbox 727 1826 886 1866; x_wconf 75' lang='lat' dir='ltr'>barones,</span> <span class='ocrx_word' id='word_1_177' title='bbox 911 1826 1112 1865; x_wconf 76' lang='lat' dir='ltr'>domicellos,</span> <span class='ocrx_word' id='word_1_178' title='bbox 1137 1829 1204 1861; x_wconf 83' lang='lat' dir='ltr'>seu-</span> 
     </span>
     <span class='ocr_line' id='line_1_35' title="bbox 465 1878 1205 1924; baseline 0.005 -14"><span class='ocrx_word' id='word_1_179' title='bbox 465 1878 604 1911; x_wconf 72' lang='lat' dir='ltr'>datan-ios</span> <span class='ocrx_word' id='word_1_180' title='bbox 625 1885 655 1911; x_wconf 87' lang='lat' dir='ltr'>ct</span> <span class='ocrx_word' id='word_1_181' title='bbox 674 1879 819 1911; x_wconf 74' lang='lat' dir='ltr'>subditos</span> <span class='ocrx_word' id='word_1_182' title='bbox 840 1885 977 1918; x_wconf 75' lang='lat' dir='ltr'>nostros,</span> <span class='ocrx_word' id='word_1_183' title='bbox 1001 1891 1205 1924; x_wconf 83' lang='lat' dir='ltr'>quacumque</span> 
     </span>
     <span class='ocr_line' id='line_1_36' title="bbox 465 1931 1206 1976; baseline 0.004 -13"><span class='ocrx_word' id='word_1_184' title='bbox 465 1931 560 1963; x_wconf 78' lang='lat' dir='ltr'>etiam</span> <span class='ocrx_word' id='word_1_185' title='bbox 588 1931 692 1964; x_wconf 83' lang='lat' dir='ltr'>ducali</span> <span class='ocrx_word' id='word_1_186' title='bbox 723 1932 876 1971; x_wconf 58' lang='lat' dir='ltr'>dignitate</span> <span class='ocrx_word' id='word_1_187' title='bbox 904 1932 1078 1972; x_wconf 54' lang='lat' dir='ltr'>sulen-ntes,</span> <span class='ocrx_word' id='word_1_188' title='bbox 1103 1933 1206 1976; x_wconf 74' lang='lat' dir='ltr'>priva-</span> 
     </span>
     <span class='ocr_line' id='line_1_37' title="bbox 466 1984 1203 2026; baseline 0.004 -10"><span class='ocrx_word' id='word_1_189' title='bbox 466 1984 561 2017; x_wconf 77' lang='lat' dir='ltr'>tionis</span> <span class='ocrx_word' id='word_1_190' title='bbox 581 1985 769 2026; x_wconf 60' lang='lat' dir='ltr'>lbndorum,</span> <span class='ocrx_word' id='word_1_191' title='bbox 794 1996 829 2017; x_wconf 83' lang='lat' dir='ltr'>ac</span> <span class='ocrx_word' id='word_1_192' title='bbox 859 1985 1095 2018; x_wconf 74' lang='lat' dir='ltr'>confiscationis</span> <span class='ocrx_word' id='word_1_193' title='bbox 1121 1986 1203 2019; x_wconf 87' lang='lat' dir='ltr'>alio-</span> 
     </span>
     <span class='ocr_line' id='line_1_38' title="bbox 465 2038 1203 2083; baseline 0.003 -13"><span class='ocrx_word' id='word_1_194' title='bbox 465 2049 534 2070; x_wconf 87' lang='lat' dir='ltr'>rum</span> <span class='ocrx_word' id='word_1_195' title='bbox 551 2038 710 2071; x_wconf 87' lang='lat' dir='ltr'>bonormn</span> <span class='ocrx_word' id='word_1_196' title='bbox 732 2044 761 2071; x_wconf 85' lang='lat' dir='ltr'>ct</span> <span class='ocrx_word' id='word_1_197' title='bbox 780 2049 887 2071; x_wconf 84' lang='lat' dir='ltr'>rerum</span> <span class='ocrx_word' id='word_1_198' title='bbox 907 2049 1203 2083; x_wconf 72' lang='lat' dir='ltr'>quarumcunnpie2</span> 
     </span>
     <span class='ocr_line' id='line_1_39' title="bbox 464 2092 1207 2137; baseline 0.007 -15"><span class='ocrx_word' id='word_1_199' title='bbox 464 2103 528 2135; x_wconf 81' lang='lat' dir='ltr'>quo</span> <span class='ocrx_word' id='word_1_200' title='bbox 554 2102 629 2125; x_wconf 79' lang='lat' dir='ltr'>vcro</span> <span class='ocrx_word' id='word_1_201' title='bbox 649 2093 688 2125; x_wconf 83' lang='lat' dir='ltr'>ad</span> <span class='ocrx_word' id='word_1_202' title='bbox 709 2092 786 2125; x_wconf 82' lang='lat' dir='ltr'>alias</span> <span class='ocrx_word' id='word_1_203' title='bbox 810 2092 946 2136; x_wconf 77' lang='lat' dir='ltr'>privatas</span> <span class='ocrx_word' id='word_1_204' title='bbox 975 2104 1129 2137; x_wconf 73' lang='lat' dir='ltr'>personas</span> <span class='ocrx_word' id='word_1_205' title='bbox 1153 2105 1207 2127; x_wconf 87' lang='lat' dir='ltr'>cu—</span> 
     </span>
     <span class='ocr_line' id='line_1_40' title="bbox 466 2145 1207 2186; baseline 0.004 -9"><span class='ocrx_word' id='word_1_206' title='bbox 466 2145 560 2178; x_wconf 72' lang='lat' dir='ltr'>iusvis</span> <span class='ocrx_word' id='word_1_207' title='bbox 585 2151 701 2185; x_wconf 75' lang='lat' dir='ltr'>sunus,</span> <span class='ocrx_word' id='word_1_208' title='bbox 726 2146 865 2186; x_wconf 58' lang='lat' dir='ltr'>gradus,</span> <span class='ocrx_word' id='word_1_209' title='bbox 890 2146 1011 2178; x_wconf 76' lang='lat' dir='ltr'>ordinis</span> <span class='ocrx_word' id='word_1_210' title='bbox 1039 2152 1066 2178; x_wconf 80' lang='lat' dir='ltr'>ot</span> <span class='ocrx_word' id='word_1_211' title='bbox 1097 2147 1207 2180; x_wconf 88' lang='lat' dir='ltr'>rondi-</span> 
     </span>
     <span class='ocr_line' id='line_1_41' title="bbox 467 2199 1203 2239; baseline 0.003 -9"><span class='ocrx_word' id='word_1_212' title='bbox 467 2199 582 2237; x_wconf 64' lang='lat' dir='ltr'>tionis,</span> <span class='ocrx_word' id='word_1_213' title='bbox 618 2200 701 2232; x_wconf 82' lang='lat' dir='ltr'>ultra</span> <span class='ocrx_word' id='word_1_214' title='bbox 733 2199 914 2232; x_wconf 70' lang='lat' dir='ltr'>amissionis</span> <span class='ocrx_word' id='word_1_215' title='bbox 946 2200 1203 2239; x_wconf 70' lang='lat' dir='ltr'>{ruint-ntorum,</span> 
     </span>
     <span class='ocr_line' id='line_1_42' title="bbox 467 2253 1207 2292; baseline 0.004 -9"><span class='ocrx_word' id='word_1_216' title='bbox 467 2253 647 2292; x_wconf 73' lang='lat' dir='ltr'>bladarnm,</span> <span class='ocrx_word' id='word_1_217' title='bbox 669 2253 867 2292; x_wconf 60' lang='lat' dir='ltr'>leguminum</span> <span class='ocrx_word' id='word_1_218' title='bbox 890 2260 918 2286; x_wconf 85' lang='lat' dir='ltr'>ct</span> <span class='ocrx_word' id='word_1_219' title='bbox 941 2253 1130 2286; x_wconf 81' lang='lat' dir='ltr'>animalium</span> <span class='ocrx_word' id='word_1_220' title='bbox 1154 2254 1207 2286; x_wconf 84' lang='lat' dir='ltr'>illa</span> 
     </span>
     <span class='ocr_line' id='line_1_43' title="bbox 467 2306 1208 2351; baseline 0.005 -15"><span class='ocrx_word' id='word_1_221' title='bbox 467 2306 708 2349; x_wconf 71' lang='lat' dir='ltr'>‹pioniotlolibet</span> <span class='ocrx_word' id='word_1_222' title='bbox 732 2306 956 2342; x_wconf 62' lang='lat' dir='ltr'>‹tesi-mintium.</span> <span class='ocrx_word' id='word_1_223' title='bbox 977 2317 1101 2340; x_wconf 70' lang='lat' dir='ltr'>necnon</span> <span class='ocrx_word' id='word_1_224' title='bbox 1116 2307 1208 2351; x_wconf 82' lang='lat' dir='ltr'>quin-</span> 
     </span>
     <span class='ocr_line' id='line_1_44' title="bbox 467 2360 1208 2404; baseline 0.004 -14"><span class='ocrx_word' id='word_1_225' title='bbox 467 2371 529 2403; x_wconf 68' lang='grc' dir='ltr'>«μιν</span> <span class='ocrx_word' id='word_1_226' title='bbox 550 2366 713 2393; x_wconf 67' lang='lat' dir='ltr'>scutorum</span> <span class='ocrx_word' id='word_1_227' title='bbox 735 2371 793 2404; x_wconf 89' lang='lat' dir='ltr'>pro</span> <span class='ocrx_word' id='word_1_228' title='bbox 814 2360 954 2403; x_wconf 76' lang='lat' dir='ltr'>quatitwt</span> <span class='ocrx_word' id='word_1_229' title='bbox 970 2361 1070 2393; x_wconf 78' lang='lat' dir='ltr'>salma</span> <span class='ocrx_word' id='word_1_230' title='bbox 1088 2361 1208 2393; x_wconf 71' lang='lat' dir='ltr'>etdno-</span> 
     </span>
     <span class='ocr_line' id='line_1_45' title="bbox 471 2413 1207 2458; baseline 0.004 -14"><span class='ocrx_word' id='word_1_231' title='bbox 471 2425 539 2446; x_wconf 83' lang='lat' dir='ltr'>imn</span> <span class='ocrx_word' id='word_1_232' title='bbox 561 2419 724 2447; x_wconf 71' lang='lat' dir='ltr'>scutormn</span> <span class='ocrx_word' id='word_1_233' title='bbox 749 2425 806 2457; x_wconf 85' lang='lat' dir='ltr'>pro</span> <span class='ocrx_word' id='word_1_234' title='bbox 834 2413 977 2457; x_wconf 74' lang='lat' dir='ltr'>qnotitwi</span> <span class='ocrx_word' id='word_1_235' title='bbox 1007 2414 1110 2458; x_wconf 70' lang='lat' dir='ltr'>rapite</span> <span class='ocrx_word' id='word_1_236' title='bbox 1139 2414 1207 2447; x_wconf 81' lang='lat' dir='ltr'>ani-</span> 
     </span>
     <span class='ocr_line' id='line_1_46' title="bbox 470 2466 1206 2510; baseline 0.004 -13"><span class='ocrx_word' id='word_1_237' title='bbox 470 2466 571 2503; x_wconf 72' lang='lat' dir='ltr'>matis,</span> <span class='ocrx_word' id='word_1_238' title='bbox 601 2466 779 2499; x_wconf 79' lang='lat' dir='ltr'>triremium</span> <span class='ocrx_word' id='word_1_239' title='bbox 801 2478 859 2510; x_wconf 82' lang='lat' dir='ltr'>pro</span> <span class='ocrx_word' id='word_1_240' title='bbox 881 2466 983 2510; x_wconf 78' lang='lat' dir='ltr'>prima</span> <span class='ocrx_word' id='word_1_241' title='bbox 1005 2467 1070 2499; x_wconf 67' lang='lat' dir='ltr'>vici·</span> <span class='ocrx_word' id='word_1_242' title='bbox 1091 2467 1130 2499; x_wconf 79' lang='lat' dir='ltr'>nd</span> <span class='ocrx_word' id='word_1_243' title='bbox 1149 2467 1206 2500; x_wconf 72' lang='lat' dir='ltr'>‹lc—</span> 
     </span>
     <span class='ocr_line' id='line_1_47' title="bbox 471 2520 1211 2564; baseline 0.001 -14"><span class='ocrx_word' id='word_1_244' title='bbox 471 2520 632 2557; x_wconf 72' lang='lat' dir='ltr'>retmiimi,</span> <span class='ocrx_word' id='word_1_245' title='bbox 657 2532 691 2552; x_wconf 69' lang='lat' dir='ltr'>aa·</span> <span class='ocrx_word' id='word_1_246' title='bbox 714 2520 830 2553; x_wconf 74' lang='lat' dir='ltr'>deinde.</span> <span class='ocrx_word' id='word_1_247' title='bbox 855 2520 914 2552; x_wconf 67' lang='lat' dir='ltr'>sut»</span> <span class='ocrx_word' id='word_1_248' title='bbox 933 2520 1057 2564; x_wconf 74' lang='lat' dir='ltr'>rapitis,</span> <span class='ocrx_word' id='word_1_249' title='bbox 1078 2520 1141 2553; x_wconf 72' lang='lat' dir='ltr'>siw-</span> <span class='ocrx_word' id='word_1_250' title='bbox 1160 2531 1211 2552; x_wconf 77' lang='lat' dir='ltr'>cx-</span> 
     </span>
     <span class='ocr_line' id='line_1_48' title="bbox 472 2572 1209 2615; baseline 0.004 -13"><span class='ocrx_word' id='word_1_251' title='bbox 472 2572 562 2603; x_wconf 80' lang='lat' dir='ltr'>tr··mi</span> <span class='ocrx_word' id='word_1_252' title='bbox 584 2573 784 2615; x_wconf 42' lang='lat' dir='ltr'>suppliciunt</span> <span class='ocrx_word' id='word_1_253' title='bbox 807 2572 1044 2606; x_wconf 51' lang='lat' dir='ltr'>conlisa-ationis</span> <span class='ocrx_word' id='word_1_254' title='bbox 1065 2572 1209 2605; x_wconf 85' lang='lat' dir='ltr'>oninium</span> 
     </span>
     <span class='ocr_line' id='line_1_49' title="bbox 473 2624 1211 2670; baseline 0.005 -15"><span class='ocrx_word' id='word_1_255' title='bbox 473 2624 642 2664; x_wconf 86' lang='lat' dir='ltr'>bonorum,</span> <span class='ocrx_word' id='word_1_256' title='bbox 668 2625 735 2668; x_wconf 59' lang='lat' dir='ltr'>ipso</span> <span class='ocrx_word' id='word_1_257' title='bbox 756 2628 837 2659; x_wconf 75' lang='lat' dir='ltr'>tacto</span> <span class='ocrx_word' id='word_1_258' title='bbox 857 2632 887 2659; x_wconf 80' lang='lat' dir='ltr'>ct</span> <span class='ocrx_word' id='word_1_259' title='bbox 915 2626 1034 2670; x_wconf 79' lang='lat' dir='ltr'>absque</span> <span class='ocrx_word' id='word_1_260' title='bbox 1064 2625 1126 2659; x_wconf 82' lang='lat' dir='ltr'>alia</span> <span class='ocrx_word' id='word_1_261' title='bbox 1157 2625 1211 2659; x_wconf 87' lang='lat' dir='ltr'>dc-</span> 
     </span>
    </p>
   </div>
   <div class='ocr_carea' id='block_1_5' title="bbox 1032 229 1389 255">
    <p class='ocr_par' dir='ltr' id='par_1_6' title="bbox 1032 229 1389 255">
     <span class='ocr_line' id='line_1_50' title="bbox 1032 229 1389 255; baseline 0 -1"><span class='ocrx_word' id='word_1_262' title='bbox 1032 229 1215 254; x_wconf 75' lang='lat' dir='ltr'><strong>BULLARIUM</strong></span> <span class='ocrx_word' id='word_1_263' title='bbox 1234 230 1389 255; x_wconf 71' lang='lat' dir='ltr'>Romnum</span> 
     </span>
    </p>
   </div>
   <div class='ocr_carea' id='block_1_6' title="bbox 2160 0 2253 3195">
    <p class='ocr_par' dir='ltr' id='par_1_7' title="bbox 2160 0 2253 3195">
     <span class='ocr_line' id='line_1_51' title="bbox 2160 0 2253 1054; baseline 0 -778"><span class='ocrx_word' id='word_1_264' title='bbox 2160 0 2253 1054; x_wconf 95' lang='lat' dir='ltr'>   </span> 
     </span>
     <span class='ocr_line' id='line_1_52' title="bbox 2160 1054 2253 1676; baseline 0 -481"><span class='ocrx_word' id='word_1_265' title='bbox 2160 1054 2253 1676; x_wconf 95' lang='lat' dir='ltr'>        </span> 
     </span>
     <span class='ocr_line' id='line_1_53' title="bbox 2160 1676 2253 3195; baseline 0 -1058"><span class='ocrx_word' id='word_1_266' title='bbox 2160 1676 2253 3195; x_wconf 95' lang='lat' dir='ltr'>   </span> 
     </span>
    </p>
   </div>
   <div class='ocr_carea' id='block_1_7' title="bbox 1229 224 2247 1567">
    <p class='ocr_par' dir='ltr' id='par_1_8' title="bbox 1229 224 2247 1065">
     <span class='ocr_line' id='line_1_54' title="bbox 1984 224 2247 273; baseline 0.011 -15"><span class='ocrx_word' id='word_1_267' title='bbox 1984 231 2164 261; x_wconf 70' lang='lat' dir='ltr'>An.c.159·1</span> <span class='ocrx_word' id='word_1_268' title='bbox 2195 271 2197 273; x_wconf 21' lang='grc' dir='ltr'>Ι</span> <span class='ocrx_word' id='word_1_269' title='bbox 2244 224 2247 269; x_wconf 56' lang='lat' dir='ltr'>g</span> 
     </span>
     <span class='ocr_line' id='line_1_55' title="bbox 1229 274 2247 323; baseline 0.005 -13"><span class='ocrx_word' id='word_1_270' title='bbox 1229 277 1419 319; x_wconf 79' lang='lat' dir='ltr'>claratione,</span> <span class='ocrx_word' id='word_1_271' title='bbox 1447 278 1650 312; x_wconf 86' lang='lat' dir='ltr'>incurrendis</span> <span class='ocrx_word' id='word_1_272' title='bbox 1669 280 1791 323; x_wconf 88' lang='lat' dir='ltr'>poenis,</span> <span class='ocrx_word' id='word_1_273' title='bbox 1814 280 1968 321; x_wconf 83' lang='lat' dir='ltr'>triticum,</span> <span class='ocrx_word' id='word_1_274' title='bbox 2244 274 2247 290; x_wconf 73' lang='lat'><strong>²</strong></span> 
     </span>
     <span class='ocr_line' id='line_1_56' title="bbox 1229 331 1972 376; baseline 0.005 -13"><span class='ocrx_word' id='word_1_275' title='bbox 1229 331 1365 364; x_wconf 91' lang='lat' dir='ltr'>ordeum</span> <span class='ocrx_word' id='word_1_276' title='bbox 1381 358 1388 371; x_wconf 92' lang='lat'>‚</span> <span class='ocrx_word' id='word_1_277' title='bbox 1411 331 1576 374; x_wconf 80' lang='lat' dir='ltr'>legumina</span> <span class='ocrx_word' id='word_1_278' title='bbox 1596 331 1711 372; x_wconf 84' lang='lat' dir='ltr'>etiam,</span> <span class='ocrx_word' id='word_1_279' title='bbox 1735 343 1772 366; x_wconf 83' lang='lat' dir='ltr'>ac</span> <span class='ocrx_word' id='word_1_280' title='bbox 1793 333 1898 366; x_wconf 90' lang='lat' dir='ltr'>omnis</span> <span class='ocrx_word' id='word_1_281' title='bbox 1917 343 1972 376; x_wconf 81' lang='lat' dir='ltr'>ge-</span> 
     </span>
     <span class='ocr_line' id='line_1_57' title="bbox 1229 383 1972 427; baseline 0.005 -11"><span class='ocrx_word' id='word_1_282' title='bbox 1229 383 1315 416; x_wconf 91' lang='lat' dir='ltr'>neris</span> <span class='ocrx_word' id='word_1_283' title='bbox 1335 384 1506 425; x_wconf 84' lang='lat' dir='ltr'>frumenta,</span> <span class='ocrx_word' id='word_1_284' title='bbox 1526 385 1633 427; x_wconf 81' lang='lat' dir='ltr'>fruges</span> <span class='ocrx_word' id='word_1_285' title='bbox 1646 391 1677 418; x_wconf 84' lang='lat' dir='ltr'>et</span> <span class='ocrx_word' id='word_1_286' title='bbox 1689 385 1851 427; x_wconf 84' lang='lat' dir='ltr'>animalia,</span> <span class='ocrx_word' id='word_1_287' title='bbox 1876 387 1972 420; x_wconf 84' lang='lat' dir='ltr'>etiam</span> 
     </span>
     <span class='ocr_line' id='line_1_58' title="bbox 1231 437 1973 472; baseline 0.004 -3"><span class='ocrx_word' id='word_1_288' title='bbox 1231 447 1267 469; x_wconf 87' lang='lat' dir='ltr'>ex</span> <span class='ocrx_word' id='word_1_289' title='bbox 1298 437 1391 470; x_wconf 90' lang='lat' dir='ltr'>bonis</span> <span class='ocrx_word' id='word_1_290' title='bbox 1417 437 1640 471; x_wconf 85' lang='lat' dir='ltr'>ecclesiasticis</span> <span class='ocrx_word' id='word_1_291' title='bbox 1670 438 1805 472; x_wconf 87' lang='lat' dir='ltr'>collecta</span> <span class='ocrx_word' id='word_1_292' title='bbox 1834 449 1853 471; x_wconf 86' lang='lat' dir='ltr'>a</span> <span class='ocrx_word' id='word_1_293' title='bbox 1879 439 1973 472; x_wconf 88' lang='lat' dir='ltr'>terris</span> 
     </span>
     <span class='ocr_line' id='line_1_59' title="bbox 1231 480 1970 533; baseline 0.003 -11"><span class='ocrx_word' id='word_1_294' title='bbox 1231 496 1262 523; x_wconf 91' lang='lat' dir='ltr'>et</span> <span class='ocrx_word' id='word_1_295' title='bbox 1280 490 1359 524; x_wconf 87' lang='lat' dir='ltr'>locis</span> <span class='ocrx_word' id='word_1_296' title='bbox 1379 490 1455 523; x_wconf 88' lang='lat' dir='ltr'>dicti</span> <span class='ocrx_word' id='word_1_297' title='bbox 1475 490 1582 524; x_wconf 87' lang='lat' dir='ltr'>Status</span> <span class='ocrx_word' id='word_1_298' title='bbox 1610 491 1711 524; x_wconf 83' lang='lat' dir='ltr'>nostri</span> <span class='ocrx_word' id='word_1_299' title='bbox 1742 480 1970 533; x_wconf 83' lang='lat' dir='ltr'>ecclesiastici,</span> 
     </span>
     <span class='ocr_line' id='line_1_60' title="bbox 1231 543 1973 587; baseline 0.003 -11"><span class='ocrx_word' id='word_1_300' title='bbox 1231 543 1352 587; x_wconf 85' lang='lat' dir='ltr'>absque</span> <span class='ocrx_word' id='word_1_301' title='bbox 1372 554 1522 587; x_wconf 85' lang='lat' dir='ltr'>expressa</span> <span class='ocrx_word' id='word_1_302' title='bbox 1541 550 1668 585; x_wconf 85' lang='lat' dir='ltr'>nostra,</span> <span class='ocrx_word' id='word_1_303' title='bbox 1693 550 1721 577; x_wconf 90' lang='lat' dir='ltr'>et</span> <span class='ocrx_word' id='word_1_304' title='bbox 1751 555 1770 577; x_wconf 91' lang='lat' dir='ltr'>a</span> <span class='ocrx_word' id='word_1_305' title='bbox 1791 544 1889 585; x_wconf 78' lang='lat' dir='ltr'>=nobis</span> <span class='ocrx_word' id='word_1_306' title='bbox 1915 545 1973 578; x_wconf 90' lang='lat' dir='ltr'>ob-</span> 
     </span>
     <span class='ocr_line' id='line_1_61' title="bbox 1233 597 1975 642; baseline 0.003 -12"><span class='ocrx_word' id='word_1_307' title='bbox 1233 602 1318 630; x_wconf 84' lang='lat' dir='ltr'>tenta</span> <span class='ocrx_word' id='word_1_308' title='bbox 1347 597 1377 630; x_wconf 90' lang='lat' dir='ltr'>in</span> <span class='ocrx_word' id='word_1_309' title='bbox 1407 597 1533 642; x_wconf 88' lang='lat' dir='ltr'>scriptis</span> <span class='ocrx_word' id='word_1_310' title='bbox 1553 609 1651 631; x_wconf 84' lang='lat' dir='ltr'>manu</span> <span class='ocrx_word' id='word_1_311' title='bbox 1679 605 1805 640; x_wconf 89' lang='lat' dir='ltr'>nostra,</span> <span class='ocrx_word' id='word_1_312' title='bbox 1828 609 1884 632; x_wconf 87' lang='lat' dir='ltr'>seu</span> <span class='ocrx_word' id='word_1_313' title='bbox 1904 609 1975 632; x_wconf 88' lang='lat' dir='ltr'>suc-</span> 
     </span>
     <span class='ocr_line' id='line_1_62' title="bbox 1232 652 1976 694; baseline 0.003 -11"><span class='ocrx_word' id='word_1_314' title='bbox 1232 660 1395 683; x_wconf 80' lang='lat' dir='ltr'>cessorum</span> <span class='ocrx_word' id='word_1_315' title='bbox 1416 657 1601 684; x_wconf 89' lang='lat' dir='ltr'>nostrorum</span> <span class='ocrx_word' id='word_1_316' title='bbox 1614 652 1719 685; x_wconf 85' lang='lat' dir='ltr'>solum</span> <span class='ocrx_word' id='word_1_317' title='bbox 1733 652 1857 694; x_wconf 81' lang='lat' dir='ltr'>signata</span> <span class='ocrx_word' id='word_1_318' title='bbox 1876 652 1976 685; x_wconf 87' lang='lat' dir='ltr'>licen-</span> 
     </span>
     <span class='ocr_line' id='line_1_63' title="bbox 1232 703 1975 745; baseline 0.004 -10"><span class='ocrx_word' id='word_1_319' title='bbox 1232 703 1295 743; x_wconf 84' lang='lat' dir='ltr'>tia,</span> <span class='ocrx_word' id='word_1_320' title='bbox 1321 704 1508 745; x_wconf 77' lang='lat' dir='ltr'>extrahere,</span> <span class='ocrx_word' id='word_1_321' title='bbox 1538 715 1594 738; x_wconf 87' lang='lat' dir='ltr'>seu</span> <span class='ocrx_word' id='word_1_322' title='bbox 1623 705 1745 738; x_wconf 82' lang='lat' dir='ltr'>extrahi</span> <span class='ocrx_word' id='word_1_323' title='bbox 1774 705 1899 745; x_wconf 79' lang='lat' dir='ltr'>facere,</span> <span class='ocrx_word' id='word_1_324' title='bbox 1925 705 1975 738; x_wconf 85' lang='lat' dir='ltr'>vel</span> 
     </span>
     <span class='ocr_line' id='line_1_64' title="bbox 1233 756 1975 798; baseline 0.001 -9"><span class='ocrx_word' id='word_1_325' title='bbox 1233 756 1471 790; x_wconf 82' lang='lat' dir='ltr'>extrahentibus</span> <span class='ocrx_word' id='word_1_326' title='bbox 1501 758 1638 791; x_wconf 85' lang='lat' dir='ltr'>vendere</span> <span class='ocrx_word' id='word_1_327' title='bbox 1651 785 1658 798; x_wconf 96' lang='lat'>,</span> <span class='ocrx_word' id='word_1_328' title='bbox 1680 769 1760 791; x_wconf 88' lang='lat' dir='ltr'>neve</span> <span class='ocrx_word' id='word_1_329' title='bbox 1788 757 1909 792; x_wconf 84' lang='lat' dir='ltr'>dictum</span> <span class='ocrx_word' id='word_1_330' title='bbox 1929 757 1975 791; x_wconf 79' lang='lat' dir='ltr'>sal</span> 
     </span>
     <span class='ocr_line' id='line_1_65' title="bbox 1233 810 1975 854; baseline 0.003 -12"><span class='ocrx_word' id='word_1_331' title='bbox 1233 815 1378 842; x_wconf 84' lang='lat' dir='ltr'>exterum</span> <span class='ocrx_word' id='word_1_332' title='bbox 1391 811 1619 854; x_wconf 85' lang='lat' dir='ltr'>undecumque</span> <span class='ocrx_word' id='word_1_333' title='bbox 1639 811 1723 844; x_wconf 85' lang='lat' dir='ltr'>intra</span> <span class='ocrx_word' id='word_1_334' title='bbox 1742 810 1975 845; x_wconf 81' lang='lat' dir='ltr'>ecclesiasticae</span> 
     </span>
     <span class='ocr_line' id='line_1_66' title="bbox 1233 863 1976 908; baseline 0.003 -13"><span class='ocrx_word' id='word_1_335' title='bbox 1233 868 1361 896; x_wconf 82' lang='lat' dir='ltr'>nostrae</span> <span class='ocrx_word' id='word_1_336' title='bbox 1375 863 1507 897; x_wconf 86' lang='lat' dir='ltr'>ditionis</span> <span class='ocrx_word' id='word_1_337' title='bbox 1522 864 1709 908; x_wconf 85' lang='lat' dir='ltr'>temporalis</span> <span class='ocrx_word' id='word_1_338' title='bbox 1727 864 1807 898; x_wconf 88' lang='lat' dir='ltr'>fines</span> <span class='ocrx_word' id='word_1_339' title='bbox 1827 874 1976 908; x_wconf 87' lang='lat' dir='ltr'>compor-</span> 
     </span>
     <span class='ocr_line' id='line_1_67' title="bbox 1234 917 1976 961; baseline 0.003 -13"><span class='ocrx_word' id='word_1_340' title='bbox 1234 921 1312 955; x_wconf 84' lang='lat' dir='ltr'>tare,</span> <span class='ocrx_word' id='word_1_341' title='bbox 1330 922 1385 950; x_wconf 84' lang='lat' dir='ltr'>aut</span> <span class='ocrx_word' id='word_1_342' title='bbox 1400 917 1550 958; x_wconf 85' lang='lat' dir='ltr'>vendere,</span> <span class='ocrx_word' id='word_1_343' title='bbox 1564 917 1613 950; x_wconf 91' lang='lat' dir='ltr'>vel</span> <span class='ocrx_word' id='word_1_344' title='bbox 1631 927 1761 961; x_wconf 91' lang='lat' dir='ltr'>quoquo</span> <span class='ocrx_word' id='word_1_345' title='bbox 1783 917 1879 950; x_wconf 92' lang='lat' dir='ltr'>modo</span> <span class='ocrx_word' id='word_1_346' title='bbox 1893 927 1976 950; x_wconf 90' lang='lat' dir='ltr'>mer-</span> 
     </span>
     <span class='ocr_line' id='line_1_68' title="bbox 1234 969 1974 1009; baseline 0.001 -8"><span class='ocrx_word' id='word_1_347' title='bbox 1234 969 1321 1009; x_wconf 84' lang='lat' dir='ltr'>cari,</span> <span class='ocrx_word' id='word_1_348' title='bbox 1345 969 1507 1009; x_wconf 84' lang='lat' dir='ltr'>retinere,</span> <span class='ocrx_word' id='word_1_349' title='bbox 1540 970 1588 1003; x_wconf 90' lang='lat' dir='ltr'>vel</span> <span class='ocrx_word' id='word_1_350' title='bbox 1618 980 1656 1003; x_wconf 89' lang='lat' dir='ltr'>eo</span> <span class='ocrx_word' id='word_1_351' title='bbox 1681 970 1726 1004; x_wconf 92' lang='lat' dir='ltr'>uti</span> <span class='ocrx_word' id='word_1_352' title='bbox 1758 971 1899 1004; x_wconf 81' lang='lat' dir='ltr'>audeant</span> <span class='ocrx_word' id='word_1_353' title='bbox 1927 970 1974 1003; x_wconf 88' lang='lat' dir='ltr'>vel</span> 
     </span>
     <span class='ocr_line' id='line_1_69' title="bbox 1234 1028 2005 1065; baseline 0.012 -12"><span class='ocrx_word' id='word_1_354' title='bbox 1234 1028 1452 1065; x_wconf 77' lang='lat' dir='ltr'>praesumant.</span> <span class='ocrx_word' id='word_1_355' title='bbox 1999 1050 2005 1057; x_wconf 90' lang='lat'>·</span> 
     </span>
    </p>

    <p class='ocr_par' dir='ltr' id='par_1_9' title="bbox 1234 1075 2183 1493">
     <span class='ocr_line' id='line_1_70' title="bbox 1279 1075 2175 1118; baseline 0.001 -9"><span class='ocrx_word' id='word_1_356' title='bbox 1279 1078 1295 1118; x_wconf 63' lang='grc' dir='ltr'>ἓ</span> <span class='ocrx_word' id='word_1_357' title='bbox 1316 1075 1346 1109; x_wconf 82' lang='grc'>6.</span> <span class='ocrx_word' id='word_1_358' title='bbox 1367 1076 1546 1110; x_wconf 83' lang='lat' dir='ltr'>Barouibus</span> <span class='ocrx_word' id='word_1_359' title='bbox 1562 1082 1681 1117; x_wconf 82' lang='lat' dir='ltr'>autem,</span> <span class='ocrx_word' id='word_1_360' title='bbox 1698 1076 1834 1110; x_wconf 84' lang='lat' dir='ltr'>ducibus</span> <span class='ocrx_word' id='word_1_361' title='bbox 1853 1082 1908 1110; x_wconf 85' lang='lat' dir='ltr'>aut</span> <span class='ocrx_word' id='word_1_362' title='bbox 1921 1077 1978 1111; x_wconf 85' lang='lat' dir='ltr'>do-</span> <span class='ocrx_word' id='word_1_363' title='bbox 2001 1087 2175 1117; x_wconf 54' lang='lat' dir='ltr'>nav-›nibuspro-</span> 
     </span>
     <span class='ocr_line' id='line_1_71' title="bbox 1235 1114 2181 1177; baseline 0 -16"><span class='ocrx_word' id='word_1_364' title='bbox 1235 1128 1370 1162; x_wconf 86' lang='lat' dir='ltr'>micellis</span> <span class='ocrx_word' id='word_1_365' title='bbox 1383 1129 1567 1173; x_wconf 85' lang='lat' dir='ltr'>praedictis,</span> <span class='ocrx_word' id='word_1_366' title='bbox 1583 1140 1623 1164; x_wconf 87' lang='lat' dir='ltr'>ne</span> <span class='ocrx_word' id='word_1_367' title='bbox 1640 1130 1679 1163; x_wconf 84' lang='lat' dir='ltr'>ab</span> <span class='ocrx_word' id='word_1_368' title='bbox 1697 1140 1810 1163; x_wconf 88' lang='lat' dir='ltr'>eorum</span> <span class='ocrx_word' id='word_1_369' title='bbox 1827 1130 1974 1171; x_wconf 80' lang='lat' dir='ltr'>subditis,</span> <span class='ocrx_word' id='word_1_370' title='bbox 1991 1114 2181 1177; x_wconf 55' lang='lat' dir='ltr'>iiiii-‘21¹1isssiiiii‘ii&#39;nn</span> 
     </span>
     <span class='ocr_line' id='line_1_72' title="bbox 1234 1167 2182 1228; baseline -0.002 -13"><span class='ocrx_word' id='word_1_371' title='bbox 1234 1193 1292 1226; x_wconf 87' lang='lat' dir='ltr'>per</span> <span class='ocrx_word' id='word_1_372' title='bbox 1316 1193 1349 1216; x_wconf 88' lang='lat' dir='ltr'>sc</span> <span class='ocrx_word' id='word_1_373' title='bbox 1375 1182 1460 1227; x_wconf 82' lang='lat' dir='ltr'>ipsos</span> <span class='ocrx_word' id='word_1_374' title='bbox 1486 1184 1534 1217; x_wconf 79' lang='lat' dir='ltr'>vel</span> <span class='ocrx_word' id='word_1_375' title='bbox 1561 1194 1619 1228; x_wconf 87' lang='lat' dir='ltr'>per</span> <span class='ocrx_word' id='word_1_376' title='bbox 1646 1183 1869 1227; x_wconf 81' lang='lat' dir='ltr'>interpositam</span> <span class='ocrx_word' id='word_1_377' title='bbox 1897 1195 1974 1227; x_wconf 86' lang='lat' dir='ltr'>per·</span> <span class='ocrx_word' id='word_1_378' title='bbox 1992 1167 2182 1226; x_wconf 49' lang='lat' dir='ltr'>{rgffssgssssfffffi</span> 
     </span>
     <span class='ocr_line' id='line_1_73' title="bbox 1235 1223 2178 1279; baseline 0.003 -12"><span class='ocrx_word' id='word_1_379' title='bbox 1235 1245 1358 1276; x_wconf 89' lang='lat' dir='ltr'>sonam,</span> <span class='ocrx_word' id='word_1_380' title='bbox 1375 1236 1534 1270; x_wconf 75' lang='lat' dir='ltr'>frumenta</span> <span class='ocrx_word' id='word_1_381' title='bbox 1555 1242 1586 1270; x_wconf 84' lang='lat' dir='ltr'>et</span> <span class='ocrx_word' id='word_1_382' title='bbox 1605 1237 1711 1277; x_wconf 82' lang='lat' dir='ltr'>blada,</span> <span class='ocrx_word' id='word_1_383' title='bbox 1726 1237 1775 1269; x_wconf 91' lang='lat' dir='ltr'>vel</span> <span class='ocrx_word' id='word_1_384' title='bbox 1794 1237 1975 1279; x_wconf 84' lang='lat' dir='ltr'>legumina,</span> <span class='ocrx_word' id='word_1_385' title='bbox 1993 1227 2062 1249; x_wconf 67' lang='lat'>”⁰⁹⁰³</span> <span class='ocrx_word' id='word_1_386' title='bbox 2075 1223 2157 1248; x_wconf 54' lang='lat' dir='ltr'>mmm*</span> <span class='ocrx_word' id='word_1_387' title='bbox 2176 1256 2178 1265; x_wconf 54' lang='grc' dir='ltr'><em>ι</em></span> 
     </span>
     <span class='ocr_line' id='line_1_74' title="bbox 1236 1290 1979 1334; baseline 0.003 -13"><span class='ocrx_word' id='word_1_388' title='bbox 1236 1295 1462 1333; x_wconf 83' lang='lat' dir='ltr'>praeterquam</span> <span class='ocrx_word' id='word_1_389' title='bbox 1496 1300 1555 1334; x_wconf 88' lang='lat' dir='ltr'>pro</span> <span class='ocrx_word' id='word_1_390' title='bbox 1581 1300 1638 1323; x_wconf 92' lang='lat' dir='ltr'>suo</span> <span class='ocrx_word' id='word_1_391' title='bbox 1667 1300 1865 1334; x_wconf 80' lang='lat' dir='ltr'>suarumque</span> <span class='ocrx_word' id='word_1_392' title='bbox 1885 1290 1979 1323; x_wconf 83' lang='lat' dir='ltr'>sami-</span> 
     </span>
     <span class='ocr_line' id='line_1_75' title="bbox 1237 1341 1976 1384; baseline 0.003 -10"><span class='ocrx_word' id='word_1_393' title='bbox 1237 1341 1352 1375; x_wconf 84' lang='lat' dir='ltr'>liarum</span> <span class='ocrx_word' id='word_1_394' title='bbox 1373 1342 1468 1375; x_wconf 84' lang='lat' dir='ltr'>unius</span> <span class='ocrx_word' id='word_1_395' title='bbox 1488 1343 1653 1376; x_wconf 78' lang='lat' dir='ltr'>dumtaxat</span> <span class='ocrx_word' id='word_1_396' title='bbox 1677 1342 1751 1376; x_wconf 84' lang='lat' dir='ltr'>anni</span> <span class='ocrx_word' id='word_1_397' title='bbox 1772 1353 1833 1376; x_wconf 91' lang='lat' dir='ltr'>usu</span> <span class='ocrx_word' id='word_1_398' title='bbox 1858 1348 1976 1384; x_wconf 81' lang='lat' dir='ltr'>emant,</span> 
     </span>
     <span class='ocr_line' id='line_1_76' title="bbox 1237 1395 1976 1443; baseline 0.004 -16"><span class='ocrx_word' id='word_1_399' title='bbox 1237 1395 1372 1428; x_wconf 78' lang='lat' dir='ltr'>subiani</span> <span class='ocrx_word' id='word_1_400' title='bbox 1391 1395 1482 1429; x_wconf 86' lang='lat' dir='ltr'>dietis</span> <span class='ocrx_word' id='word_1_401' title='bbox 1502 1395 1664 1437; x_wconf 88' lang='lat' dir='ltr'>omnibus,</span> <span class='ocrx_word' id='word_1_402' title='bbox 1680 1407 1717 1430; x_wconf 85' lang='lat' dir='ltr'>ac</span> <span class='ocrx_word' id='word_1_403' title='bbox 1737 1396 1833 1443; x_wconf 83' lang='lat' dir='ltr'>etiam</span> <span class='ocrx_word' id='word_1_404' title='bbox 1847 1396 1976 1441; x_wconf 84' lang='lat' dir='ltr'>capitis,</span> 
     </span>
     <span class='ocr_line' id='line_1_77' title="bbox 1238 1448 2175 1493; baseline 0.002 -12"><span class='ocrx_word' id='word_1_405' title='bbox 1238 1448 1365 1492; x_wconf 81' lang='lat' dir='ltr'>poeuis,</span> <span class='ocrx_word' id='word_1_406' title='bbox 1389 1448 1560 1482; x_wconf 86' lang='lat' dir='ltr'>statuimus</span> <span class='ocrx_word' id='word_1_407' title='bbox 1581 1454 1676 1493; x_wconf 86' lang='lat' dir='ltr'>atquc</span> <span class='ocrx_word' id='word_1_408' title='bbox 1697 1450 1914 1483; x_wconf 83' lang='lat' dir='ltr'>decernimus.</span> <span class='ocrx_word' id='word_1_409' title='bbox 2130 1488 2133 1493; x_wconf 75' lang='lat'>.</span> <span class='ocrx_word' id='word_1_410' title='bbox 2174 1478 2175 1482; x_wconf 70' lang='grc'>,</span> 
     </span>
    </p>

    <p class='ocr_par' dir='ltr' id='par_1_10' title="bbox 1284 1502 2165 1567">
     <span class='ocr_line' id='line_1_78' title="bbox 1284 1502 2165 1544; baseline 0.003 -9"><span class='ocrx_word' id='word_1_411' title='bbox 1284 1504 1300 1544; x_wconf 65' lang='lat' dir='ltr'>g</span> <span class='ocrx_word' id='word_1_412' title='bbox 1333 1502 1362 1535; x_wconf 93' lang='lat'>7.</span> <span class='ocrx_word' id='word_1_413' title='bbox 1396 1503 1582 1536; x_wconf 83' lang='lat' dir='ltr'>Mandantes</span> <span class='ocrx_word' id='word_1_414' title='bbox 1609 1503 1735 1536; x_wconf 85' lang='lat' dir='ltr'>dilectis</span> <span class='ocrx_word' id='word_1_415' title='bbox 1762 1503 1837 1537; x_wconf 86' lang='lat' dir='ltr'>filiis</span> <span class='ocrx_word' id='word_1_416' title='bbox 1866 1509 1979 1538; x_wconf 85' lang='lat' dir='ltr'>nostro</span> <span class='ocrx_word' id='word_1_417' title='bbox 2021 1513 2165 1535; x_wconf 75' lang='lat' dir='ltr'>camerario</span> 
     </span>
     <span class='ocr_line' id='line_1_79' title="bbox 1994 1541 2163 1567; baseline 0 -5"><span class='ocrx_word' id='word_1_418' title='bbox 1994 1541 2103 1567; x_wconf 64' lang='lat' dir='ltr'>praesecto</span> <span class='ocrx_word' id='word_1_419' title='bbox 2113 1546 2163 1562; x_wconf 70' lang='lat' dir='ltr'>ann*</span> 
     </span>
    </p>
   </div>
   <div class='ocr_carea' id='block_1_8' title="bbox 1239 1556 2165 1601">
    <p class='ocr_par' dir='ltr' id='par_1_11' title="bbox 1239 1556 2165 1601">
     <span class='ocr_line' id='line_1_80' title="bbox 1239 1556 2165 1601; baseline 0 -13"><span class='ocrx_word' id='word_1_420' title='bbox 1239 1562 1269 1589; x_wconf 85' lang='lat' dir='ltr'>et</span> <span class='ocrx_word' id='word_1_421' title='bbox 1288 1556 1378 1589; x_wconf 83' lang='lat' dir='ltr'>SR.</span> <span class='ocrx_word' id='word_1_422' title='bbox 1403 1556 1436 1589; x_wconf 88' lang='lat' dir='ltr'>E.</span> <span class='ocrx_word' id='word_1_423' title='bbox 1461 1557 1641 1590; x_wconf 85' lang='lat' dir='ltr'>camerario</span> <span class='ocrx_word' id='word_1_424' title='bbox 1662 1562 1693 1590; x_wconf 85' lang='lat' dir='ltr'>et</span> <span class='ocrx_word' id='word_1_425' title='bbox 1720 1567 1868 1590; x_wconf 82' lang='lat' dir='ltr'>annonae</span> <span class='ocrx_word' id='word_1_426' title='bbox 1888 1568 1980 1601; x_wconf 81' lang='lat' dir='ltr'>prae·</span> <span class='ocrx_word' id='word_1_427' title='bbox 1994 1574 2034 1588; x_wconf 70' lang='lat' dir='ltr'>nau</span> <span class='ocrx_word' id='word_1_428' title='bbox 2051 1566 2165 1588; x_wconf 63' lang='lat' dir='ltr'>tui-isaias</span> 
     </span>
    </p>
   </div>
   <div class='ocr_carea' id='block_1_9' title="bbox 1238 1595 2181 2496">
    <p class='ocr_par' dir='ltr' id='par_1_12' title="bbox 1238 1595 2181 2135">
     <span class='ocr_line' id='line_1_81' title="bbox 1240 1595 2181 1654; baseline 0.002 -13"><span class='ocrx_word' id='word_1_429' title='bbox 1240 1610 1333 1649; x_wconf 84' lang='lat' dir='ltr'>secto,</span> <span class='ocrx_word' id='word_1_430' title='bbox 1357 1614 1516 1653; x_wconf 84' lang='lat' dir='ltr'>quatenus</span> <span class='ocrx_word' id='word_1_431' title='bbox 1540 1615 1651 1643; x_wconf 84' lang='lat' dir='ltr'>contra</span> <span class='ocrx_word' id='word_1_432' title='bbox 1671 1609 1853 1654; x_wconf 82' lang='lat' dir='ltr'>praedictos</span> <span class='ocrx_word' id='word_1_433' title='bbox 1879 1595 2181 1650; x_wconf 54' lang='lat' dir='ltr'>tlelin-ifiiiiniiieffmiississ</span> 
     </span>
     <span class='ocr_line' id='line_1_82' title="bbox 1239 1646 2058 1709; baseline 0.002 -13"><span class='ocrx_word' id='word_1_434' title='bbox 1239 1669 1382 1707; x_wconf 86' lang='lat' dir='ltr'>quentes‚</span> <span class='ocrx_word' id='word_1_435' title='bbox 1406 1674 1462 1696; x_wconf 84' lang='lat' dir='ltr'>scu</span> <span class='ocrx_word' id='word_1_436' title='bbox 1484 1663 1515 1696; x_wconf 94' lang='lat' dir='ltr'>in</span> <span class='ocrx_word' id='word_1_437' title='bbox 1537 1664 1684 1706; x_wconf 68' lang='lat' dir='ltr'>flagranti</span> <span class='ocrx_word' id='word_1_438' title='bbox 1705 1664 1823 1698; x_wconf 87' lang='lat' dir='ltr'>suerint</span> <span class='ocrx_word' id='word_1_439' title='bbox 1843 1665 1978 1709; x_wconf 87' lang='lat' dir='ltr'>reperti,</span> <span class='ocrx_word' id='word_1_440' title='bbox 1995 1646 2058 1668; x_wconf 46' lang='grc' dir='ltr'>ΝΜ</span> 
     </span>
     <span class='ocr_line' id='line_1_83' title="bbox 1238 1717 1981 1758; baseline 0.001 -8"><span class='ocrx_word' id='word_1_441' title='bbox 1238 1717 1304 1750; x_wconf 85' lang='lat' dir='ltr'>sive</span> <span class='ocrx_word' id='word_1_442' title='bbox 1328 1718 1368 1751; x_wconf 82' lang='lat' dir='ltr'>ad</span> <span class='ocrx_word' id='word_1_443' title='bbox 1397 1717 1519 1750; x_wconf 84' lang='lat' dir='ltr'>curiam</span> <span class='ocrx_word' id='word_1_444' title='bbox 1552 1717 1736 1751; x_wconf 86' lang='lat' dir='ltr'>denunciati</span> <span class='ocrx_word' id='word_1_445' title='bbox 1765 1717 1902 1758; x_wconf 84' lang='lat' dir='ltr'>suerint,</span> <span class='ocrx_word' id='word_1_446' title='bbox 1933 1719 1981 1751; x_wconf 82' lang='lat' dir='ltr'>vel</span> 
     </span>
     <span class='ocr_line' id='line_1_84' title="bbox 1240 1770 1982 1811; baseline 0.004 -9"><span class='ocrx_word' id='word_1_447' title='bbox 1240 1770 1317 1804; x_wconf 84' lang='lat' dir='ltr'>alias</span> <span class='ocrx_word' id='word_1_448' title='bbox 1337 1770 1433 1803; x_wconf 84' lang='lat' dir='ltr'>etiam</span> <span class='ocrx_word' id='word_1_449' title='bbox 1459 1776 1583 1804; x_wconf 85' lang='lat' dir='ltr'>secreto</span> <span class='ocrx_word' id='word_1_450' title='bbox 1613 1770 1720 1811; x_wconf 86' lang='lat' dir='ltr'>delati,</span> <span class='ocrx_word' id='word_1_451' title='bbox 1748 1781 1785 1804; x_wconf 88' lang='lat' dir='ltr'>ex</span> <span class='ocrx_word' id='word_1_452' title='bbox 1816 1770 1922 1804; x_wconf 82' lang='lat' dir='ltr'>officio</span> <span class='ocrx_word' id='word_1_453' title='bbox 1941 1772 1982 1805; x_wconf 85' lang='lat' dir='ltr'>ad</span> 
     </span>
     <span class='ocr_line' id='line_1_85' title="bbox 1240 1822 1982 1867; baseline 0.001 -11"><span class='ocrx_word' id='word_1_454' title='bbox 1240 1823 1488 1867; x_wconf 80' lang='lat' dir='ltr'>exequutionem</span> <span class='ocrx_word' id='word_1_455' title='bbox 1525 1822 1763 1866; x_wconf 82' lang='lat' dir='ltr'>praedictarum</span> <span class='ocrx_word' id='word_1_456' title='bbox 1803 1834 1982 1867; x_wconf 80' lang='lat' dir='ltr'>poenarum</span> 
     </span>
     <span class='ocr_line' id='line_1_86' title="bbox 1241 1876 1984 1920; baseline 0 -11"><span class='ocrx_word' id='word_1_457' title='bbox 1241 1876 1504 1910; x_wconf 80' lang='lat' dir='ltr'>irremissibiliter</span> <span class='ocrx_word' id='word_1_458' title='bbox 1515 1877 1693 1920; x_wconf 82' lang='lat' dir='ltr'>procedant</span> <span class='ocrx_word' id='word_1_459' title='bbox 1707 1882 1737 1910; x_wconf 85' lang='lat' dir='ltr'>et</span> <span class='ocrx_word' id='word_1_460' title='bbox 1747 1877 1880 1920; x_wconf 85' lang='lat' dir='ltr'>procedi</span> <span class='ocrx_word' id='word_1_461' title='bbox 1895 1887 1984 1910; x_wconf 85' lang='lat' dir='ltr'>man-</span> 
     </span>
     <span class='ocr_line' id='line_1_87' title="bbox 1241 1929 1980 1973; baseline 0.003 -12"><span class='ocrx_word' id='word_1_462' title='bbox 1241 1930 1316 1962; x_wconf 84' lang='lat' dir='ltr'>dent</span> <span class='ocrx_word' id='word_1_463' title='bbox 1340 1935 1371 1962; x_wconf 84' lang='lat' dir='ltr'>et</span> <span class='ocrx_word' id='word_1_464' title='bbox 1395 1929 1522 1970; x_wconf 82' lang='lat' dir='ltr'>saciant,</span> <span class='ocrx_word' id='word_1_465' title='bbox 1552 1934 1583 1962; x_wconf 88' lang='lat' dir='ltr'>et</span> <span class='ocrx_word' id='word_1_466' title='bbox 1613 1929 1739 1973; x_wconf 80' lang='lat' dir='ltr'>quoties</span> <span class='ocrx_word' id='word_1_467' title='bbox 1763 1940 1844 1973; x_wconf 85' lang='lat' dir='ltr'>opus</span> <span class='ocrx_word' id='word_1_468' title='bbox 1874 1929 1980 1971; x_wconf 78' lang='lat' dir='ltr'>suerit,</span> 
     </span>
     <span class='ocr_line' id='line_1_88' title="bbox 1240 1982 1979 2016; baseline 0 0"><span class='ocrx_word' id='word_1_469' title='bbox 1240 1984 1324 2016; x_wconf 78' lang='lat' dir='ltr'>bona</span> <span class='ocrx_word' id='word_1_470' title='bbox 1344 1982 1516 2016; x_wconf 81' lang='lat' dir='ltr'>confiscata</span> <span class='ocrx_word' id='word_1_471' title='bbox 1536 1988 1563 2015; x_wconf 84' lang='lat' dir='ltr'>et</span> <span class='ocrx_word' id='word_1_472' title='bbox 1584 1983 1678 2016; x_wconf 83' lang='lat' dir='ltr'>t&#39;cuda</span> <span class='ocrx_word' id='word_1_473' title='bbox 1698 1983 1847 2016; x_wconf 80' lang='lat' dir='ltr'>devoluta</span> <span class='ocrx_word' id='word_1_474' title='bbox 1867 1982 1979 2016; x_wconf 84' lang='lat' dir='ltr'>decla-</span> 
     </span>
     <span class='ocr_line' id='line_1_89' title="bbox 1242 2036 1981 2080; baseline 0 -10"><span class='ocrx_word' id='word_1_475' title='bbox 1242 2043 1333 2075; x_wconf 82' lang='lat' dir='ltr'>rent,</span> <span class='ocrx_word' id='word_1_476' title='bbox 1367 2048 1468 2080; x_wconf 84' lang='lat' dir='ltr'>eaque</span> <span class='ocrx_word' id='word_1_477' title='bbox 1499 2036 1576 2069; x_wconf 86' lang='lat' dir='ltr'>lisco</span> <span class='ocrx_word' id='word_1_478' title='bbox 1606 2042 1637 2070; x_wconf 88' lang='lat' dir='ltr'>ct</span> <span class='ocrx_word' id='word_1_479' title='bbox 1671 2037 1822 2070; x_wconf 83' lang='lat' dir='ltr'>Gamerae</span> <span class='ocrx_word' id='word_1_480' title='bbox 1853 2042 1981 2071; x_wconf 86' lang='lat' dir='ltr'>nostrae</span> 
     </span>
     <span class='ocr_line' id='line_1_90' title="bbox 1241 2090 1776 2135; baseline 0 -11"><span class='ocrx_word' id='word_1_481' title='bbox 1241 2091 1409 2125; x_wconf 79' lang='lat' dir='ltr'>actualiter</span> <span class='ocrx_word' id='word_1_482' title='bbox 1430 2090 1629 2135; x_wconf 82' lang='lat' dir='ltr'>incorporari</span> <span class='ocrx_word' id='word_1_483' title='bbox 1650 2090 1776 2125; x_wconf 75' lang='lat' dir='ltr'>iaciant.</span> 
     </span>
    </p>

    <p class='ocr_par' dir='ltr' id='par_1_13' title="bbox 1242 2143 1982 2241">
     <span class='ocr_line' id='line_1_91' title="bbox 1286 2143 1982 2186; baseline 0.003 -11"><span class='ocrx_word' id='word_1_484' title='bbox 1286 2146 1302 2186; x_wconf 64' lang='grc' dir='ltr'>ξ</span> <span class='ocrx_word' id='word_1_485' title='bbox 1332 2144 1362 2176; x_wconf 71' lang='grc'>8.</span> <span class='ocrx_word' id='word_1_486' title='bbox 1394 2143 1462 2177; x_wconf 86' lang='lat' dir='ltr'>Non</span> <span class='ocrx_word' id='word_1_487' title='bbox 1490 2143 1690 2177; x_wconf 78' lang='lat' dir='ltr'>obstantibus</span> <span class='ocrx_word' id='word_1_488' title='bbox 1722 2143 1753 2177; x_wconf 94' lang='lat' dir='ltr'>in</span> <span class='ocrx_word' id='word_1_489' title='bbox 1785 2143 1982 2178; x_wconf 87' lang='lat' dir='ltr'>contrarium</span> 
     </span>
     <span class='ocr_line' id='line_1_92' title="bbox 1242 2196 1715 2241; baseline 0.002 -12"><span class='ocrx_word' id='word_1_490' title='bbox 1242 2197 1429 2230; x_wconf 75' lang='lat' dir='ltr'>sarientibus</span> <span class='ocrx_word' id='word_1_491' title='bbox 1447 2196 1715 2241; x_wconf 82' lang='lat' dir='ltr'>quilmscumquc.</span> 
     </span>
    </p>

    <p class='ocr_par' dir='ltr' id='par_1_14' title="bbox 1241 2250 1985 2496">
     <span class='ocr_line' id='line_1_93' title="bbox 1286 2250 1984 2294; baseline -0.003 -10"><span class='ocrx_word' id='word_1_492' title='bbox 1286 2251 1398 2284; x_wconf 78' lang='lat' dir='ltr'>Datum</span> <span class='ocrx_word' id='word_1_493' title='bbox 1419 2250 1540 2283; x_wconf 80' lang='lat' dir='ltr'>Romae.</span> <span class='ocrx_word' id='word_1_494' title='bbox 1567 2250 1652 2294; x_wconf 87' lang='lat' dir='ltr'>apud</span> <span class='ocrx_word' id='word_1_495' title='bbox 1683 2250 1713 2283; x_wconf 87' lang='lat' dir='ltr'>S.</span> <span class='ocrx_word' id='word_1_496' title='bbox 1744 2250 1902 2289; x_wconf 80' lang='lat' dir='ltr'>Marcum,</span> <span class='ocrx_word' id='word_1_497' title='bbox 1925 2250 1984 2283; x_wconf 89' lang='lat' dir='ltr'>sub</span> 
     </span>
     <span class='ocr_line' id='line_1_94' title="bbox 1241 2302 1981 2342; baseline 0.001 -6"><span class='ocrx_word' id='word_1_498' title='bbox 1241 2304 1361 2337; x_wconf 85' lang='lat' dir='ltr'>annulo</span> <span class='ocrx_word' id='word_1_499' title='bbox 1392 2303 1578 2342; x_wconf 58' lang='lat' dir='ltr'>Pissaion-is,</span> <span class='ocrx_word' id='word_1_500' title='bbox 1612 2303 1663 2337; x_wconf 86' lang='lat' dir='ltr'>die</span> <span class='ocrx_word' id='word_1_501' title='bbox 1689 2302 1911 2336; x_wconf 83' lang='lat' dir='ltr'>decimatcrtia</span> <span class='ocrx_word' id='word_1_502' title='bbox 1929 2313 1981 2337; x_wconf 85' lang='lat' dir='ltr'>se-</span> 
     </span>
     <span class='ocr_line' id='line_1_95' title="bbox 1243 2356 1985 2401; baseline 0.004 -14"><span class='ocrx_word' id='word_1_503' title='bbox 1243 2357 1416 2401; x_wconf 76' lang='lat' dir='ltr'>ptembris,</span> <span class='ocrx_word' id='word_1_504' title='bbox 1441 2356 1612 2389; x_wconf 78' lang='lat' dir='ltr'>millesimo</span> <span class='ocrx_word' id='word_1_505' title='bbox 1641 2356 1900 2400; x_wconf 73' lang='lat' dir='ltr'>quingentesimo</span> <span class='ocrx_word' id='word_1_506' title='bbox 1927 2366 1985 2390; x_wconf 91' lang='lat' dir='ltr'>no·</span> 
     </span>
     <span class='ocr_line' id='line_1_96' title="bbox 1244 2408 1985 2454; baseline 0.001 -12"><span class='ocrx_word' id='word_1_507' title='bbox 1244 2409 1408 2452; x_wconf 66' lang='lat' dir='ltr'>iitig‹‚·siiiio</span> <span class='ocrx_word' id='word_1_508' title='bbox 1417 2409 1565 2454; x_wconf 85' lang='lat' dir='ltr'>septimo,</span> <span class='ocrx_word' id='word_1_509' title='bbox 1575 2408 1779 2453; x_wconf 80' lang='lat' dir='ltr'>pontificatus</span> <span class='ocrx_word' id='word_1_510' title='bbox 1788 2408 1887 2442; x_wconf 91' lang='lat' dir='ltr'>nostri</span> <span class='ocrx_word' id='word_1_511' title='bbox 1900 2419 1985 2443; x_wconf 82' lang='lat' dir='ltr'>anno</span> 
     </span>
     <span class='ocr_line' id='line_1_97' title="bbox 1244 2469 1342 2496; baseline 0 0"><span class='ocrx_word' id='word_1_512' title='bbox 1244 2469 1342 2496; x_wconf 76' lang='lat' dir='ltr'>sexto.</span> 
     </span>
    </p>
   </div>
   <div class='ocr_carea' id='block_1_10' title="bbox 1998 2149 2184 2204">
    <p class='ocr_par' dir='ltr' id='par_1_15' title="bbox 1998 2149 2184 2204">
     <span class='ocr_line' id='line_1_98' title="bbox 2018 2149 2184 2173; baseline 0 -1"><span class='ocrx_word' id='word_1_513' title='bbox 2018 2151 2132 2172; x_wconf 71' lang='lat' dir='ltr'>clausum</span> <span class='ocrx_word' id='word_1_514' title='bbox 2145 2149 2160 2173; x_wconf 77' lang='lat' dir='ltr'>d</span> <span class='ocrx_word' id='word_1_515' title='bbox 2182 2160 2184 2167; x_wconf 54' lang='grc' dir='ltr'>ι</span> 
     </span>
     <span class='ocr_line' id='line_1_99' title="bbox 1998 2177 2179 2204; baseline 0 -5"><span class='ocrx_word' id='word_1_516' title='bbox 1998 2177 2127 2204; x_wconf 68' lang='lat' dir='ltr'>reuolui-ino.</span> <span class='ocrx_word' id='word_1_517' title='bbox 2176 2197 2179 2202; x_wconf 82' lang='lat'>,</span> 
     </span>
    </p>
   </div>
   <div class='ocr_carea' id='block_1_11' title="bbox 1281 2524 1949 2561">
    <p class='ocr_par' dir='ltr' id='par_1_16' title="bbox 1281 2524 1949 2561">
     <span class='ocr_line' id='line_1_100' title="bbox 1281 2524 1949 2561; baseline -0.001 -9"><span class='ocrx_word' id='word_1_518' title='bbox 1281 2526 1337 2553; x_wconf 67' lang='lat' dir='ltr'>liat.</span> <span class='ocrx_word' id='word_1_519' title='bbox 1355 2525 1397 2553; x_wconf 76' lang='lat' dir='ltr'>die</span> <span class='ocrx_word' id='word_1_520' title='bbox 1420 2525 1450 2553; x_wconf 76' lang='lat'>13</span> <span class='ocrx_word' id='word_1_521' title='bbox 1467 2524 1629 2561; x_wconf 76' lang='lat' dir='ltr'>septembris</span> <span class='ocrx_word' id='word_1_522' title='bbox 1647 2525 1723 2558; x_wconf 61' lang='lat'>1597,</span> <span class='ocrx_word' id='word_1_523' title='bbox 1741 2524 1837 2561; x_wconf 77' lang='lat' dir='ltr'>pontif.</span> <span class='ocrx_word' id='word_1_524' title='bbox 1855 2532 1899 2552; x_wconf 85' lang='lat' dir='ltr'>nn.</span> <span class='ocrx_word' id='word_1_525' title='bbox 1913 2531 1949 2552; x_wconf 85' lang='grc' dir='ltr'>νι.</span> 
     </span>
    </p>
   </div>
  </div>
 </body>
</html>
