2253 3195
255 261 304 287 An.
322 260 351 288 C.
372 259 434 287 160¹

283 1200 285 1203 Ι
305 1173 453 1204 Obedientiam

267 1204 406 1248 ¹esest-›raesutri
423 1207 453 1221 iu-

485 250 551 283 684

453 313 536 342 totas
561 307 626 340 sive
658 307 690 339 in
717 311 807 350 parte
836 305 890 337 alii
921 305 970 337 vel
1000 303 1091 343 aliis,
1116 303 1142 336 si
1170 308 1201 336 et

455 360 580 404 quoties
602 359 658 392 tibi
678 359 851 398 videbitur,
866 356 1050 399 delegandi,
1072 363 1103 389 et
1123 366 1197 389 eos-

456 415 527 447 dem
550 413 704 446 vicarium
729 422 786 445 seu
807 411 955 451 vicarios,
972 416 1027 443 aut
1047 409 1201 443 officiales

456 469 605 501 soraneos
629 477 688 510 per
705 472 746 506 te,
778 471 814 498 ut
833 475 943 509 supra,
971 474 1031 508 pro
1052 470 1201 507 tempore

457 520 670 564 deputandos,
687 519 726 551 ab
747 529 859 552 eorum
887 517 1073 552 huiusmodi
1095 516 1202 550 officio

457 574 652 608 arbitriotuo
664 573 836 606 revocandi
846 578 876 605 et
890 571 1073 611 amovendi,
1086 570 1202 603 alium-

457 638 520 672 que
549 633 579 660 et
614 627 694 660 alios
734 627 865 659 illorum
909 626 982 658 loco
1009 624 1203 666 surrogandi

458 687 488 714 et
508 680 709 720 sufficiendi,
733 685 765 713 et
789 679 852 712 alia
877 678 1018 722 deniqne
1043 677 1153 710 omnia
1174 682 1205 709 et

457 735 601 777 singula,
622 745 704 778 quae
729 733 890 767 Ordinarii
915 733 1083 772 locorum,
1108 731 1203 764 etiam

458 795 623 832 tamquam
645 788 849 832 Apostolicae
866 787 956 821 Sedis
978 785 1136 828 delegati,
1161 785 1206 817 fa-

460 853 533 876 cere
554 848 584 875 et
602 841 716 885 exequi
748 846 893 885 possunt,
917 839 1055 873 faciendi
1078 844 1108 872 et
1133 848 1206 871 exe-

461 896 602 940 quendi,
632 896 775 939 plenam,
802 895 959 934 liberam,
984 892 1206 925 omnimodam

463 955 493 983 et
514 949 696 983 absolutam
716 953 908 992 potestatem
925 975 932 987 ,
960 947 1145 979 facultatem
1179 950 1209 978 et

464 1003 701 1043 auctoritatem,
725 1002 914 1035 earumdem
929 1007 1041 1033 tenore
1058 1009 1209 1043 praesen-

466 1057 559 1098 tium,
583 1055 793 1090 concedimus
813 1060 845 1088 et
861 1053 1049 1096 elargimur.

513 1110 573 1153 54.
597 1110 783 1143 Mandantes
800 1108 833 1141 in
853 1108 971 1141 virtute
988 1112 1117 1140 sanctae
1135 1105 1211 1138 obe-

469 1165 608 1199 dientiae
629 1163 753 1197 dilectis
771 1162 844 1196 filiis
864 1161 1061 1206 praeposito,
1074 1161 1208 1199 decano,

469 1218 610 1262 capitulo
623 1222 654 1250 et
667 1216 830 1250 canonicis
843 1215 997 1249 ecelesiae
1017 1213 1124 1247 Sancti
1141 1213 1213 1246 Ser-

469 1273 544 1305 vatii
563 1271 774 1306 Traiectensis
787 1270 922 1313 aliisque
936 1268 1087 1302 omnibus
1099 1272 1131 1300 et
1141 1266 1209 1300 sin-

469 1326 553 1368 gulis
565 1324 750 1369 praedictis,
767 1329 803 1356 ut
823 1322 880 1355 tibi
895 1322 926 1355 in
940 1320 1124 1366 praemissis
1134 1319 1212 1352 obe-

470 1379 624 1413 dientiam
652 1384 682 1412 et
712 1377 927 1411 reverentiam
957 1375 1080 1409 debitas
1100 1380 1131 1407 et
1159 1374 1214 1406 de-

469 1439 558 1466 votas
571 1432 753 1471 exhibeant,
777 1437 895 1474 tuaque
915 1429 1057 1463 salubria
1076 1427 1210 1468 monita,

471 1488 556 1520 iussa
576 1492 607 1520 et
620 1485 773 1519 mandata
793 1494 866 1517 cum
887 1483 1002 1516 effectu
1023 1481 1210 1525 suscipiant,

471 1548 501 1575 et.
521 1540 694 1574 efficaciter
711 1539 889 1583 adimplere
912 1541 1100 1582 procurent,
1129 1535 1212 1569 alio-

471 1595 549 1639 quin
563 1593 756 1627 sententiam
771 1603 827 1625 seu
844 1591 1031 1631 sententias,
1048 1600 1145 1634 quam
1159 1599 1215 1622 seu

471 1660 551 1693 quas
572 1649 602 1681 in
622 1648 757 1681 rebelles
771 1652 801 1680 et
814 1645 1077 1685 contradictores,
1094 1643 1216 1687 tibique

473 1714 596 1737 morem
621 1691 740 1745 ’gerere
764 1706 949 1735 recusantes
980 1700 1041 1732 rite
1077 1698 1190 1731 tuleris
1206 1725 1213 1738 ,

474 1758 650 1798 faciemus,
685 1762 816 1790 auctore
846 1755 1006 1795 Domino,
1044 1763 1146 1797 usque
1178 1753 1216 1785 ad

473 1812 667 1854 condignam
688 1810 938 1844 satisfactionem
958 1808 1097 1841 firmiter
1117 1813 1148 1840 et
1168 1807 1218 1839 in-

474 1865 668 1899 violabiliter
688 1863 862 1897 observari.

521 1921 537 1961 ξ
558 1919 588 1951 ἴ).
605 1918 675 1952 Non
687 1917 889 1951 obstantibus
907 1915 1092 1960 praemissis
1104 1921 1220 1947 etcon-

375 1984 386 1996 ⁴
413 1981 461 1995 Μ’·
477 1972 699 2006 stitutionibus
716 1977 748 2004 et
772 1969 1034 2003 ordinationibus
1065 1968 1220 2012 apostoli-

479 2027 534 2066 cis,
556 2036 680 2059 necnon
704 2024 887 2057 Leodiensis
900 2029 930 2056 et
949 2021 1222 2066 quarumvisalia-

481 2091 551 2113 rum
579 2079 786 2112 ecclesiarum
819 2077 1023 2116 iuramento,
1049 2075 1221 2108 confirma-

481 2134 566 2166 tione
580 2132 767 2176 apostolica,
784 2137 837 2163 aut
858 2130 969 2174 quavis
990 2129 1142 2162 firmitate
1160 2128 1223 2161 alia

481 2187 661 2225 roboratis,
691 2185 816 2218 statutis
843 2190 874 2216 et
904 2182 1193 2216 consuetudinibus
1212 2210 1219 2222 ,

480 2239 653 2284 privilegiis
674 2248 815 2283 quoque,
840 2237 983 2276 indultis,
1004 2236 1220 2279 exemptioni-

482 2294 551 2332 bus,
569 2291 837 2329 imrmmitatibus,
850 2289 1052 2323 libertatibus
1066 2295 1092 2321 et
1111 2289 1224 2321 litteris

481 2345 665 2389 apostolicis
686 2344 853 2378 Leodiensi
875 2354 911 2375 ar,
936 2343 1041 2375 ¹<tincti
1073 2342 1220 2382 Servatii,

482 2399 617 2443 aliisque
656 2398 799 2431 ecclesiis
836 2396 1009 2441 praedietis
1045 2406 1224 2439 earumun

484 2452 696 2496 praesulibus,
714 2450 918 2495 praepositis,
942 2449 1101 2493 capitulis,
1129 2459 1224 2481 ‹zano-

484 2505 562 2538 nicis
583 2511 613 2538 ct
633 2505 702 2537 aliis
722 2503 954 2548 superioribus,
978 2509 1004 2534 rt
1025 2501 1172 2546 personis
1194 2501 1224 2533 in

486 2569 601 2596 gernere
624 2559 668 2590 vel
692 2559 721 2590 in
743 2557 860 2601 spec-ie,
884 2556 943 2589 sub
966 2555 1226 2599 quiluiscumque

488 2612 651 2644 tenoribus
687 2618 718 2643 et,
742 2611 872 2650 tonnis,
907 2622 942 2642 :ir
964 2621 1036 2641 cum
1063 2607 1227 2652 quibusvis

488 2665 582 2698 ctiam
605 2665 882 2703 ‹lerotgnt01·iuruui
905 2662 1126 2706 derogaturus,
1141 2661 1226 2694 aliis-

1038 255 1222 280 BULLARIUM
1242 254 1397 279 ROMANUM

1233 314 1297 346 que
1322 302 1558 336 efficacioribus
1593 308 1625 336 et
1644 303 1780 336 insolitis
1810 302 1972 343 clausulis,

1235 357 1500 400 irritantibusque
1520 362 1550 390 et
1570 356 1639 389 aliis
1657 356 1793 389 decretis
1810 367 1868 400 per
1881 367 1977 400 quos-

1235 420 1374 454 cumque
1398 411 1562 443 Romanos
1582 409 1764 450 Pontifices,
1788 403 1977 452 praedeces-

1235 475 1322 498 sores
1342 469 1479 505 nostros,
1500 475 1536 497 ac
1556 474 1614 498 nos
1638 470 1669 497 et
1692 464 1807 497 Sedem
1829 464 1977 496 eamdem

1236 519 1493 562 quomodolibet,
1517 519 1613 551 etiam
1638 523 1728 551 motu
1743 545 1750 558 ,
1780 517 1913 550 scientia
1947 522 1979 549 et

1237 577 1394 616 potestate
1411 572 1588 613 similibus,
1620 572 1716 605 etiam
1737 572 1777 604 ad
1798 571 1975 615 imperato-

1238 626 1291 666 ris,
1308 636 1433 668 regum,
1451 627 1570 659 ducum
1591 631 1622 659 et
1634 625 1822 669 quorumvis
1839 624 1978 658 aliorum

1238 680 1422 724 principum
1443 680 1640 720 instantiam,
1652 679 1717 712 sive
1734 689 1848 712 eorum
1862 678 1980 712 intuitu

1239 739 1270 766 et
1286 733 1570 777 contemplatione,
1586 733 1683 766 etiam
1701 731 1978 772 consistorialiter,

1240 798 1277 820 ac
1296 798 1354 831 per
1374 787 1507 820 modum
1532 786 1612 829 legis
1625 786 1674 819 vel
1694 785 1814 826 statuti,
1839 790 1893 818 aut
1906 794 1983 817 con-

1242 846 1361 874 tractus
1379 839 1538 884 perpetui,
1562 850 1599 873 ac
1625 839 1703 872 alias
1723 838 1979 882 quomodolibet,

1242 895 1339 928 etiam
1361 894 1481 928 iteratis
1511 894 1633 927 vicibus
1658 893 1839 932 concessis,
1861 902 1985 936 appro—

1243 948 1325 981 batis
1342 947 1372 980 el
1392 947 1561 981 innovatis.
1579 947 1700 986 Quibus
1709 946 1872 986 omnibus,
1889 945 1985 979 etiam

1243 1001 1269 1035 si
1295 1003 1333 1035 de
1354 1002 1416 1035 illis
1437 1011 1617 1045 eorumque
1637 1000 1711 1034 totis
1733 999 1897 1033 tenoribus
1914 1009 1986 1043 spe-

1245 1056 1345 1096 cialis,
1369 1055 1530 1100 specifica,
1555 1065 1716 1099 expressa,
1740 1053 1928 1094 individua,
1949 1062 1986 1085 ac

1245 1111 1285 1144 de
1312 1110 1410 1143 verbo
1438 1110 1478 1143 ad
1502 1109 1659 1149 verbum,
1696 1118 1762 1141 non
1793 1113 1901 1140 autem
1929 1116 1988 1150 per

1246 1164 1406 1198 clausulas
1452 1163 1618 1205 generales
1651 1161 1737 1195 idern
1778 1161 1988 1205 importantes

1247 1218 1368 1251 mentio
1387 1245 1394 1258 ,
1418 1228 1474 1250 seu
1503 1215 1633 1260 quaevis
1661 1215 1723 1248 alia
1743 1213 1904 1258 expressio
1924 1212 1985 1246 ha·

1246 1272 1374 1311 banda,
1398 1276 1454 1304 aut
1487 1270 1595 1313 aliqua
1615 1269 1677 1302 alia
1701 1267 1859 1312 exquisita
1885 1267 1990 1300 forma

1247 1325 1287 1358 ad
1296 1325 1357 1357 hoc
1377 1323 1532 1357 servanda
1545 1323 1638 1363 soret,
1651 1328 1780 1355 tenores
1792 1319 1990 1360 huiusmodi,

1247 1390 1284 1412 ac
1303 1378 1329 1411 si
1351 1378 1390 1411 de
1412 1377 1508 1410 verbo
1529 1377 1569 1409 ad
1589 1375 1722 1409 verbum
1749 1373 1829 1407 nihil
1863 1372 1991 1417 penitus

1247 1432 1378 1473 omisso,
1396 1437 1427 1465 et
1439 1431 1543 1464 forma
1556 1430 1588 1463 in
1601 1429 1663 1462 illis
1676 1428 1794 1462 tradita
1810 1427 1988 1468 observata,

1249 1486 1359 1519 inserti
1379 1485 1496 1525 forent,
1519 1483 1744 1528 praesentibus
1763 1492 1823 1526 pro
1843 1481 1938 1525 plene
1961 1485 1993 1513 et

1249 1539 1445 1574 sufficienter
1464 1537 1621 1582 expressis
1646 1536 1812 1576 habentes,
1835 1534 1897 1568 illis
1914 1533 1993 1567 alias

1251 1595 1282 1627 in
1299 1593 1484 1627 suorobore
1499 1591 1732 1636 permansuris,
1744 1590 1804 1623 hac
1816 1589 1884 1622 vice
1899 1589 1993 1622 dum-

1251 1653 1335 1681 taxat
1354 1646 1536 1691 specialiter
1556 1651 1587 1678 et
1609 1654 1758 1688 expresse
1775 1643 1969 1685 derogamus
1982 1668 1990 1682 ,

1251 1701 1421 1736 contrariis
1434 1701 1704 1745 quibuscumque.
1728 1700 1790 1732 Aut
1809 1697 1834 1730 si
1854 1705 1992 1741 praepo-

1251 1757 1324 1797 sito,
1348 1756 1470 1789 decano
1502 1759 1533 1787 et
1553 1753 1694 1797 capitulo
1714 1750 1867 1785 ecclesiae
1887 1749 1993 1784 Sancti

1252 1809 1396 1850 Servatii,
1424 1814 1455 1842 et
1477 1808 1546 1841 aliis
1567 1806 1749 1851 praedictis,
1780 1803 1996 1839 communiter

1254 1864 1301 1897 vel
1315 1862 1451 1902 divisim,
1468 1861 1507 1894 ab
1526 1859 1710 1904 Apostoliea
1722 1859 1762 1892 sit
1781 1858 1863 1892 Sede
1884 1856 1996 1890 indul—

1254 1923 1333 1956 tum,
1357 1915 1443 1959 quod
1475 1913 1646 1953 interdici,
1673 1911 1847 1955 suspendi,
1872 1910 1920 1943 vel
1945 1919 1997 1942 ex-

1255 1967 1486 2002 communicari
1528 1976 1593 1999 non
1631 1965 1753 2009 possint
1783 1974 1842 2008 per
1875 1963 1997 1996 litteras

1255 2022 1448 2068 apostolicas
1465 2031 1530 2054 non
1566 2020 1717 2053 facientes
1737 2018 1864 2062 plenam
1892 2023 1924 2050 et
1940 2026 1997 2061 ex-

1256 2088 1410 2122 pressam,
1435 2088 1470 2109 ac
1492 2077 1530 2109 (le
1551 2075 1649 2109 verbo
1675 2074 1714 2107 ad
1736 2073 1869 2106 verbum
1891 2072 1930 2105 de
1951 2070 1998 2104 in-

1257 2133 1345 2166 dulto
1370 2129 1557 2164 huiusmodi
1578 2128 1787 2162 mentionem.

1300 2186 1413 2219 Datum
1435 2185 1555 2217 Romae
1575 2182 1661 2226 apud
1681 2182 1832 2215 Sanctum
1850 2180 1993 2219 Petrum,

1257 2241 1316 2273 sub
1340 2239 1461 2272 annulo
1496 2236 1689 2276 Piscatoris,
1720 2235 1771 2268 die
1803 2244 1860 2268 xiii
1889 2232 2000 2277 aprilis

1259 2304 1346 2334 unct,
1370 2292 1575 2336 pontificatus
1596 2289 1694 2323 nostri
1713 2298 1798 2321 anno
1815 2299 1844 2321 x.

1295 2356 1351 2383 Dat.
1369 2356 1410 2382 die
1429 2355 1460 2382 ¹3
1479 2353 1571 2390 aprilis
1593 2354 1668 2385 ittot,
1686 2351 1782 2387 pontis.
1800 2359 1843 2377 nn.
1862 2358 1885 2376 x.

1989 253 2039 280 An.
2055 253 2085 280 C.
2106 252 2190 282 leov-
2238 269 2240 272 ·
