2253 3195
54 274 102 302 An.
122 271 150 300 C.
168 271 234 300 1602

865 273 1011 297 CLEMENS
1032 274 1088 297 vnt
1109 274 1158 297 PP.

249 319 444 353 disiunctum
474 327 505 354 et
534 327 715 364 separatum
745 327 898 365 perpetuo
928 332 989 353 ma*

248 379 333 413 neat,
359 374 492 417 eiusque
521 373 687 407 ecclesiam
717 374 749 406 in
776 375 988 418 parochialem

248 427 432 469 erigendam
466 437 557 465 esse,
592 432 621 460 et
647 433 749 460 erecta
783 433 907 460 maneat
931 429 990 461 suh

248 479 449 514 invocatione
485 480 516 512 S.
544 481 627 513 Petri
658 481 798 524 Apostoli
834 492 907 513 cum
940 493 990 513 ca-

246 533 340 576 pella,
360 533 515 573 sacristia,
532 533 703 576 campanili
721 539 752 566 et.
768 534 853 566 sonte
871 534 989 576 baptis-

202 614 206 618 .
247 585 321 618 mali
340 586 493 629 omnique
510 586 572 619 alio
589 588 684 629 pleno
709 586 776 619 iure
802 586 990 629 parochialis

246 640 417 679 eeclesiae;
438 650 533 683 quain
558 641 684 673 futurus
709 645 814 672 rector
837 640 874 671 ad
901 650 990 683 prae-

246 693 455 725 sentationem
482 693 602 726 domini
628 693 809 736 temporalis
834 692 909 725 dicti
927 703 986 736 op>—

244 746 326 790 pidt,
353 747 392 779 ad
418 757 514 789 quem
539 747 588 779 ius
613 752 799 790 patronatus
832 757 868 779 ex
900 746 1007 782 dota-1

1006 801 1117 833 wtesia
1143 811 1216 833 vero
1242 806 1270 833 et
1297 800 1412 834 domus
1437 793 1603 834 abbatialis
1628 800 1765 841 rectori,

245 800 343 839 tione,
369 806 405 832 ut
430 800 510 832 infra
536 799 673 840 dicetur,
694 800 864 843 pertineat,
884 805 912 832 et
933 810 990 843 per

244 853 480 886 institutionem
519 859 549 885 et
590 853 792 886 collationem
834 853 984 886 obtineat.

244 906 335 945 Quod
361 907 490 950 quidem
505 907 694 951 parochialis
710 907 844 940 ecclesia
862 912 987 940 centum

243 961 333 1003 libris
358 961 463 993 dotata
488 961 612 1000 existat,
638 961 699 993 hoc
716 960 861 993 videlicet
878 960 987 993 modo:

243 1015 330 1058 quod
356 1015 396 1056 ei,
424 1015 556 1057 eiusque
580 1015 696 1047 rectori
723 1015 898 1058 applicatae
924 1025 989 1046 ma-

242 1074 339 1101 neant
364 1068 524 1112 primitiae
549 1067 624 1100 dicti
650 1068 771 1112 oppidi,
798 1078 878 1111 quae
903 1068 989 1101 valo—

242 1121 286 1154 ris
310 1127 384 1154 sunt
409 1120 652 1163 quatuordecim
680 1121 833 1153 librarum
862 1125 892 1153 et
909 1120 988 1153 duo—

243 1174 542 1207 decimsolidorum.
556 1173 702 1217 Quinque
719 1173 814 1206 etiam
825 1174 877 1206 illa
892 1174 987 1206 tritici

244 1227 355 1260 caficia
388 1237 461 1260 cum
497 1227 588 1259 tertia
624 1233 714 1269 parte
737 1226 831 1259 unius
859 1226 984 1267 casseii,

244 1291 326 1324 quae
352 1286 444 1313 antea
470 1291 528 1323 pro
554 1280 680 1313 servitio
706 1280 781 1312 dicti
806 1280 916 1324 oppidi
934 1279 988 1312 da-

243 1334 361 1367 bantur
385 1333 572 1377 presbytero
609 1344 644 1366 ex
669 1335 799 1366 cumulo
824 1335 985 1366 fructuum

243 1386 448 1420 decimalium
474 1386 513 1419 ad
540 1386 725 1429 episcopum
751 1392 781 1419 et
811 1386 985 1429 capitulum

242 1439 419 1476 Oriolense,
437 1440 515 1473 etad
530 1439 737 1472 beneficiatos
753 1439 985 1483 parochialium

242 1492 612 1526 ecelesiarumS.Iustae
622 1498 652 1525 et
671 1493 702 1525 S.
722 1492 828 1525 Iacobi
842 1492 986 1526 Oriolen-

212 1567 220 1572 „
242 1544 324 1577 sium
339 1544 584 1587 pertinentium,
601 1554 683 1586 quae
694 1543 805 1586 viginti
819 1543 983 1585 sexlibris,

242 1598 411 1632 tresdecim
448 1597 556 1630 solidis
602 1604 632 1630 ct
675 1603 815 1641 quatuor
846 1598 986 1631 denariis

240 1652 457 1686 aestimantur.
484 1652 631 1695 Quinque
655 1651 764 1692 libras,
792 1653 902 1685 decem
929 1663 986 1685 so—

240 1705 322 1738 lidos
354 1710 384 1738 et
417 1711 480 1738 tres
506 1704 654 1738 denarios
691 1705 813 1738 solvant
838 1710 899 1738 tres
923 1706 985 1738 be—

240 1758 380 1791 neficiati
415 1758 608 1801 parochialis
642 1758 795 1791 ecclesiae
820 1758 850 1791 S.
881 1759 984 1791 Iustae

240 1811 433 1851 Oriolensis,
461 1812 516 1855 qui
541 1823 613 1844 curn
639 1811 677 1844 ad
708 1813 910 1854 personalem
936 1823 984 1845 re-

239 1864 409 1898 sidentiam
435 1875 499 1898 non
525 1864 585 1897 sint
603 1864 758 1905 adstricti,
779 1866 914 1908 quilibet
931 1877 984 1899 eo-

238 1928 309 1950 rum
332 1925 489 1951 trecentas
513 1918 611 1951 libras
636 1930 672 1951 ex
688 1918 844 1952 fructibus
858 1919 981 1962 recipit,

238 1978 269 2005 et
293 1982 351 2015 pro
378 1983 480 2016 aequa
504 1972 651 2015 portione
676 1977 843 2005 teneantur
859 1972 979 2005 contri-

237 2024 336 2058 buere
362 2036 433 2058 cum
461 2025 589 2069 triginta
605 2036 657 2059 sex
678 2025 787 2058 solidis
805 2032 834 2058 et
867 2036 981 2059 novem

238 2078 376 2111 denariis
409 2079 441 2111 in
467 2078 626 2122 praesenti
652 2078 831 2120 dotatione,
859 2080 982 2113 ratione

238 2132 336 2176 partis
361 2132 572 2172 decimarum,
593 2144 689 2176 quam
707 2132 737 2164 in
757 2131 842 2166 dicto
863 2133 981 2176 oppido

237 2185 412 2229 respective
436 2185 599 2227 colligunt.
620 2187 688 2219 Duo
707 2197 781 2219 vero
799 2187 980 2219 beneficiati

237 2238 426 2282 paroehialis
450 2239 602 2272 ecclesiae
628 2239 777 2272 S.Iacobi
795 2239 977 2280 Oriolensis,

237 2291 292 2334 qui
317 2291 469 2324 ducentas
486 2292 583 2324 libras
616 2293 840 2336 unusspiisque
865 2294 980 2325 exfru-

237 2344 340 2377 ctibus
365 2344 413 2377 sui
450 2344 598 2377 beneficii
635 2345 838 2388 percipiunt,
878 2356 979 2389 acqua

236 2398 386 2441 portione
411 2399 592 2441 persolvant
617 2398 821 2437 duaslihras,
842 2405 980 2442 quatuor

236 2450 355 2483 solidos
389 2457 420 2483 et
451 2462 504 2484 sex
529 2452 678 2485 denarios
703 2452 815 2484 eadem
843 2452 975 2485 ratione.

235 2505 445 2547 Applieantur
470 2510 633 2548 praeterea
659 2505 891 2549 quinquaginta
917 2516 977 2538 una

235 2557 347 2597 librae,
368 2569 446 2601 quas
464 2559 495 2590 in
515 2560 786 2601 complementum
806 2559 978 2592 dotationis

237 2611 427 2653 paroehialis
453 2622 552 2644 novae
577 2612 735 2654 praefatae
759 2613 826 2645 Don
848 2612 978 2644 loannes

235 2664 340 2698 Roeca
365 2664 472 2704 Mora,
499 2665 648 2699 dominus
675 2665 858 2709 temporalis
884 2666 923 2698 de
949 2666 976 2698 la

1025 321 1153 364 Granja,
1172 322 1318 365 promisit
1331 323 1452 355 solvere
1466 322 1636 366 quotannis
1650 323 1766 355 rectori

1025 374 1131 406 futuro
1161 374 1263 407 dietae
1302 375 1493 418 parochialis
1526 376 1584 408 sub
1621 375 1765 408 omnium

1025 427 1182 459 honorum
1207 438 1338 460 suornm
1364 429 1554 471 hypotheca,
1580 434 1610 462 et
1636 428 1761 472 speciei·-

1025 480 1096 512 litcr
1121 480 1286 513 cuiusdam
1319 480 1490 513 almazerae
1516 481 1577 514 olei
1598 482 1630 514 in
1651 481 1764 514 eodem

1024 533 1142 577 oppido
1167 535 1244 567 sitae
1260 545 1340 566 neum
1360 535 1571 568 reservatione
1593 540 1700 568 tamen
1718 535 1766 569 iu-

1024 587 1254 630 rispatronatus
1287 593 1318 620 et
1342 587 1562 630 praesentandi
1584 587 1622 620 ad
1648 588 1765 621 dietam

1024 642 1193 673 rectoriam
1207 646 1234 674 et
1252 641 1464 683 parochialem
1480 641 1658 682 ecclesiam,
1679 641 1764 685 quod

1023 694 1061 726 ad
1087 705 1121 726 se
1145 704 1284 738 suosque
1309 705 1509 728 successores
1527 695 1558 727 in
1573 701 1765 738 perpetuum

1024 747 1204 789 pertineat,
1230 752 1261 780 et
1281 757 1345 780 non
1371 747 1479 784 aliter,
1506 758 1564 780 nec
1589 748 1676 780 alias.
1701 748 1762 781 Ec-

1022 854 1107 886 iuxta
1128 855 1263 887 sormam
1290 859 1320 890 et
1344 854 1439 886 situm
1466 854 1680 897 designatum,
1707 865 1762 888 ae-

1005 910 1007 921 *
1023 906 1194 940 dificentur
1218 908 1363 950 expensis
1381 907 1597 940 habitatorum
1615 908 1690 940 dieti
1709 918 1764 951 op—

1023 959 1098 1004 pidi.

1304 1031 1473 1063 Albcclera.

1067 1121 1226 1164 Oppidum
1251 1120 1405 1153 Albacera
1431 1122 1583 1154 ducentas
1612 1122 1765 1165 tringinta

1022 1180 1085 1207 tres
1111 1174 1252 1206 continet
1266 1173 1379 1207 domos
1397 1174 1641 1207 christianorum
1660 1186 1762 1219 nuper

1022 1226 1060 1258 ad
1087 1225 1183 1258 fidem
1209 1236 1458 1266 conversorum,
1481 1232 1511 1259 et
1535 1233 1656 1271 septem
1682 1234 1765 1262 vete-

1022 1290 1092 1311 rum
1107 1279 1369 1318 christianorum,
1391 1290 1502 1312 omnes
1512 1280 1670 1323 dugentae
1689 1292 1766 1325 qua-

1022 1333 1167 1376 draginta
1185 1333 1311 1366 domns.
1334 1333 1368 1366 In
1383 1344 1420 1366 eo
1430 1334 1562 1367 ecclesia
1576 1336 1765 1377 parochialis

1021 1393 1067 1419 est
1092 1387 1223 1430 antiqua
1248 1387 1287 1419 ab
1312 1398 1349 1420 eo
1375 1393 1541 1431 ternpore,
1576 1399 1640 1432 quo
1665 1389 1762 1422 Mauri

1021 1440 1109 1483 regni
1128 1441 1290 1474 Valentius:
1314 1440 1353 1473 ad
1378 1440 1474 1473 fidem
1492 1442 1680 1474 catholicam
1698 1444 1765 1475 sue—

1020 1498 1095 1525 runt
1119 1493 1276 1533 conversi,
1302 1494 1361 1526 sub
1378 1494 1578 1527 invocatione
1603 1494 1762 1535 S.lacobi‚

1020 1546 1111 1579 cuius
1135 1546 1315 1579 animarum
1352 1557 1428 1579 cura
1454 1557 1510 1590 per
1540 1548 1762 1591 presbyterum

1020 1600 1252 1632 mercenarium
1280 1599 1319 1632 ab
1355 1599 1521 1633 Ordinario
1561 1600 1763 1643 designatum

1020 1652 1172 1686 deserviri
1190 1652 1283 1685 solita
1301 1658 1365 1686 est:
1387 1653 1441 1696 qui
1456 1653 1584 1697 quidem
1599 1654 1764 1698 presbyter

1020 1717 1077 1748 pro
1102 1706 1218 1739 salario
1232 1711 1262 1739 et
1280 1707 1509 1739 sustentatione
1526 1706 1681 1750 primitias
1699 1707 1762 1741 col-

1019 1759 1084 1801 tigit
1112 1759 1187 1792 dicti
1213 1759 1334 1802 oppidi,
1361 1770 1443 1803 quae
1468 1759 1584 1793 valoris
1602 1765 1675 1792 sunt
1692 1771 1762 1804 sep-

1020 1813 1162 1855 tuaginta
1187 1818 1307 1856 septem
1334 1813 1500 1853 librarum,
1526 1813 1684 1846 sexdecim
1711 1825 1761 1847 so-

1018 1866 1156 1899 lidorum
1183 1872 1214 1900 et
1238 1873 1309 1900 octo
1335 1867 1563 1907 denariort1m3
1589 1879 1642 1900 sex
1672 1879 1762 1912 prae-

1021 1927 1105 1952 terea
1130 1920 1237 1960 libras,
1265 1930 1343 1964 quas
1356 1920 1544 1953 universitas
1562 1921 1665 1954 eidem
1684 1933 1761 1965 pre-

1017 1973 1144 2016 sbytero
1171 1974 1246 2006 dare
1271 1973 1434 2006 consuevit
1458 1984 1517 2017 pro
1542 1974 1695 2007 docendis
1729 1981 1760 2008 et

1018 2026 1164 2059 doctrina
1200 2027 1374 2059 christiana
1414 2026 1598 2060 erudiendis
1636 2027 1756 2070 pueris.

1017 2080 1054 2112 Et
1067 2080 1221 2123 quoniam
1236 2080 1325 2112 valde
1341 2085 1592 2113 consentaneum
1609 2086 1656 2113 est
1673 2081 1759 2125 quod

1017 2144 1089 2167 oves
1131 2134 1296 2177 proprium
1333 2134 1494 2166 Pastorem
1531 2133 1687 2174 habeant,
1729 2141 1760 2168 ct

1016 2192 1208 2229 agnoscant,
1242 2187 1296 2230 qui
1329 2197 1393 2219 non
1420 2187 1512 2220 sicuti
1544 2187 1759 2221 mercenarius

1017 2240 1194 2273 venientem
1213 2240 1323 2283 lupum
1350 2240 1460 2283 fugiat,
1487 2240 1540 2272 sed
1566 2251 1622 2283 pro
1648 2240 1758 2273 ovibus

1016 2293 1110 2326 vitain
1137 2293 1201 2333 det,
1227 2299 1258 2326 et
1278 2293 1433 2326 rationem
1460 2293 1499 2326 de
1524 2294 1585 2326 illis
1597 2294 1662 2327 Deo
1679 2294 1755 2327 red-

1015 2347 1088 2380 dere
1113 2354 1257 2390 cogatur,
1281 2347 1468 2391 praesertim
1495 2358 1567 2381 curn
1602 2348 1756 2392 neophyti

1014 2402 1046 2434 in
1068 2401 1130 2433 side
1149 2401 1302 2438 catholica
1328 2401 1391 2432 sint
1409 2400 1606 2440 instruendi;
1633 2407 1758 2444 oportet

1015 2454 1098 2497 quod
1127 2453 1157 2485 in
1184 2453 1268 2485 dicta
1294 2453 1427 2485 ecclesia
1453 2453 1491 2485 de
1510 2452 1655 2486 Albatera
1675 2464 1758 2487 un-us

1014 2512 1187 2549 perpetuus
1205 2511 1310 2539 rector
1331 2517 1385 2539 seu
1405 2507 1564 2550 parochus
1581 2507 1757 2540 constitua-

1015 2566 1076 2600 tur,
1094 2570 1190 2602 penes
1205 2570 1300 2603 quem
1315 2560 1493 2592 animarum
1512 2571 1588 2593 cura
1608 2560 1754 2602 resideat,

1013 2619 1040 2646 et
1068 2613 1121 2656 qui
1148 2612 1315 2645 rectoriam
1342 2608 1629 2656 seu-parochialem
1656 2615 1757 2647 ecclc-

1013 2665 1090 2698 siam
1111 2669 1282 2709 praelatam
1308 2676 1364 2710 per
1389 2676 1601 2706 concursum,
1629 2666 1755 2700 institu-

1671 264 1734 297 835
1781 274 1831 301 An.
1848 274 1876 301 c.
1898 274 1965 301 1602
