2253 3195
235 256 284 282 An.
302 255 330 282 C.
353 255 421 282 ¹595

262 1002 381 1024 clausulae.

265 1696 421 1717 Contrariorum

237 1724 355 1749 ‹tt-rugatum.

467 245 531 280 200

437 310 501 348 tam
516 315 575 348 per
587 313 810 347 quoscumque
818 303 981 335 Romanos
988 300 1174 341 Pontifices,

435 367 533 401 quam
543 357 635 390 dictis
647 356 747 390 sacris
760 355 938 388 canonibus
951 354 1085 388 minime
1099 364 1177 387 con-

436 410 535 443 traria
560 420 620 453 per
639 409 852 452 imperatores
873 413 902 440 et
931 418 1023 449 reges
1038 434 1046 447 ,
1079 406 1176 440 etiam

435 473 668 507 quoscumque,
691 461 763 494 duci
795 467 827 494 et
854 461 978 494 nationi
998 460 1177 493 Sabaudiae

434 517 620 550 huiusmodi
648 526 812 554 concessa,
838 515 1014 559 apostolica
1039 514 1178 548 auctori-

436 576 509 607 tate,
533 576 644 602 tenore
665 569 898 612 praesentium,
922 574 1079 612 perpetuo
1100 579 1177 602 con-

435 623 602 655 firmamus
622 628 653 655 et
673 622 904 666 approbamus,
928 622 1054 665 illisque
1068 622 1178 665 plena-

435 676 501 708 riae
519 682 548 708 et
582 675 774 708 inviolabilis
799 675 996 718 apostolicae
1016 675 1178 708 firmitatis

434 729 535 762 robur
554 728 734 766 adiicimus3
758 738 884 761 necnon
906 739 1020 761 omnes
1048 734 1079 761 et
1106 728 1174 760 sin-

435 783 527 825 gulos
558 788 623 815 tam
657 782 736 815 iuris
756 792 853 826 quant
878 780 953 814 facti
978 782 1131 822 defectus,
1152 781 1176 814 si

435 836 489 880 qui
511 836 617 869 forsan
641 835 871 869 intervenerint
894 835 925 868 in
946 835 1080 873 eisdem,
1104 846 1179 879 sup-

435 890 581 933 plenius„

480 944 496 984 ἓ
517 942 547 976 9.
571 943 701 976 Necnon
726 942 771 975 ita
797 952 856 986 per
880 952 1103 986 quoscumque
1123 942 1175 975 iu-

435 997 522 1029 dices
541 1002 570 1029 et
593 995 843 1031 commissarios.
858 995 970 1039 quavis
989 995 1178 1029 auctoritate

435 1051 614 1096 fungentes,
639 1055 670 1084 et
686 1060 857 1084 causarum
878 1050 988 1094 palatii
1010 1050 1179 1094 apostolici

434 1103 609 1144 auditores,
632 1113 669 1136 ac
685 1103 715 1137 S.
740 1103 776 1137 R.
799 1103 833 1136 E.
859 1103 1057 1144 cardinales,
1081 1103 1178 1136 etiarn

434 1157 474 1190 de
504 1157 605 1190 latere
633 1157 778 1199 legatos,
802 1162 856 1189 aut
886 1156 1016 1200 quosvis
1047 1156 1127 1189 alios
1147 1156 1179 1189 in

435 1209 699 1253 quibuscumque
729 1209 834 1242 causis
861 1215 892 1242 et
923 1209 1105 1249 instantiis,
1128 1220 1180 1242 su-

434 1263 519 1296 blata
541 1263 587 1296 eis
614 1268 646 1296 et
665 1272 779 1295 eorum
801 1262 936 1296 cuilibet
955 1262 1067 1306 quavis
1087 1263 1181 1296 aliter

435 1316 598 1350 iudicandi
616 1322 648 1349 et
667 1315 901 1360 interpretandi
916 1315 1066 1349 facultate
1080 1322 1110 1349 et
1123 1327 1179 1349 au-

434 1370 600 1410 ctoritate,
625 1369 779 1411 iudicari,
803 1370 932 1403 definiri
963 1376 993 1403 et
1022 1370 1181 1414 interpre-

435 1424 495 1457 tari
515 1425 651 1460 debere:
679 1434 805 1458 necnon
827 1424 953 1457 irritum
975 1424 1181 1458 decernimus

434 1484 464 1511 et
479 1478 573 1514 inane
590 1478 749 1522 quidquid
763 1488 856 1511 secus
875 1488 974 1522 super
994 1478 1081 1511 his·a
1101 1489 1180 1522 quo-

434 1542 552 1576 quam,
579 1531 691 1576 quavis
722 1531 935 1570 auctoritate,
963 1531 1103 1565 scienter
1133 1532 1181 1564 vel

437 1585 634 1624 ignoranter,
658 1584 830 1627 contigerit
850 1584 1012 1618 attentari.
1166 1579 1173 1585 “

482 1640 498 1679 ξ
520 1636 568 1671 to.
585 1638 653 1672 Non
673 1638 877 1671 obstantibus
899 1638 1183 1672 constitutionibus

437 1697 467 1724 et
487 1691 747 1724 ordinationibus
772 1691 974 1735 apostolicis,
1003 1702 1128 1726 necnon
1149 1702 1183 1725 ο-

439 1745 566 1778 mnibus
584 1745 645 1777 illis
663 1745 743 1785 aliis,
758 1755 841 1788 quae
864 1745 894 1777 in
915 1745 1030 1778 litteris
1050 1745 1183 1787 singulis

437 1798 630 1842 supradictis
652 1809 803 1831 concessa
829 1805 901 1832 sunt
934 1809 998 1832 non
1029 1799 1180 1839 obstare,

437 1851 638 1895 caeterisque
659 1851 828 1884 contrariis
849 1852 1121 1896 quibuscumque.

482 1905 596 1937 Datum
616 1905 737 1938 Romae
750 1905 835 1948 apud
850 1904 880 1937 S.
897 1905 1039 1937 Marcum
1054 1905 1112 1938 sub
1127 1915 1183 1937 an-

438 1959 515 1991 nulo
536 1957 719 1995 piscatoris,
743 1958 795 1991 die
815 1969 833 1991 x
856 1958 932 1990 iunii
955 1968 1072 1999 mnxcv,
1097 1969 1181 2002 pon-

439 2011 576 2044 tificatus
598 2011 697 2044 nostri
720 2022 782 2044 ann
806 2022 847 2045 tv.

474 2073 531 2100 Dat.
549 2073 591 2100 die
610 2073 642 2100 10
657 2073 722 2100 iunii
739 2074 816 2107 ¹595,
834 2074 930 2109 pontif.
943 2082 988 2101 an.
1005 2081 1041 2101 tv.

783 2253 840 2287 CV.

442 2360 609 2393 Institutio
621 2361 808 2403 festivitatis
828 2360 934 2393 sancti
946 2359 1107 2393 ‚S'tnm'stai
1119 2360 1184 2403 epi-

484 2423 570 2465 §rupi
598 2426 626 2453 1¹!
653 2423 821 2464 martyris,
844 2432 904 2466 pro
922 2421 975 2455 ‹lie-
996 2432 1038 2455 vtt
1067 2422 1185 2455 mem-is

486 2485 576 2521 ninii,
601 2484 727 2527 duplici
747 2485 848 2527 assiria
867 2484 1078 2517 celebrandae
1099 2483 1118 2517 ¹.

480 2573 486 2598 l
512 2571 586 2599 llunc
597 2572 758 2600 Statiinlautn
775 2577 928 2600 §anulorum
945 2572 1067 2608 catalogo
1083 2572 1184 2599 adscri—

442 2616 493 2652 psit
511 2621 538 2643 et
557 2617 722 2644 canonizavit
743 2617 914 2645 tnnocentius
933 2617 976 2650 lv,
993 2617 1019 2644 iu
1044 2617 1103 2645 cius
1118 2625 1184 2644 con-

441 2660 495 2687 stit.
510 2667 585 2688 um
602 2671 605 2687 r
625 2663 708 2695 tulitin,
726 2666 790 2689 tom.
805 2670 845 2695 ιιι,
867 2671 926 2698 [ing.
944 2663 1006 2689 577.

1020 253 1206 278 BULLAntUM
1226 253 1380 277 ROMANUM

1427 301 1560 329 Clemens
1575 301 1655 335 Papa
1664 301 1744 334 vm,

1337 354 1374 381 ad
1393 357 1570 388 perpetuam
1589 354 1636 381 rei
1649 355 1833 382 memoriam.

1255 408 1342 447 Quae
1362 409 1402 441 ad
1426 408 1618 441 Sanctorum
1649 407 1892 441 venerationem
1925 413 1957 441 et

1212 459 1357 493 fidelium
1378 471 1455 503 erga
1475 460 1562 505 ipsos
1593 461 1798 494 devotionem
1830 471 1955 503 augen-

1212 514 1285 547 dam
1306 514 1481 557 pertinent.
1505 525 1542 547 ea
1562 524 1621 547 nos
1639 514 1779 547 libenter
1798 515 1953 548 concedi-

1212 577 1293 607 mus,
1308 573 1406 610 prout
1426 567 1457 599 in
1478 567 1615 600 Domino
1635 567 1811 600 salubriter
1829 567 1959 612 conspi—

1212 621 1315 654 cimus
1332 621 1496 665 expedirc.
1589 613 1595 619 ’

1257 676 1273 715 ξ
1293 673 1324 706 ’1.
1347 674 1441 713 Sane,
1462 685 1536 707 cum
1566 674 1727 718 gloriosus
1755 667 1897 718 pontifex
1929 680 1960 708 et

1213 733 1334 772 martyr
1344 733 1472 761 sanctus
1481 727 1669 769 Stanislaus‚
1681 728 1834 768 Polonus,
1847 727 1878 760 in
1892 738 1959 760 ma-

1211 781 1294 813 xima
1315 782 1401 824 apud
1421 781 1588 814 universos
1600 782 1691 824 regni
1705 781 1858 815 Poloniae
1875 780 1960 814 chri-

1212 835 1366 868 stifideles
1379 835 1586 868 veneratione
1604 835 1728 874 existat,
1745 845 1870 879 nosque
1891 840 1959 868 tum

1213 888 1254 921 ob
1273 887 1471 931 peculiarem
1488 893 1633 921 nostram
1653 898 1730 931 erga
1750 888 1855 932 ipsum
1875 887 1968 922 San--

1213 947 1300 974 ctum
1321 941 1540 982 devotionem,
1563 946 1631 974 tum
1652 941 1694 974 ob
1714 947 1882 985 paternam
1903 951 1962 975 no-

1213 1000 1312 1028 stram
1334 994 1365 1026 in
1387 994 1508 1028 dictum
1528 1004 1664 1037 regnum
1685 994 1888 1035 charitatem,
1902 1004 1961 1028 no-

1213 1048 1340 1081 vissime
1360 1049 1399 1081 de
1419 1048 1554 1081 consilio
1567 1048 1802 1082 venerabilium
1825 1048 1960 1081 fratrum

1214 1107 1400 1134 nostrorum
1417 1102 1448 1135 S.
1472 1102 1508 1134 R.
1532 1101 1566 1134 E.
1591 1101 1804 1134 cardinalium
1826 1111 1962 1144 congre-

1214 1154 1352 1197 gationis
1372 1164 1538 1188 sacrorum
1560 1154 1694 1195 rituum,
1711 1155 1861 1188 eumdem
1890 1164 1962 1188 san-

1214 1214 1299 1242 ctum
1313 1209 1508 1243 Stanislaum
1522 1208 1711 1252 episcopum
1733 1214 1763 1241 et
1784 1213 1961 1253 martyrem

1215 1263 1246 1295 in
1267 1262 1490 1296 kalendarium
1513 1272 1686 1296 romanum
1707 1262 1841 1302 referri,
1865 1271 1902 1295 ac
1919 1261 1959 1295 de

1215 1317 1270 1349 illo
1301 1316 1420 1360 duplex
1446 1315 1587 1348 officium
1617 1327 1676 1360 per
1692 1316 1877 1349 universum
1909 1325 1962 1349 or-

1214 1369 1286 1402 bem
1309 1368 1520 1402 christianum
1541 1379 1558 1401 a
1579 1369 1665 1402 clero
1685 1369 1842 1402 saeculari
1862 1374 1893 1402 et.
1909 1379 1962 1402 re-

1215 1423 1317 1465 gulari
1335 1433 1373 1456 eo
1391 1423 1454 1461 die,
1471 1423 1526 1466 qui
1548 1422 1693 1456 eiusdem
1714 1422 1814 1456 sancti
1836 1427 1959 1466 marty-

1216 1477 1259 1510 ris
1280 1477 1359 1510 festo
1380 1476 1557 1520 proximior
1585 1476 1675 1509 nullo
1706 1476 1770 1510 alio
1804 1477 1883 1510 festo
1915 1481 1963 1509 est.

1217 1529 1390 1574 impeditus
1405 1542 1422 1569 ‚·
1440 1529 1597 1563 celebrari
1625 1529 1834 1568 iusserimus.
1866 1535 1963 1573 prout

1217 1583 1311 1616 etiam
1334 1594 1391 1627 per
1416 1588 1601 1626 praesentes
1622 1583 1782 1616 iubemus.

1262 1638 1278 1676 S
1299 1636 1329 1669 2.
1357 1637 1502 1680 Cumque
1519 1636 1632 1669 eadem
1652 1647 1819 1670 sacrorum
1840 1636 1961 1670 rituum

1217 1689 1426 1732 congregatio
1443 1688 1584 1722 officium
1605 1689 1651 1722 sic
1668 1689 1964 1729 celebrandum,ad

1218 1743 1303 1776 diem
1322 1742 1494 1786 septimum
1510 1742 1629 1776 mensis
1641 1742 1716 1776 maii
1734 1742 1878 1776 ciusdem
1892 1753 1964 1776 san-

1218 1796 1258 1829 cti
1282 1796 1434 1840 martyris
1453 1795 1538 1829 diem
1562 1796 1678 1829 festum
1699 1796 1844 1840 proxime
1864 1805 1961 1840 prae-

1218 1849 1385 1882 cedentem
1403 1876 1409 1886 ,
1443 1849 1533 1882 nullo
1563 1848 1627 1882 alio
1662 1850 1740 1882 festo
1773 1849 1964 1893 impeditum

1218 1902 1468 1935 adscribendum
1489 1913 1570 1943 esse,
1597 1908 1695 1946 atque
1717 1903 1747 1935 in
1778 1903 1893 1936 codem
1918 1903 1966 1936 of-

1219 1955 1304 1997 ficio,
1329 1956 1415 1999 quod
1437 1955 1496 1989 erit
1514 1956 1554 1989 de
1571 1956 1736 1989 communi
1759 1955 1854 1989 unius
1874 1948 1963 1989 mar*-

1219 2009 1312 2053 tyris,
1349 2009 1568 2053 insi-ascriptas
1598 2009 1780 2043 orationem
1806 2009 1813 2026 ¹
1840 2014 1871 2043 et
1904 2013 1967 2042 tres

1219 2063 1372 2096 lectiones
1393 2064 1431 2096 de
1457 2063 1557 2107 ipsius
1578 2063 1650 2102 vita,
1675 2064 1714 2096 ab
1736 2063 1803 2108 ipsa
1823 2072 1964 2106 congre-

1218 2117 1348 2157 gatione
1368 2117 1542 2159 diligenter
1555 2118 1752 2153 examinatas
1764 2123 1793 2151 ct
1807 2117 1968 2162 approba-

1220 2177 1265 2204 tas
1287 2171 1317 2204 iu
1335 2172 1478 2204 secundo
1499 2177 1660 2205 nortui-no
1681 2171 1863 2206 recitandas
1884 2181 1963 2206 cen·-

1218 2225 1328 2258 suerit.

1262 2278 1277 2320 ,ξ
1297 2279 1327 2312 53.
1346 2279 1408 2312 Nos
1428 2279 1467 2312 ad
1489 2279 1542 2312 Dei
1564 2279 1714 2321 gloriani,
1727 2279 1869 2313 eiusdem
1893 2289 1966 2313 san·-

1219 2331 1259 2365 ‹·ti
1292 2332 1442 2365 Stanislai
1479 2332 1719 2366 venerationem
1751 2338 1779 2365 et
1818 2332 1964 2367 fidelium

1218 2386 1419 2429 spiritualem
1440 2385 1708 2425 consolationem,
1731 2385 1815 2419 iuxta
1836 2385 1963 2430 praefa-

1220 2444 1268 2471 tae
1296 2438 1557 2481 congregationis
1582 2439 1795 2476 sententiam,
1822 2438 1964 2472 officium

1219 2491 1403 2525 lmiusmodi
1421 2492 1470 2538 *de
1491 2498 1601 2525 ςιιηιτιο
1626 2492 1785 2525 Stanistao
1811 2492 1965 2536 episcopo

1218 2550 1249 2577 vt
1271 2551 1424 2590 inuti-tyre,
1449 2545 1500 2578 die
1531 2545 1669 2589 septima
1694 2545 1768 2579 maii
1800 2545 1869 2579 eius
1899 2544 1964 2579 diei

1257 2617 1264 2643 l
1289 2616 1445 2643 Orationem
1465 2619 1493 2644 et
1512 2619 1566 2643 tres
1587 2616 1728 2651 lectiones,
1747 2624 1861 2652 qum-um
1877 2615 1921 2643 liic
1937 2615 1966 2644 ttt

1220 2661 1330 2695 tinctitio,
1351 2660 1499 2696 omisimus,
1522 2661 1585 2697 quin
1605 2661 1731 2697 leguntur
1747 2661 1772 2688 in
1788 2660 1864 2689 llrev.
1888 2660 1963 2689 llotn.

1973 252 2023 280 An.
2041 252 2099 281 c.t
2126 285 2169 294 >.

2010 420 2134 457 Exci-diuini.
2146 435 2148 439 ν

1988 685 2072 707 festum
2080 685 2103 708 S.
2110 690 2134 713 jj'

1974 712 2036 733 nislai
2042 712 2093 740 ubiq

1974 739 2111 761 teht-andum.-
2131 741 2143 757 ι’

2023 1644 2073 1667 Con
2116 1645 2131 1666 Γ*

1978 1671 2059 1693 cardin
2075 1687 2080 1692 .
2116 1672 2132 1686 ι’

1979 1698 2054 1720 ritihus
2082 1696 2140 1722 thus,¹

1978 1725 2084 1751 festumm·
2104 1739 2107 1741 >
2132 1744 2137 1748 .

1979 1752 2021 1779 psit
2029 1752 2056 1773 ad
2067 1750 2102 1772 cn·
2128 1767 2131 1778 Ἰ

1978 1778 2056 1800 int-usis
2069 1776 2122 1799 ωιῦ

1993 2282 2083 2308 onusta·
2095 2292 2097 2300 ⁴

1981 2310 2084 2332 Clemens.
