2253 3195
302 283 352 309 An.
374 283 402 310 C,
422 284 484 311 1601

315 1089 427 1113 lter-matio
436 1095 483 1110 con—

299 1117 421 1137 turiurum.

535 275 599 309 680

501 333 596 366 etiam
618 333 781 377 utrimque
802 334 897 367 iurati
919 334 1055 376 habere,
1079 340 1108 368 et
1129 346 1245 379 perpe-

501 392 555 419 tuo
575 386 740 427 obtinere,
769 397 908 431 suosque
925 388 1088 431 plenarios
1107 394 1138 422 et
1158 389 1241 422 inte-

500 450 574 481 gros
591 440 722 473 effectus
738 440 858 481 sortiri,
873 446 904 474 et
917 441 956 474 ab
974 441 1125 475 omnibus
1144 441 1244 475 invio-

500 493 614 526 labiter
626 493 799 526 observari.
823 494 938 538 Sicque
951 505 1009 538 per
1022 505 1244 539 quoscumque

499 546 620 580 iudices
631 547 813 580 ordinarios
825 553 855 580 et
868 548 1042 589 deleuatos
1060 548 1155 582 etiam
1171 559 1244 581 eau-

498 611 605 634 sarum
642 600 751 644 palatii
790 601 957 644 apostolici
994 602 1179 642 auditores,
1208 612 1244 634 ac

499 654 641 687 eiusdem
663 654 796 687 Sanctae
818 654 980 687 Romanae
997 655 1156 688 Ecclesiae
1176 665 1245 688 ear-

500 706 642 747 dinales,
685 707 811 740 sublata
849 707 894 741 eis
921 713 951 740 et
980 718 1092 741 eorum
1114 707 1242 741 cuilibet

499 760 610 804 quavis
639 760 731 794 aliter
759 761 923 794 iudicandi
952 767 983 795 et
1012 761 1244 805 interpretandi

498 814 647 847 facultate
668 819 698 847 et
718 814 909 847 auctoritate
923 842 930 855 ,
958 815 1078 858 ubique
1110 814 1244 848 iudicari

499 873 529 900 et
542 867 669 900 definiri
684 867 812 908 debere,
829 867 953 901 irritum
969 878 1098 911 quoque
1108 873 1137 901 et
1151 867 1245 901 inane

498 921 524 954 si
554 931 647 954 secus
672 931 770 965 super
798 921 846 954 bis
872 932 889 953 a
921 931 1101 965 quoquam,
1134 921 1245 964 quavis

499 974 707 1015 auctoritate,
730 978 786 1007 etc.
811 975 971 1007 attentari.

544 1030 560 1070 ξ
581 1028 611 1061 4.
644 1029 713 1062 Non
735 1028 937 1062 obstantibus
951 1056 958 1069 ,
987 1034 1145 1072 quatenus
1164 1038 1246 1072 opus

499 1081 549 1122 sit,
574 1082 613 1115 de
633 1092 698 1115 non
718 1082 863 1115 tollendo
883 1082 952 1115 iure
972 1082 1129 1126 quaesito,
1153 1082 1242 1115 aliis-

500 1146 562 1179 que
582 1136 778 1180 apostolicis,
799 1147 835 1169 ae
853 1136 884 1169 in
902 1135 1166 1180 provincialibus,
1189 1147 1242 1180 sy-

499 1189 671 1223 nodalibus
688 1195 718 1223 et
739 1189 973 1223 universalibus
986 1189 1131 1223 conciliis
1151 1189 1245 1222 editis

499 1243 692 1287 specialibus
713 1243 759 1276 rel
781 1243 986 1285 generalibus
1007 1242 1244 1276 constitutioni-

499 1296 559 1330 bus
577 1302 608 1329 et
627 1296 902 1337 ordinationibus,
930 1307 989 1330 nec
1010 1306 1075 1329 non
1096 1295 1245 1329 eeclesia-

499 1361 583 1390 rum,
605 1350 637 1382 in
657 1350 774 1394 quibus
790 1350 947 1384 beneficia
967 1350 1151 1383 huiusmodi
1173 1350 1242 1383 sue-

498 1403 573 1443 rint,
594 1413 629 1436 ac
651 1413 837 1444 regnorum,
860 1403 1113 1448 provinciarum,
1134 1403 1242 1436 domi—

499 1456 626 1490 niorum
635 1462 665 1489 et
673 1456 849 1489 insularum
860 1456 1056 1497 huiusmodi,
1064 1456 1244 1490 iuramento

499 1508 746 1542 confirmatione
767 1509 960 1553 apostolica,
991 1509 1038 1543 rel
1060 1509 1171 1553 quavis
1188 1508 1244 1541 fir-

500 1562 609 1596 mitate
630 1562 704 1603 alia,
727 1563 888 1596 roboratis
911 1563 1036 1596 statutis
1057 1568 1087 1596 et
1111 1573 1243 1596 eonsue-

500 1616 666 1649 tudinibus
679 1643 686 1656 ,
716 1615 811 1649 eliam
833 1615 1038 1660 quantumvis
1057 1615 1244 1658 longissimo

500 1676 645 1713 tempore
680 1669 858 1703 observatis
873 1697 880 1709 ‚
916 1680 952 1702 ac
984 1669 1108 1712 tegibus
1148 1670 1242 1703 etiam

500 1723 749 1767 municipalibus
781 1729 812 1756 et
849 1723 1074 1766 pragmaticis,
1110 1723 1244 1767 aliisque

499 1775 737 1815 sanctionibus;
760 1775 924 1820 privilegis
949 1786 1090 1820 quoque,
1115 1776 1245 1809 indultis

499 1836 528 1863 et
551 1829 663 1862 litteris
683 1829 886 1873 apostolicis,
908 1829 1001 1862 etiam
1023 1840 1120 1873 super
1140 1830 1242 1863 sacul-

502 1889 563 1916 tatc
589 1882 745 1915 beneficia
765 1882 929 1926 praedicta
956 1882 1032 1926 ipsis
1056 1882 1245 1925 alienigenis

499 1935 708 1975 conserendi,
742 1946 797 1968 seu
829 1935 868 1968 de
901 1935 962 1968 illis
982 1929 1245 1979 providendisac

499 1989 577 2022 alias
597 1988 841 2033 quomodolibet
863 1987 1074 2031 disponendi,
1095 1988 1245 2032 ipsosque

500 2042 697 2084 alienigenas
721 2041 760 2074 ad
783 2041 956 2080 beneficia,
981 2042 1101 2074 fruetus
1119 2048 1146 2075 et
1168 2053 1244 2086 pen-

499 2096 605 2128 siones
617 2094 988 2138 huiusmodireeipiendi
1011 2101 1041 2128 et
1054 2095 1243 2128 admittendi

499 2150 618 2183 eisdem
641 2148 801 2187 ecclesiis,
823 2148 1017 2192 illarumque
1043 2149 1244 2192 praesulibus

500 2210 529 2235 vt
550 2202 719 2246 capitulis,
741 2212 868 2238 necnon
891 2201 1019 2243 regnis.
1050 2202 1240 2245 provinciis,

500 2256 663 2295 dontinus,
687 2261 715 2288 et
733 2255 844 2288 insulis
865 2255 1048 2298 praedictis,
1066 2266 1243 2299 eorumqua-

499 2309 795 2347 ‹zonnnunitatibus,
813 2308 1086 2347 univ‹.·=·.<na1it›ns,
1105 2308 1244 2341 1101111111-

501 2364 569 2402 bus,
587 2362 699 2395 incolis
719 2368 747 2394 et
762 2361 906 2405 personis
919 2362 1244 2406 sub‹piilutsciunque

502 2416 664 2448 tenoribus
691 2422 718 2448 et
748 2415 877 2455 tin-mis,
911 2426 946 2447 :tr
967 2426 1040 2448 cnut
1067 2415 1241 2459 quibusriS,

501 2469 594 2501 vniam
616 2468 894 2509 dero-,iatoriarinu
914 2468 1138 2509 derogatoriis.
1160 2468 1244 2500 aliis-

501 2533 562 2564 ιμιι-
584 2521 818 2554 ‹·tli··aci‹n·iluis
843 2527 870 2553 vt
907 2521 1042 2554 insolitis
1073 2521 1240 2559 clausulis,

502 2585 628 2606 nec-unu
645 2574 842 2607 irritmitibus
855 2580 883 2606 et
895 2574 965 2606 aliis
986 2573 1241 2612 111·1’1“1·Ιίς,1·11;1111

502 2627 562 2658 viui
585 2627 677 2659 validi
711 2634 737 2659 1-1
771 2627 908 2659 vulcani>-
947 2632 1149 2663 vonum-tus,
1185 2638 1240 2659 seu

502 2680 607 2711 >nunti
638 2680 780 2722 perpetui
814 2681 858 2711 1ϊ1
891 2680 966 2718 lepis
1001 2680 1191 2711 imin-utilius
1213 2686 1240 2712 1-1

1087 287 1271 311 BULLARIUM
1291 287 1445 312 ROMANUM

1278 335 1504 369 inducentibus
1527 347 1586 380 per
1617 347 1838 381 quoscumque
1857 337 2019 372 Romanos

1278 388 1460 430 Pontifices,
1477 390 1741 433 praedecessores
1749 396 1888 432 nostros,
1911 401 1948 424 ae
1961 401 2020 424 nos

1278 447 1308 474 et
1329 441 1446 475 dietam
1468 442 1601 483 Sedem,
1626 443 1721 476 etiam
1744 448 1849 484 motu,
1887 443 2020 477 scientia

1278 500 1309 527 et
1327 495 1493 538 potestatis
1512 495 1712 539 plenitudine
1735 496 1905 537 similibus,
1925 496 2020 529 etiam

1278 547 1554 589 consistorialiter,
1578 560 1634 582 seu
1659 549 1754 582 etiam
1780 550 1820 582 ad
1845 550 2020 593 imperato-

1279 600 1333 642 ris,
1353 612 1478 644 regum,
1500 602 1684 644 reginarum
1697 613 1755 636 seu
1774 602 1912 636 aliorum
1932 603 2022 646 prin-

1278 654 1386 698 cipum
1407 655 1603 696 instantiam,
1627 656 1674 688 vel
1687 666 1799 689 eorum
1821 656 2020 700 contempla-

1278 707 1363 740 tione
1385 714 1412 741 et
1436 708 1564 749 intuitu,
1589 709 1620 741 in
1641 719 1758 751 genere
1779 710 1826 743 rel
1848 710 1879 742 in
1899 709 2018 753 speeie,

1277 766 1332 794 aut
1352 761 1429 794 alias
1449 762 1704 805 quomodolibet,
1721 763 1815 796 etiam
1837 762 1957 796 iteratis
1978 762 2022 794 vi-

1278 814 1370 847 cibus
1394 815 1564 856 concessis,
1592 815 1778 859 approbatis
1797 821 1828 849 et
1848 815 2017 849 innovatis.

1277 868 1398 907 Quibus
1419 868 1582 909 omnibus,
1603 869 1727 902 etiamsi
1749 869 1788 902 de
1809 869 1870 902 illis
1892 879 2022 902 eorum-

1277 932 1340 964 que
1361 921 1434 954 totis
1454 921 1636 962 tenoribus,
1660 922 1824 965 specialis,
1857 922 2018 966 specifica,

1278 985 1425 1018 expressa
1455 981 1485 1008 et
1505 975 1690 1016 individua,
1715 986 1750 1009 ac
1781 976 1820 1009 de
1852 976 1950 1009 verbo
1981 976 2021 1009 ad

1278 1027 1422 1069 verbum,
1443 1038 1507 1061 non
1529 1034 1635 1062 autem
1657 1039 1714 1073 per
1742 1029 1900 1062 clausulas
1923 1039 2020 1072 gene-

1279 1081 1361 1115 rales
1374 1081 1459 1114 idem
1481 1081 1703 1126 importantes,
1719 1082 1841 1116 mentio
1853 1093 1909 1115 seu
1923 1092 2021 1126 quae-

1278 1134 1323 1167 vis
1353 1134 1416 1167 alia
1446 1135 1608 1179 expressio
1633 1135 1802 1176 habenda,
1829 1141 1884 1168 aut
1913 1135 2021 1179 aliqua

1279 1188 1340 1221 alia
1361 1188 1515 1232 exquisita
1535 1189 1635 1222 forma
1662 1189 1701 1222 ad
1721 1189 1782 1222 hoc
1803 1189 1959 1222 servanda
1975 1189 2022 1222 so-

1278 1248 1337 1283 ret,
1361 1242 1490 1275 illorum
1512 1242 1657 1275 omnium
1678 1248 1709 1276 et
1738 1242 1939 1285 singulorum
1970 1248 2018 1276 te-

1278 1305 1374 1328 nores
1386 1295 1609 1339 praesentibus
1623 1306 1681 1340 pro
1691 1295 2021 1339 sufficienterexpres—

1277 1349 1319 1382 sis
1340 1354 1369 1382 et
1390 1349 1517 1382 insertis
1538 1349 1703 1390 babentes,
1732 1349 1794 1383 illis
1814 1349 1892 1383 alias
1910 1349 1940 1382 in
1961 1359 2020 1382 suo

1278 1402 1395 1436 robore
1421 1403 1661 1447 permansuris,
1685 1403 1745 1436 hac
1764 1402 1831 1436 vice
1857 1402 2021 1436 dumtaxat

1279 1456 1391 1489 barum
1407 1456 1488 1489 serie
1508 1456 1690 1500 specialiter
1707 1462 1738 1490 et
1757 1466 1905 1500 expresse
1925 1456 2021 1489 dero-

1277 1521 1401 1554 gamus,
1418 1511 1617 1554 caeterisque
1625 1511 1794 1544 contrariis
1807 1510 2018 1555 quibuscum-

1277 1574 1350 1607 que.
1375 1564 1529 1597 Volumus
1550 1570 1655 1597 autem
1677 1565 1763 1608 quod
1777 1574 1929 1608 praesens
1946 1573 2022 1597 con-

1277 1617 1390 1658 cessio,
1411 1617 1570 1651 indultum
1586 1628 1621 1651 ac
1642 1623 1793 1651 statutum
1816 1628 1870 1651 eos
1884 1622 2023 1650 tantum-

1278 1671 1375 1704 modo
1395 1671 1590 1713 alienigenas
1610 1682 1626 1703 a
1649 1670 1813 1704 beneflciis
1841 1676 1870 1704 et
1888 1670 2018 1714 pensio—

1277 1724 1372 1757 nibus
1390 1724 1420 1757 in
1442 1724 1526 1758 dicto
1544 1735 1643 1767 regno
1661 1724 1825 1758 Sardiniae
1839 1723 2022 1757 obtinendis

1278 1777 1444 1817 excludat,
1469 1777 1523 1820 qui
1550 1777 1580 1810 in
1611 1777 1660 1810 liis
1679 1777 1807 1820 regnis,
1832 1777 2017 1821 provinciis,

1278 1830 1430 1864 dominiis
1445 1857 1452 1871 ,
1477 1830 1587 1863 insulis
1622 1835 1654 1864 et
1674 1830 1752 1864 locis
1773 1830 1837 1863 nati
1858 1835 1943 1870 sunt,
1965 1829 2020 1862 ubi

1279 1883 1448 1926 indigenae
1461 1883 1536 1916 dieti
1551 1883 1640 1926 regni
1661 1883 1828 1916 Sardiniae
1848 1881 2018 1922 beneficia,

1279 1940 1400 1970 t'ruetus
1414 1942 1443 1969 et
1455 1936 1625 1980 pensiones
1634 1936 1780 1970 obtinere
1793 1935 2018 1980 probibentur,

1279 1990 1321 2023 ita
1354 1996 1384 2023 ut
1411 1990 1528 2023 caeteri
1559 2000 1672 2023 omnes
1703 2001 1738 2023 ex
1764 1989 2022 2033 quibuscumque

1279 2043 1406 2085 regnis,
1441 2042 1633 2086 proviin-iis,
1657 2042 1809 2076 dominiis
1823 2070 1830 2083 ‚
1861 2041 1971 2075 insulis
1991 2046 2022 2074 et

1279 2096 1356 2129 lovis
1388 2096 1469 2136 orti,
1499 2096 1528 2128 in
1560 2096 1677 2139 quibus
1699 2096 1869 2138 indigenae
1889 2094 2022 2139 praesnti

1278 2150 1367 2191 regni
1385 2149 1553 2183 Sardiniae
1568 2149 1734 2190 beneficia,
1752 2150 1872 2183 fructus
1892 2159 1928 2182 ac
1941 2158 2021 2193 pen-

1277 2204 1383 2237 siones
1403 2203 1586 2236 huiusmodi
1617 2203 1763 2236 obtinere
1795 2209 1825 2236 et
1855 2202 2021 2246 pei-copim

1278 2260 1422 2298 possunt,
1440 2254 1533 2287 ctiam
1546 2254 1584 2287 ad
1595 2254 1710 2286 siutilia
1721 2253 1887 2294 beneficia,
1903 2253 2022 2287 fruetus

1278 2314 1307 2340 et
1328 2307 1497 2351 pensiones
1519 2307 1548 2339 in
1568 2307 1653 2339 dieto
1675 2317 1773 2349 regno
1793 2306 1959 2340 Sardiniae
1977 2305 2018 2338 li-

1278 2361 1354 2394 bere
1372 2367 1401 2394 et
1414 2361 1644 2401 inditttwontex,
1661 2361 1782 2404 absque
1795 2360 1903 2404 aliquo
1915 2359 2021 2394 obsta-

1277 2414 1372 2451 culo,
1397 2413 1531 2457 perinde
1552 2425 1588 2446 ae
1613 2413 1637 2446 si
1661 2413 1777 2446 ibidem
1811 2413 1875 2446 uati
1901 2418 2017 2451 essent,

1279 2466 1413 2499 vicissim
1428 2466 1553 2499 admitti
1572 2467 1720 2506 debeant,
1731 2472 1758 2499 et
1778 2466 1816 2499 ad
1831 2466 1882 2498 illa
1897 2465 2020 2498 habiles

1277 2525 1305 2552 vt
1319 2530 1452 2563 rapaces
1473 2526 1672 2552 censeantur.

1321 2573 1402 2606 Nulli
1414 2584 1491 2613 «ergo
1502 2574 1635 2606 (mulino
1648 2573 1815 2606 bominum
1830 2573 1920 2605 liceat
1937 2571 2018 2604 1111111·
2032 2607 2044 2620 n

1278 2626 1426 2669 paginam
1449 2633 1649 2662 nostrarum,
1673 2631 1727 2658 vec.

1320 2679 1349 2711 Si
1370 2680 1440 2722 quis
1462 2686 1584 2715 nutum,
1608 2684 1661 2711 vla:

2059 2573 2074 2592 S

2047 2601 2086 2620 alis

2077 2572 2148 2593 aurito
2178 2572 2181 2573 ⁷
