2253 3195
37 290 82 316 An.
99 288 128 315 C.
147 286 212 313 ¹602

837 283 984 306 CLEMENS
1006 283 1062 305 vm
1084 283 1134 305 Pr.

230 334 309 367 viter
333 344 559 367 conversorum
594 333 624 365 in
657 344 727 365 vcra
761 339 787 365 ct
816 332 970 366 catholica

233 390 293 422 tide
322 388 531 421 instructione
556 387 704 430 expedire
732 386 794 418 risa
831 386 969 423 suerunt,

230 449 257 476 et
299 441 454 474 maturius
491 440 712 477 consideratis,
751 450 786 471 ac
827 437 971 481 diligenti

231 507 305 529 cura
333 493 523 539 perpensis,
551 498 752 537 compertum
789 492 859 531 suit,
887 492 972 535 quod

231 554 411 593 expugnato
425 558 482 591 per
495 547 680 586 catholicos,
693 551 723 579 et
741 557 757 578 a
768 545 882 579 Christi
897 545 973 578 Cru-

232 604 276 636 cis
301 602 445 635 hostibus
471 606 659 644 recuperato
678 600 837 642 praesenti
862 599 972 631 Valen-

233 657 293 690 tiae
307 666 425 699 regno,
441 661 468 688 et
491 654 629 698 expulsis
644 654 682 685 ab
701 653 812 686 eodem
834 657 974 694 postmo-

233 711 330 746 dutn,
354 709 393 742 de
419 719 503 741 anno
529 707 673 740 videlicet
701 717 716 738 a
753 705 974 747 Christopnato

233 773 362 803 tiinxxri,
382 773 439 806 per
459 762 607 795 Carolum
625 760 660 800 V,
681 761 899 792 Romanorum
918 758 975 791 im-

233 809 413 861 peratorem
428 822 456 848 et
474 814 641 859 Hispaniae
660 823 766 856 regem
787 812 975 845 immortalis

233 869 419 909 memoriae,
447 868 624 907 Saracenis,
644 867 674 900 in
693 867 762 910 ipso
778 873 851 899 tune
879 876 976 909 regno

234 923 528 961 commorantibus,
554 932 589 953 at·
615 921 742 954 illorum
774 920 919 963 plurimis
945 919 976 951 in

235 975 371 1009 Africam
399 974 676 1012 trans-serentum,
698 980 727 1007 et
741 974 809 1018 ipso
824 979 899 1006 tune
912 983 976 1005 non

235 1029 343 1074 paucis
360 1029 391 1062 in
406 1030 464 1063 hoc
483 1039 582 1072 regno
605 1027 857 1066 remanentibus,
879 1033 905 1059 et
923 1037 978 1070 per

235 1086 292 1117 hos
319 1084 434 1117 Christi
459 1077 616 1127 baptismo
632 1088 801 1125 suscepto,
822 1081 905 1113 idem
924 1081 978 1113 Ca-

235 1138 322 1171 rolus
339 1138 524 1181 imperator,
543 1135 771 1179 neophitorum
794 1134 978 1167 huiusmodi

235 1203 293 1236 pro
311 1202 368 1224 suo
379 1190 646 1224 christianissimo
658 1190 724 1222 zelo
735 1189 978 1222 instructionem

238 1246 396 1278 ferventer
422 1243 626 1282 desiderans,
658 1254 673 1274 a
708 1242 807 1276 felicis
833 1241 981 1275 recorda-

237 1298 332 1331 tionis
357 1298 519 1331 Clemente
542 1297 624 1340 Papa
643 1296 706 1336 Vll,
724 1295 906 1329 Sanctitatis
926 1296 981 1328 Ve-

236 1357 319 1384 strae
337 1351 595 1395 praedecessore,
619 1350 810 1393 apostolicas
829 1356 982 1393 opportu-

234 1417 291 1438 nas
308 1404 672 1448 obtinuitetimpetravit
691 1404 823 1443 litteras,
845 1414 981 1446 quarum

237 1459 345 1502 vigore
363 1459 544 1502 Alphonsus
565 1458 743 1501 Manrique,
767 1463 842 1490 tune
867 1457 978 1500 Inqui-

237 1513 315 1546 sitor
340 1512 509 1556 Hispaniae
531 1510 697 1555 generalis,
724 1522 780 1556 per
808 1521 882 1544 suos
908 1511 982 1544 sub—

236 1567 419 1610 delegatos,
443 1577 507 1599 una
525 1576 598 1599 cum
615 1565 772 1609 episeopis
797 1566 844 1599 rel
869 1576 980 1599 eorum

236 1621 374 1661 vicariis,
395 1622 511 1654 multas
536 1619 568 1653 in
593 1619 778 1652 huiusmodi
805 1619 978 1663 neophito-

239 1686 308 1708 rum
336 1675 413 1708 locis
439 1674 477 1707 de
503 1685 588 1707 anno
614 1673 757 1707 videlicet
779 1684 919 1707 »mxxxiv
932 1686 982 1707 ee-

225 1727 349 1767 ,clesias
369 1728 570 1771 parochiales
587 1727 619 1760 in
634 1728 692 1759 hae
708 1728 893 1771 pracsertim
912 1738 980 1760 mea
998 1753 999 1762 ,

238 1781 461 1825 Segobrieensi
478 1781 616 1814 dioecesi
636 1781 746 1819 crexit,
769 1787 796 1813 ct
819 1780 917 1813 multa
938 1781 982 1814 lo-

238 1846 349 1869 corum
374 1835 571 1873 huiusmodi,
593 1841 622 1868 et
648 1835 776 1868 illorum
795 1834 947 1867 eeclesias
965 1845 981 1866 a

238 1889 302 1922 suis
315 1888 455 1932 antiquis
470 1888 656 1922 matricibus
676 1887 911 1932 parochialibus
925 1899 978 1921 se-

238 1942 380 1986 paravit,
406 1953 485 1986 quas
524 1942 568 1975 sit·
601 1942 725 1975 noviter
757 1942 917 1975 institutas
952 1948 982 1975 et.

239 2002 361 2030 erectas
395 1995 593 2039 parochiales
626 1995 799 2035 ecclesias,
831 2006 982 2029 successu

239 2050 404 2093 temporis,
428 2050 533 2082 minus
557 2049 983 2093 competentibusreditibus

240 2104 364 2136 dotatas
378 2102 486 2142 fuisse,
503 2109 535 2136 ut
556 2103 696 2147 ipsarum
716 2102 836 2146 proprii
852 2103 981 2146 parochi

239 2156 324 2200 apud
358 2157 485 2190 easdem
519 2157 680 2197 residere,
719 2163 745 2190 et
778 2157 982 2190 instructioni

240 2210 399 2254 praefatae
424 2222 533 2244 vacare
559 2217 710 2254 possent:
739 2210 838 2243 immo
853 2216 1001 2254 propter<

241 2264 471 2307 parochialium
491 2265 674 2298 huiusmodi
695 2264 897 2303 tenuitatem,
917 2264 984 2296 illa-

241 2329 311 2350 rum
338 2329 400 2351 non
427 2329 544 2362 paucas
562 2317 700 2361 propriis
719 2317 857 2351 caruisse
882 2323 984 2350 recto-

242 2373 340 2412 ribus,
369 2379 399 2406 et
420 2383 473 2405 eos
494 2372 548 2415 qui
567 2371 730 2414 aliquibus
748 2381 855 2403 carum
875 2381 984 2413 praee-

242 2432 323 2467 rant,
343 2425 533 2459 eruditionis
558 2431 588 2458 et
613 2424 780 2457 doetrinae
806 2423 844 2455 ad
862 2423 985 2456 noviter

242 2490 412 2512 conversos
436 2478 620 2511 huiusmodi
654 2478 684 2510 in
716 2476 878 2519 religionis
903 2476 985 2509 chri-

242 2533 362 2566 stianae
388 2532 564 2576 praeceptis
597 2530 824 2567 instituendos,
859 2540 986 2573 prorsus

243 2587 370 2630 ignaros
396 2596 463 2618 esse
482 2584 727 2628 comprobatum
750 2584 826 2623 luit,
854 2583 983 2627 quibus,

244 2645 275 2673 et,
293 2639 361 2672 aliis
387 2639 425 2671 de
451 2640 555 2672 causis
585 2638 750 2681 Philippus
784 2637 807 2669 11
834 2643 910 2670 tune
935 2636 987 2669 lli-

244 2693 429 2736 spaniarum
457 2703 509 2726 rex
536 2691 712 2726 catholicus
743 2691 916 2725 memoriae
941 2690 987 2723 in-

1655 267 1719 298 813

1008 330 1152 364 delebilis
1172 330 1341 366 adductus,
1370 341 1406 362 ac
1424 327 1635 361 incommodis
1660 336 1749 370 prae-

1007 384 1097 417 dictis
1115 383 1264 419 obviare,
1289 394 1323 415 ac
1345 382 1482 415 salutare
1507 381 1636 425 aliquod
1662 386 1750 413 tanto

1008 438 1091 469 malo
1127 437 1279 469 adbibere
1318 436 1495 469 remedium
1533 435 1749 478 maximopere

1007 490 1204 527 desiderans,
1225 482 1390 533 signanter
1405 500 1476 522 cum
1503 488 1561 521 sibi
1585 489 1624 521 ab
1642 493 1750 531 aperto

1007 550 1164 577 constaret
1184 544 1307 577 noviter
1329 553 1498 577 conversos
1519 541 1702 575 huiusmodi
1721 542 1751 574 in

1009 597 1174 630 volutabro
1200 597 1498 629 mahometanorum
1521 606 1667 628 errorum
1694 595 1752 627 im-

1009 650 1182 694 [audenter
1192 650 1346 693 provolvi,
1360 655 1391 682 ut
1408 655 1482 682 tunt·
1494 648 1752 692 archiepiscopus

1008 704 1253 743 Valentinensis,
1280 703 1480 736 Dertusensis
1516 709 1545 736 et
1577 702 1751 735 Oriolensis

1009 758 1148 801 episcopi
1176 757 1313 801 aliique,
1334 763 1361 789 et
1389 756 1521 790 scientia
1550 762 1580 789 et
1605 756 1752 788 doctrina

1010 822 1044 843 ac
1061 822 1166 844 rerum
1190 810 1388 853 agendarum
1411 810 1596 842 dexteritate
1616 808 1751 852 praediti

1011 864 1066 897 viri
1086 864 1117 896 in
1144 864 1272 897 cix-itate
1294 862 1478 899 Valentinav
1514 867 1548 894 ut
1575 861 1698 904 digesto
1723 867 1753 894 et

1012 923 1149 956 maturo,
1171 923 1203 949 ut
1223 927 1281 960 par
1298 922 1377 954 erat,
1400 915 1545 952 consilio,
1573 913 1651 957 quid
1670 914 1701 946 in
1721 925 1753 946 re

1012 970 1183 1013 tamgrard,
1197 969 1301 1012 inqua
1320 969 1358 1001 de
1372 969 1551 1001 animarum
1569 967 1754 1000 discrimine

1013 1024 1179 1067 agebatur,
1191 1023 1394 1056 statuendum
1415 1023 1508 1063 soret,
1522 1022 1583 1054 sibi
1594 1022 1755 1065 aperirent

1013 1075 1145 1109 curavit.
1171 1076 1229 1114 Qui
1248 1086 1359 1109 omnes
1384 1075 1415 1108 in
1441 1076 1522 1108 hanc
1540 1079 1755 1108 convenerunt

1014 1130 1218 1168 sententiam,
1247 1135 1281 1162 ut
1301 1129 1490 1162 auctoritate
1512 1128 1600 1161 Sedis
1625 1129 1755 1172 Aposto—

1015 1182 1108 1221 licae,
1125 1181 1354 1226 parochialium
1375 1182 1581 1215 ecclesiarum
1597 1182 1626 1214 in
1642 1181 1755 1224 aliqui-

1015 1235 1073 1267 bus
1084 1235 1207 1267 noviter
1227 1245 1450 1268 conversorum
1465 1234 1649 1268 huiusmodi
1664 1235 1754 1274 loeis,

1016 1288 1194 1331 antiquitus
1220 1294 1417 1327 erectarum,
1443 1300 1479 1321 ac
1497 1289 1605 1321 minus
1630 1299 1756 1332 compe-

1016 1348 1119 1376 tenter
1148 1343 1355 1382 dotatarum,
1380 1353 1480 1386 usque
1517 1343 1555 1375 ad
1596 1353 1754 1374 summam

1017 1403 1145 1430 centum
1172 1396 1326 1429 librarum
1361 1402 1509 1429 monetae
1538 1396 1569 1429 in
1597 1396 1756 1440 praesenti

1017 1461 1115 1493 regno
1130 1460 1258 1483 cursum
1274 1449 1636 1493 habentis,augerentur
1653 1449 1754 1489 dotes,

1016 1510 1045 1538 el
1062 1506 1094 1538 in
1120 1504 1251 1547 reliquis
1277 1504 1354 1537 locis
1378 1505 1526 1548 praelatis
1551 1503 1588 1536 ad
1616 1504 1677 1537 hoc
1701 1514 1757 1546 op-

1016 1558 1165 1602 portunis
1191 1557 1270 1591 aliae
1290 1557 1410 1590 similes
1430 1557 1468 1589 de
1493 1567 1573 1589 novo
1599 1557 1757 1600 erigeren-

1016 1619 1077 1652 tur,
1091 1611 1302 1645 fundarentur
1320 1617 1348 1645 et
1368 1616 1588 1655 competenter
1606 1610 1755 1644 dotaren-

1016 1673 1068 1700 tur
1081 1664 1279 1709 parochiales
1295 1664 1460 1703 eeclesiae,
1476 1664 1593 1707 quilms
1608 1664 1757 1697 omnibus

1016 1719 1155 1763 proprii,
1189 1729 1224 1751 ac
1250 1718 1356 1751 idonei
1390 1724 1532 1762 pastores
1563 1724 1590 1751 et
1619 1724 1757 1751 rectores

1016 1773 1277 1818 praeficerentur,
1294 1773 1360 1815 qui,
1378 1783 1434 1805 sua
1449 1772 1593 1805 doctrina
1610 1778 1638 1805 et
1654 1783 1758 1805 exem-

1015 1828 1086 1870 plo,
1114 1827 1197 1870 apud
1224 1836 1296 1858 oves
1317 1826 1462 1870 proprias
1484 1825 1675 1864 residentes,
1702 1836 1759 1869 per

1016 1880 1164 1914 salutaris
1201 1880 1366 1913 doctrinae
1408 1886 1435 1912 et
1469 1879 1541 1912 fidei
1584 1879 1759 1913 catholicae

1016 1935 1241 1968 amoenissima
1266 1935 1392 1977 paseula
1418 1945 1491 1966 oves
1524 1934 1605 1977 ipsas
1631 1943 1759 1976 pascere

1017 1990 1047 2022 in
1074 1988 1209 2021 Domino
1228 1987 1378 2020 valerent.
1403 1987 1461 2025 Qui
1481 1987 1611 2030 quidem
1631 1987 1755 2019 arehie-

1016 2043 1165 2087 piscopus
1191 2040 1441 2079 valentinensis,
1462 2051 1533 2073 mco
1560 2045 1635 2073 tunc
1663 2039 1758 2072 mini-

1017 2097 1114 2130 sterio
1142 2106 1230 2135 usus,
1258 2094 1493 2139 parochialium
1509 2105 1584 2127 suae
1605 2094 1759 2127 dioecesis

1017 2150 1204 2190 erectiones,
1233 2147 1551 2186 dismembrationes,
1580 2147 1759 2180 dotationes

1017 2210 1045 2237 et
1062 2203 1183 2237 (lotium
1197 2201 1403 2234 adauctiones
1418 2200 1450 2233 in
1465 2199 1592 2244 scriptis
1603 2200 1757 2240 redactas,

1017 2258 1055 2290 ad
1078 2257 1108 2290 S.
1127 2256 1241 2290 Sedem
1264 2255 1472 2299 apostolicam
1485 2254 1758 2292 aliastransmisit,

1018 2322 1098 2355 quac
1116 2310 1222 2343 omnia
1244 2320 1300 2353 per
1318 2308 1418 2342 t'elieis
1438 2307 1666 2341 reeordationis
1685 2308 1760 2340 Gre-

1018 2364 1144 2408 gorium
1171 2364 1288 2406 Papam
1316 2363 1405 2399 xtlt,
1442 2367 1537 2406 prout
1563 2361 1593 2394 in
1620 2361 1759 2405 quodam

1001 2419 1101 2450 'libro
1138 2417 1177 2449 ab
1206 2417 1317 2450 eodem
1344 2415 1585 2460 archiepiscopo
1617 2416 1761 2449 consecto

1001 2470 1261 2504 *vontinehauuu
1290 2471 1416 2503 duobus
1441 2469 1479 2502 atl
1511 2469 1541 2502 id
1576 2469 1758 2512 apostolicis

1020 2524 1180 2560 brevibus,
1194 2525 1293 2556 altero
1311 2524 1371 2555 suh
1395 2523 1515 2556 stiexvu
1529 2522 1594 2554 iulii
1612 2532 1762 2558 MDLxxri,

1021 2584 1119 2616 altero
1130 2582 1180 2615 die
1200 2592 1259 2615 xxx
1279 2581 1404 2625 augusti
1433 2581 1588 2614 mensium
1614 2591 1763 2613 tstDLxxvu

1022 2646 1177 2668 annorum
1212 2635 1337 2668 Domini
1375 2634 1527 2679 expeditis
1563 2635 1762 2674 contirmata,

1022 2696 1053 2723 et
1078 2689 1279 2733 Apostolicae
1304 2689 1394 2722 Sedis
1413 2689 1591 2722 munimine
1617 2689 1763 2721 roborata

1766 275 1814 301 An.
1832 275 1861 300 C.
1882 274 1948 300 1602

1786 1349 1843 1373 Quae
1859 1348 1897 1368 sub
1909 1348 1956 1368 Plu-

1773 1377 1829 1401 hppo
1847 1382 1859 1396 11
1874 1378 1957 1397 auctae.

1773 1409 1797 1423 ae
1812 1402 1897 1422 dotatae
1913 1401 1958 1421 l'ue-

1773 1431 1827 1449 runt.
