2253 3195
282 241 332 269 An.
348 242 377 270 C.
399 243 467 272 ¹599

303 1741 415 1762 Confirmat
429 1741 473 1762 Clo-

289 1774 354 1789 monn.

512 233 576 268 502

485 304 691 339 mosynarum
710 298 918 337 quaestorum
933 293 1062 334 abusus,
1072 298 1226 326 statutum

485 347 535 388 sit,
559 357 671 380 eorum
689 356 829 386 nomen,
853 351 949 390 atque
973 356 1065 379 usum
1099 346 1228 389 penitus

485 400 692 440 abolendum,
715 410 775 432 nec
789 399 874 444 ipsos
887 400 927 433 ad
947 399 1095 433 effectum
1116 399 1228 433 huius-

486 454 574 487 modi
590 454 803 487 exercendum
818 453 979 486 ullatenus
996 453 1224 495 admittendos,

485 507 517 540 in
530 507 574 540 eis
586 512 693 540 tamen
707 507 984 552 eleemosynarum
999 507 1224 552 hospitalibus,

484 561 517 594 in
537 561 654 605 quibus
682 561 882 605 hospitalitas
902 566 974 595 actu
1004 561 1224 602 exercebatur,

484 615 524 648 ad
545 625 657 648 eorum
679 615 944 649 sustentationem
965 625 984 648 a
1007 615 1130 649 devotis
1144 615 1228 649 chri-

483 668 676 702 stifidelibus
696 668 823 711 erogari
843 668 1012 702 solitarum
1037 669 1227 713 perquisitio

484 727 516 755 et
534 721 682 755 collectio
707 722 746 755 ab
767 721 909 755 honestis
928 722 1095 766 personis,
1128 722 1228 756 hone-

484 780 598 819 stoque
611 775 708 809 modo
720 776 802 809 facta
815 785 879 808 non
890 775 1113 819 prohibeatur.
1123 775 1228 815 Quare

485 828 589 862 dictus
609 828 767 862 Henricus
788 839 842 862 rex
862 839 1019 869 asserens,
1042 840 1075 862 se
1096 839 1114 862 a
1127 829 1227 872 regali

485 888 516 916 et
536 881 713 916 christiano
745 888 915 916 stemmate
946 882 1089 916 eiusdem
1122 882 1228 917 Sancti

485 935 636 969 Ludovici
657 935 816 979 originem
837 936 972 975 ducere,
993 941 1126 980 propter
1143 935 1229 969 illius

484 989 615 1032 vestigia
627 990 667 1023 ad
681 990 839 1034 hospitale
856 990 963 1025 Sancti
984 990 1122 1033 Remigii
1135 1001 1229 1034 prae-

487 1043 608 1076 dictum
640 1044 837 1086 singularem
873 1044 1051 1078 devotionis
1077 1044 1227 1078 affectum

486 1107 614 1139 gerere,
631 1107 668 1130 ac
688 1097 847 1142 syndicos,
870 1097 1104 1141 gubernatores
1123 1104 1153 1132 et
1166 1098 1225 1131 ad-

486 1151 720 1184 ministratores
740 1151 815 1185 dicti
837 1151 1005 1195 hospitalis
1018 1162 1055 1184 ex
1064 1151 1228 1195 primariis

487 1204 610 1238 civibus
632 1204 735 1238 dictae
757 1205 903 1246 civitatis,
926 1205 1119 1249 parlamenti
1140 1205 1228 1239 Pari-

487 1257 599 1292 siensis
609 1258 753 1298 existere,
764 1258 950 1292 nominibus
958 1258 1129 1302 praedictis
1137 1259 1229 1292 nobis

487 1311 654 1344 humiliter
662 1311 835 1356 supplicari
846 1311 1094 1356 fecit‚quatenus
1108 1312 1227 1346 eisdem

488 1365 674 1409 privilegiis,
696 1365 839 1405 indultis,
863 1365 1075 1406 libertatibus,
1099 1376 1230 1399 conces-

488 1418 634 1452 sionibus
665 1424 693 1452 et
725 1419 836 1461 gratiis
862 1430 921 1463 pro
943 1419 1070 1452 illarum
1091 1419 1229 1453 firmiori

489 1472 695 1506 subsistentia
711 1499 718 1512 ‚
745 1472 846 1506 robur
877 1472 1133 1507 confirmationis
1153 1484 1230 1517 apo-

488 1525 619 1559 stolicae
648 1525 799 1566 adiicere,
833 1536 870 1559 ac
889 1526 968 1560 alias
993 1526 1025 1560 in
1045 1527 1230 1571 praemissis

488 1585 670 1624 opportune
690 1579 860 1624 providere
878 1580 916 1614 de
930 1580 1128 1623 benignitate
1146 1591 1227 1625 apo-

488 1633 600 1667 stolica
621 1634 840 1676 dignaremur.

535 1688 551 1729 5
572 1686 602 1720 6.
627 1687 690 1721 Nos
707 1687 815 1730 igitur,
831 1687 885 1731 qui
907 1687 968 1732 piis
988 1687 1132 1722 fidelium
1151 1699 1232 1733 quo-

491 1740 642 1774 rumlibet
658 1768 665 1781 ,
699 1741 888 1784 pracsertim
910 1751 1022 1784 regum
1036 1768 1043 1781 ‚
1065 1741 1232 1775 desideriis

490 1793 529 1827 ad
556 1793 762 1838 hospitalium
782 1799 811 1827 et
836 1805 1015 1838 pauperum
1037 1794 1068 1828 in
1091 1795 1151 1828 illis
1171 1795 1229 1829 de-

490 1847 633 1890 gentium
655 1847 900 1885 subventionem
916 1853 946 1881 ct
966 1849 1231 1882 sustentationem

490 1900 728 1944 pertinentibus
759 1900 897 1934 libenter
916 1901 1108 1942 annuimus,
1132 1912 1233 1946 eaque

490 1954 650 1987 favoribus
670 1954 898 1998 prosequimur
911 1955 1112 1999 opportunis,
1128 1956 1235 2000 syndi-

491 2017 555 2046 eos,
570 2007 802 2049 gubernatores
811 2014 841 2041 et
854 2008 1130 2042 administratores
1140 2019 1233 2053 prae-

492 2061 616 2101 dictos,
645 2071 826 2104 corumque
852 2061 996 2103 singulos
1021 2073 1038 2094 a
1071 2062 1235 2106 quibusvis

492 2114 834 2148 excommunicationis
849 2142 856 2155 ,
894 2114 1112 2159 suspcntionis
1129 2121 1160 2149 et
1179 2115 1209 2148 in
1226 2135 1230 2139 -

493 2168 631 2208 terdicti‚
655 2168 790 2212 aliisque
809 2168 1033 2202 ecclesiasticis
1053 2169 1231 2209 sententiis,

492 2222 637 2255 censuris
660 2228 691 2255 et
710 2222 823 2266 poenis
843 2233 861 2256 a
882 2222 950 2255 iure
972 2223 1018 2255 vel
1040 2223 1079 2256 ab
1101 2223 1233 2257 bomine

492 2275 602 2319 quavis
623 2275 791 2309 occasione
806 2276 852 2309 vel
867 2287 962 2309 causa
981 2277 1061 2316 latis,
1078 2277 1102 2310 si
1118 2278 1236 2321 quibus

492 2329 738 2372 quomodolibet
759 2329 901 2363 innodati
923 2329 1080 2370 existunt,
1101 2330 1140 2363 ad
1161 2331 1236 2363 ell'e-

493 2389 578 2415 etum
601 2383 818 2426 praesentium
841 2384 1005 2416 dumtaxat
1027 2395 1231 2427 consequen-

493 2436 701 2476 ‹lnm,liarum
716 2437 1017 2476 serie,absolventt.·s
1027 2443 1056 2469 et
1071 2437 1236 2470 absolutos

493 2491 560 2521 fore
581 2495 765 2530 censentes,
790 2501 846 2524 nec
868 2501 931 2523 non
964 2491 1165 2533 singularum
1188 2491 1237 2524 lit-

496 2549 636 2576 terarum
663 2544 900 2587 praedictarum
929 2550 1056 2578 tenores
1086 2555 1237 2588 praesen-

496 2596 580 2628 tibus
601 2608 658 2640 pro
677 2598 833 2640 expressis
851 2598 1004 2631 babentes
1017 2625 1024 2638 ,
1049 2598 1235 2631 huiusmodi

495 2649 784 2693 supplicationibus
805 2651 969 2692 inclinati,
994 2652 1102 2686 omnia
1123 2658 1153 2686 et
1173 2652 1237 2685 sin-

1065 245 1250 270 BULLARIUM
1270 245 1425 271 ROMANUM

1261 294 1336 337 gula
1349 294 1527 339 privilegia,
1543 295 1678 337 indulta,
1688 297 1866 339 libertates,
1882 298 2000 332 immu-

1261 347 1388 388 nitates,
1411 348 1645 391 indulgentias,
1673 351 1893 393 remissiones,
1917 363 1997 386 con-

1261 401 1421 435 cessiones
1449 409 1480 436 et
1499 402 1617 445 gratias
1642 403 1681 436 ab
1702 403 1822 437 eisdem
1843 405 1929 439 Sixto
1949 406 1997 446 lV,

1261 455 1443 489 Alexandro
1463 456 1512 497 Vl,
1535 456 1616 490 Iulio
1635 457 1672 497 11,
1700 457 1796 490 etiam
1818 458 1894 491 dum
1915 459 2001 502 lega-

1262 508 1357 542 tionis
1395 519 1530 543 munere
1563 511 1751 553 fungeretur
1765 538 1773 551 ,
1799 512 1905 545 Leone
1924 513 1950 546 X
1971 518 2002 546 et

1261 562 1424 597 Clemente
1443 563 1494 597 VH
1509 590 1516 604 ,
1540 563 1676 608 aliisque
1696 565 1849 599 Romanis
1869 566 2002 599 Pontifi-

1261 616 1351 650 cibus
1370 617 1673 660 praedecessoribus
1690 618 1807 652 nostris
1820 645 1827 657 ,
1850 618 2001 663 hospitali

1261 669 1368 703 Sancti
1393 670 1546 713 Remigii,
1569 670 1720 715 illiusque
1749 671 1923 715 magistris,
1947 672 2003 706 ad-

1262 723 1535 758 ministratoribus
1550 752 1557 765 ,
1581 725 1796 759 confratribus
1810 753 1818 766 ‚
1841 725 2003 759 servitori-

1262 776 1333 816 bus,
1357 776 1496 818 nuntiis,
1527 777 1788 812 benefactoribus
1815 778 1999 822 praedictis,

1263 829 1479 863 communiter
1502 830 1552 863 vel
1578 830 1771 875 specialiter,
1794 842 1854 865 nec
1873 842 1938 865 non
1958 831 2000 864 li-

1262 882 1402 916 bertates
1419 889 1451 917 et
1469 883 1688 928 exemptiones
1704 884 1917 918 saecularium
1932 895 2004 918 exa-

1263 936 1407 970 ctionum
1419 947 1437 969 a
1449 937 1578 980 regibus
1592 944 1620 971 et
1631 937 1844 982 principibus,
1867 938 2003 982 aliisque

1263 989 1526 1024 christifidelibus
1543 1001 1694 1025 concessa
1703 996 1734 1025 et
1748 991 1893 1034 elargita,
1910 992 2004 1025 dum-

1264 1044 1361 1077 modo
1393 1044 1500 1088 quoad
1532 1049 1717 1088 praesentes
1744 1054 1810 1078 non
1835 1055 2000 1089 expressa,

1263 1097 1319 1131 illa
1338 1097 1401 1131 sint
1424 1097 1456 1130 in
1477 1108 1548 1138 usu,
1572 1108 1609 1131 ac
1629 1097 1716 1131 licita
1733 1103 1764 1131 et
1783 1098 1933 1139 honesta,
1955 1109 2003 1132 sa-

1263 1151 1391 1196 crisque
1411 1152 1608 1192 canonibus,
1632 1157 1662 1186 et
1682 1152 1758 1185 dicti
1779 1152 1912 1186 Concilii
1935 1152 2005 1186 Tri-

1263 1205 1386 1239 dentini
1413 1205 1550 1239 decretis
1575 1205 1709 1239 minime
1730 1206 1903 1239 contraria.

2021 249 2060 275 An

2066 248 2200 277 ,0.1599

1308 1261 1324 1302 ς
1338 1259 1367 1292 7.
1382 1259 1446 1293 Nec
1456 1269 1521 1293 non
1535 1260 1642 1303 quoad
1659 1260 1842 1294 facultatem
1863 1260 2004 1294 habendi
2018 1266 2205 1320 mxcffioorglgg}
2252 1269 2253 1273 ¹

1263 1323 1394 1356 capsam
1410 1323 1466 1346 seu
1487 1318 1617 1346 truncos
1637 1313 1685 1346 bis
1705 1313 1850 1357 quolibet
1866 1323 1951 1347 anno
1972 1322 2004 1347 tn
2019 1319 2204 1346 mosynaudsor-

2019 1353 2074 1367 nmm
2083 1348 2152 1367 tannen
2159 1346 2204 1367 Tri-

1262 1366 1398 1409 singulis
1415 1366 1491 1399 dicti
1511 1366 1602 1409 regni
1623 1366 1777 1407 ecclesiis,
1800 1366 2003 1410 quatenusid
2020 1372 2205 1395 dentiuiCoucilii-

1264 1419 1359 1452 etiam
1381 1418 1416 1452 fil.
1436 1418 1468 1451 in
1486 1429 1557 1459 usu,
1582 1419 1666 1453 dicta
1693 1419 1869 1463 apostolica
1888 1425 2002 1454 aucto-

1264 1473 1367 1514 ritate,
1389 1478 1499 1507 tenore
1519 1473 1750 1517 praesentium,
1773 1479 1931 1518 perpetuo
1951 1485 2007 1518 ap·

1265 1526 1442 1571 probamus
1462 1532 1492 1560 et
1504 1526 1748 1568 confirmamus,
1763 1537 1800 1561 ac
1814 1527 1876 1561 illis
1896 1527 2007 1572 plena-

1265 1580 1331 1613 riae
1349 1585 1380 1613 et
1400 1579 1593 1614 inviolabilis
1621 1579 1783 1614 firmitatis
1802 1580 1903 1614 robur
1928 1580 2009 1614 adii-

1266 1634 1386 1673 cimus,
1411 1643 1588 1677 omnesque
1615 1639 1646 1667 et
1664 1633 1809 1677 singulos
1831 1639 1894 1668 tam
1915 1634 2005 1676 iuris,

1266 1697 1362 1731 quam
1385 1686 1458 1720 sacti
1480 1687 1621 1720 defectus
1634 1714 1641 1727 ,
1664 1686 1689 1720 si
1710 1686 1765 1731 qui
1786 1687 1893 1720 forsan
1911 1687 2009 1721 inter-

1266 1741 1409 1774 venerint
1420 1740 1452 1773 in
1466 1740 1600 1781 eisdem,
1614 1740 1812 1784 supplemus,
1833 1746 1863 1774 et
1883 1740 2005 1774 nibilo-

1268 1794 1373 1828 minus
1393 1805 1480 1828 nunc
1499 1800 1530 1828 et
1549 1805 1610 1838 pro
1630 1800 1776 1838 tempore
1797 1794 2008 1828 existentibus

1267 1848 1418 1893 syndicis,
1436 1847 1709 1891 gubernatoribus
1723 1853 1753 1881 et
1767 1847 2008 1882 administrato-

1268 1902 1357 1935 ribus
1368 1901 1534 1946 hospitalis
1544 1901 1651 1934 Sancti
1661 1901 1796 1944 Remigii
1809 1900 2006 1942 huiusmodi,

1268 1962 1303 1989 ut
1323 1957 1362 1990 de
1383 1961 1511 1989 caetero
1531 1955 1695 1999 perpetuis
1715 1955 1828 1988 futuris
1849 1955 2004 1999 tempori-

1269 2009 1346 2049 bus,
1381 2009 1479 2053 petita
1501 2014 1531 2041 et
1548 2008 1679 2042 obtenta
1710 2008 1742 2041 in
1773 2008 1886 2052 primis
1917 2008 2010 2042 annis

1268 2062 1402 2105 singulis
1420 2063 1564 2096 locorum
1583 2061 1760 2096 Ordinariis
1781 2062 1812 2094 in
1832 2061 2009 2106 scriptisli-

1268 2116 1489 2160 centia‚quam
1506 2115 1564 2160 ipsi
1578 2115 1738 2149 Ordinarii
1761 2115 1894 2149 omnino
1912 2114 2009 2158 gratis

1268 2171 1344 2204 dare
1365 2170 1515 2209 debeant,
1539 2170 1769 2213 eleemosynas,
1786 2174 1817 2203 et
1833 2178 2009 2213 quaecum-

1269 2235 1330 2267 que
1351 2224 1413 2257 alia
1434 2223 1598 2257 ‹tliaritatis
1615 2223 1759 2256 subsidia
1780 2233 1838 2267 per
1854 2232 2009 2266 personas

1269 2277 1423 2310 honestae
1442 2277 1523 2310 vitae
1543 2277 1582 2310 ad
1598 2277 1628 2310 id
1649 2277 1688 2310 ab
1703 2276 1779 2320 ipsis
1792 2275 1935 2317 sindicis,
1954 2287 2012 2318 gu-

1270 2330 1496 2364 bernatoribus
1525 2335 1555 2364 ct
1591 2329 1909 2363 administratoribus
1951 2339 2011 2373 pro

1271 2391 1415 2428 tempore
1435 2384 1613 2427 deputatas,
1630 2384 1670 2417 ad
1691 2394 1783 2416 usum
1806 2382 1881 2416 dicti
1900 2382 2009 2426 bospi-

1271 2437 1342 2471 talis
1362 2437 1468 2471 Sancti
1488 2437 1636 2479 ltemigii,
1661 2437 1810 2480 illiusque
1831 2445 2010 2480 pauperum

1271 2491 1301 2524 in
1323 2491 1472 2525 universo
1494 2501 1594 2534 regno
1615 2490 1790 2535 praedicto,
1814 2501 1851 2523 ac
1875 2488 2010 2532 singulis

1270 2545 1338 2578 eius
1352 2545 1536 2589 provinciis,
1552 2544 1743 2584 civitatibus,
1762 2543 1870 2581 terris.
1886 2541 2008 2584 burgis,

1271 2599 1362 2638 villis,
1386 2604 1418 2632 ct
1439 2599 1517 2632 locis
1553 2597 1676 2642 exquiri
1697 2603 1728 2631 et
1758 2595 1865 2638 colligi
1888 2596 2007 2634 facere,

1271 2652 1406 2696 illasque
1433 2658 1463 2686 et
1492 2652 1546 2685 illa
1565 2651 1709 2695 recipcre
1737 2655 1767 2683 et
1787 2650 1892 2683 levare
1909 2648 2010 2681 libere
