2253 3195
291 272 340 299 An.
362 273 391 300 C.
409 273 473 301 {601

319 597 376 618 flant·
388 596 474 617 formam

290 623 317 643 ab
326 623 422 644 omnibus
430 623 476 652 cleg

291 655 349 670 HM'BS
393 654 474 669 ΒΘῙῚᾶΙἾ

289 675 401 703 praecipit

526 264 588 299 7222

490 324 612 357 animas
636 324 754 367 ligandi
779 329 874 368 atque
899 325 1067 367 solvendi,
1106 326 1158 359 ille
1183 337 1238 360 vos

490 377 632 411 absolvat
657 377 696 409 ab
722 378 809 410 omni
834 378 961 412 vinculo
979 379 1182 421 delictorum,
1202 386 1237 413 ut

490 429 632 463 babeatis
657 430 752 463 vitam
777 437 941 465 aeternam
958 460 965 472 ,
1007 439 1039 466 et
1072 433 1182 466 vivatis
1206 433 1237 466 in

490 482 615 516 saecula
640 485 852 518 saeculorum.

535 535 622 578 513.
651 536 750 575 Quam
777 538 907 581 quidem
932 541 1068 574 sormam
1086 547 1117 574 et
1141 547 1238 574 teno-

490 599 557 622 rem
573 590 756 633 praedictos
779 603 796 624 a
822 603 985 636 quoquam
1002 593 1160 634 innovari,
1180 593 1239 626 im-

491 644 620 685 mutari,
648 645 712 679 sive
737 645 896 689 impediri,
925 647 954 679 in
977 647 1092 680 virtute
1110 653 1238 680 sanetae

491 697 709 737 obedientiae,
743 704 774 732 ct
809 699 868 732 sub
898 701 1239 735 excommunicationis

489 761 592 794 poena
610 762 648 784 eo
673 752 743 795 ipso
767 753 964 787 incurrenda
977 755 1110 788 omnino
1129 755 1238 799 probi-

489 803 613 845 bemus,
641 811 670 838 et
689 806 867 840 seeundum
892 819 979 849 eam,
1004 804 1235 853 esnonaliter.

489 856 582 890 liceat
620 858 793 902 praedictis
828 860 983 893 fratribus
1023 861 1054 894 in
1093 861 1237 895 futurum

488 911 651 953 praedicta
676 912 876 947 absolutione
901 919 932 947 et
954 915 1165 955 orationibus,
1185 926 1240 959 pa-

488 963 579 997 cifice
605 971 636 999 et
661 966 768 1009 quiete
794 967 858 1008 uti,
888 968 966 1007 frui,
986 969 1081 1012 potiri
1107 977 1136 1003 et
1154 980 1235 1012 gau-

489 1018 578 1058 dere,
600 1019 860 1064 quibuscumque
885 1032 949 1055 non
968 1022 1179 1056 obstantibus.
1204 1023 1238 1056 ln

489 1082 628 1115 quorum
662 1073 807 1106 omnium
841 1079 872 1108 et
905 1075 1105 1119 singulorum
1143 1076 1239 1109 fidem

489 1126 546 1159 has
556 1132 740 1170 praesentes
754 1133 879 1162 nostras
891 1129 1013 1162 litteras
1027 1129 1140 1163 exinde
1156 1130 1237 1169 fieri,

490 1185 522 1214 et.
544 1190 601 1224 per
619 1181 923 1216 reverendissimum
947 1183 1119 1216 Dominum
1151 1183 1236 1217 Pau-

490 1235 556 1267 lum
597 1233 638 1267 de
674 1235 785 1279 Cui-te,
806 1235 992 1280 episcopum
1030 1237 1238 1271 iserniensem

490 1294 636 1322 nostrum
661 1289 926 1332 viccsgerentem,
947 1300 1005 1323 nec
1029 1301 1093 1324 non
1119 1301 1171 1335 per
1183 1302 1239 1324 no-

491 1342 609 1376 tarium
635 1342 745 1377 Curiae
771 1350 900 1377 nostrae
921 1344 1095 1384 subscribi,
1122 1345 1239 1388 sigilli—

491 1406 553 1438 que
578 1396 691 1436 nostri,
719 1407 784 1440 quo
808 1397 840 1430 in
867 1398 981 1431 talibus
999 1399 1131 1434 utimur.
1150 1399 1239 1432 iussi-

492 1447 562 1482 mus
575 1455 605 1483 et
622 1449 755 1483 fecimus
781 1451 990 1494 impressione
1009 1452 1137 1484 muniri.

535 1503 648 1536 Datum
667 1504 786 1537 Romae
805 1515 841 1537 ex
859 1504 991 1538 aedibus
1009 1506 1137 1540 nostris.
1155 1516 1239 1539 anno

491 1567 507 1588 a
545 1556 709 1590 nativitate
743 1557 866 1590 Domini
902 1559 1004 1591 nostri
1029 1559 1097 1591 lesu
1125 1559 1238 1592 Christi

493 1609 664 1644 millesimo
688 1612 939 1650 sexcentesimo,
971 1612 1146 1647 indictione
1179 1613 1240 1646 de-

492 1717 587 1758 maii,
615 1718 821 1762 pontificatus
837 1720 1030 1753 sanctissimi
1059 1721 1089 1753 in
1115 1721 1240 1755 Cbristo

493 1771 594 1804 Patris
611 1777 642 1805 et
659 1772 908 1814 Domininostri‚
926 1775 1051 1809 Domini
1071 1775 1241 1808 Clementis
1256 1791 1259 1811 3
1273 1767 1374 1802 dictas
1399 1766 1554 1805 civitates,
1580 1773 1680 1799 terras
1709 1772 1736 1799 et
1759 1767 1829 1800 loca
1849 1766 2019 1800 comitatus

493 1823 598 1858 divina
623 1825 825 1869 providentia
859 1838 959 1870 papae
991 1829 1117 1867 octavi,
1157 1838 1240 1862 anno

492 1878 560 1912 eius
577 1889 672 1913 nono.

546 1959 676 1992 Paulus
695 1960 801 2004 Episc.
824 1961 998 1995 Iserniens.
1029 1962 1182 2006 Vicesyer‚

788 2248 933 2283 CCLXlll.

495 2355 718 2388 Committilur
750 2355 922 2398 viceleqaeo
955 2356 1173 2389 Arcm'onensi
1202 2342 1257 2389 nt¹

538 2424 625 2451 cure!
655 2419 690 2450 ιή
720 2419 881 2453 Comr'latic
910 2419 1099 2452 l'en‘aissino
1127 2419 1234 2453 obscr-

538 2480 610 2512 1'ar1'
634 2481 896 2514 constitutionem
917 2480 954 2513 de
975 2481 1055 2513 bono
1080 2481 1239 2524 reqi'mi'ne

538 2542 704 2575 redituum
739 2543 1014 2576 communitatum
1042 2543 1153 2576 Status
1181 2543 1256 2584 Εεη

1080 278 1263 302 nummum
1285 279 1439 303 nOMANUM

493 1664 575 1698 eima
615 1665 725 1706 tertia,
754 1665 804 1699 die
837 1676 910 1699 vero
940 1666 1091 1709 vigesima
1125 1668 1260 1735 niensis*

1254 2207 1334 2240 xquo
1355 2196 1484 2240 plenam
1518 2200 1548 2228 et
1580 2195 1720 2239 amplam
1753 2194 1808 2228 tibi
1831 2195 2016 2229 facultatem

1254 2422 1341 2445 =rurn
1363 2410 1538 2450 civitatum,
1561 2415 1719 2443 terrarum
1740 2415 1769 2443 et
1790 2410 1934 2443 locorum
1956 2409 2016 2443 liu-

1253 2452 1422 2501 liusmodi,
1440 2463 1535 2496 etiam
1558 2463 1751 2501 iuramento,
1769 2461 2014 2496 confirmatione

539 2604 713 2638 clesiastici
725 2605 743 2637 '.

535 2687 541 2711 t
566 2684 602 2711 12«
621 2684 726 2720 [leger.
744 2695 768 2711 in
790 2685 880 2714 Scri-et
915 2686 1045 2714 Brevium.
1254 2654 1257 2677 i

2033 279 2082 306 An.
2103 279 2131 307 C.
2148 282 2187 308 trz

1274 327 1442 354 venerabili
1460 327 1550 355 frat-ri
1566 328 1667 356 carolo
1682 328 1822 364 episcopo
1830 328 2017 357 Anconitano

1307 371 1338 398 in
1370 371 1494 399 civitate
1514 375 1618 400 nostra
1645 373 1845 401 Avenionensi
1872 376 1904 401 et
1930 373 2019 401 comi-

1306 419 1376 443 tatu
1394 416 1573 444 venaissino
1593 417 1761 452 vicelegato

1445 474 1602 506 Clemens
1623 476 1719 517 Papa
1739 475 1833 506 vm.

1280 533 1468 561 Venerabilis
1487 534 1592 567 frater,
1609 535 1739 562 salutem
1759 537 1791 562 et
1810 518 2009 568 apostolicam

1515 579 1766 607 benedictionem.

1317 644 1333 684 g
1349 642 1378 674 1.
1395 642 1566 685 Cupientes
1579 652 1639 686 pro
1659 647 1768 676 nostra
1788 647 1922 686 paterna
1941 653 2019 686 erga
2065 654 2176 689 cte-nens}

1272 695 1418 729 subditos
1438 701 1566 729 nostros
1587 695 1755 736 charitate,
1771 701 1807 729 ut
1827 697 2017 730 eorumdem
2031 683 2118 738 ῗῗῷῗὲω.

1271 749 1476 782 subditorum
1518 755 1725 790 nostrorum,
1762 755 1791 783 et
1825 749 2016 794 praesertim
2032 734 2169 798 iffiiif'd'i's

1273 803 1544 836 communitatum
1559 809 1590 837 et.
1604 803 1850 837 universitatum
1870 804 1956 837 bona
1969 813 2019 837 re·
2033 789 2149 809 immone
2165 797 2174 808 '³

1273 863 1321 890 cte
1353 857 1638 897 administrentur,
1673 857 1895 901 superioribus
1927 857 2019 890 annis

1273 910 1536 943 constitutionem
1557 921 1654 954 super
1677 911 1764 944 bono
1784 910 1942 953 regimine
1962 921 2015 943 re-

1274 963 1398 997 dituum
1428 969 1458 996 et
1496 963 1657 996 bonorum
1688 963 1959 996 communitatum
1987 968 2019 996 et

1273 1016 1517 1050 universitatum
1544 1016 1651 1050 Status
1679 1016 1781 1050 nostri
1803 1016 2019 1050 Ecclesiastici

1274 1071 1445 1109 edidimus,
1470 1070 1561 1103 cuius
1582 1071 1744 1114 exemplar
1769 1081 1873 1114 nuper
1894 1070 1949 1103 tibi
1979 1069 2019 1104 ad

1274 1125 1439 1162 effectum,
1472 1130 1507 1157 ut
1534 1124 1622 1156 illam
1655 1124 1686 1156 in
1719 1124 1845 1157 civitate
1876 1124 2016 1157 Arenio-

1273 1178 1364 1211 nensi
1386 1177 1551 1211 observari
1574 1177 1707 1218 faceres,
1731 1177 1980 1210 transmisimus.

1319 1234 1334 1274 5
1356 1231 1386 1264 02.
1402 1231 1503 1265 Huius
1523 1236 1630 1264 autem
1649 1231 1888 1264 constitutionis
1909 1231 2019 1264 obser·
2064 1238 2159 1270 Ειιιμι

1274 1285 1412 1318 varitiam
1433 1285 1463 1318 in
1487 1285 1682 1323 civitatibus,
1706 1285 1799 1318 terris
1820 1290 1849 1317 et
1870 1284 1949 1318 locis
1965 1295 2018 1318 co·
2033 1271 2172 1339 &fviii-¹09⁹,

1274 1339 1405 1372 mitatus
1424 1338 1526 1371 nostri
1547 1338 1723 1371 Yenaissini
1748 1337 1910 1371 introduci
1932 1348 2019 1371 sum·
2054 1323 2162 1340 mansino

1275 1404 1405 1437 mopere
1437 1392 1602 1436 cupimus:
1627 1397 1658 1424 et
1682 1397 1853 1435 propterea
1875 1392 1914 1425 de
1945 1397 2018 1426 tuae

1274 1445 1481 1479 fraternitatis
1502 1445 1576 1483 fide,
1593 1445 1766 1489 prudentia
1787 1451 1817 1479 et
1838 1445 2019 1488 integritate

1274 1500 1450 1544 plurimum
1470 1499 1500 1531 in
1522 1499 1658 1532 Domino
1679 1498 1803 1539 contisi,
1828 1499 1932 1532 eidem
1951 1499 2016 1532 sra-

1273 1554 1413 1587 ternitati
1437 1559 1508 1586 tuae
1533 1564 1591 1597 per
1619 1558 1807 1596 praesentes
1837 1552 2016 1586 committi-

1273 1618 1344 1640 mus
1361 1613 1391 1640 et
1409 1607 1617 1647 mandamus,
1642 1612 1676 1639 ut
1696 1606 1840 1640 eiusdem
1863 1606 2018 1640 coustitu-

1273 1660 1369 1694 tionis
1383 1662 1492 1704 (quam
1515 1671 1588 1693 cum
1610 1659 1762 1693 omnibus
1782 1665 1812 1693 et
1831 1659 1966 1702 singulis
1986 1659 2018 1693 in

1273 1714 1317 1748 eis
1338 1713 1497 1747 contentis
1511 1713 1662 1746 clausulis
1676 1719 1705 1746 et
1720 1713 1858 1747 decretis
1871 1713 1910 1746 ad
1925 1723 2018 1758 prae-

1272 1820 1461 1860 Venaissini,
1481 1830 1660 1864 eorumque
1677 1820 1935 1858 communitates,
1948 1820 2019 1854 uni-

1272 1875 1437 1908 versitates
1457 1881 1487 1907 et
1519 1873 1667 1907 homines
1688 1873 1879 1906 nominatim
1908 1879 2017 1907 exten-

1272 1928 1389 1969 dimus,
1419 1937 1539 1972 eosque
1560 1927 1838 1971 comprehendere
1868 1927 2017 1962 volumus

1272 1988 1302 2015 et
1322 1982 1536 2021 declaramus,
1551 1981 1685 2025 perinde
1699 1991 1735 2014 ac
1752 1981 1777 2014 si
1792 1981 1823 2014 in
1845 1981 1928 2015 dicta
1941 1991 2018 2015 con-

1271 2035 1436 2068 stitutione
1450 2034 1642 2068 nominatim
1661 2034 1799 2078 expressi
1822 2039 1852 2067 et
1871 2044 2018 2078 compre-

1271 2088 1361 2121 hensi
1385 2087 1531 2129 fuissent)
1546 2087 1802 2127 observantiam,
1817 2087 2017 2121 'auctoritate

1271 2147 1379 2174 nostra
1397 2140 1586 2184 apostolica,
1609 2140 1771 2174 introduci
1793 2150 1896 2182 cures,
1920 2150 2018 2186 super

1271 2256 1301 2284 et
1332 2249 1558 2283 auctoritatem
1592 2259 1649 2292 per
1679 2254 1862 2292 praesentes
1891 2247 2012 2292 imper-

1272 2309 1379 2338 timur.

1316 2360 1331 2397 ξ
1354 2357 1383 2390 3,
1408 2358 1476 2390 Non
1498 2356 1698 2390 obstantibus
1719 2356 1884 2400 quibusvis
1909 2356 2012 2390 dicta-

1271 2516 1458 2561 apostolica,
1482 2516 1528 2550 vel
1550 2516 1661 2560 quavis
1682 2515 1834 2548 firmitate
1861 2515 1924 2548 alia
1955 2525 2012 2548 ro-

1270 2570 1392 2604 boratis
1413 2569 1538 2603 statutis
1567 2575 1597 2602 et
1628 2568 1926 2608 consuetudinibus,
1950 2567 2013 2612 pri-

1271 2623 1392 2666 vilegiis
1420 2633 1565 2667 quoque,
1590 2622 1720 2656 indultis
1741 2627 1771 2656 et
1798 2620 1910 2655 litteris
1929 2629 2014 2666 apo-

1270 2677 1389 2711 stolicis
1411 2676 1530 2710 eisdem
1554 2675 1747 2715 civitatibus,
1773 2673 1864 2708 terris
1885 2679 1916 2707 et
1934 2673 2014 2708 locis
