2253 3195
3 263 29 282 n.
49 253 76 279 C.
94 251 159 280 10002

10 1269 89 1290 Poenas
97 1270 166 1289 tamon

0 1296 93 1323 inpositas
118 1301 168 1315 con—

0 1328 19 1344 ra
49 1322 168 1349 superiores

0 1349 85 1370 >rdinum
106 1354 167 1375 prae-

2 1378 63 1398 errat.

20 1688 128 1716 Decretum
144 1695 169 1715 ir-

0 1722 53 1743 ·itans
62 1721 155 1748 apponit.

19 2383 124 2408 Contraria
140 2388 176 2409 tol-

0 2410 69 2433 liuntur.

4 2570 6 2573 v
13 2543 112 2572 Exemplis
120 2547 177 2568 credi

2 2571 63 2592 iubet.

792 249 939 273 CLEMENS
960 248 1016 272 VIII
1038 249 1087 272 ΓΡ.

174 299 325 332 fratribus
344 298 459 332 nostris
477 298 611 333 Sanctae
629 299 792 331 Romanae
814 298 921 330 Eccle-

174 353 239 386 siae
264 353 480 386 cardinalibus
500 363 597 396 super
622 351 764 394 negociis
785 348 917 394 Episco-

174 417 291 450 porum
311 412 341 439 et
361 406 568 448 Regularium
592 405 763 448 deputatis,
788 405 918 437 consul-

176 460 295 493 tatione
317 460 523 503 praehabita,
548 471 583 493 ex
606 460 733 493 illorum
764 458 921 491 sententia

175 519 204 546 et
235 519 330 553 voto,
359 513 605 546 constitutiones
634 512 814 556 praedictas
846 511 921 544 Sixti

175 567 455 610 praedecessoris,
477 566 583 610 quoad
615 577 684 598 eam
714 571 836 609 partem
866 575 924 608 per

176 631 272 664 quam
288 631 413 661 eorum,
430 620 485 663 qui
506 620 641 652 sormam
662 619 692 652 in
713 619 833 652 eisdem
848 629 923 652 con-

176 673 396 706 stitutionibus
409 672 640 717 praescriptam
661 673 699 705 de
714 678 841 705 caetero
861 682 923 704 non

176 727 388 767 servaverint,
417 732 447 759 et
472 726 580 770 quoad
609 726 689 758 alios
710 726 805 759 etiam
833 736 924 758 casus

177 779 296 812 ibidem
324 790 500 823 expressos,
525 780 556 811 in
582 779 699 823 quibus
719 783 922 822 receptorum

178 833 210 865 in
242 833 502 877 quibuscumque
538 833 635 866 etiam
673 832 922 866 Mendicantium

177 885 349 920 Ordinibus
374 886 529 930 professio
561 887 649 919 nulla
670 887 862 923 declaratur,
885 885 923 917 ad

180 939 333 972 terminos
369 939 448 972 iuris
476 945 507 972 et
537 950 702 972 sacrorum
740 948 921 978 canonum,

179 992 312 1036 perinde
330 1003 366 1025 ac
384 992 409 1024 si
427 992 613 1036 praedictae
634 991 882 1025 constitutiones
895 991 924 1022 in

180 1046 233 1078 illa
253 1051 343 1089 parte
363 1045 468 1078 editae
488 1056 553 1078 non
573 1045 717 1083 fuissent,
735 1044 925 1077 auctoritate

179 1099 378 1142 apostolica,
409 1104 519 1132 tenore
556 1098 799 1142 praesentium,
830 1089 926 1130 redu-

181 1162 294 1185 ennus.
441 1180 445 1188 ,

226 1207 242 1247 ξ
263 1205 294 1238 4.
315 1206 481 1239 Caeterum
502 1216 624 1249 poenas
642 1211 754 1238 contra
774 1204 923 1248 superio-

182 1269 232 1292 res
245 1269 527 1303 quorumcumque
547 1259 703 1292 Ordinum
725 1258 820 1291 etiam
843 1258 927 1290 Men-

183 1313 357 1346 dicantium
377 1312 575 1351 huiusmodi,
591 1312 645 1356 qui
667 1313 697 1345 in
720 1311 927 1345 admittendis

182 1366 385 1409 regularibus
399 1367 438 1399 ad
459 1366 604 1399 habitum
626 1371 654 1399 et
677 1365 924 1409 professionem,

183 1421 373 1453 earumdem
407 1420 674 1453 constitutionum
705 1420 841 1452 formam
864 1429 927 1451 non

183 1473 391 1514 servaverint,
414 1479 469 1506 aut
488 1473 581 1506 aliter
601 1472 713 1516 quovis
732 1472 828 1505 modo
846 1482 925 1505 con-

184 1527 379 1565 trafecerint,
407 1527 439 1559 in
466 1527 542 1570 ipsis
568 1526 853 1560 constitutionibus
875 1526 925 1558 in-

184 1582 295 1621 llictas,
310 1582 411 1614 salvas
423 1591 491 1613 esse
504 1581 653 1613 volumus
667 1586 694 1613 et
710 1580 890 1613 statuimus.

229 1638 245 1677 ξ
267 1635 297 1668 5.
313 1635 440 1678 sicque,
457 1640 487 1668 et
507 1645 572 1668 non
593 1635 696 1675 aliter,
721 1634 751 1666 in
775 1634 929 1677 praemis-

184 1689 226 1722 sis
250 1689 400 1722 omnibus
421 1694 452 1721 et
471 1688 605 1730 singulis
630 1698 688 1731 per
709 1698 930 1731 quoscumque

185 1742 308 1776 iudices
344 1741 524 1775 ordinarios
555 1747 586 1775 et
622 1741 807 1784 delegatos,
835 1741 928 1774 etiam

186 1806 354 1829 cansarum
376 1794 485 1839 palatii
506 1794 673 1838 apostolici
695 1794 871 1834 auditores,
895 1805 931 1827 ac

185 1850 320 1882 Sanctae
345 1849 511 1881 Romanae
538 1847 699 1880 Ecclesiae
726 1848 927 1887 cardinales,

186 1903 283 1936 etiam
316 1902 356 1935 de
387 1902 487 1935 latere
518 1902 662 1944 legatos,
686 1901 812 1934 sublata
836 1901 881 1934 eis
902 1907 932 1934 et

186 1966 299 1989 eorum
331 1955 463 1988 cuilibet
498 1955 609 1999 quavis
641 1954 734 1987 aliter
769 1955 931 1988 iudicandi

187 2016 218 2042 et
237 2008 471 2052 interpretandi
494 2008 643 2041 facultate
664 2014 695 2041 ct
719 2008 928 2049 auctoritate,

188 2063 325 2096 iudicari
347 2068 377 2095 et,
397 2062 524 2095 definiri
546 2062 675 2103 debere,
696 2072 732 2094 ac
753 2062 880 2095 irritum
903 2068 929 2095 ct

188 2117 283 2149 inane
295 2115 454 2160 quidquid
465 2125 555 2148 secus
565 2115 719 2158 superbis
731 2126 748 2148 a
757 2126 931 2159 quoquam,

188 2170 299 2214 quavis
319 2169 520 2209 auctoritate,
541 2169 679 2202 scienter
706 2170 753 2201 vel
775 2169 929 2211 ignoran-

191 2230 260 2263 ter,
289 2222 461 2265 contigerit
487 2222 635 2255 attentari
665 2222 787 2266 pariter
817 2214 930 2255 deeor-

190 2277 309 2309 nimus.

213 2368 215 2372 ¹
236 2332 253 2372 g
274 2330 304 2363 6.
328 2330 397 2363 Non
418 2329 619 2363 obstantibus
640 2329 792 2372 praefatis
810 2328 931 2362 consti-

193 2383 388 2424 tutionibus,
428 2383 627 2426 caeterisque
668 2382 699 2414 in
738 2382 933 2416 contrarium

193 2437 383 2470 facientibus
404 2436 675 2480 quilntseumque.

238 2490 305 2532 §T
330 2490 484 2523 Volumus
516 2495 622 2522 autem
654 2494 688 2522 ut
719 2489 934 2532 praesentium

194 2543 415 2587 transumptis,
438 2543 534 2576 etiam
557 2542 730 2586 impressis,
756 2553 851 2575 manu
874 2543 933 2576 ali-

193 2597 284 2631 cuius
304 2596 419 2630 notarii
438 2595 557 2640 publici
570 2595 769 2639 subscriptis,
785 2601 815 2628 et
832 2596 937 2638 sigillo

1603 233 1665 265 ’ΠΜ

954 297 1084 329 stitutae
1111 295 1252 332 munitis,
1274 294 1385 327 eadem
1414 303 1544 337 prorsus
1566 291 1644 323 tides
1666 290 1697 322 in

956 349 1073 382 indicio
1088 355 1118 382 et
1136 354 1223 381 extra
1237 348 1405 384 ludicatur,
1421 357 1502 389 qnae
1517 345 1592 388 ipsis
1607 355 1699 387 prae-

954 403 1098 435 sentibus
1115 403 1299 439 baberetur,
1313 401 1337 433 si
1358 401 1457 433 forent
1481 398 1638 431 exhibitae
1651 397 1696 429 vel

956 462 1112 489 ostensae.

1000 510 1113 542 Datum
1145 510 1265 541 Romae
1294 507 1378 551 apud
1407 508 1436 540 S.
1465 507 1617 543 Petrmn,
1642 504 1699 536 snb

956 565 1076 596 annulo
1106 563 1293 600 Piscatoris,
1318 563 1368 594 (lic
1399 573 1419 594 ιι
1451 560 1560 604 aprilis
1585 570 1696 595 uncti,

958 617 1166 660 pontificatus
1186 616 1286 649 nostri
1310 626 1395 648 anno
1416 626 1458 647 xi.

995 680 1051 706 bat.
1074 680 1117 705 die
1136 680 1153 706 2
1173 679 1265 714 aprilis
1287 678 1365 711 tuoe,
1388 674 1483 711 pontif.
1506 684 1550 702 an.
1575 683 1610 701 xi.

958 824 1149 866 Sequuntur
1166 823 1290 855 decreta
1310 821 1476 864 sionei-alsa
1502 820 1544 852 ad
1566 819 1702 851 weritin-

1003 896 1074 918 rum
1102 886 1330 928 receptionem,
1354 883 1584 926 professioncm
1605 886 1633 913 el
1656 882 1704 913 sn-

1003 948 1204 980 sti‘tttlz'onem
1227 946 1416 989 spectantia.

961 1037 1006 1070 De
1037 1037 1169 1069 novitiis
1201 1036 1243 1068 acl
1278 1036 1426 1068 habitum
1460 1034 1643 1076 reqnlarem
1678 1037 1705 1065 e!

1002 1090 1230 1133 professionem
1254 1099 1314 1121 non
1334 1087 1559 1124 ‹ulzin‘ttendis
1583 1087 1651 1119 visi
1672 1087 1704 1118 in

1005 1143 1212 1176 conventibus
1233 1141 1443 1185 ‹Iesissnmidils-
1462 1142 1481 1173 ¹.

1140 1235 1295 1265 Clemens
1312 1235 1406 1274 Papa
1426 1234 1507 1263 VIII
1511 1255 1517 1262 .

1006 1312 1173 1355 Regularis
1194 1312 1385 1356 disciplinae
1412 1310 1623 1347 restitutioni,
1648 1320 1707 1353 pro

962 1377 1024 1410 qua
1037 1366 1253 1410 potissimum,
1271 1365 1355 1397 iuxta
1369 1364 1470 1397 nostri
1493 1363 1636 1397 muneris
1651 1364 1707 1395 de-

963 1420 1076 1459 bitum,
1100 1419 1250 1452 laborare
1270 1429 1335 1451 non
1357 1418 1551 1457 desistimus,
1577 1417 1654 1450 illud
1678 1418 1708 1449 in

962 1474 1074 1517 primis
1104 1483 1257 1515 magnum
1294 1471 1561 1515 impedimentum
1594 1470 1709 1503 afferre

963 1527 1151 1571 quotidiano
1180 1537 1239 1559 usu
1260 1531 1461 1569 compertum
1483 1531 1546 1565 est,
1570 1525 1655 1568 quod
1679 1525 1708 1556 in

964 1580 1114 1613 omnibus
1135 1579 1357 1619 conventibus,
1382 1579 1419 1611 iis
1444 1578 1633 1622 praesertim
1655 1578 1708 1620 <pii

965 1634 1078 1666 maiori
1100 1633 1331 1666 reformatione
1353 1632 1508 1674 indigent,
1531 1632 1648 1674 singuli
1671 1632 1709 1663 ad

964 1688 1154 1730 religionem
1172 1687 1336 1720 venientes
1354 1687 1472 1730 passim
1494 1686 1706 1729 recipiuntur:

965 1742 1049 1774 unde
1075 1741 1127 1781 fn,
1150 1746 1185 1773 ut
1209 1751 1273 1784 quo
1295 1740 1396 1782 magis
1422 1750 1480 1772 nos
1506 1739 1600 1772 variis
1629 1749 1708 1771 con-

965 1794 1185 1827 stitutionibus
1198 1793 1280 1826 male
1299 1793 1426 1825 affectas
1447 1792 1572 1825 radices
1592 1803 1708 1835 ampu-

967 1855 1032 1881 tare
1052 1848 1237 1885 studemus,
1258 1857 1296 1879 eo
1317 1847 1418 1888 magis
1440 1847 1471 1878 in
1501 1846 1569 1879 dies
1590 1846 1708 1889 depra-

966 1908 1054 1935 vatae
1084 1901 1369 1944 insructuosaeque
1399 1899 1556 1932 eiusmodi
1588 1899 1712 1931 noviter

966 1954 1186 1999 profitentium
1208 1958 1423 1987 succrescant.

1011 2011 1027 2051 ξ
1053 2009 1083 2041 t.
1108 2007 1162 2042 Cui
1194 2007 1325 2051 quidem
1353 2007 1436 2039 malo
1467 2017 1637 2040 occurrero
1658 2017 1711 2039 vo-

967 2064 1078 2101 lentes,
1093 2060 1254 2105 praesenti
1276 2061 1404 2093 decreto
1423 2059 1591 2092 statuimus
1606 2059 1711 2091 distri-

967 2122 1080 2159 cteque
1094 2114 1310 2158 praecipimus
1328 2113 1479 2146 omnibus
1493 2113 1709 2153 jacueralibus,

968 2168 1236 2212 provincialibus,
1272 2166 1520 2205 commissurus,
1561 2165 1713 2198 ministris

969 2222 1169 2265 caeterisque
1189 2221 1411 2265 superioribus
1433 2226 1648 2253 conventuum
1669 2220 1715 2252 in—

970 2281 1018 2308 tra
1033 2275 1142 2308 Italiae
1163 2280 1193 2307 et
1214 2275 1390 2307 insularum
1406 2273 1620 2307 adiacentium
1638 2274 1716 2306 lines

970 2327 1172 2361 existentium
1202 2327 1461 2371 quilmscumque
1495 2333 1521 2359 et
1554 2337 1712 2369 quornm-

971 2392 1109 2426 cumquc
1139 2382 1294 2415 Ordinum
1328 2380 1598 2421 lllemlifflntium,
1620 2386 1649 2413 ιιΙ
1678 2381 1716 2413 de

971 2442 1097 2469 caetero
1118 2435 1303 2472 neminem,
1327 2435 1385 2467 snb
1414 2434 1526 2477 quovis
1552 2439 1716 2477 praetextu

971 2495 1025 2522 aut
1042 2489 1162 2529 colore,
1180 2489 1219 2521 ad
1235 2488 1378 2522 habitum
1402 2488 1582 2529 regularem
1602 2487 1717 2519 admit-

974 2549 1050 2583 tant,
1074 2543 1133 2575 nisi
1157 2543 1187 2575 in
1208 2542 1428 2580 conventibus,
1445 2541 1637 2575 auctoritate
1659 2552 1717 2573 no-

1007 2615 1018 2640 t
1040 2614 1076 2640 Ad
1095 2614 1260 2641 haecomnia
1270 2613 1330 2640 vide
1350 2613 1376 2639 in
1394 2612 1596 2639 constituam-n
1612 2612 1675 2638 stxti
1688 2612 1715 2639 V:

193 2661 350 2695 PCI'SOHUG
371 2650 402 2682 ll]
430 2649 585 2692 (Ῑὶἓηῖῑᾶῑο
615 2649 827 2682 OCCICSIUSIICU
855 2660 934 2682 t'Orl-
973 2660 1046 2686 Cum
1066 2659 1099 2685 (le
1114 2659 1255 2692 omnibus,
1278 2662 1340 2685 lom,
1355 2665 1413 2691 ιἰιι,
1427 2666 1485 2693 pag.
1497 2658 1557 2684 ΟΜ.

282 2714 358 2740 Ball.
383 2714 456 2740 Rom.
483 2712 542 2739 Vol.
560 2712 592 2738 X.
791 2712 825 2739 97

1714 242 1762 267 An.
1781 242 1807 266 tt,
1833 241 1897 267 11302

1724 1311 1806 1331 Causae
1817 1311 1843 1330 oli
1855 1317 1908 1336 quau

1723 1339 1866 1363 depromuntur
1877 1344 1908 1357 re-

1724 1365 1818 1390 tigranes.

1750 2006 1845 2026 Clemens
1855 2005 1911 2025 noii-

1738 2040 1768 2052 ws
1785 2033 1803 2052 in
1815 2033 1866 2052 luci<
1877 2032 1913 2052 ‹lc-

1726 2059 1914 2079 stuntmlistantum

1728 2088 1794 2112 :evipi
1808 2086 1900 2108 mandat,
