2253 3195
49 1549 147 1577 Episcopi
165 1551 207 1572 Ru-

24 1575 80 1597 thuiu
102 1578 206 1604 supplica-

26 1605 71 1623 ruut
93 1605 159 1629 recipi
186 1605 205 1625 in

24 1627 82 1650 Catii.
98 1629 206 1652 Ecclesiae

0 1657 3 1684 ι
25 1656 128 1682 gremium.

35 227 82 254 An.
99 226 126 252 c.
152 225 218 252 ¹596

848 224 995 248 CLEMENS
1015 224 1072 248 VIII
1093 224 1142 248 PP.

1662 214 1718 248 251

275 273 290 316 ἓ
311 273 340 306 1.
360 273 436 306 Cum
451 273 558 317 itaque
572 273 771 306 venerabiles
784 272 896 305 fratres
913 272 975 316 Hy·
1010 281 1118 304 sacros
1136 271 1215 304 ritus
1234 276 1266 304 et
1285 271 1516 311 caeremonias,
1533 272 1650 316 quibus
1669 273 1752 306 idem

10 322 14 351 ἱ
59 335 118 359 rat-11·
132 335 205 356 serios.
231 326 353 370 patius,
378 326 624 369 protothronius
643 326 918 359 Wlodimiriensis
946 331 977 358 et
1010 325 1272 369 archiepiscopus
1286 336 1340 359 seu
1363 326 1587 370 metropolita,
1611 327 1752 371 episcopi

230 379 613 424 Bi·estensiS,acCyrillus,
631 380 769 413 exarcha
781 379 974 412 Luceorien-
1010 383 1041 410 et
1061 379 1166 411 clerus
1181 379 1348 422 praedicti,
1368 379 1454 412 iuxta
1475 379 1665 413 Sanctorum
1688 381 1750 414 Pa-

229 432 270 465 sis
291 438 321 465 et
341 432 559 472 Ostrosiensis,
581 432 723 476 episcopi
745 431 883 464 nationis
904 431 971 464 Ru-

228 485 343 519 thenae
368 496 424 519 seu
445 486 576 526 Russae,
600 495 658 518 suo
685 491 716 518 et
739 484 971 517 venerabilium

227 538 360 572 fratrum
390 538 552 572 Michaelis
575 537 822 581 archiepiscopi,
847 543 970 570 metro-

227 592 347 635 politae
366 591 544 625 Kioviensis
564 596 595 624 et
608 589 796 623 Haliciensis
818 600 854 622 ac
876 590 972 623 totius

228 644 372 684 Russiae,
389 644 535 686 Gregorii
551 643 784 687 archiepiscopi
800 643 968 683 nominati,

227 697 320 730 electi
342 697 372 729 in
394 696 677 740 archiepiscopum
707 696 915 729 Polocensem
942 702 972 730 et

226 749 462 783 Vitebscensem
479 761 486 789 ;
514 749 686 788 Michaelis,
702 748 845 793 episcopi
870 749 968 782 Prae-

226 803 399 837 mistiensis
412 810 443 837 et
453 803 701 843 Samboriensis;
717 803 886 842 Gedeonis‚
904 803 970 847 epi-

225 857 313 900 scopi
345 857 584 900 Leopohensis;
621 856 783 900 Dion5sii‚
827 856 968 900 episcopi

225 909 422 943 Chelmensis
443 915 474 943 et
486 910 655 949 Belsensis3
672 909 807 949 Leontii,
825 909 968 953 episcopi

225 962 403 996 Pinscensis
415 963 661 1003 etluroviensis‚
682 969 793 1006 postea
814 963 965 1003 defuncti,

225 1021 258 1049 et
279 1016 386 1056 Ionae,
409 1016 681 1049 archimandritae
694 1016 903 1050 Kobrinensis
916 1027 968 1049 ec-

225 1070 340 1104 clesiae
359 1071 464 1104 Sancti
487 1070 669 1110 Salvatoris,
694 1070 811 1103 deinde
831 1069 924 1103 electi
937 1070 967 1103 in

224 1124 411 1167 episcopum
449 1124 654 1157 Pinscensem
685 1130 716 1157 et
747 1124 965 1157 Iurovicnsem

223 1176 295 1210 loco
316 1176 393 1210 dicti
412 1177 547 1217 Leontii,
568 1177 711 1221 episcopi
730 1177 884 1217 defuncti,
908 1187 967 1210 no-

223 1230 332 1271 mine,
356 1230 411 1274 qui
432 1236 527 1264 antea
553 1241 626 1264 cum
652 1231 797 1264 Romana
828 1230 968 1264 Ecclesia

222 1293 287 1316 non
305 1284 600 1324 communicabant,
617 1284 683 1323 sed,
700 1284 824 1328 proprii
843 1295 966 1317 sermo-

223 1336 272 1370 nis
292 1342 324 1370 et
343 1337 507 1371 idiomatis
524 1348 583 1370 usu
605 1342 746 1376 retento,
767 1348 883 1380 graeco
904 1338 966 1370 ritu

223 1389 384 1430 vivebant,
409 1390 448 1423 ad
478 1401 547 1431 nos,
572 1396 603 1423 et
627 1391 667 1424 ad
687 1391 802 1424 Sedern
824 1392 963 1435 Aposto-

223 1442 316 1475 licam
339 1454 442 1487 nuper
470 1444 675 1481 accesserint,
699 1455 735 1477 ac
756 1449 820 1477 tam
843 1445 966 1488 privato

224 1495 407 1536 amborum,
431 1506 528 1539 quam
550 1496 791 1540 praedictorum
806 1497 967 1531 Michaelis

224 1548 457 1592 archiepiscopi
487 1554 519 1581 et
538 1549 676 1582 aliorum
698 1550 965 1594 coepiscoporum

222 1601 386 1635 communi
404 1607 434 1635 et
454 1602 679 1646 procuratorio
707 1603 855 1644 nomine,
883 1615 916 1637 se
937 1610 967 1637 et

221 1654 293 1688 illos
312 1655 344 1688 in
365 1655 507 1688 eiusdem
536 1656 696 1689 Ecclesiae
721 1657 880 1698 gremium
910 1669 963 1691 re-

222 1708 296 1752 cipi,
313 1713 344 1741 et
357 1714 522 1753 tamquam
537 1709 683 1741 membra
695 1720 753 1742 suo
771 1710 867 1753 capiti
881 1711 966 1744 uniri

220 1762 490 1806 supplicaverint,
522 1773 559 1796 ac
590 1773 703 1796 omnes
723 1774 798 1797 suos
819 1770 849 1797 et
875 1764 963 1808 ipso-

219 1825 290 1848 rum
312 1826 438 1850 errores
452 1843 459 1857 ,
487 1816 636 1850 haereses
656 1822 687 1850 et
713 1817 883 1851 schismata
905 1819 964 1852 da-

219 1869 399 1903 mnaverint
427 1875 458 1903 et
484 1870 630 1904 detestati
657 1871 793 1912 suerint,
824 1872 966 1917 fideique

218 1923 415 1956 orthodoxae
446 1923 692 1967 professionem,
716 1924 802 1957 iuxta
827 1926 963 1960 sormam

217 1975 345 2010 Graecis
359 1976 397 2008 ab
419 1976 478 2008 hac
492 1976 609 2009 Sancta
623 1977 704 2010 Sede
716 1979 960 2022 praescriptam,

218 2029 343 2072 integre
364 2034 396 2062 et
415 2029 455 2062 ad
480 2029 614 2062 verbum
637 2030 772 2064 fecerint
792 2037 823 2064 et
843 2032 961 2066 emise-

217 2082 292 2122 rint,
316 2082 473 2125 nobisque
494 2087 526 2115 et
550 2084 753 2126 Apostolicae
778 2084 852 2118 Sedi
871 2085 963 2118 debi-

217 2141 282 2169 tam
304 2135 521 2168 obedientiam
544 2141 575 2168 et
601 2136 834 2170 subiectionem
861 2150 959 2182 prae-

217 2189 358 2223 stiterint
379 2194 410 2222 et
429 2195 587 2233 perpetuo
614 2196 778 2233 praestare
798 2192 959 2235 promise-

218 2242 293 2282 rint;
310 2253 444 2286 nosque,
461 2243 593 2276 nomine
607 2243 650 2286 pii
665 2244 774 2287 patris,
792 2244 876 2287 ipsos
891 2246 961 2278 uni-

217 2306 410 2340 versumque
442 2306 555 2329 eorum
585 2297 706 2329 clerum
739 2302 771 2330 et
802 2299 960 2342 populum

217 2348 382 2382 Ruthenae
413 2360 468 2382 seu
499 2350 618 2383 Russae
645 2350 785 2383 nationis
816 2350 848 2383 in
880 2351 962 2384 eius-

217 2401 291 2435 dem
312 2401 472 2435 Ecclesiae
492 2402 651 2445 gremium
680 2403 907 2447 receperimus,
932 2409 963 2437 ct

218 2459 384 2498 tamquam
406 2455 554 2489 membra
579 2456 611 2488 in
631 2456 756 2490 Christo
778 2457 894 2490 unitati
906 2457 962 2490 Ec-

218 2507 333 2540 clesiae
360 2508 596 2543 restituerimus
635 2515 665 2542 et
697 2509 958 2554 incorporaveri-

218 2570 300 2600 mus,
323 2571 360 2594 ac
377 2567 542 2605 praeterea
567 2563 606 2596 ad
620 2568 760 2596 nostram
781 2574 856 2606 erga
876 2563 961 2608 ipsos

219 2613 407 2648 charitatem
438 2615 540 2658 inagis
568 2616 824 2658 ostendendam,
849 2627 961 2652 omnes

1010 436 1094 463 trum
1115 431 1311 465 Graecorum
1335 432 1490 473 instituta,
1514 433 1546 466 in
1573 433 1688 467 divinis
1707 434 1752 467 of-

1008 483 1088 517 ficiis
1114 490 1145 518 et
1164 491 1368 518 sacrosancto
1393 486 1507 519 missae
1527 487 1697 527 sacrificio,
1721 494 1753 521 et

1007 542 1285 571 sacramentorum
1308 539 1599 578 administratione,
1616 540 1752 584 aliisque

1007 589 1105 622 sacris
1135 590 1354 624 functionibus
1380 598 1533 633 utantur,
1572 593 1751 627 dummodo

1007 643 1131 676 veritati
1153 649 1184 676 et
1203 643 1278 677 fidei
1297 644 1475 678 catholicae
1496 656 1559 678 non
1581 646 1751 680 adversen-

1008 702 1069 734 tur,
1094 701 1124 729 et
1141 697 1405 730 communionem
1428 708 1499 730 cum
1522 699 1667 732 Romana
1685 700 1745 733 Ec-

1006 747 1101 780 clesia
1121 758 1185 781 non
1207 749 1389 788 excludant,
1413 760 1450 782 ex
1464 750 1641 793 apostolica
1661 751 1751 783 beni-

1005 801 1126 843 gnitate
1147 801 1267 835 eisdem
1290 802 1533 845 permiserimus
1548 830 1555 843 ,
1584 814 1750 837 concesse-

1005 854 1105 888 rimus
1117 860 1148 888 et
1166 856 1406 895 indulserimus,
1425 856 1552 900 aliaque
1566 857 1746 897 fecerimus,

1005 919 1086 952 quae
1108 909 1139 942 in
1160 910 1277 943 nostris
1297 910 1355 943 sub
1370 911 1504 954 plumbo
1526 912 1678 945 consectis
1700 912 1749 945 lit-

1005 962 1090 1001 teris,
1108 962 1190 996 datis
1199 962 1325 996 decimo
1339 963 1492 996 kalendas
1507 963 1642 997 ianuarii
1656 974 1749 1008 prae-

1003 1014 1101 1047 sentis
1122 1014 1209 1055 anni,
1238 1015 1365 1059 plenius
1392 1016 1610 1050 continentur.

1047 1068 1062 1111 g
1092 1067 1122 1101 2.
1151 1068 1320 1112 Cupientes
1345 1080 1431 1102 nunc
1451 1070 1580 1103 eosdem
1606 1071 1743 1104 ulterio-

1003 1121 1091 1155 ribus
1100 1122 1210 1164 gratiis
1220 1123 1384 1166 prosequi,
1401 1134 1473 1156 cum
1492 1124 1656 1167 provincia
1668 1125 1746 1158 Rus-

1002 1175 1068 1207 siae
1094 1186 1150 1208 seu
1171 1175 1320 1209 Ruthena
1344 1176 1440 1219 longo
1459 1176 1628 1210 intervallo
1646 1188 1664 1210 a
1684 1178 1746 1211 Ro-

1004 1239 1098 1261 mana
1112 1228 1206 1262 Curia
1218 1229 1324 1269 distet,
1341 1234 1370 1262 et
1385 1235 1557 1273 propterea
1571 1230 1743 1274 episcopis,

1002 1282 1056 1326 qui
1077 1293 1135 1326 pro
1156 1288 1302 1326 tempore
1320 1283 1490 1325 eligentur,
1512 1283 1604 1316 valde
1625 1284 1748 1317 incom-

1003 1336 1135 1368 modum
1156 1336 1300 1368 futurum
1321 1336 1371 1375 sit,
1394 1336 1433 1369 ad
1454 1337 1672 1380 Apostolicam
1692 1338 1747 1372 Se-

1003 1389 1075 1422 dem
1105 1399 1163 1433 pro
1191 1400 1267 1422 suae
1295 1389 1460 1423 electionis
1498 1390 1746 1425 confirmatione

1002 1443 1167 1483 accedere,
1191 1454 1246 1476 seu
1261 1443 1356 1476 etiam
1379 1443 1470 1483 alios,
1487 1444 1541 1488 qui
1560 1455 1672 1478 eorum
1688 1456 1745 1479 no-

1001 1496 1086 1529 mine
1115 1496 1301 1530 huiusmodi
1327 1498 1611 1530 confirmationem
1633 1504 1743 1542 petant

999 1549 1039 1582 ad
1057 1550 1204 1582 eamdem
1226 1550 1340 1584 Sedem
1366 1551 1604 1590 transmittere,
1629 1562 1743 1585 eorum

1001 1602 1031 1635 in
1053 1602 1112 1635 hac
1138 1608 1230 1647 palte
1257 1603 1438 1636 commodis
1463 1608 1494 1636 ct
1514 1604 1739 1645 indemnitati,

999 1662 1155 1700 quantum
1177 1667 1251 1690 cum
1264 1657 1401 1690 Domino
1422 1667 1604 1701 possumus,
1628 1668 1744 1692 consu-

1001 1710 1065 1742 lere
1084 1711 1237 1748 volentes,
1268 1715 1357 1743 motu
1382 1710 1532 1754 proprio,
1556 1716 1639 1743 etex
1657 1717 1744 1744 certa

999 1763 1132 1796 scientia
1152 1763 1281 1803 nostris,
1305 1769 1336 1796 et
1352 1763 1444 1797 Sedis
1464 1764 1667 1807 apostolicae
1684 1775 1743 1808 po-

1000 1817 1119 1850 testatis
1139 1817 1352 1861 plenitudine,
1376 1817 1436 1851 hac
1456 1824 1566 1851 nostra
1585 1825 1743 1862 perpetuo

1000 1871 1135 1903 valitura
1155 1871 1396 1911 constitutione,
1417 1871 1588 1904 statuimus
1608 1877 1638 1904 et
1655 1872 1743 1905 oidi-

999 1935 1124 1963 namus,
1153 1930 1188 1957 ut
1205 1924 1479 1968 quandocumque
1500 1930 1573 1968 post
1595 1925 1654 1958 hac
1683 1926 1741 1959 ali-

998 1988 1077 2021 quas
1098 1989 1133 2010 ex
1154 1977 1329 2022 praedictis
1360 1988 1473 2011 eorum
1501 1978 1741 2012 cathedralibus

997 2031 1150 2071 ecclesiis,
1167 2042 1222 2064 seu
1243 2031 1372 2064 sedibus
1390 2031 1637 2075 episcopalibus,
1652 2032 1741 2066 Wlo-

997 2083 1192 2117 dimiriensis
1204 2084 1357 2116 nimirum
1367 2085 1736 2125 etBrestensisinvicem,

996 2137 1216 2170 Luceoriensis
1237 2143 1267 2170 et
1286 2136 1494 2171 Ostrosiensis
1525 2138 1621 2170 etiam
1653 2138 1736 2171 invi-

995 2201 1075 2230 cem,
1096 2191 1280 2223 Polocensis
1301 2196 1331 2223 et
1345 2190 1556 2224 Vitebscensis
1577 2191 1670 2224 etiam
1691 2192 1738 2225 in-

995 2243 1113 2283 vicem,
1143 2243 1323 2276 Pinscensis
1344 2248 1375 2276 ct
1401 2244 1591 2277 Iuroviensis
1617 2245 1739 2288 pariter

996 2297 1153 2337 invicem,
1179 2297 1420 2331 Praemislensis
1445 2303 1474 2330 et
1503 2298 1737 2332 Samboricnsis

994 2350 1142 2383 similiter
1162 2350 1310 2391 invicem,
1327 2350 1523 2383 Chelmensis
1537 2357 1568 2383 et
1580 2351 1738 2385 Belsensis

994 2404 1090 2436 etiam
1112 2403 1259 2443 invicem,
1284 2404 1501 2447 Leopoliensis
1527 2409 1558 2437 et
1577 2405 1733 2439 Camene-

994 2458 1097 2490 censis
1118 2458 1212 2490 etiam
1239 2457 1376 2491 invicem
1398 2463 1567 2501 perpetuo,
1592 2460 1640 2492 vel
1659 2459 1737 2493 alias

994 2510 1091 2543 unitis
1122 2521 1178 2544 seu
1209 2511 1357 2551 annexis,
1386 2511 1523 2555 pastoris
1547 2512 1661 2546 solatio
1682 2513 1737 2547 de-

993 2564 1091 2605 stitui,
1115 2569 1170 2597 aut
1196 2564 1309 2607 quovis
1334 2565 1431 2598 modo
1455 2575 1568 2598 vacare
1593 2566 1736 2609 contige-

993 2618 1044 2659 rit,
1069 2617 1095 2651 is
1108 2618 1163 2662 qui
1181 2617 1221 2651 ad
1242 2618 1343 2652 dictas
1356 2618 1506 2652 ecclesias
1525 2619 1665 2663 pastoris
1685 2630 1735 2654 so-

1772 234 1821 252 em.
1838 231 1865 252 fi.
1887 227 1955 254 159ss

1789 1109 1792 1112 ,
1816 1083 1884 1103 Motus
1899 1089 1947 1109 pru—

1761 1114 1819 1135 prius
1842 1116 1883 1136 quo
1898 1116 1947 1130 cou-

1762 1136 1851 1156 ceditur.
