2253 3195
262 256 314 284 An.
329 255 358 285 c.
374 257 442 287 ¹597
487 248 552 283 390

291 1107 387 1127 onmium
406 1114 448 1128 ma·

264 1132 331 1153 tomn
347 1135 404 1155 radii
415 1141 450 1156 cu-

264 1158 350 1184 piditas,

460 308 674 348 consuetudo,
697 317 863 340 sacrorum
884 317 1044 341 canonum
1069 313 1100 341 et
1119 318 1200 352 apo-

460 361 643 394 stolicarum
656 360 922 394 constitutionum
934 361 1147 401 observantia,
1158 361 1204 394 vis

461 413 538 446 iuris
552 413 678 446 iurandi
699 419 728 446 et
740 413 935 454 sollicitudo⁷
952 424 1048 458 quam
1063 414 1203 447 circum-

460 465 590 499 ferimus
618 466 763 498 omnium
789 467 996 500 ecclesiarum
1025 473 1056 500 et
1085 467 1116 500 in
1137 467 1204 511 pri-

460 519 520 552 mis
536 519 700 552 Romanae
719 520 895 561 Ecclesiae,
927 520 1018 554 cuius
1037 520 1205 564 privilegia

460 572 493 605 in
514 572 610 605 Beato
630 572 725 606 Petro
745 579 892 617 suscepta
910 580 983 607 sunt
1003 574 1154 607 divinitus
1175 580 1203 607 et
1227 569 1234 572 ”

461 625 491 658 in
512 625 597 659 hunc
617 636 718 670 usque
741 626 825 659 diem
847 627 1000 669 derivata
1015 637 1074 661 nos
1094 638 1206 661 accen-

440 679 441 682 ’
461 679 551 718 dunt,
569 683 600 711 et
612 678 707 712 silere
721 689 757 712 ac
770 678 896 712 desides
913 690 980 713 esse
1000 690 1205 732 nequaquam

460 731 664 775 permittunt,
679 731 862 776 quinimmo
871 733 911 766 ad
925 726 1152 767 clamandum
1145 744 1205 766 im-

461 784 602 828 pellunt,
636 791 669 818 nt
704 785 790 818 xocis
820 786 1016 830 apostolicae
1045 797 1143 820 sonus
1174 787 1205 819 in

462 848 590 871 omnem
614 843 732 871 terram
754 839 949 881 egrediatur,
963 840 1133 873 utclamor
1151 851 1206 885 pa-

463 891 519 925 tris
537 901 554 924 a
574 891 648 925 filiis
668 891 830 932 audiatur,
845 898 880 926 ut
899 893 1038 937 denique
1060 894 1099 926 ad
1120 904 1207 927 com-

462 945 645 989 peditorum
666 945 804 988 gemitus
815 951 1004 980 cunctorum
1019 947 1118 980 corda
1128 946 1208 980 fide-

463 998 541 1031 lium
563 998 752 1032 excitentur.
775 999 851 1032 Cum
879 999 964 1033 enim
986 1000 1145 1033 malorum
1174 1011 1208 1033 o-

464 1051 587 1084 mnium
622 1052 711 1085 radix
744 1052 902 1096 cupiditas
935 1053 977 1086 ita
1007 1054 1208 1097 perditorum

464 1103 633 1136 homiuum
654 1103 779 1136 animos
799 1104 978 1148 occupavit,
1003 1110 1036 1138 ut
1058 1105 1136 1138 iuris
1156 1117 1209 1139 or-

465 1155 539 1189 dine
568 1161 771 1200 contempto,
795 1157 1026 1191 ecclesiasticas
1051 1158 1205 1200 ditiones,

465 1219 544 1253 quas
564 1209 749 1249 invaserint,
770 1209 798 1242 vi
819 1215 915 1254 atque
935 1210 1033 1244 armis
1054 1211 1205 1253 retinere,

464 1267 560 1306 atque
579 1263 619 1295 ad
641 1262 806 1306 propriam
828 1264 1093 1298 commoditatem
1109 1270 1210 1299 trans-

464 1315 546 1348 ferre
578 1315 767 1353 moliantur,
791 1325 896 1360 neque
917 1323 1030 1350 contra
1051 1318 1135 1362 ipsos
1155 1319 1206 1352 ul-

465 1369 513 1401 lus
534 1369 740 1413 exequutioni
763 1370 852 1403 locus
872 1370 923 1411 sit,
955 1371 995 1404 ad
1016 1373 1210 1416 apostolicae

464 1422 559 1455 etiam
591 1423 756 1467 potestatis
788 1423 928 1457 officium
958 1425 1107 1468 pertinet,
1141 1436 1206 1467 cos,

465 1470 617 1519 tanquam
654 1476 822 1509 hominum
851 1477 1003 1511 societate
1036 1478 1206 1521 indignos,

464 1529 679 1562 anathematis
699 1540 855 1564 mucrone
872 1537 1053 1574 percutere,
1071 1538 1101 1565 ct
1122 1544 1138 1565 a
1158 1544 1209 1566 sa-

465 1588 705 1616 cramentorum
736 1583 983 1628 participatione
1009 1591 1038 1618 et
1058 1596 1207 1620 commu-

465 1631 562 1669 nione
583 1635 727 1669 fidelium
749 1637 948 1680 praecidere,
971 1645 1006 1671 ut
1026 1639 1080 1683 qui
1108 1650 1208 1673 cano-

465 1699 542 1721 num
561 1694 593 1722 et
614 1689 724 1723 iudicii
738 1690 962 1724 auctoritatem
981 1699 1148 1735 spernunt,
1166 1693 1212 1727 di-

466 1742 558 1775 vinae
579 1743 691 1775 saltem
714 1743 953 1785 indignationis,
975 1751 1070 1789 atque
1090 1746 1212 1779 aeterni

466 1796 614 1840 supplicii
637 1806 757 1840 poenas
781 1797 1042 1840 perhorrescant.
1076 1800 1167 1838 Quod
1188 1801 1212 1834 si

468 1849 654 1891 gravissima
667 1850 834 1893 apostolici
855 1851 998 1884 muneris
1011 1852 1213 1887 administra-

469 1902 513 1935 tio
530 1902 621 1935 facile
641 1913 699 1936 nos
720 1914 777 1947 per
793 1914 826 1936 sc
847 1903 913 1947 ipsa
934 1905 1078 1948 qnotidie
1098 1905 1211 1940 horta-

471 1961 532 1996 tur,
557 1961 590 1989 ut
610 1966 669 2000 pro
687 1957 930 1990 conservatione
944 1963 1144 1991 caeterarum
1165 1970 1214 1993 re-

470 2020 540 2041 rum
569 2009 868 2050 ecclesiasticarum,
892 2021 974 2052 cam,
995 2022 1091 2055 quam
1122 2018 1212 2045 tone-

470 2073 553 2102 mur,
564 2073 674 2096 curam
687 2063 913 2102 adhibeamus
926 2065 1099 2108 praecipue
1109 2071 1214 2099 tamen

470 2117 610 2160 quodam
630 2117 698 2150 iure
711 2117 937 2158 admonemur,
952 2123 986 2151 ut
1004 2118 1162 2152 ditionum
1176 2121 1216 2153 ad

470 2170 648 2203 Romanam
669 2170 841 2203 Ecclesiam
864 2171 1106 2214 pertinentium,
1131 2184 1213 2216 qua-

472 2235 542 2256 rum
564 2224 712 2257 custodes
736 2229 767 2256 ct
790 2224 1067 2257 administratores
1092 2226 1212 2259 consti-

473 2277 531 2309 tuit
551 2287 609 2309 nos
630 2277 723 2315 Deua
755 2287 791 2309 ac
811 2277 1000 2321 praesertim
1031 2277 1166 2311 civitatis
1186 2285 1216 2312 ct

472 2331 607 2363 ducatus
622 2331 834 2364 Ferraricnsis
854 2331 891 2371 (a
913 2331 1076 2363 nonnullis
1094 2332 1213 2364 ltoma-

474 2384 521 2416 nis
542 2383 751 2417 Pontificibus
771 2384 1073 2428 praedm-essorilms
1103 2384 1218 2417 nostris

473 2437 583 2480 populi
605 2437 775 2481 peculiaris
787 2443 817 2471 ct
834 2437 985 2482 antiquae
999 2437 1219 2482 acquisitionis

474 2498 602 2523 salictae
624 2491 733 2523 matris
747 2491 1082 2525 RomanaeEcclesiae
1103 2491 1218 2523 interito

475 2544 639 2586 appellati)
661 2545 891 2583 ‹leflensioneim
915 2551 1067 2589 prompto
1088 2556 1123 2577 ac
1145 2544 1217 2577 forti

476 2597 584 2629 animo
604 2598 826 2642 suscipiamus,
850 2598 1039 2631 eorumdem
1061 2599 1220 2631 llomano-

477 2660 547 2682 rum
567 2650 757 2684 Pontificum
779 2651 1064 2695 praedecessorum
1089 2657 1217 2692 nostro-

1041 260 1224 285 BULLARIUM
1242 260 1396 284 ROMANUM

1235 318 1307 340 rum
1330 308 1496 352 exemplo,
1520 308 1574 353 qui
1597 313 1694 341 totam
1715 308 1802 342 illam
1823 308 1978 342 ditionem

1237 361 1358 403 ingenti
1376 367 1505 406 sumptu
1519 372 1555 396 ac
1568 362 1678 395 labore
1691 367 1931 400 conservarunt,
1950 367 1981 394 et

1237 425 1332 458 saepe
1353 415 1392 447 ab
1419 415 1685 459 occupatoribus,
1708 415 1922 459 spiritualium
1943 426 1980 448 ac

1238 468 1466 512 temporalium
1487 479 1654 502 armorum
1672 467 1852 512 praesidiis,
1872 468 1978 501 vindi-

1239 527 1364 555 carunt.
1377 522 1477 556 Testis
1498 528 1544 556 est
1563 522 1665 556 Deus:
1679 533 1738 555 nos
1757 522 1853 565 plane
1872 521 1982 555 dolen—

1240 580 1285 607 tes
1305 581 1335 608 et
1357 575 1472 616 invitos
1501 586 1571 608 eam
1593 575 1859 609 deliberationem
1880 574 1980 607 initu-

1240 638 1312 668 ros;
1335 628 1506 672 pastoralis
1525 628 1685 672 siquidem
1706 627 1803 661 officii
1823 633 1854 661 et
1875 627 1980 660 eccle-

1239 680 1386 714 siasticae
1403 681 1592 725 disciplinae
1612 681 1697 714 curis
1713 691 1826 714 vacare
1848 680 1981 714 maluis-

1240 744 1357 774 semus,
1379 745 1476 778 quam
1490 735 1706 769 severioribus
1718 735 1844 768 iudiciis
1861 735 1985 768 incum-

1239 787 1327 827 bere,
1351 793 1404 820 aut
1423 798 1496 821 cum
1516 798 1681 832 quoquam
1701 788 1786 821 bello
1807 789 1981 822 decertare.

1239 841 1356 873 Verum
1369 868 1376 881 ,
1393 841 1468 885 quia
1489 841 1610 874 nemini
1635 841 1821 882 inserimus,
1841 842 1898 874 sed
1910 841 1982 874 illa-

1242 899 1305 927 tam
1326 894 1485 928 Ecclesiae
1502 895 1665 927 dumtaxat
1681 894 1831 927 iniuriam
1851 895 1986 938 propul-

1241 957 1359 987 samus,
1384 947 1475 980 sicuti
1508 958 1543 981 ex
1574 958 1683 981 rerum
1713 952 1874 990 gestarum
1904 947 1986 981 serie

1242 1000 1452 1044 perspicitur;
1486 1000 1511 1033 si
1542 1000 1721 1044 spiritualia
1758 1010 1848 1033 arma
1877 999 1986 1034 minus

1243 1054 1450 1097 profecerint,
1475 1059 1564 1094 tunc,
1587 1060 1620 1087 ut
1649 1054 1810 1087 bonorum
1831 1053 1984 1087 ecclesia-

1244 1107 1400 1141 sticorum
1429 1107 1591 1140 invasores
1611 1112 1786 1150 agnoscant
1802 1107 1901 1140 Deum
1923 1117 1987 1140 uon

1245 1160 1341 1194 modo
1362 1160 1521 1194 montium
1541 1161 1597 1194 sed
1617 1160 1713 1194 etiam
1738 1160 1866 1193 vallium
1888 1161 1988 1194 Deum

1244 1224 1327 1253 esse,
1352 1219 1383 1247 et
1400 1224 1457 1247 nos
1474 1213 1630 1257 puniendi
1651 1213 1713 1246 vim
1734 1224 1771 1247 ac
1797 1218 1989 1257 potestatem

1245 1272 1311 1301 tum
1350 1266 1551 1310 spiritualem
1582 1271 1648 1299 tum
1682 1266 1892 1310 temporalem
1926 1266 1987 1299 ha-

1244 1320 1331 1360 bere,
1357 1320 1455 1353 armis
1481 1319 1576 1353 etiam
1608 1330 1644 1353 ac
1673 1319 1847 1360 militibus,
1870 1319 1925 1363 qui
1957 1319 1989 1352 in

1245 1374 1312 1407 dics
1332 1379 1497 1418 parantur,
1522 1373 1603 1406 iuste
1623 1379 1764 1406 utemur.

1290 1428 1306 1469 ξ
1327 1427 1357 1460 1.
1381 1427 1463 1461 Sane
1483 1437 1556 1461 cum
1583 1426 1804 1470 superioribus
1824 1426 1988 1460 mensibus

1245 1479 1582 1524 Alphonsuslzsiensis,
1591 1479 1723 1513 ultimus
1732 1480 1792 1513 Fer
1795 1490 1810 1512 1
1812 1489 1848 1512 ai
1850 1479 1898 1512 iae
1909 1479 1985 1520 dux,

1245 1533 1620 1566 rebussuissethumanis
1638 1538 1815 1576 exemptus,
1836 1543 1985 1578 cumque,
2018 1567 2022 1570 ,
2048 1540 2052 1544 ’

1246 1597 1284 1620 eo
1305 1587 1374 1620 sine
1396 1586 1506 1620 liberis
1526 1591 1556 1619 et
1577 1586 1846 1620 descendentibus
1872 1586 1988 1620 desun-
2015 1593 2021 1599 ’

1246 1646 1308 1679 cto,
1329 1639 1439 1673 civitas
1471 1645 1500 1672 et
1521 1640 1655 1673 ducatus
1675 1639 1859 1678 Ferrariae,
1884 1638 1988 1672 illius-

1247 1704 1309 1738 que.
1328 1693 1498 1726 comitatus
1518 1698 1549 1726 et
1566 1692 1740 1732 districtus,
1761 1702 1798 1725 ac
1817 1691 1899 1725 aliae
1917 1691 1992 1725 civi-

1248 1753 1338 1787 tates,
1357 1752 1471 1785 ter-rac,
1488 1752 1592 1779 castra
1608 1751 1637 1779 et
1655 1746 1726 1779 loca
1747 1747 1844 1790 (quae
1868 1746 1991 1780 dudum

1248 1812 1265 1834 a
1289 1800 1441 1834 Romanis
1461 1799 1671 1833 Pontificibus
1691 1798 1993 1844 praedecessoribus

1249 1853 1377 1892 nostris,
1402 1852 1500 1896 ipsius
1521 1852 1674 1895 Alphonsi
1695 1852 1786 1885 ducis
1806 1857 1989 1886 antecesso-

1249 1907 1338 1940 ribus
1354 1905 1413 1939 sub
1431 1904 1530 1949 pactis
1547 1910 1576 1938 ct
1599 1904 1837 1938 conditionibus
1855 1905 1886 1937 in
1907 1904 1994 1938 inve-

1249 1959 1370 1993 stituris
1399 1958 1487 1992 sactis
1507 1958 1682 1996 contentis,
1707 1957 1738 1991 in
1759 1958 1890 1991 seudum
1911 1967 1991 1991 con-

1250 2024 1336 2047 cessa
1357 2013 1498 2055 fuerunt)
1519 2013 1560 2045 ob
1580 2012 1698 2046 lineam
1721 2012 1857 2052 linitam,
1877 2022 1933 2046 seu
1953 2012 1994 2046 ob

1250 2066 1327 2099 alias
1347 2065 1443 2099 etiam
1465 2076 1587 2106 causas,
1604 2076 1668 2098 una
1687 2076 1761 2099 cum
1779 2065 1929 2099 omnibus
1942 2075 1996 2099 eo-

1252 2131 1322 2153 rum
1346 2119 1528 2159 territoriis,
1553 2119 1762 2159 districtibus,
1793 2119 1992 2154 iurisdictio-

1251 2173 1356 2213 nibus,
1381 2172 1552 2212 fortalitiis,
1571 2172 1735 2213 nwmbris,
1752 2172 1954 2216 pertinentiis
1965 2178 1996 2206 et

1252 2227 1374 2260 iuribus
1394 2226 1551 2274 universis
1572 2232 1681 2270 aperta
1702 2232 1733 2259 ct
1750 2226 1789 2259 ad
1809 2237 1867 2259 uos
1887 2226 1997 2260 acllo-
2024 2235 2026 2237 ·

1253 2290 1380 2312 manain
1403 2278 1575 2312 Ecclesiam
1590 2279 1770 2322 Sedcmque
1788 2284 1819 2312 ct
1830 2279 1995 2313 Cameram

1253 2332 1468 2377 Apostolicam
1492 2342 1637 2372 reversa,
1667 2342 1722 2365 seu
1752 2331 1829 2365 alias
1854 2332 1998 2374 legitime

1253 2387 1401 2420 devoluta
1422 2386 1612 2426 extitissent;
1637 2385 1740 2424 nobis,
1764 2396 1827 2418 non
1843 2385 1911 2419 sine
1929 2395 1997 2418 ma—

1254 2451 1314 2481 gna
1337 2439 1549 2472 admiratione
1571 2445 1599 2472 ct
1622 2438 1720 2471 :mimi
1742 2438 1874 2478 dolore,
1898 2438 1994 2472 inno-

1255 2493 1325 2531 tuit,
1346 2494 1512 2525 Caesarem
1545 2493 1723 2530 lisa-nsaw,
1747 2503 1842 2536 quem
1863 2491 1995 2536 alioqui,

1254 2546 1409 2589 ‹pianuliu
1428 2556 1445 2578 a
1465 2551 1552 2579 recto
1571 2545 1708 2578 iustitiae
1723 2544 1848 2578 tramite
1867 2554 1930 2577 non
1944 2544 1999 2577 de-

1255 2599 1351 2639 tlexit,
1365 2599 1406 2632 ob
1416 2598 1552 2632 Emensis
1563 2598 1701 2631 familiae
1715 2597 1926 2637 nobilitatem,
1944 2607 1999 2641 pa-

1256 2657 1345 2686 terne
1365 2651 1545 2691 dileximus,
1562 2657 1593 2685 et
1605 2650 1757 2686 omnibus
1777 2649 1940 2684 charitatis
1953 2650 2000 2683 os-

1993 258 2042 286 Λή.
2063 257 2175 287 &1597
2205 272 2208 274 ·

2007 1622 2105 1646 occupat.
2140 1609 2142 1611 ‚
2153 1603 2156 1612 ¹
