2253 3195
240 225 289 252 An.
306 225 336 254 C.
357 226 424 253 1595

245 972 355 994 Contraria
363 974 423 995 toltit.

469 215 533 250 ⁹206

437 274 600 319 litatisque
620 275 661 309 ad
680 275 736 308 illa
755 281 787 309 et
805 276 868 309 alia
895 276 1109 320 imposterum
1127 277 1184 310 ob-

438 328 579 369 tinenda,
601 339 638 361 ae
658 329 790 362 demum
809 339 869 372 per
895 329 1079 370 sententias,
1103 340 1181 363 een-

437 392 528 415 suras
559 387 589 415 et
618 392 739 426 poenas
770 382 1021 424 ecclesiasticas,
1056 383 1183 427 aliaque

437 440 620 478 opportuna
640 432 718 467 iuris
739 441 767 467 et
788 435 861 468 faeti
881 436 1037 477 remedia,
1065 437 1180 481 appel—

437 487 555 520 latione
575 488 768 532 postposita,
793 491 1041 533 compescendo,
1070 490 1180 534 legiti-

437 541 563 584 misque
587 552 685 585 super
704 542 754 575 his
770 542 928 576 habendis
948 544 1081 577 servatis
1100 555 1180 588 pro-
1208 564 1210 567 v

436 593 588 634 messibus,
606 604 757 627 censuras
777 601 809 628 et
828 606 949 640 poenas
970 596 1065 640 ipsas,
1086 597 1182 631 etiam

436 646 556 679 iteratis
580 646 703 680 vicibus
735 649 930 691 aggravandi
945 676 952 690 ‚
976 649 1182 684 interdictum

436 699 690 733 ecclesiasticum
719 702 906 745 apponendi
935 708 967 736 et
995 703 1179 744 relaxandi,

436 752 656 797 auxiliumque
673 754 798 788 brachii
811 757 986 790 saecularis
998 757 1180 798 invocandi,

436 805 565 850 plenam
597 812 627 840 et
656 807 792 841 liberam
808 836 815 850 ‚
839 809 936 842 simili
968 810 1180 851 auctoritate,

437 859 611 894 tribuimus
631 861 825 896 facultatem.

483 913 540 957 55.
556 914 626 948 Non
641 915 842 950 obstantibus
856 918 1142 952 constitutionibus
1155 924 1185 952 et

439 965 699 1001 ordinationibus
716 970 913 1013 apostolicis,
937 981 973 1004 ac
994 972 1183 1005 earumdem

439 1019 650 1054 ecclesiarum
667 1048 674 1062 ,
706 1021 908 1065 iuramento,
937 1024 1185 1058 confirmatione

439 1073 628 1116 apostolica,
643 1075 690 1107 vel
712 1076 823 1119 quavis
842 1076 995 1111 firmitate
1012 1078 1074 1110 alia
1085 1078 1183 1111 robo-

438 1125 514 1160 ratis
521 1127 647 1161 statutis
659 1133 689 1161 et
701 1130 1000 1171 consuetudinibus,
1011 1131 1185 1175 privilegiis

437 1189 587 1224 quoque,
621 1181 752 1215 indultis
787 1189 819 1216 et
850 1184 964 1217 litteris
987 1185 1184 1229 ‘apostolicis

395 1234 399 1239 “
438 1231 560 1265 eisdem
573 1233 737 1277 Capitulis,
755 1236 802 1269 vel
823 1237 970 1270 locorum
991 1237 1180 1279 Ordinariis,

439 1290 492 1318 aut
504 1285 574 1320 aliis
587 1288 734 1331 personis
747 1291 993 1333 quomodolibet
1010 1292 1181 1334 concessis,

438 1339 623 1383 approbatis
643 1347 674 1374 et
696 1341 865 1377 innovatis.
887 1344 1008 1384 Quibus
1034 1346 1185 1380 omnibus

438 1391 566 1426 illorum
589 1400 736 1436 tenores,
760 1407 796 1430 ac
816 1397 842 1430 si
863 1398 902 1431 de
923 1398 1021 1432 verbo
1041 1400 1081 1433 ad
1110 1410 1181 1433 ver—

438 1445 514 1479 bum
554 1447 832 1492 exprimerentur,
866 1451 1089 1495 praesentibus
1125 1464 1184 1497 pro

437 1499 532 1543 plene
556 1506 587 1534 et
606 1501 802 1549 sufficienter
829 1505 986 1549 expressis
1007 1511 1040 1547 et,
1057 1506 1185 1540 insertis

438 1551 615 1595 babentes,
637 1554 699 1588 illis
719 1556 797 1590 alias
826 1557 858 1591 in
885 1569 943 1592 suo
970 1560 1088 1594 robore
1113 1571 1185 1604 per-

438 1608 615 1646 mansuris,
641 1619 678 1642 ac
710 1610 776 1643 vice
808 1611 973 1645 dumtaxat
1002 1613 1186 1657 specialiter

438 1665 468 1692 et
486 1670 634 1705 expresse
652 1663 845 1706 derogamus
863 1666 1081 1710 caetaerisque
1102 1678 1181 1701 con-

439 1714 545 1747 trariis
575 1715 846 1761 quibuscumque.
878 1719 940 1752 Aut
968 1719 994 1753 si
1025 1719 1106 1760 illis,
1137 1720 1183 1753 vel

438 1767 602 1810 quibusvis
622 1769 692 1803 aliis
709 1771 927 1806 communiter
939 1773 987 1805 rel
1001 1772 1126 1806 divisim
1145 1773 1184 1807 ab

438 1822 621 1865 Apostolica
646 1823 685 1856 sit
716 1824 797 1858 Sede
827 1824 1009 1865 indultum,
1033 1827 1121 1870 quod
1145 1827 1184 1860 ad

439 1875 702 1919 respondendum
724 1877 817 1910 alicui
846 1889 910 1912 non
939 1879 1112 1919 residenti,
1137 1881 1184 1913 vel

439 1927 493 1972 qui
514 1928 652 1972 primam
675 1930 882 1964 residentiam
901 1942 965 1965 non
981 1933 1102 1973 fecerit,
1113 1934 1183 1976 cogi

440 1982 485 2015 vel
508 1983 738 2027 compelii,seu
751 1985 838 2029 quod
857 1985 1016 2027 interdici,
1032 1987 1183 2030 suspendi

440 2035 487 2068 vel
509 2037 782 2071 excommunicari
800 2048 864 2071 non
883 2039 1005 2083 possint
1025 2050 1083 2084 per
1103 2040 1185 2073 litte-

441 2098 491 2121 ras
511 2090 703 2133 apostolicas
728 2101 791 2124 non
821 2091 973 2126 facientes
1004 2093 1132 2136 plenam
1154 2099 1184 2127 et

441 2151 643 2185 expressam,
666 2155 702 2177 ac
723 2144 762 2177 de
789 2144 886 2178 verbo
917 2145 956 2177 ad
984 2145 1118 2179 verbum
1146 2146 1185 2179 de

443 2196 567 2230 indulto
589 2196 773 2231 huiusmodi
796 2198 1006 2232 mentionem.
1030 2199 1185 2233 Volumus

442 2256 548 2284 autem
572 2257 605 2284 ut
627 2251 755 2285 interim
777 2252 933 2286 beneficia
947 2253 1113 2297 praedicta
1131 2254 1186 2287 de-

443 2304 515 2337 bitis
535 2310 707 2349 propterea
727 2316 791 2339 non
805 2306 994 2340 fraudentur
1007 2306 1181 2351 obsequiis,

443 2358 497 2391 sed
523 2368 635 2391 eorum
662 2369 804 2401 congrue
824 2365 1057 2403 supportentur
1086 2371 1185 2394 onera

443 2417 606 2445 consueta.

487 2465 599 2498 Datum
621 2466 740 2500 Romae
760 2467 845 2511 apud
866 2468 1019 2501 Sanctum
1045 2467 1184 2501 lllarcum

443 2517 501 2550 sub
513 2519 632 2551 annulo
645 2519 825 2560 piscatoris,
836 2519 888 2553 die
900 2531 973 2554 xxiv
985 2519 1052 2554 iulii
1066 2529 1182 2559 ninxcv,

444 2571 648 2614 pontificatus
669 2573 769 2606 nostri
787 2583 871 2607 anno
889 2579 1014 2618 quarto.

480 2633 540 2660 Dat.
557 2633 600 2661 die
615 2634 649 2661 24
669 2633 727 2662 iulii
745 2634 822 2668 ¹595,
843 2635 942 2671 pontif.
958 2643 1003 2665 an.
1025 2641 1060 2664 lv.

1020 229 1205 254 BULLARIUM
1224 229 1378 254 ROMANUM

1548 278 1623 313 CIX.

1217 348 1264 381 De
1283 348 1435 382 eleccione
1447 349 1675 393 praelatorum
1693 351 1838 394 frati-‘am
1860 352 1962 385 Tertii

1263 401 1400 436 Ordinis
1428 403 1460 437 S.
1492 404 1663 438 Francisci
1686 404 1724 438 de
1753 405 1962 439 Paenitentia

1261 456 1298 488 in
1311 457 1488 497 communi,
1503 458 1562 490 sub
1585 458 1687 491 trium
1708 461 1857 491 votorum
1880 459 1958 492 sub-

1260 509 1473 543 stantialium
1492 511 1701 554 professione,
1726 511 1940 545 viventium¹.

1428 582 1563 610 clemens
1579 582 1658 616 Papa
1673 583 1751 615 VIII,

1346 635 1383 662 ad
1396 638 1573 670 perpetuam
1587 636 1632 664 rei
1646 636 1834 664 memoriam.

1261 697 1357 730 Decet
1376 697 1559 731 Romanum
1579 698 1769 732 Pontificem
1789 698 1823 732 in
1835 698 1884 733 his
1903 710 1961 733 au-
1989 735 1994 740 ,

1218 750 1373 784 ctoritatis
1392 761 1468 784 suae
1488 756 1594 795 partes
1614 751 1756 786 libenter
1775 752 1962 797 interpone-

1219 814 1264 844 re,
1285 814 1343 847 per
1363 814 1445 847 quae
1464 804 1691 847 religiosorum
1713 806 1808 843 statui
1833 817 1962 840 eorum-

1218 868 1281 901 que
1302 868 1460 902 prospero
1489 859 1640 901 regimini
1670 865 1854 904 opportune
1879 871 1959 895 con-

1218 911 1346 944 sulitur.

1263 965 1278 1008 ἓ
1298 964 1329 998 l.
1361 965 1443 999 Sane
1463 975 1523 1010 pro
1545 971 1638 1010 parte
1658 965 1850 1000 dilectorum
1871 967 1959 1002 tilio-

1218 1029 1291 1051 rum
1311 1018 1483 1052 visitatoris
1507 1019 1667 1062 generalis
1688 1025 1720 1053 et
1739 1019 1877 1053 aliorum
1903 1031 1960 1054 su-

1218 1070 1385 1114 periorum
1399 1082 1435 1104 ae
1456 1071 1593 1105 fratrum
1605 1072 1842 1106 TertiiOrdinis
1861 1073 1962 1107 sancti

1218 1125 1379 1158 Francisci
1400 1125 1439 1159 de
1463 1126 1666 1160 Poenitentia
1679 1154 1687 1167 ,
1710 1127 1804 1161 nobis
1823 1127 1882 1162 fuit
1902 1139 1960 1162 ex—

1218 1179 1371 1223 positum,
1395 1180 1482 1223 quod
1494 1190 1568 1213 cum
1587 1179 1665 1214 alias
1681 1180 1865 1224 praedictus
1878 1181 1964 1216 Ordo

1218 1243 1284 1266 non
1309 1233 1352 1266 ita
1376 1239 1573 1277 propagatus
1593 1240 1697 1274 esset,
1729 1239 1884 1268 statutum
1905 1235 1965 1269 fuit

1219 1286 1353 1320 dilectos
1382 1287 1466 1320 filios
1490 1287 1615 1331 priores
1646 1293 1678 1321 et
1700 1288 1857 1322 discretos
1886 1299 1965 1322 con-

1219 1345 1371 1373 ventuum
1401 1332 1438 1373 ae
1459 1340 1630 1373 domorum
1653 1340 1729 1374 dieti
1749 1340 1888 1383 Ordinis,
1912 1353 1965 1376 ea-

1218 1393 1328 1437 pitulis
1339 1393 1556 1435 generalibus,
1572 1403 1656 1437 quae
1664 1391 1810 1437 quolibet
1821 1394 1964 1430 triennio

1218 1458 1278 1491 pro
1299 1447 1457 1480 electione
1476 1447 1550 1480 novi
1570 1447 1741 1481 visitatoris
1760 1449 1920 1491 generalis
1933 1454 1965 1484 et

1976 231 2026 260 An.
2042 231 2071 260 C.

2002 983 2066 1014 Rati-o
2088 994 2096 1002 ν
2126 1008 2130 1010 ,

1977 1012 2071 1032 tutionis.
2123 1015 2127 1021 “

1219 1506 1360 1545 quatuor
1379 1500 1589 1534 definitorum
1609 1501 1810 1545 generalium
1828 1502 1899 1536 fieri
1912 1513 1964 1537 so·
1984 1501 1992 1509 '

1219 1554 1296 1594 lent„
1320 1554 1475 1588 interesse
1495 1559 1528 1588 et
1545 1560 1619 1588 vota
1633 1565 1706 1588 eum
1726 1555 1862 1590 caeteris
1878 1556 1912 1590 in
1924 1567 1963 1591 eo

1218 1608 1339 1642 habere
1360 1608 1489 1642 debere.
1522 1608 1600 1642 Cum
1621 1613 1729 1643 autem
1751 1609 1854 1643 dietus
1877 1609 1963 1644 Ordo

1219 1662 1250 1695 in
1268 1662 1372 1695 varias
1384 1661 1578 1706 provincias,
1590 1662 1960 1705 benedicenteDomino,

1219 1715 1355 1749 diffusus
1384 1721 1415 1749 et
1446 1721 1558 1749 auctus
1589 1716 1628 1750 ad
1652 1726 1805 1760 praesens
1836 1716 1960 1758 existat,

1219 1770 1376 1813 valdeque
1391 1769 1561 1803 molestum
1574 1769 1613 1803 sit
1622 1769 1905 1814 etdispendiosum
1917 1776 1964 1806 tot.

1220 1824 1335 1856 fratres
1358 1823 1398 1856 ad
1425 1822 1564 1867 capitula
1585 1823 1749 1865 generalia
1769 1833 1960 1866 convocare,

1219 1875 1400 1920 quinimmo
1423 1875 1580 1915 confusio,
1601 1875 1643 1908 ob
1668 1875 1832 1919 ingentem
1850 1887 1964 1912 nume-

1220 1941 1303 1969 rum,
1328 1929 1492 1963 multoties
1511 1929 1585 1963 inde
1604 1929 1775 1974 provenire
1796 1930 1908 1964 soleat.

1264 1984 1280 2025 ξ
1301 1982 1332 2016 2.
1356 1983 1418 2016 Nos
1438 1982 1605 2026 cupientes
1626 1982 1675 2016 his
1695 1988 1728 2016 et
1746 1983 1817 2017 aliis
1837 1983 1962 2018 incom-

1219 2089 1391 2123 visitatoris
1411 2089 1572 2132 generalis
1595 2090 1886 2134 supplicationibus
1912 2091 1962 2125 in·
1977 2086 2130 2155 maimo&

2089 2133 2138 2160 ¹¹¹2

1219 2143 1340 2184 rimati,
1350 2143 1541 2177 auctoritate
1552 2143 1740 2188 apostolica,
1751 2150 1862 2178 tenore
1871 2149 1964 2190 prae-

1218 2197 1376 2237 sentium,
1406 2197 1577 2231 statuimus
1605 2203 1636 2231 et
1659 2197 1849 2232 ordinamus
1875 2199 1963 2243 quod

1219 2263 1256 2285 ex
1277 2262 1363 2285 nune
1375 2251 1414 2285 de
1432 2256 1560 2285 caetero
1571 2251 1736 2296 perpetuis
1757 2251 1873 2286 suturis
1884 2257 1965 2286 tem-

1219 2305 1363 2350 poribus,
1388 2305 1419 2338 in
1440 2304 1598 2338 electione
1616 2305 1688 2338 novi
1710 2304 1883 2339 visitatoris
1903 2315 1961 2349 ge-

1220 2359 1350 2399 neralis,
1364 2370 1400 2391 ac
1416 2357 1513 2391 etiam
1528 2357 1733 2392 definitorum
1748 2358 1960 2401 generalium,

1221 2413 1251 2446 in
1278 2412 1354 2456 ipsis
1378 2411 1526 2456 capitulis
1560 2411 1766 2454 generalibus
1801 2411 1958 2453 facienda,

1220 2465 1364 2499 visitator
1383 2463 1542 2507 generalis
1562 2464 1766 2508 praeteritus,
1790 2474 1916 2499 necnon
1927 2475 1964 2499 ex

1221 2518 1365 2563 qualibet
1390 2517 1554 2562 provincia
1584 2528 1666 2550 unus
1692 2517 1898 2562 provincialis
1927 2529 1964 2552 ae

1258 2592 1267 2618 1
1288 2591 1324 2619 De
1336 2591 1378 2619 his
1387 2591 1530 2619 Fratribus
1543 2592 1656 2619 attendo
1667 2592 1871 2621 constit.x1.vu:
1883 2593 1964 2622 Inter

1220 2638 1345 2670 caetera,
1363 2636 1462 2664 Leonis
1478 2635 1509 2670 X,
1530 2639 1596 2663 tom.
1620 2643 1644 2670 v,
1666 2643 1727 2672 pag.
1750 2636 1812 2664 764.

2003 1995 2061 2018 Ordo
2076 2004 2092 2014 -ι
2109 2008 2111 2012 ⁴
2130 1994 2132 1997 '

1220 2036 1324 2070 modis
1337 2041 1521 2080 opportuna
1539 2035 1664 2070 ratione
1684 2047 1869 2079 occurrere,
1885 2037 1962 2072 dicti
1977 2024 2119 2074 {2⁸:335oe

1977 2075 2072 2098 naiton·

2088 215 2152 283 111,-
