2253 3195
245 256 294 283 Λη.
316 255 431 284 &1594
476 247 540 280 468

311 420 428 441 Concor-lia

244 454 255 468 a
271 447 374 468 cardinali
390 448 429 467 To·
446 467 452 472 ,

244 476 315 494 tutan..
336 474 428 494 :ntum-n

245 501 290 521 suit.

443 311 558 339 neatur
569 305 771 339 confirmatio
785 315 802 338 a
813 304 1065 345 SuaSanctitate‚
1082 310 1114 337 et
1123 305 1189 337 visa

443 370 502 403 per
515 359 635 392 dictum
658 358 826 392 dominum
847 357 1044 391 cardinalem
1063 358 1188 391 arehie-

444 413 611 457 piscopum
642 412 832 445 Toletanum
865 411 1027 444 voluntate
1060 411 1091 444 S.
1124 412 1188 444 Ma-

445 466 574 505 iestatis,
598 465 710 498 habuit
729 470 759 498 et
779 465 875 498 habet
889 476 948 509 pro
962 465 1046 498 iusto
1067 471 1096 498 et
1111 476 1188 498 eon-

444 519 581 553 venienti
599 519 733 552 modum
753 518 985 562 supradictum,
1002 529 1098 562 quem
1112 529 1188 552 suae

442 572 594 605 Maiestati
614 571 735 615 placuit
761 571 838 604 dare
863 578 894 605 et
925 572 1014 605 dedit
1044 572 1076 604 in
1103 572 1188 606 dicto

442 625 584 667 negotio,
605 631 635 657 et
654 630 806 668 tanquam
832 625 903 657 talis
927 625 1057 658 accessit
1084 631 1114 658 et
1138 635 1190 658 ve-

442 679 499 718 nit,
515 689 550 711 ac
565 678 727 711 consensit
747 677 804 719 illi,
821 684 851 711 et
865 678 1035 711 existentes
1055 688 1188 712 coneor-

443 731 498 763 des
527 731 559 763 in
586 730 635 763 his
663 730 856 775 supradietis
885 731 1047 775 praefatus
1075 731 1190 764 doctor

444 786 641 828 Amezqueta
657 784 789 817 nomine
814 784 844 818 S.
874 784 1044 817 Maiestatis
1071 790 1102 818 et
1130 794 1188 828 pro

443 837 582 871 dominis
595 837 726 879 regibus
745 837 812 870 suis
832 837 1072 871 successoribus
1092 838 1124 870 in
1140 848 1189 870 re-

442 890 512 933 gnis
525 890 678 924 Castellae
699 890 731 922 in
751 896 957 934 perpetuum,
974 900 1033 934 pro
1051 900 1089 923 eo
1101 890 1189 934 quod

443 955 533 977 suam
563 950 689 988 partem
714 943 831 987 tangit,
855 949 885 977 et
905 944 1009 977 dictus
1040 944 1190 977 dominus

443 997 614 1030 cardinalis
634 998 668 1031 D.
697 997 819 1041 Gaspar
843 997 883 1031 de
902 997 1043 1039 Quiroga
1063 997 1190 1031 archie-

442 1051 592 1095 piscopus
611 1051 795 1091 Toletanus‚
812 1061 871 1094 pro
889 1061 922 1084 se
934 1056 962 1083 et
976 1061 1036 1094 pro
1050 1050 1190 1084 dominis

443 1104 694 1148 archiepiscopis
713 1104 779 1137 suis
798 1104 1037 1138 successoribus
1058 1104 1089 1138 in
1104 1105 1189 1138 dicto

443 1157 722 1202 archiepiscopatu
736 1158 766 1190 in
781 1163 986 1201 perpetuum,
1010 1157 1106 1191 ambo
1122 1164 1190 1191 tan-

443 1221 540 1254 quam
567 1210 695 1254 patroni
729 1210 804 1244 dieti
830 1211 956 1253 collegii
982 1211 1186 1254 praestando,

442 1270 537 1308 prout
558 1264 786 1308 praestiterunt
815 1275 925 1297 vocem
952 1270 983 1297 et
1006 1265 1188 1298 cautionem

443 1318 482 1351 de
509 1323 578 1350 rato
599 1323 629 1351 et
654 1323 746 1359 grato
767 1318 798 1351 in
817 1317 870 1351 tali
891 1328 966 1351 casu
986 1328 1045 1362 pro
1065 1329 1190 1352 sueces-

442 1370 569 1404 soribus
586 1371 803 1404 necessarium
818 1371 955 1405 confessi
975 1377 1049 1404 sunt
1067 1382 1100 1405 se
1121 1383 1189 1405 esse

442 1424 634 1463 concordes,
662 1429 693 1458 et
713 1425 912 1465 convenisse,
934 1430 1030 1469 atque
1055 1434 1188 1459 concor-

443 1477 558 1510 damnt
569 1483 600 1510 et
612 1483 843 1517 convenerunt,
860 1477 909 1510 via
924 1478 1146 1511 transactionis
1159 1484 1191 1511 et

442 1530 653 1570 concordiae,
681 1536 712 1563 et
732 1541 769 1563 ea
789 1530 839 1564 via
868 1537 899 1564 et
927 1532 1049 1571 forma,
1073 1531 1190 1576 quibus

443 1584 557 1617 melius
577 1584 615 1617 sit
641 1585 680 1617 de
695 1584 774 1623 iure,
792 1590 822 1617 et
843 1585 945 1626 magis
965 1585 1064 1629 possit
1085 1592 1113 1619 et
1136 1586 1189 1619 de-

443 1638 516 1671 beat
528 1638 646 1679 valere,
661 1638 748 1682 quod
766 1637 869 1671 siatet
887 1638 1103 1682 adimpleatur
1116 1650 1188 1672 eum

443 1690 557 1724 ell'eetu
582 1701 647 1735 quo
667 1692 706 1725 ad
729 1691 945 1736 provisionem
967 1692 1122 1736 praedicti
1145 1693 1189 1725 os-

444 1745 506 1777 sn-it
528 1745 816 1785 administratoris,
841 1751 869 1778 et
896 1746 1188 1789 praesentationem

444 1798 603 1838 virginum
619 1799 786 1842 etreliqua
799 1799 918 1832 dii-tum
935 1799 1106 1841 rollegium
1122 1805 1190 1833 tan-

443 1851 561 1891 gentia,
583 1852 669 1895 quod
692 1852 840 1896 superius
859 1853 996 1885 relatum
1015 1859 1062 1886 est
1090 1853 1189 1886 etde-

443 1906 610 1945 ‹·laratiuu,
626 1912 653 1939 et
676 1916 758 1950 quae
771 1911 883 1950 postea
897 1906 1057 1947 ‹lit-entur,
1081 1912 1111 1940 et
1131 1917 1189 1951 pro

445 1959 559 1992 maiori
601 1959 763 1999 claritate,
803 1965 833 1993 et
872 1960 958 2003 quod
994 1959 1190 2003 intelligatur

444 2012 573 2055 quando
599 2012 723 2045 vat-altit
743 2012 859 2056 aliquis
884 2023 920 2045 ex
941 2013 1032 2046 dictis
1061 2019 1188 2046 centum

446 2065 522 2097 los-is
549 2071 611 2098 tam
637 2076 672 2098 ex
699 2066 884 2106 sexaginta,
913 2076 992 2110 quas
1021 2066 1190 2100 nominare

444 2124 472 2151 vt
496 2125 702 2163 praesentare
723 2120 818 2153 (lebet
838 2121 868 2153 S.
892 2120 1038 2153 Maiestas
1069 2126 1099 2154 et
1127 2121 1187 2153 do-

446 2172 523 2204 mini
553 2184 644 2212 reges
671 2173 755 2206 illius
787 2183 1008 2212 successores,
1032 2184 1128 2217 quain
1155 2184 1190 2207 ex

445 2226 668 2269 quadraginta,
692 2237 772 2270 quas
797 2226 968 2260 nominare
987 2233 1017 2260 et
1038 2237 1190 2270 praesen-

447 2285 512 2312 tare
534 2280 628 2313 debet
656 2280 760 2313 dii-tus
785 2280 936 2313 dominus
968 2280 1142 2313 cardinalis
1162 2287 1192 2314 vt

445 2333 677 2378 archiepiscopi
696 2333 764 2366 eius
781 2345 993 2374 successores,
1011 2334 1193 2368 (inclavatur

446 2387 531 2429 qumi
553 2387 583 2419 S.
609 2386 754 2419 Maiestas
786 2393 815 2420 et
847 2387 969 2420 domini
996 2399 1087 2430 reges
1109 2387 1192 2420 illius

447 2449 646 2471 successoros
667 2440 805 2473 debeant
829 2440 997 2473 nominare
1024 2446 1050 2473 et
1081 2440 1189 2473 nomi-

316 2494 429 2537 ·”,ζ,’,’,’,’,’,’,”·
448 2498 520 2523 ηνιιι
545 2497 606 2524 tri-s
634 2492 771 2532 virgines
795 2505 831 2526 ex
853 2493 964 2537 primis
995 2503 1077 2537 quae
1103 2504 1193 2526 vaca-

449 2544 525 2577 luint
547 2557 581 2577 ev
604 2556 687 2578 nunr
711 2546 932 2590 imposterum,
955 2553 985 2580 vt
1010 2547 1114 2580 (lictus
1133 2547 1192 2579 do-

1030 255 1216 281 BULLARIUM
1235 255 1390 281 ROMANUM

1224 304 1310 337 illius
1344 314 1548 338 successores
1580 305 1660 339 duas
1687 304 1826 348 virgines
1855 316 1893 340 ex
1920 305 1970 340 his

1223 369 1306 403 quae
1345 359 1523 400 vacabunt,
1558 365 1729 404 postquam
1761 360 1792 394 S.
1825 360 1970 394 Maiestas

1222 412 1400 456 providerit
1419 413 1520 446 dictas
1549 418 1612 446 tres
1628 440 1635 452 ,
1659 419 1690 446 et
1708 413 1753 446 sie
1775 413 1835 447 isto
1856 414 1970 447 ordine

1223 476 1391 510 quousque
1411 467 1451 500 sit
1479 467 1673 511 adimpletus
1700 462 1856 501 numerus
1875 478 1967 501 sexa-

1223 519 1311 562 ginta
1339 520 1485 553 locorum
1512 520 1685 563 virginum,
1716 531 1794 565 quas
1814 521 1845 554 S.
1868 521 1967 554 Maie-

1222 578 1285 606 stas
1298 573 1467 607 nominare
1483 574 1589 614 debet,
1605 579 1635 607 et
1649 573 1701 608 ille
1720 584 1877 607 numerus
1890 584 1970 618 qua-

1223 626 1382 669 draginta,
1406 637 1486 670 quas
1505 626 1675 660 nominare
1693 627 1789 661 debet
1807 627 1970 671 praefatus

1223 679 1374 713 dominus
1395 680 1660 724 archiepiscopus
1673 707 1680 720 ‚
1704 680 1747 713 ita
1768 681 1854 724 quod
1875 691 1971 724 prae-

1222 731 1348 764 bendae
1377 737 1408 765 et
1434 732 1504 766 loca
1534 743 1616 776 quae
1642 733 1682 766 ad
1713 732 1743 766 S.
1775 732 1970 766 Maiestatem

1223 790 1251 817 et
1278 785 1318 817 ad
1339 784 1488 818 dominos
1509 796 1600 827 reges
1625 785 1694 819 eius
1719 796 1922 820 successores
1941 791 1972 819 et

1223 837 1263 869 ad
1289 837 1411 870 dictum
1432 838 1604 871 Dominum
1630 838 1910 882 archiepiscopum
1940 844 1972 872 et

1223 891 1263 924 ad
1284 901 1359 924 suos
1379 891 1582 935 pertineant,
1607 892 1782 936 respective
1803 892 1866 925 sint
1885 893 1917 925 in
1937 903 1970 926 se

1224 944 1393 979 distinctae
1414 951 1445 979 et
1465 945 1624 988 cognitae,
1641 951 1671 980 et
1688 946 1854 980 eveniente
1874 956 1970 980 voea÷

1226 998 1327 1039 tione,
1356 999 1474 1033 sciatur
1506 1005 1537 1033 et
1568 1000 1786 1043 intelligatur,
1813 1000 1852 1034 ad
1873 1010 1969 1044 quern

1224 1057 1359 1096 spectat.
1383 1053 1420 1086 Et
1440 1053 1515 1097 quia
1542 1063 1579 1086 ex
1600 1053 1693 1087 dictis
1718 1059 1847 1086 eentum
1869 1052 1968 1095 virgi-

1223 1106 1318 1139 nibus
1335 1106 1453 1140 adsunt
1469 1107 1510 1140 ad
1531 1117 1684 1151 praesens
1704 1106 1736 1139 in
1758 1106 1844 1140 dicto
1865 1107 1968 1140 eolle-

1224 1158 1277 1201 gio
1309 1158 1438 1203 aliquae
1466 1165 1689 1203 praesentatae
1719 1170 1778 1204 per
1806 1159 1837 1193 S.
1870 1159 1969 1193 Maie-

1224 1217 1338 1245 statem
1370 1212 1468 1256 (ultra
1498 1224 1552 1246 sex
1574 1213 1660 1253 loca,
1684 1223 1767 1257 quae
1796 1212 1972 1246 cardinalis

1224 1265 1377 1299 fundator
1396 1266 1497 1299 voluit
1519 1265 1551 1299 in
1572 1276 1610 1299 eo
1631 1276 1699 1299 esse
1719 1276 1779 1310 pro
1801 1265 1972 1308 consagui-

1223 1317 1292 1351 neis
1319 1316 1398 1361 suis)
1423 1318 1587 1352 dumtaxat
1607 1318 1689 1351 duae
1708 1318 1864 1361 virgines,
1888 1328 1972 1363 quae

1223 1376 1294 1404 sunt
1316 1371 1457 1404 Adi-iana
1477 1371 1662 1405 Fet-nandez
1682 1371 1821 1405 Pantosa
1833 1377 1865 1405 et
1879 1373 1972 1405 Anna

1223 1423 1360 1463 Sedena,
1371 1430 1402 1457 et
1418 1435 1477 1468 per
1494 1424 1727 1467 gubernatores
1738 1424 1834 1458 liuius
1847 1424 1973 1458 archie-

1223 1476 1407 1522 piscopatus
1424 1477 1541 1511 adsunt
1566 1483 1707 1521 quatuor
1730 1483 1968 1522 praesentatae,

1223 1540 1306 1573 quae
1327 1536 1400 1563 sunt
1424 1529 1593 1563 Catherina
1614 1531 1652 1564 de
1672 1530 1811 1572 Salazar,
1834 1530 1969 1564 Franci-

1223 1594 1276 1616 sea
1297 1583 1335 1616 de
1365 1583 1518 1627 Spinosa,
1541 1584 1654 1617 Donna
1677 1583 1848 1617 Catlierina
1874 1584 1972 1618 Lasso

1224 1637 1263 1670 de
1291 1637 1375 1670 Aaro
1401 1643 1432 1670 et
1450 1637 1562 1670 Donna
1582 1628 1679 1671 Maria
1707 1637 1863 1678 Pantosa;
1887 1642 1919 1670 et
1936 1643 1972 1670 ut

1224 1690 1414 1723 observetur
1445 1690 1551 1734 quoad
1582 1690 1838 1724 nominationem
1855 1682 1970 1724 'dicta-

1225 1755 1294 1777 rum
1314 1751 1443 1778 centum
1465 1744 1624 1786 virginum
1650 1744 1731 1777 ordo
1752 1743 1814 1777 iam
1844 1744 1968 1785 dietus,

1224 1797 1311 1840 quod
1338 1798 1368 1831 S.
1398 1797 1542 1831 Maiestas
1576 1797 1719 1831 nominet
1758 1804 1831 1838 tres,
1861 1803 1893 1831 et
1912 1808 1967 1831 ar-

1224 1853 1449 1898 chiepiscopus
1470 1854 1568 1897 duas,
1596 1854 1799 1895 declaratur,
1823 1855 1911 1898 quod
1931 1854 1971 1888 ad

1223 1908 1413 1941 servandam
1432 1908 1672 1952 aequalitatem,
1684 1908 1782 1941 modo
1794 1908 1856 1941 iam
1870 1908 1968 1950 dicto,

1224 1961 1263 1993 ad
1295 1971 1467 1993 numerum
1501 1960 1659 1994 dictarum
1695 1967 1854 2005 quatuor,
1889 1971 1972 2005 quae

1224 2019 1295 2046 sunt
1328 2020 1548 2058 praesentatae
1577 2014 1607 2047 in
1638 2014 1723 2048 ‹lii-to
1749 2014 1886 2057 collegio
1915 2025 1974 2059 per

1225 2067 1386 2110 praefatos
1407 2067 1651 2109 gubernatores,
1680 2067 1775 2101 delict
1801 2067 1972 2111 providere

1224 2121 1254 2153 S.
1279 2119 1423 2153 Maiestas
1451 2121 1548 2154 modo
1580 2120 1700 2164 primas
1731 2126 1853 2165 septem
1875 2121 1972 2164 virgi-

1225 2184 1293 2213 nes,
1310 2184 1392 2217 quae
1414 2184 1487 2207 cum
1506 2173 1632 2207 duabus
1660 2184 1739 2218 quas
1759 2173 1973 2218 praesentavit

1226 2233 1320 2260 erunt
1341 2237 1468 2267 noveni,
1492 2233 1520 2261 et
1547 2232 1657 2271 postea
1683 2227 1835 2260 dominus
1860 2227 1969 2261 cardi-

1226 2281 1306 2314 nalis
1318 2286 1345 2314 et
1362 2281 1430 2315 eius
1447 2291 1648 2315 successores
1666 2280 1784 2314 debent
1801 2280 1972 2324 providere

1226 2334 1306 2367 (luas
1337 2333 1494 2375 virgines,
1523 2344 1604 2378 quae
1636 2344 1709 2367 eum
1739 2339 1879 2377 quatuor
1906 2333 1972 2367 exi-

1225 2387 1382 2420 stentibus
1415 2387 1444 2420 in
1478 2387 1564 2420 dicto
1594 2386 1730 2428 collegio
1763 2386 1972 2430 praesentatis

1227 2451 1284 2484 per
1320 2440 1422 2474 dictos
1457 2440 1691 2482 gubernatores
1724 2445 1815 2472 erunt
1848 2450 1918 2480 sex;
1942 2445 1970 2473 et

1227 2499 1396 2538 postquam
1420 2493 1593 2537 providerit
1621 2493 1725 2526 ‹lii-tus
1750 2493 1901 2527 dominus
1921 2504 1972 2527 ar-

1227 2547 1452 2591 vttinpisvopns
1478 2546 1552 2579 istas
1572 2546 1651 2579 «tuas
1672 2546 1810 2589 virgines
1824 2573 1831 2586 ,
1854 2546 1972 2580 debent

450 2597 554 2629 :ninus
585 2598 756 2631 van-«tinans
786 2600 817 2632 lt.
839 2600 960 2643 Gaspar
984 2600 1024 2633 «le
1054 2600 1193 2640 Quirossa
1228 2600 1396 2644 providi-re
1426 2601 1457 2633 S.
1492 2599 1635 2633 Maiestas
1670 2606 1697 2633 et
1736 2599 1821 2633 illius
1844 2611 1971 2634 succes-

449 2650 711 2696 archiepisc-opus
723 2652 936 2685 Toletanuset
958 2653 1192 2698 archiepisc-opi
1227 2664 1316 2686 sores
1347 2653 1424 2686 alias
1452 2658 1516 2686 tres
1546 2652 1707 2696 virgines,
1735 2659 1762 2686 et
1795 2653 1971 2688 successive
