2253 3195
15 273 17 321 s
54 279 101 306 An.
118 277 146 306 C.
172 277 238 306 ¹599

85 1828 211 1850 Praesertim
226 1829 247 1850 in

66 1855 116 1876 locis
130 1856 166 1876 ubi
175 1856 248 1876 catho-

65 1882 105 1903 liea
126 1883 199 1908 religio
215 1889 246 1903 re·

65 1909 162 1929 stituitur.

868 276 1014 302 CLEMENS

254 327 434 360 animarum
451 337 526 359 cura
548 326 772 365 committitur,
791 337 872 370 quae
886 333 932 359 est
946 337 997 358 ars

255 381 382 419 artium,
407 392 470 424 qua
488 382 575 414 nulla
593 381 765 422 difficilior,
790 385 844 414 aut.
865 380 996 412 maiori-

255 434 314 466 bus
334 434 484 477 periculis
504 435 653 467 obnoxia.
678 435 715 467 lli
736 435 889 467 nimirum
908 434 1016 467 adiu—.

256 493 341 520 tores
363 489 455 521 vestri
476 493 560 527 31131,
585 488 638 531 qui
653 489 691 520 ad
709 489 865 532 populum
884 498 997 529 regen-

256 542 352 579 dum,
372 548 401 574 et
421 542 615 574 salutaribus
636 542 844 575 sacramentis
865 551 998 584 pascen-
1015 547 1016 566 ἐ

257 595 333 626 dum
345 595 580 638 eliguntur,qui
595 596 752 633 doctrina,
766 595 894 638 pietate,
907 594 1000 626 castis

257 647 401 679 moribus
422 654 452 680 et
472 648 649 680 illustribus
670 649 829 680 bonorum
863 658 998 690 operum

258 701 410 744 exemplis
436 701 477 734 ita
499 701 567 733 aliis
594 702 781 744 praelucere
807 701 942 739 debent,
966 706 1017 732 111Ἰ

257 765 329 787 vere
350 755 403 786 lux
425 760 455 787 et
472 755 516 787 sal
538 755 648 798 populi
669 755 729 787 31111
753 760 783 787 01
806 755 996 786 habeantur.

257 808 347 840 Nunc
368 813 475 840 autem
497 807 611 839 crebro
629 808 714 851 apud
734 818 788 840 vos
818 807 914 839 sacris
943 817 997 839 or-

259 860 386 893 dinibus
407 860 524 892 initiari
547 861 696 893 audimus
711 888 718 899 ,
749 866 779 893 et
799 861 901 893 multo
927 871 999 892 cum

258 913 356 946 animi
375 914 485 947 dolore
507 914 666 953 audimus,
684 914 831 946 homines
848 913 932 952 vites,
955 913 1001 945 111-

259 967 354 999 1111130
375 972 406 1000 01
431 967 577 1000 abiectae
600 967 805 1006 conditionis,
829 967 916 999 nulla
930 978 1002 999 eru-

259 1020 390 1059 ditione,
420 1020 516 1053 301113
537 1020 670 1061 meritis,
695 1021 782 1053 nulla
802 1021 927 1063 generis
946 1021 1002 1053 ho—

259 1079 381 1106 nestate
403 1075 657 1115 commendatos,
682 1074 781 1106 immo
796 1085 871 1107 vero
890 1075 998 1113 rudes,

260 1127 443 1168 illiberales,
472 1128 641 1167 sordidos,
665 1128 800 1171 ineptos,
834 1128 1003 1171 1111131110-

260 1192 397 1224 rumque
436 1182 687 1214 commaculatos
702 1209 709 1221 ,
744 1192 761 1214 a
788 1181 903 1224 quibus
924 1181 1021 1213 nihill

260 1234 355 1278 plane
376 1235 463 1274 110111,
487 1241 542 1268 aut
561 1235 600 1268 ad
623 1235 782 1273 virtutem,
800 1240 854 1267 aut
874 1236 913 1268 ad
927 1246 1020 1278 pru-¹

262 1288 417 1327 dentiam,
450 1294 503 1321 aut
531 1289 570 1321 ad
593 1299 700 1321 rerum
724 1299 817 1321 usum
839 1289 878 1321 sit
903 1299 999 1332 expe-

261 1343 425 1381 ctandum,
441 1343 578 1375 multum
601 1353 674 1376 vero
695 1343 770 1375 mali
791 1343 859 1375 iure
881 1342 1003 1386 optimo

261 1396 300 1429 sit
313 1397 534 1429 metuendum.
556 1397 665 1440 Itaque
686 1397 800 1436 videte,
818 1398 942 1437 fratres,
964 1408 1003 1430 ne

261 1455 373 1482 contra
398 1450 542 1493 Apostoli
569 1456 776 1493 praeceptum
804 1461 917 1482 manus
930 1450 1000 1482 0111-

262 1513 357 1546 quam
372 1503 467 1536 nimis
479 1513 615 1547 propere
626 1503 808 1547 imponatis,
823 1509 903 1536 etne
914 1515 1003 1537 com-

262 1556 434 1589 municetis
458 1557 597 1600 peccatis
618 1557 753 1596 alienis,
786 1568 890 1601 neque
918 1557 1002 1590 enim

262 1609 356 1643 aliam
375 1610 415 1642 ob
436 1621 516 1650 rem,
534 1622 629 1654 quam
652 1611 692 1643 ob
707 1611 840 1644 collatos
861 1611 1000 1651 ordines,

262 1663 389 1705 gravius
418 1663 573 1696 iudicium
606 1665 691 1708 apud
725 1665 841 1697 iustum
863 1665 1003 1697 Iudicem

262 1716 421 1749 subibitis.

308 1771 324 1812 ξ
345 1770 375 1802 9.
400 1770 479 1809 Quia
497 1781 583 1811 vero,
612 1777 646 1804 ut
667 1771 759 1804 initio
785 1771 932 1811 diximus,
950 1773 1004 1805 ad-

264 1822 403 1856 mirabili
424 1824 478 1857 Dei
493 1824 691 1867 benignitate
704 1825 857 1857 Franciae
870 1836 1004 1867 regnum

263 1876 440 1920 paulatim,
472 1883 503 1910 ut
526 1878 727 1918 audivimus,
762 1884 793 1911 ct
818 1879 848 1910 in
869 1879 1005 1912 Domino

265 1930 378 1963 confisi
411 1942 597 1974 speramus,
621 1932 774 1974 resurgit,
803 1937 833 1965 et
857 1943 1005 1965 errorum

265 1984 382 2016 densae
402 1985 563 2025 tenebrae,
587 1996 669 2029 quae
689 1986 760 2018 loca
779 1986 878 2019 multa
895 1998 1006 2030 perva-

264 2043 425 2079 gaverant,
442 2043 537 2082 atque
551 2039 754 2079 obsederant,
772 2041 918 2073 coelestis
935 2052 1006 2083 gra-

265 2090 327 2122 tiae
355 2091 421 2123 sole
442 2092 625 2133 exoriente,
661 2097 692 2125 et
716 2093 858 2126 veritatis
883 2094 1005 2127 lumine

265 2143 471 2187 dissipantur,
489 2145 529 2177 ob
551 2156 621 2177 eam
644 2156 784 2186 causam,
802 2157 857 2179 vos
878 2147 1001 2188 fratres,

265 2207 462 2241 magnopere
480 2198 658 2239 hortamur,
676 2205 709 2232 ut
721 2199 760 2232 ad
779 2209 830 2232 eas
844 2200 1002 2241 regiones,

266 2250 406 2284 civitates
434 2257 465 2284 et
494 2252 585 2292 loca,
619 2252 650 2284 in
686 2252 802 2295 quihus
830 2253 1005 2286 catholicae

265 2304 429 2346 religionis
450 2316 525 2338 usus
546 2305 735 2345 restituitur,
760 2311 790 2338 et
818 2306 914 2339 divini
940 2308 1007 2339 cul-

267 2363 315 2390 tus
350 2369 458 2391 sacrae
496 2359 675 2392 functiones
713 2365 909 2392 renovantur
927 2387 933 2399 ,
977 2366 1008 2393 et

266 2417 542 2445 3301313031011113
572 2413 806 2445 1111111131311·3110
839 2413 953 2446 iterum
976 2414 1006 2445 13

268 2475 374 2497 mores
402 2465 564 2498 inducitur
589 2471 684 2509 atque
706 2465 919 2506 instauratur,
943 2467 1006 2499 cle-

269 2518 351 2551 ricos
366 2523 395 2551 et
409 2519 591 2551 sacerdotes
604 2519 847 2563 probatissimos
861 2519 1003 2560 mittatis,

268 2571 322 2614 qui
340 2581 404 2604 non
426 2572 529 2604 solum
552 2572 698 2605 doctrina
719 2577 749 2604 et
774 2583 883 2605 rerum
906 2573 1007 2605 00010-

267 2623 467 2657 313311031·11111
489 2635 564 2665 usu,
592 2625 647 2658 sed
667 2625 748 2657 vitae
775 2624 956 2667 integritate
977 2631 1005 2658 et

268 2678 439 2722 prudentia
456 2684 628 2722 praestent,
652 2678 706 2721 qui
720 2678 786 2712 zelo
807 2678 939 2711 honoris
952 2678 1005 2712 Dei

1033 276 1091 302 vm
1111 277 1160 302 1³1³.

1032 332 1058 358 ct
1082 326 1191 359 salutis
1204 324 1385 358 animarum
1399 326 1459 358 sint
1474 324 1607 364 incensi,
1628 325 1682 368 qui
1700 335 1773 357 vere

1032 381 1120 413 0111111
1142 391 1197 413 sua
1212 380 1336 413 actione
1358 380 1486 412 fidelem
1509 379 1666 423 populum
1689 378 1775 411 aedi—

1032 434 1140 473 ficent,
1166 440 1193 467 et
1215 445 1279 466 non
1301 434 1459 474 destraut,
1486 434 1540 477 qui
1559 444 1622 465 303
1649 438 1775 465 terrena

1034 488 1237 530 compendia,
1255 488 1309 519 sed
1331 487 1511 519 animarum
1534 487 1659 519 lucrum
1679 496 1776 529 quae-

1036 546 1128 577 rant,
1153 540 1207 583 qui
1229 540 1368 583 denique
1393 541 1534 572 novellas
1561 539 1776 583 plantationes

1034 594 1151 631 colant,
1172 594 1276 635 rigent
1298 593 1327 625 in
1346 593 1460 636 spiritu
1482 593 1647 625 charitatis
1672 599 1699 625 et
1721 604 1776 636 pa-

1037 646 1176 685 tientiae,
1200 653 1234 678 ut
1256 647 1295 679 ab
1316 647 1370 685 Eo,
1392 647 1445 690 qui
1467 652 1510 679 031
1535 648 1604 680 sons
1625 647 1777 690 perennis

1035 699 1194 732 bonorum
1225 700 1382 739 omnium,
1413 700 1571 743 accipiant
1597 701 1778 733 incremen-

1016 757 1018 776 l
1035 758 1113 785 tum.

1080 806 1094 848 ἓ
1117 805 1167 838 10.
1188 806 1249 839 Sed
1271 806 1423 849 quoniam
1443 806 1576 838 inomni
1597 807 1641 839 rei
1664 807 1775 840 dome-

1037 918 1099 944 met
1114 912 1342 955 paterfamilIas
1356 912 1464 944 omnia
1478 914 1664 956 frequenter
1678 913 1777 957 inspi-

1037 965 1109 1005 ciat,
1131 976 1252 1009 suaque
1266 966 1429 1007 vigilantia
1442 976 1575 998 suorum
1586 966 1777 999 industriam

1018 1051 1020 1058 ,
1037 1024 1068 1051 et
1088 1019 1286 1061 diligentiam
1309 1019 1392 1059 alat,
1413 1025 1586 1063 propterea
1598 1030 1653 1052 vos
1671 1019 1779 1052 horta-

1019 1096 1020 1110 ,
1038 1083 1120 1113 mur,
1144 1072 1278 1111 fratres,
1302 1072 1456 1116 vobisque
1478 1073 1715 1116 praecipimus,
1744 1078 1779 1105 ut

1038 1126 1187 1159 ecclesias
1208 1131 1238 1158 et
1259 1126 1420 1159 dioeceses
1440 1132 1559 1159 vestras
1579 1137 1634 1159 vos
1654 1126 1713 1169 ipsi
1735 1127 1780 1158 vi-

1038 1179 1147 1220 sitetis,
1172 1190 1227 1212 vos
1248 1179 1308 1222 ipsi
1329 1184 1409 1212 state
1432 1179 1463 1211 in
1479 1180 1585 1212 medio
1604 1180 1711 1212 ovium
1729 1190 1780 1212 ve-

1038 1239 1178 1273 strarum
1197 1233 1437 1276 dissipatarum,
1455 1239 1485 1265 et
1502 1239 1695 1275 congregate
1713 1244 1777 1273 eas,

1038 1298 1092 1320 vos
1124 1287 1183 1330 ipsi
1225 1287 1403 1319 imitatores
1442 1287 1515 1319 sacti
1547 1287 1623 1319 boni
1644 1287 1781 1330 pastoris

1039 1341 1134 1381 illius,
1159 1341 1214 1384 qui
1235 1341 1376 1373 animam
1400 1351 1489 1373 suam
1511 1340 1618 1384 posuit
1636 1351 1693 1384 pro
1715 1340 1781 1373 ovi-

1039 1393 1097 1427 bus
1117 1394 1192 1434 suis,
1214 1394 1335 1437 pascite
1355 1404 1486 1436 gregem
1506 1399 1659 1434 restrum,
1677 1399 1708 1426 et
1725 1405 1781 1437 pe-

1039 1447 1121 1480 coris
1130 1447 1225 1480 vestri
1245 1448 1367 1480 vultum
1381 1447 1554 1489 agnoscite,
1578 1453 1613 1479 ut
1633 1458 1697 1479 non
1718 1447 1781 1479 iam

1039 1502 1145 1533 surum
1168 1507 1195 1534 et
1215 1501 1407 1541 alienorum,
1424 1501 1478 1533 sed
1491 1501 1590 1544 patris
1602 1506 1632 1533 et
1645 1500 1782 1543 pastoris

1039 1555 1209 1587 suivocem
1225 1554 1338 1587 audire
1359 1560 1389 1587 et
1409 1554 1498 1597 sequi
1511 1559 1704 1594 assuescant,
1727 1564 1782 1587 vos

1039 1614 1231 1650 congregate
1252 1619 1362 1650 agnos,
1391 1613 1422 1640 et
1442 1608 1473 1640 in
1496 1607 1634 1640 brachiis
1654 1607 1778 1647 vestris,

1040 1669 1070 1695 et
1090 1663 1121 1694 in
1142 1663 1212 1695 sinu
1235 1668 1339 1695 vestro
1360 1663 1461 1694 levate
1475 1669 1503 1694 01
1525 1667 1644 1704 gestate
1662 1672 1726 1701 eos,
1751 1667 1783 1694 et

1041 1717 1141 1749 foetas
1158 1726 1231 1748 oves
1251 1726 1306 1748 vos
1332 1715 1390 1759 ipsi
1411 1720 1557 1759 portate:
1587 1715 1705 1747 mirum
1735 1721 1782 1748 est

1040 1770 1125 1801 enim
1146 1775 1266 1813 quanta
1286 1769 1332 1802 vis
1352 1769 1402 1809 sit,
1426 1775 1545 1813 quanta
1565 1769 1685 1801 utilitas
1708 1769 1779 1812 epi-

1040 1823 1177 1866 scopalis
1204 1823 1416 1861 visitationis,
1441 1823 1527 1866 quod
1557 1822 1665 1855 alteris
1685 1823 1781 1855 etiam

1040 1877 1154 1909 litteris
1175 1877 1292 1909 nostris
1322 1875 1557 1919 pastoralibus,
1592 1886 1671 1918 quas
1697 1886 1782 1908 anno

1040 1930 1207 1973 superiore
1226 1929 1265 1962 ad
1287 1940 1341 1962 vos
1361 1929 1529 1969 dedimus,
1554 1934 1702 1961 accurate
1724 1940 1782 1972 pro

1043 1985 1086 2017 rei
1108 1984 1261 2026 gravitate
1283 1983 1450 2017 contestati
1469 1994 1590 2016 sumus.

1086 2039 1101 2079 ξ
1123 2037 1175 2069 M.
1200 2037 1261 2070 Sed
1283 2036 1313 2068 in
1334 2036 1519 2069 universum
1539 2036 1570 2068 in
1591 2035 1782 2069 omnisacra

1041 2097 1071 2124 et
1101 2090 1315 2123 ecclesiastica
1336 2090 1499 2123 functione
1531 2100 1585 2122 vos
1620 2095 1777 2130 auctores,

1041 2156 1095 2178 vos
1120 2146 1217 2177 duces
1246 2150 1276 2177 et
1301 2144 1470 2185 magistros
1488 2154 1555 2176 esse
1576 2149 1723 2187 oportet,
1747 2148 1780 2175 ut

1041 2198 1131 2241 quasi
1146 2199 1184 2230 dc
1198 2203 1320 2230 vestrae
1334 2197 1508 2230 sanctitatis
1529 2197 1700 2240 splendore
1721 2198 1783 2229 cle-

1041 2263 1094 2284 rus
1115 2252 1220 2285 omnis
1235 2253 1344 2285 lumen
1358 2251 1497 2291 hauriat,
1516 2257 1546 2284 et
1563 2256 1687 2284 vestrae
1708 2251 1783 2284 cha—

1041 2304 1142 2337 ritatis
1157 2305 1229 2347 igne
1243 2305 1424 2337 incalescat.
1446 2305 1555 2347 ltaque
1573 2304 1603 2336 13
1626 2304 1784 2337 tremendi

1041 2357 1187 2390 sacrificii
1207 2358 1365 2401 frequenti
1380 2363 1410 2390 et
1430 2357 1543 2390 devota
1560 2356 1734 2397 oblatione,
1752 2357 1783 2388 in

1042 2410 1210 2443 missarum
1231 2411 1366 2443 solemni
1388 2410 1614 2449 celebratione,
1630 2409 1660 2442 in
1677 2421 1784 2442 sacra-

1043 2465 1157 2497 mentis
1175 2464 1456 2504 zulministrandis,
1481 2464 1512 2495 111
1537 2463 1650 2496 divinis
1672 2464 1784 2496 officiis

1042 2518 1210 2558 obeundis,
1236 2517 1265 2549 111
1287 2518 1373 2550 cultu
1396 2522 1427 2550 et
1440 2517 1545 2549 nitore
1561 2517 1780 2558 ecelesiarum,

1043 2571 1073 2603 in
1092 2571 1262 2615 disciplina
1288 2571 1402 2604 domus
1431 2577 1461 2604 et
1482 2571 1621 2603 familiae
1641 2577 1780 2612 vestrae,

1042 2625 1072 2657 in
1091 2635 1270 2668 pauperum
1300 2634 1410 2657 amore
1435 2630 1465 2657 et
1486 2624 1706 2657 misericordia
1720 2652 1727 2664 ‚
1752 2625 1782 2657 13

1041 2679 1128 2712 omni
1150 2678 1288 2722 denique
1309 2689 1407 2722 opere
1424 2679 1563 2723 pietatis,
1578 2679 1784 2722 religionisct

1680 261 1743 299 :3⁶27
1791 274 1838 302 An.
1860 272 1887 302 e.
1907 274 1973 302 1599

1832 815 1940 836 Ecclesias
1957 817 1977 835 ct

1792 842 1903 862 dioeceses
1928 843 1978 862 visi-

1017 858 1132 894 ,rsticae
1153 870 1229 891 cura
1243 859 1321 891 nihil
1335 865 1379 891 est
1400 859 1520 899 utilius,
1537 871 1632 903 quam
1648 860 1672 892 si
1694 860 1776 903 ipse·
1802 876 1842 889 ιω

1851 2042 1923 2062 Sacris
1939 2042 1983 2062 1113-

1803 2070 1908 2089 ottonibus
1918 2072 1982 2095 atquo

1803 2101 1837 2116 sac
1842 2098 1982 2116 ramentorum

1804 2123 1982 2143 administrationi

1805 2149 1915 2173 studeant,
