2253 3195
17 224 65 251 An.
83 223 112 250 C.
129 221 197 250 ¹595

828 217 975 242 CLEMENS
995 218 1053 241 VIII
1074 218 1112 241 PI‘
1119 234 1124 240 .

215 280 252 303 ex
272 269 375 302 forma
392 267 584 312 provisionis
604 267 730 309 registri
745 277 802 310 per
822 267 957 310 praede-

214 332 355 356 cessores
384 332 459 355 suos
488 321 604 361 editae,
637 326 668 354 et
687 320 763 364 ipsis
784 319 957 359 correctori

215 382 246 410 et
265 376 451 410 consulibus
465 376 635 415 concessis,
653 384 749 419 quam
763 374 958 407 iurisdictio-

214 440 289 463 nem
311 435 470 474 quatenus
488 429 520 462 in
540 429 634 461 viridi
648 427 850 461 observantia
862 432 954 465 esset,

215 489 246 516 et
266 482 376 516 omnia
397 483 428 515 in
450 482 536 516 dicta
556 481 786 515 constitutione
808 485 959 513 contenta

215 536 398 580 ampliavit,
431 542 528 579 prout
559 535 591 567 in
621 534 726 567 edicto
747 538 778 567 et
797 532 956 566 constitu-

216 589 304 623 tione
335 587 522 622 huiusmodi
554 598 591 621 ac
622 587 788 631 scripturis
822 587 961 630 desuper

161 675 165 679 ,
217 642 371 676 consectis
395 641 521 686 plenius
545 641 663 675 dicitur
682 640 851 674 contineri.

42 757 136 780 Edictum
147 757 202 777 vit-e-

23 785 84 812 legati
92 784 202 809 collegium

21 811 147 833 notariorum
167 815 203 839 pe-

21 839 45 860 tit
58 837 182 858 confirmari.

39 1503 149 1525 Confirmat
161 1502 206 1524 Cle·

26 1534 88 1551 mens.

262 697 278 738 ξ
299 695 331 729 4.
355 695 434 729 Cum
457 701 563 728 autem
577 694 718 727 edictum
733 693 960 727 etconstitutio

218 749 384 793 praedicta
403 759 462 792 pro
483 748 655 781 salubrior-i
675 747 777 781 dictae
799 747 886 787 artis,
917 752 963 779 at-

218 813 281 847 que
294 803 374 836 adeo
397 802 494 835 totius
506 801 641 835 civitatis
654 801 865 834 Bononiensis
878 805 962 833 statu

219 862 250 889 et
269 856 438 899 regimine,
463 866 499 889 ac
520 856 560 888 ad
581 856 689 899 plures
706 855 836 895 abusus,
860 854 915 898 qui
930 854 961 886 in

219 909 405 943 exercitium
442 908 628 942 huiusmodi
653 908 730 941 artis
750 908 958 951 irrepserant,

217 962 378 996 tollendos
398 962 481 996 facta
516 973 584 995 esse
616 961 866 1004 dignoscantur,
901 972 959 993 cu-

217 1016 311 1060 piunt
323 1021 496 1060 propterea
510 1015 617 1049 dilecti
640 1014 696 1047 filii
718 1014 890 1057 collegium
905 1024 963 1046 no-

218 1069 376 1102 tariorum
407 1069 608 1102 Bononiensc
636 1068 690 1100 illa
711 1067 838 1111 aliaque
867 1077 961 1111 prae-

219 1122 318 1156 missa
337 1133 397 1167 pro
418 1122 555 1155 firmiori
577 1132 689 1155 eorum
708 1121 915 1154 subsistentia
933 1127 963 1154 et

221 1177 447 1211 observatione
472 1176 651 1210 inviolabili
676 1182 787 1209 nostro
817 1181 848 1209 et
873 1175 963 1209 Sedis

218 1230 422 1275 Apostolicae
432 1230 614 1274 patrocinio
628 1229 835 1269 communiri·‚
846 1235 876 1262 et
889 1229 962 1262 ideo

219 1284 312 1317 nobis
329 1284 496 1318 humiliter
516 1284 689 1328 supplicari
707 1284 861 1323 fecerunt,
885 1283 962 1316 utin

219 1337 404 1381 praemissis
425 1343 606 1381 opportune
626 1337 797 1381 providere
815 1337 854 1370 de
874 1336 964 1369 beni-

220 1389 344 1432 gnitate
364 1390 541 1434 apostolica
563 1391 782 1433 dignaremur.

266 1444 282 1485 g
305 1442 336 1476 5.
356 1443 419 1476 Nos
443 1444 542 1486 igitur
567 1443 688 1477 dictum
710 1443 882 1486 collegium
907 1453 964 1476 no-

222 1496 378 1529 tariorum
398 1496 592 1540 specialibus
623 1496 784 1530 favoribus
802 1503 832 1530 et
856 1496 965 1539 gratiis

222 1549 375 1593 prosequi
399 1550 560 1589 volentes,
592 1549 778 1583 huiusmodi
805 1549 962 1594 supplica-

223 1603 364 1636 tionibus
381 1602 537 1643 inclinati,
561 1603 701 1636 edictum
716 1608 748 1636 et
761 1602 964 1636 constitutio-

222 1666 297 1689 nem
317 1656 526 1696 huiusmodi,
551 1656 583 1689 in
603 1656 713 1700 eisque
733 1657 812 1690 latas
832 1662 965 1689 statuto-

222 1720 295 1744 rum
316 1717 346 1744 et
367 1711 573 1744 decretorum
589 1711 835 1754 prohibitiones,
853 1722 889 1744 ac
909 1711 965 1744 de-

223 1774 320 1808 super
340 1765 502 1798 consectas
527 1764 723 1808 scripturas,
751 1765 832 1798 citra
857 1770 965 1798 tamen

223 1817 456 1862 praeiudicium
484 1817 762 1861 dispensationum
788 1829 885 1863 super
905 1819 963 1852 de—

224 1872 308 1904 fectu
329 1871 484 1904 natalium
498 1882 514 1904 a
527 1871 621 1905 nobis
635 1877 666 1904 et
684 1872 868 1916 Apostolica
885 1872 966 1907 Sede

225 1934 450 1957 concessarum
473 1929 503 1957 et
521 1925 825 1966 concedendarum,
850 1931 963 1959 aucto-

224 1977 318 2010 ritate
335 1977 522 2020 apostolica,
534 1982 644 2010 tenore
651 1978 882 2021 praesentium,
895 1990 966 2022 per-

224 2037 321 2075 petuo
346 2031 565 2074 approbamus
585 2038 616 2064 et
636 2032 885 2074 confirmamus,
908 2044 968 2066 nec.

225 2095 291 2118 non
311 2085 407 2118 edicti
432 2090 462 2117 ct
483 2085 721 2118 constitutionis
736 2114 743 2125 ,
775 2092 967 2120 statutorum

226 2145 257 2173 et
277 2139 480 2172 decretorum
502 2138 750 2182 prohibitiones,
786 2141 915 2184 aliaque
938 2141 969 2173 in

227 2192 443 2228 eiscontenta
468 2192 635 2236 praedicta
652 2193 692 2226 ad
723 2194 866 2227 notarios
887 2205 968 2238 quo-

227 2256 441 2289 rumcumque
461 2246 599 2279 aliorum
622 2246 842 2287 tribunalium,
873 2248 969 2281 etiam

228 2299 398 2345 tribunalis
429 2299 488 2332 sori
521 2305 761 2339 mercatorum,
795 2312 832 2334 ac
871 2302 969 2335 Rotae

227 2352 438 2386 Bononiensis
468 2353 526 2386 sub
558 2353 675 2396 quibus
700 2364 765 2387 non
797 2365 968 2399 comprae-

228 2406 411 2439 hendantur
423 2406 540 2439 notarii
554 2406 663 2439 curiae
673 2408 967 2452 archiepiscopalis,

230 2459 269 2492 de
282 2458 398 2503 quibus
411 2459 533 2491 nuttam
548 2470 680 2503 prorsus
692 2461 888 2495 mentionem
901 2461 970 2496 fieri

229 2512 447 2556 praesentium
470 2517 579 2546 tenore
598 2513 797 2557 intelligatur
819 2515 905 2559 (cum
927 2516 972 2549 eis

231 2565 325 2598 suerit
355 2564 518 2608 provisum
549 2576 607 2608 per
637 2567 883 2601 constitutiones
915 2580 968 2602 ar-

232 2618 427 2663 chiepiscopi
458 2628 564 2660 nunc,
594 2625 624 2653 ct
644 2631 703 2665 pro
731 2627 875 2666 tempore
900 2623 969 2656 exi-

281 2682 356 2710 Bull.
374 2681 457 2709 Rom.
479 2681 540 2711 Vol.
556 2682 583 2709 X
774 2685 807 2713 27

1642 204 1706 237 209

992 265 1127 307 sternis),
1160 264 1254 298 etiam
1285 264 1325 297 ad
1354 263 1496 307 ipsorum
1530 263 1734 296 notariorum

992 320 1180 353 substitutos
1209 324 1367 363 perpetuo
1394 317 1596 351 extendimus
1617 323 1648 350 et
1667 327 1735 350 am-

993 367 1142 416 pliamus,
1156 372 1281 415 illisque
1302 371 1453 404 omnibus
1466 375 1497 403 et
1517 369 1650 412 singulis
1663 380 1735 413 per-

993 431 1108 469 petuae
1123 431 1153 458 et
1164 424 1357 458 inviolabilis
1370 423 1564 468 apostolicae
1576 422 1735 456 firmitatis

993 478 1094 511 robur
1118 478 1300 517 adiicimus,
1332 488 1368 510 ac
1391 487 1503 510 omnes
1528 482 1559 509 et
1577 476 1731 518 singulos,

994 537 1057 565 tam
1085 531 1164 564 iuris
1199 542 1295 574 quam
1323 531 1407 571 facti,
1437 541 1473 563 ac
1494 530 1735 563 solemnitatum

995 585 1033 618 de
1054 585 1135 625 iure,
1158 595 1217 617 usu
1237 590 1267 617 et
1296 583 1528 617 consuetudine
1544 610 1551 623 ,
1575 588 1629 615 aut
1659 582 1737 615 alias

995 638 1240 682 quomodolibet
1257 637 1511 670 necessariarum
1531 636 1580 670 vel
1599 635 1737 679 requisi-

997 699 1112 732 tarum,
1132 702 1169 724 ac
1187 691 1315 735 quosvis
1329 691 1408 723 alios
1422 690 1573 729 desectus,
1590 689 1613 722 si
1637 689 1692 733 qui
1706 688 1736 720 in

996 745 1191 789 praemissis,
1215 750 1270 777 aut
1289 754 1401 776 eorum
1424 743 1533 786 aliquo
1547 742 1733 786 quomodo—

997 800 1074 832 libet
1103 798 1335 832 intervenerint
1372 798 1403 830 in
1441 797 1583 837 eisdem,
1611 796 1740 840 supple-

998 864 1079 893 mus3
1112 862 1237 885 necnon
1263 852 1404 885 edictum
1431 856 1462 883 et
1493 850 1739 883 constitutiones

997 918 1033 940 ac
1046 913 1211 946 statutum,
1228 907 1406 945 decretum,
1417 904 1652 948 prohibitiones
1664 902 1740 936 alia-

997 972 1059 1005 que
1078 961 1109 993 in
1123 961 1168 994 eis
1185 961 1248 993 lata
1262 966 1292 993 et
1312 965 1463 993 contenta
1484 957 1682 996 huiusmodi,
1704 967 1740 989 ac

998 1015 1097 1059 ipsius
1123 1014 1251 1056 collegii
1276 1013 1477 1046 notariorum
1500 1017 1630 1049 statuta,
1654 1010 1741 1044 ordi-

997 1068 1146 1101 nationes
1164 1073 1192 1100 et
1220 1066 1360 1110 capitula
1391 1065 1558 1109 praedicta
1583 1070 1741 1108 perpetuo

999 1122 1102 1155 valida
1121 1127 1151 1155 et
1173 1121 1326 1159 efficacia,
1350 1119 1563 1164 perpetuique
1578 1125 1609 1152 et
1630 1119 1742 1152 incon-

998 1175 1081 1209 cussi
1102 1175 1229 1208 roboris
1250 1185 1318 1208 esse
1338 1179 1369 1207 et
1398 1174 1478 1214 sore,
1507 1183 1647 1216 suosque
1668 1172 1739 1216 ple-

998 1229 1107 1262 narios
1127 1235 1158 1262 et
1178 1229 1321 1270 integros
1341 1226 1473 1260 effectus
1500 1226 1606 1259 sortiri
1629 1231 1659 1258 et
1679 1226 1739 1258 ob-

999 1283 1112 1323 tinere,
1136 1293 1172 1315 ac
1193 1292 1251 1325 per
1270 1291 1493 1324 quoscumque
1513 1279 1656 1313 notarios
1667 1278 1743 1312 dicti

999 1336 1127 1378 collegii
1157 1335 1216 1368 sub
1242 1335 1501 1378 quibuscumque
1527 1332 1743 1366 tribunalibus

999 1389 1268 1429 Bononiensibus,
1293 1389 1389 1422 etiam
1411 1389 1511 1421 Rotae
1532 1393 1563 1420 et
1583 1387 1743 1420 forimer-

1000 1450 1145 1478 catorum
1166 1442 1323 1486 praedicti
1342 1441 1562 1481 existentibus,
1573 1446 1604 1473 et
1616 1439 1745 1484 quosvis

999 1498 1101 1538 alios,
1131 1497 1171 1530 ad
1197 1507 1277 1540 quos
1298 1494 1544 1539 quomodolibet
1572 1498 1695 1537 spectat
1715 1498 1745 1525 et

999 1557 1144 1596 spectare
1174 1550 1293 1595 poterit
1316 1550 1348 1582 in
1373 1549 1530 1588 futurum,
1562 1552 1741 1591 perpetuo,

1000 1606 1137 1639 firmiter
1157 1610 1187 1638 et
1208 1603 1436 1637 inviolabiliter
1457 1601 1620 1636 observari
1639 1606 1670 1634 et
1690 1601 1745 1633 ad-

1000 1659 1129 1704 impleri
1151 1658 1279 1691 debere.

1044 1714 1059 1758 ξ
1077 1713 1106 1746 6.
1127 1713 1332 1755 Ulteriusque
1359 1711 1397 1744 ad
1419 1710 1632 1743 temeritatem
1659 1719 1742 1752 quo-

1001 1768 1149 1802 rumdam
1169 1765 1245 1800 dicti
1265 1764 1391 1807 collegii
1405 1764 1606 1797 notariorum
1628 1763 1748 1806 prima-

1000 1822 1123 1855 riorum
1145 1819 1364 1853 actuariorum
1383 1818 1422 1850 de
1441 1817 1588 1850 scabellis
1601 1844 1608 1854 ,
1631 1822 1665 1849 ut
1686 1826 1744 1849 vo-

1002 1880 1084 1913 cant,
1108 1873 1161 1917 qui
1184 1872 1300 1911 officia,
1322 1882 1377 1904 seu
1398 1871 1538 1903 scabella
1558 1880 1615 1902 sua
1641 1869 1672 1902 in
1694 1869 1745 1902 su-

1003 1933 1126 1961 mantes
1147 1933 1177 1960 et
1203 1926 1347 1959 forenses
1367 1924 1512 1957 notarios
1532 1923 1745 1961 transferunt,

1003 1987 1114 2015 contra
1139 1978 1383 2023 dispositionem
1408 1977 1598 2010 eorumdem
1617 1981 1750 2008 statuto-

1004 2046 1091 2075 rum,
1116 2039 1147 2067 et
1173 2033 1205 2065 in
1226 2031 1462 2076 praeiudicium
1484 2030 1686 2063 notariorum
1707 2029 1750 2062 ci-

1004 2089 1102 2128 vium,
1122 2087 1239 2131 quibus
1263 2085 1369 2119 officia
1390 2095 1446 2117 scu
1466 2084 1606 2116 scabella
1627 2083 1692 2125 ipsa
1715 2092 1751 2114 cx

1005 2143 1108 2175 forma
1137 2141 1297 2174 dictorum
1319 2143 1512 2171 statutorum
1538 2141 1747 2179 competunt,

1005 2195 1228 2235 coercendam,
1244 2193 1331 2237 quod
1352 2203 1389 2225 ex
1409 2202 1495 2224 nunc
1512 2190 1665 2233 deinceps
1678 2200 1750 2233 per-

1005 2248 1108 2292 petuis
1129 2247 1242 2280 suturis
1259 2245 1460 2289 temporibus
1481 2243 1586 2276 officia
1606 2253 1662 2275 scu
1682 2253 1750 2275 sea-

1005 2302 1088 2335 bella
1104 2300 1305 2333 notariorum
1320 2298 1550 2342 primariorum
1565 2296 1750 2329 huiusmodi

1007 2355 1037 2388 in
1058 2356 1218 2388 fumantes
1239 2359 1270 2385 et
1290 2354 1433 2386 forenses
1448 2379 1455 2392 ,
1477 2356 1531 2384 aut
1556 2351 1634 2383 alias
1655 2361 1750 2394 quas-

1006 2419 1144 2452 cumque
1174 2418 1328 2451 personas
1356 2417 1413 2450 per
1432 2405 1572 2439 edictum
1595 2410 1622 2437 et
1645 2410 1748 2437 statu-

1008 2469 1073 2496 tum
1096 2462 1134 2494 ab
1156 2461 1201 2495 eis
1226 2461 1360 2494 reiectas
1381 2469 1512 2503 quoquo
1540 2458 1637 2491 modo
1666 2463 1752 2490 tran-

1006 2516 1109 2555 sserri,
1133 2515 1197 2548 sive
1218 2515 1263 2548 eis
1291 2513 1384 2546 vendi
1414 2518 1469 2546 aut
1497 2511 1672 2554 resignari,
1696 2521 1752 2544 seu

1007 2570 1045 2603 de
1067 2569 1190 2609 officiis,
1207 2575 1262 2601 aut
1280 2566 1427 2600 scabellis
1447 2564 1633 2598 huiusmodi
1655 2564 1687 2596 in
1709 2564 1752 2596 sa-

1007 2634 1116 2657 vorem
1134 2631 1344 2667 personarum
1357 2619 1594 2665 praedictarum
1611 2618 1749 2662 disponi,

1753 215 1800 241 An.
1818 216 1847 241 C.
1868 215 1935 242 1595

1788 1713 1946 1734 Translationes

1762 1740 1877 1761 ostii-iorum
1887 1742 1906 1761 in
1918 1741 1947 1761 so·

1762 1773 1836 1787 renses
1852 1768 1896 1788 lieri
1913 1774 1946 1788 ve-

1762 1796 1799 1814 lui.
