2253 3195
269 241 319 268 An.
335 241 364 268 C.
385 241 449 269 ¹601

499 232 562 266 752

471 291 574 324 crucis
593 290 706 324 Christi
727 288 948 333 superioribus
967 287 1102 322 saeculis
1122 279 1210 330 gesta

470 344 544 384 sint,
567 343 691 376 nullum
706 348 814 375 tamen
835 341 974 375 atrocius
994 352 1030 374 ac
1050 340 1210 385 periculo-

470 397 535 429 sius
559 396 633 429 belli
655 406 756 438 genus
776 405 919 439 unquam
933 394 1036 428 extitit
1055 394 1117 427 hoc
1130 403 1207 433 uno,

471 460 535 492 quo
567 449 808 482 crudelissimus
845 449 1020 482 Turcarnm
1058 453 1211 492 tyrannus

471 501 696 535 christifideles
729 502 854 544 magnis
881 501 1018 545 opibus,
1051 499 1152 544 copiis
1181 504 1211 532 et

471 555 680 588 fraudolentis
700 556 823 589 artibus
843 556 956 588 eodem
980 561 1124 598 tempore
1152 563 1210 597 op-

472 614 602 651 pugnat.
626 609 792 652 Siquidem
816 609 882 652 ipse
904 614 956 641 aut
990 608 1082 641 dictis
1113 606 1212 640 maxi·

473 661 531 694 mis
552 662 745 695 exercitibus
764 662 796 694 in
817 661 1033 706 amplissimas
1048 670 1158 703 regum
1182 664 1212 692 et

472 714 655 758 principum
678 714 926 748 christianorum
947 713 1142 758 provincias,
1158 723 1212 746 eos

471 778 597 801 summa
610 768 638 800 vi
660 779 676 801 e
697 768 762 801 suis
780 767 887 811 regnis
905 774 932 801 et
956 767 1135 801 ditionibus
1149 766 1212 800 eie—

473 821 525 861 cit,
549 832 638 854 sacra
657 821 766 854 omnia
791 821 982 865 profanavit,
997 831 1033 854 ac
1048 819 1212 862 religionis

473 874 665 908 christianae
686 876 807 908 cultum
829 874 948 908 ibidem
970 884 1102 918 prorsus
1123 873 1214 906 dissi-

472 929 570 971 pavit;
593 935 645 962 ant
667 929 815 962 simulata
837 940 915 972 pace
929 929 1063 972 salsique
1075 927 1213 961 foederis

474 981 623 1025 pactione
640 983 797 1025 quosdam
812 981 871 1014 sibi
888 982 998 1015 dolose
1019 980 1210 1020 conciliavit,

474 1042 570 1079 atque
590 1046 607 1068 a
635 1035 720 1068 bello
741 1041 768 1068 et
793 1046 957 1068 armorum
987 1034 1214 1069 exercitatione

474 1088 622 1128 abduxit·⁷
644 1089 740 1132 idque
761 1089 819 1122 hac
846 1088 1018 1133 praecipue
1041 1087 1214 1121 calliditate

475 1148 502 1173 ct
522 1142 649 1181 astutia,
672 1148 706 1175 ut
728 1143 802 1175 dum
831 1143 897 1186 ipse
928 1142 998 1175 aliis
1023 1141 1213 1175 continuum

476 1196 594 1228 bellum
618 1196 724 1233 insert,
746 1196 765 1228 ii
787 1195 840 1240 qui
855 1195 1024 1229 dulcedine
1034 1196 1121 1239 pacis
1132 1195 1215 1239 capti

474 1251 570 1286 sunt,
594 1246 660 1279 otio
682 1252 711 1279 et
732 1247 807 1279 luxu
841 1246 1009 1285 diffluant,
1037 1257 1110 1279 suas
1139 1256 1217 1290 opes

477 1299 632 1332 inutiliter
663 1300 831 1332 absumant
849 1326 856 1339 ,
899 1305 995 1342 atque
1035 1298 1216 1332 intermisso

476 1362 640 1385 armornm
662 1352 780 1391 studio,
805 1358 834 1385 et
855 1353 949 1395 longa
971 1352 1045 1385 belli
1068 1352 1217 1385 desuetu-

477 1405 562 1444 dine,
587 1415 715 1438 omnem
738 1405 940 1449 disciplinam
963 1411 1130 1449 artemque
1152 1405 1214 1437 mi-

479 1459 604 1492 litarem
626 1459 792 1495 amittant;
816 1469 898 1502 quos
919 1459 985 1502 ipse
1008 1458 1134 1491 tandem
1158 1457 1217 1491 im-

477 1511 617 1555 proviso,
641 1511 727 1544 nulla
764 1511 920 1555 pactionis
950 1511 1058 1544 habita
1079 1511 1214 1552 ratione,

477 1574 535 1608 pro
569 1575 626 1597 sna
658 1564 846 1597 dominandi
880 1564 1013 1597 libidine
1030 1591 1037 1600 ,
1074 1564 1219 1598 incautos

478 1617 710 1660 aggrediatur,
741 1622 837 1660 atque
871 1616 1024 1650 militibus
1053 1616 1218 1660 copiisque

479 1670 652 1713 imparatos
677 1670 849 1714 opprimat.
874 1670 1033 1709 Quantum
1055 1675 1160 1703 autem
1183 1680 1219 1703 ea

480 1723 557 1756 inre
579 1724 652 1756 insit
673 1723 737 1756 odii
757 1730 787 1756 et
808 1723 975 1767 perfidiae,
994 1723 1086 1756 facile
1107 1734 1219 1756 omnes

480 1777 656 1819 intelligere
703 1777 942 1817 existimamus,
975 1787 1048 1809 cum
1095 1777 1124 1809 in
1158 1777 1220 1810 hoc

478 1829 564 1862 suavi
588 1830 674 1873 pacis
691 1830 808 1873 poculo
829 1830 950 1863 lentum
969 1835 1064 1874 atque
1083 1830 1221 1863 amabile

478 1883 594 1926 qnietis
611 1888 641 1915 et
662 1883 716 1916 otii
737 1893 895 1916 venenum
920 1883 1063 1919 instillat,
1084 1883 1219 1926 quosci-

480 1936 617 1969 lit-eteos
639 1936 700 1968 iam
722 1936 781 1968 sibi
801 1936 938 1969 foederis
959 1936 1084 1968 vim-nlo
1105 1935 1218 1976 alliga-

482 1995 529 2021 tos
552 1989 593 2022 ita
623 1995 758 2021 comitur
779 1989 908 2021 inficere
929 1995 958 2022 ot
988 1989 1106 2021 sensim
1129 1999 1220 2022 ener-

480 2054 572 2082 vare,
598 2050 629 2076 nt
653 2043 695 2081 ii,
720 2043 822 2087 sopita
840 2043 927 2075 omni
951 2043 1065 2076 virtute
1091 2042 1218 2080 bellica,

481 2096 588 2129 lethali
609 2103 739 2140 torpore
758 2096 846 2129 fracti
860 2102 889 2129 et
903 2097 1102 2138 languentes,
1119 2106 1222 2139 neque

480 2160 511 2179 sn
531 2149 682 2193 paulatim
710 2149 817 2182 iterire
837 2149 997 2187 sentiant.
1023 2160 1125 2192 neque
1155 2148 1222 2182 eins

483 2202 601 2235 viribus
622 2203 776 2236 obsistere
803 2203 868 2235 nlln
895 2203 991 2236 modo
1013 2202 1143 2246 possint.

529 2257 544 2297 5
568 2256 596 2288 2'.
621 2256 777 2295 Quocirca
800 2267 856 2288 nos
877 2256 1020 2289 eiusdem
1047 2255 1164 2288 atrocis
1187 2266 1222 2288 ac

409 2327 413 2338 .
445 2325 464 2336 ιν
483 2309 597 2341 versuti
619 2309 741 2353 tyranni
764 2309 825 2341 vim
847 2315 877 2342 ct
897 2309 987 2342 ‹totos-
1011 2309 1129 2341 iamdiu
1151 2315 1223 2341 ante

446 2355 464 2388 έῘ
484 2362 714 2404 praevidentes,
729 2368 886 2395 etcertain
903 2373 992 2406 spem
1015 2373 1049 2395 ac
1073 2362 1222 2395 [idm-iam

420 2410 466 2448 μέν
485 2415 513 2446 in
537 2415 670 2448 Domino
704 2415 857 2449 habentes
879 2416 946 2459 (qni
970 2416 1105 2449 conterit
1131 2415 1220 2449 torti-

485 2468 626 2500 tudinem
651 2469 738 2509 regni
765 2468 929 2509 pontium,
964 2469 1082 2512 quique
1104 2479 1222 2513 apprc—

485 2521 593 2552 lwntlit
624 2521 782 2564 sapientes
823 2522 851 2554 in
881 2522 995 2554 astutia
1025 2532 1160 2558 cortun,
1195 2528 1222 2554 ct

484 2574 652 2605 consilium
675 2585 846 2617 pravorntu
862 2574 1019 2618 dissipat),
1037 2574 1172 2607 ¹*numnis
1186 2574 1226 2606 ab

485 2626 526 2658 tis·
549 2627 696 2669 precihus
711 2628 952 2669 pustulsuimns,
978 2633 1009 2660 nt
1029 2628 1117 2660 ‹tznvt
1134 2627 1225 2660 nobis

1049 240 1087 264 BL*
1093 240 1231 264 LLAutmt
1253 238 1406 263 ROMANUM

1243 286 1412 324 consilium
1433 291 1464 319 et
1482 285 1575 326 vires,
1599 285 1716 329 quibus
1735 285 1803 319 eius
1818 285 1981 329 potentiae

1243 351 1280 374 ac
1300 340 1433 373 fallaciis
1453 345 1643 380 occurrere,
1671 345 1703 373 et
1721 339 1906 373 inusitatum
1927 339 1979 372 su-

1244 404 1351 427 rorem
1369 393 1520 427 cohibere
1535 403 1712 437 possemus.
1727 393 1764 426 Et
1777 392 1907 436 quidem
1925 403 1983 426 nos

1244 447 1305 480 hoc
1318 447 1387 491 ipso
1399 452 1428 480 et
1441 446 1662 490 superioribus
1673 445 1765 479 annis
1772 456 1981 479 numerosum

1244 500 1419 533 exercitum
1433 511 1469 533 ex
1491 499 1620 533 ditionis
1640 506 1768 533 nostrae
1788 499 1984 532 Ecclesiasti-

1245 564 1299 586 cae
1310 553 1465 586 militibus
1482 553 1668 590 conflatum,
1683 563 1809 586 summa
1822 557 1854 585 et
1866 551 1985 585 viribus

1245 606 1362 640 nostris
1382 607 1477 650 plane
1499 606 1621 639 maiore
1642 606 1798 649 impensa,
1813 605 1845 638 in
1857 605 1986 648 Hunga-

1245 659 1325 692 riam
1347 659 1408 692 iam
1443 659 1538 692 tertio
1564 659 1724 699 misimus,
1757 669 1793 691 ac
1824 657 1986 702 principes

1246 712 1436 746 christianos
1470 712 1636 745 universos
1678 712 1730 756 pia
1766 711 1987 745 cohortatione

1247 764 1449 798 invitavimus
1469 764 1508 798 ad
1534 764 1690 798 violentos
1720 764 1986 809 importunissimi

1246 818 1345 851 hostis
1365 818 1512 851 incursus
1525 817 1590 851 suis
1610 818 1725 862 opibus
1745 824 1775 851 et
1788 818 1889 862 copiis
1907 817 1987 851 acri-

1247 877 1294 905 ter
1314 878 1341 905 et
1355 878 1484 905 strenue
1505 872 1718 915 repellendos.

1292 926 1308 967 ἓ
1329 925 1359 958 3.
1376 925 1415 958 L't
1430 935 1504 958 vero
1519 925 1662 958 eiusdem
1677 935 1807 968 quoque
1821 925 1987 958 fraudibus

1248 985 1278 1012 et
1309 979 1427 1022 iniquis
1448 978 1740 1012 machinationibus
1760 979 1938 1022 prudenter
1957 984 1989 1012 et

1249 1039 1340 1066 caute
1362 1043 1636 1076 repugnaremus;
1664 1043 1722 1066 nos
1746 1043 1800 1066 eos
1825 1031 1988 1076 principes

1249 1085 1450 1125 christianos,
1475 1096 1556 1129 quos
1577 1085 1629 1119 ille
1651 1086 1756 1119 fallaci
1778 1085 1907 1119 foedere
1927 1084 1988 1118 sihi

1249 1139 1429 1179 obstrinxit,
1453 1139 1512 1172 hac
1535 1139 1564 1171 in
1586 1149 1620 1172 re
1641 1144 1787 1172 amanter
1807 1143 1837 1171 et
1852 1137 1990 1182 'paterne

1251 1192 1447 1233 monuimus,
1471 1198 1505 1225 ut
1526 1191 1744 1236 impendentia
1765 1192 1882 1225 damna
1895 1202 1989 1235 prae—

1251 1251 1407 1284 caventes,
1425 1255 1457 1278 se
1471 1256 1566 1289 quam
1579 1245 1718 1289 primum
1735 1244 1774 1277 ab
1793 1244 1891 1278 infida
1905 1244 1990 1278 illius

1249 1299 1402 1333 societate
1423 1299 1640 1342 seiungerent,
1657 1298 1830 1342 praecipue
1844 1308 1918 1332 vero
1934 1308 1992 1331 no-

1251 1353 1438 1386 bilissimam
1451 1352 1684 1396 rempublicam
1694 1352 1887 1386 Venetorum
1895 1351 1991 1396 (quae

1251 1413 1319 1450 post
1352 1406 1571 1440 saevissimum
1603 1406 1724 1440 bellum
1767 1405 1989 1450 superioribus
2025 1431 2029 1434 ⁴

1251 1459 1343 1493 annis
1363 1466 1499 1502 gestum,
1527 1470 1605 1503 pace
1631 1470 1703 1492 cum
1724 1470 1762 1493 eo
1782 1459 1877 1499 inita,
1901 1457 1992 1502 quasi

1252 1512 1291 1546 ab
1305 1513 1392 1546 omni
1417 1523 1581 1546 armorum
1601 1518 1687 1546 metu
1710 1512 1809 1545 libera
1833 1511 1990 1555 conquie-

1252 1566 1323 1609 scit)
1335 1577 1393 1610 pro
1413 1572 1524 1599 nostro
1537 1565 1691 1610 pastorali
1712 1575 1846 1598 munere
1865 1574 1994 1608 semper

1253 1619 1370 1653 hortati
1396 1630 1507 1652 sumus
1521 1646 1528 1659 ,
1561 1630 1600 1651 nc
1621 1629 1654 1652 se
1674 1619 1774 1652 nimia
1796 1618 1885 1652 istius
1904 1617 1993 1662 pacis

1253 1672 1424 1706 securitate
1460 1672 1602 1712 falleret,
1637 1672 1693 1705 sed
1718 1677 1752 1705 ut
1778 1670 1910 1705 interim
1928 1670 1994 1704 suis

1255 1725 1350 1758 rebus
1376 1724 1538 1768 sapienter
1570 1735 1606 1757 ac
1638 1724 1771 1768 provide
1796 1723 1990 1763 consuleret,

1255 1788 1355 1817 arces,
1379 1783 1490 1821 portus
1510 1782 1539 1810 et
1561 1777 1680 1821 oppida
1700 1776 1890 1810 firmissimis
1903 1786 1994 1820 prae-

1254 1831 1343 1863 sidiis
1357 1830 1507 1870 muniret,
1524 1836 1564 1870 et,
1577 1830 1665 1864 omni
1678 1830 1752 1864 belli
1765 1835 1920 1874 apparatu
1935 1839 1993 1862 un-

1255 1884 1352 1928 dique
1368 1883 1566 1928 conquisito,
1585 1895 1618 1917 se.
1637 1894 1733 1928 qnam
1753 1882 1994 1925 diligentissime

1255 1939 1406 1971 adversus
1427 1937 1511 1970 illius
1525 1937 1661 1981 impetus
1679 1941 1892 1981 compararet.
1907 1935 1994 1976 Quae

1256 2002 1315 2036 pro
1343 2002 1399 2024 sua
1420 1991 1573 2033 singulari
1594 1991 1766 2035 prudentia
1786 1996 1814 2023 et
1833 1989 1996 2032 vigilantia

1256 2056 1319 2078 non
1343 2045 1438 2078 modo
1460 2044 1576 2077 nostris
1598 2043 1740 2087 monitis,
1764 2053 1873 2076 verum
1898 2042 1994 2076 etiam

1256 2109 1312 2131 sua
1326 2103 1439 2142 sponte
1449 2108 1572 2141 suoque
1591 2097 1707 2130 iudicio
1724 2096 1867 2136 excitata,
1883 2101 1918 2129 ut
1937 2105 1992 2129 ac-

1257 2150 1420 2195 cepinms,
1450 2150 1596 2194 proprias
1625 2150 1801 2183 ‹litioncset
1816 2147 1997 2193 provincias

1239 2221 1241 2233 t
1258 2204 1430 2246 diligenter
1448 2203 1596 2243 firmavit,
1612 2203 1742 2236 munitis
1754 2209 1838 2236 terra
1853 2201 1997 2246 marique

1258 2258 1416 2302 portubus
1446 2263 1487 2290 et*
1505 2257 1650 2301 oppidis,
1675 2256 1828 2300 novisque
1849 2254 1999 2289 extructis

1257 2311 1404 2349 arcibus,
1429 2317 1494 2344 tum
1520 2311 1559 2343 ad
1581 2309 1719 2343 norat-ios
1752 2309 1836 2342 illins
1865 2312 1998 2342 conatus

1259 2364 1492 2408 reprimendos,
1509 2369 1575 2396 tum
1597 2363 1637 2396 ad
1657 2374 1747 2396 snam
1769 2368 1799 2395 et
1822 2361 1917 2395 totins
1937 2361 1998 2395 lta-

1260 2416 1320 2449 liae
1341 2417 1482 2461 quietem
1505 2429 1539 2449 ιιι·
1567 2415 1833 2460 tranquillitatem
1863 2423 1995 2448 conser-

1260 2470 1406 2502 vantlatn.

1303 2523 1318 2563 ,ξ
1339 2521 1368 2554 a,
1390 2522 1465 2554 Cum
1489 2532 1562 2554 vero
1582 2521 1725 2563 ingentes
1745 2525 1891 2564 sumptus
1911 2528 1948 2552 ea
1965 2517 1996 2551 in

1260 2586 1292 2607 rc
1320 2574 1490 2607 necessarii
1519 2580 1643 2613 essent,
1685 2585 1742 2606 nos

1261 2627 1470 2664 ronuta-um,
1496 2627 1777 2671 1›riu-decessorum
1798 2631 1993 2663 nostrorum,

1999 237 2048 265 An.
2064 238 2094 266 c.
2106 231 2170 300 {Q

2119 334 2163 365 ‘'o'.

2054 932 2091 955 Y·
2104 935 2130 958 sta

2000 959 2094 981 monitis-
2107 959 2126 984 '2'

2000 988 2127 1015 pei-antu„
2182 1003 2195 1011 ,,

2001 1014 2062 1039 portu
2078 1022 2081 1030 ι
2093 1017 2102 1028 ·’
2116 1021 2118 1025 v

2001 1039 2074 1061 nierun
2106 1041 2140 1066 -·.:j>
2176 1048 2179 1049 ν

2002 1065 2065 1087 eitum
2081 1074 2085 1083 ·

2042 2519 2078 2542 Et·
2095 2529 2104 2535 «ι

2011 2552 2035 2569 ιιι
2051 2551 2074 2568 or
2087 2543 2100 2568 h
2122 2546 2124 2548 '
