2253 3195
24 245 72 272 An.
92 242 120 270 C.
139 242 204 269 1600

22 352 203 402 “nefgrgdw'pqcu11-
218 343 381 386 quibusvis
411 343 691 375 constitutionibus
720 348 750 375 ot
783 341 958 374 ordinatio-

58 1631 176 1654 Exordium.

54 2213 133 2237 Laudat
147 2217 203 2238 intit-

37 2242 90 2263 utum
126 2243 204 2264 Discat-

42 2270 130 2290 autorum
139 2285 143 2293 ,

43 2299 68 2324 ΓΟ,
77 2295 120 2315 niu<
131 2302 203 2322 propa*

41 2322 107 2342 altone
117 2327 128 2342 c
143 2329 205 2343 nven-

38 2352 70 2368 um
103 2348 121 2368 in
150 2349 204 2370 Urbe

0 2378 3 2391 t
31 2374 128 2396 ‚oncedib

833 240 979 264 CLEMENS
1000 240 1055 262 tht
1077 241 1125 263 [⁵1⁰.

263 289 326 331 59.
356 289 424 322 Non
454 289 654 322 obstantibus
684 288 889 333 praemissis,
922 299 957 320 ae

217 396 311 429 nibus
336 396 529 439 apostolicis,
553 406 678 429 necnon
699 395 822 428 statutis
841 400 868 427 et
883 405 958 427 con-

217 449 440 482 suetudinibus
460 449 554 482 etiam
577 450 768 487 iuramento,
786 448 958 481 confirma·
975 480 976 492 ἵ

219 502 304 535 tione
325 503 510 546 apostolica,
528 503 575 535 vel
597 502 707 546 quavis
725 502 876 534 firmitate
897 501 957 534 alia

217 556 387 596 roboratis,
412 555 609 599 caeterisque
631 554 799 588 contrariis
819 555 953 598 quibus-

217 619 367 652 cumque.

261 662 374 694 Datum
396 662 515 695 Romae
536 662 620 705 apud
641 662 670 694 S.
687 662 815 694 Petrum
831 661 889 693 sub
904 671 957 692 an-

216 716 294 748 nulo
317 715 504 755 piscatoris,
530 716 580 748 die
606 726 662 748 xiii
684 714 866 748 novembris
879 724 954 755 MDC,

216 768 421 811 pontificatus
441 768 542 801 nostri
564 779 648 801 anno
669 779 710 801 1x.

253 830 309 858 Dat.
331 830 373 857 die
398 831 427 858 t3
447 830 601 857 novembris
620 831 696 863 1000,
714 830 807 866 pontifi
825 839 868 857 an.
885 836 920 857 lx.

510 1010 656 1043 CCXLIII.

216 1107 387 1141 Institutio
398 1107 663 1150 Conyreqaliom's
673 1107 957 1150 Italicaefratrwn
975 1123 977 1127 ·

265 1169 399 1203 Ordinis
408 1169 660 1203 Carmelitarmn
670 1169 832 1202 Discalcea
839 1173 955 1208 torum,

262 1237 430 1276 separatae
450 1244 471 1265 a
492 1233 746 1276 Conslre9a1i0ne
761 1233 955 1275 Hispaniae,
975 1234 977 1249 ¹

261 1304 330 1326 cum
346 1294 501 1337 facultate
519 1294 656 1326 novitios
670 1298 762 1327 extra
775 1294 956 1338 capitulum
975 1282 977 1335 Ξ

976 1341 977 1371 l

261 1355 304 1389 ad
325 1356 476 1389 habitum
495 1356 675 1400 recipiendi
695 1356 716 1389 ¹.

425 1447 557 1473 Clemens
574 1447 652 1480 Papa
667 1447 747 1477 VIII,

349 1501 384 1528 ad
401 1504 577 1535 perpetuam
591 1501 637 1528 rei
652 1502 832 1528 memoriam.
975 1377 978 1578 Ρ

261 1572 296 1606 In
317 1572 510 1616 apostolicae
531 1572 693 1614 dignitatis
724 1572 876 1613 eulmine,
894 1579 977 1606 ine-¹

218 1625 286 1659 ritis
315 1625 389 1659 licet
420 1625 618 1669 imparibuS,
643 1625 748 1659 divina
770 1626 958 1670 disponente

218 1679 583 1718 elementia,eonstituti,
608 1679 647 1712 ad
665 1690 701 1711 ea
721 1685 849 1712 nostrae
871 1690 958 1712 men-

217 1732 256 1765 tis
280 1732 381 1765 aciem
413 1732 551 1764 libenter
576 1732 764 1774 dirigimus,
792 1743 850 1776 per
877 1743 958 1776 quae

217 1796 381 1819 sacrarum
403 1785 597 1828 religionum
619 1785 651 1817 in
673 1785 814 1818 Ecclesia
834 1786 888 1819 Dei
907 1786 958 1830 pie
975 1783 977 1834 j

216 1846 390 1883 sancteque
421 1839 638 1872 institutarum
661 1840 811 1883 (quarum
837 1840 977 1884 protes-³

216 1903 304 1926 sores
324 1893 406 1926 vitae
426 1893 594 1926 sanctitate
611 1898 642 1926 et
662 1894 822 1936 exemplo,
847 1904 883 1926 ac
903 1905 955 1926 sa-

217 1957 343 1980 crarum
362 1946 539 1979 litterarum
556 1947 714 1984 doctrina,
731 1947 816 1980 fideli
839 1948 959 1991 populo

217 2001 256 2034 ad
285 2001 421 2034 salutem
449 2006 603 2044 prodesse
628 2001 779 2044 student)
800 1990 977 2045 propaga—³

218 2053 296 2087 ttoni
317 2060 348 2087 et
368 2053 591 2093 incremento,
616 2060 771 2097 quantum
798 2065 869 2087 enm
892 2055 955 2088 Do-

218 2107 306 2140 mino
331 2117 513 2151 possumus,
538 2106 756 2139 intendamus.

263 2161 278 2202 5
299 2160 329 2193 l.
343 2160 426 2193 Alias
443 2159 602 2202 siquidem
620 2170 691 2191 cum
714 2159 744 2190 in
766 2158 854 2191 Italia
869 2155 977 2202 prae-l

221 2219 267 2247 ter
288 2212 517 2246 monasterium
539 2223 593 2245 seu
609 2212 780 2254 collegium
802 2212 831 2245 S.
851 2214 959 2245 Annae
976 2220 978 2243 i

219 2266 353 2300 civitatis
378 2265 543 2299 lanuensis
571 2266 694 2298 nullum
723 2265 810 2298 aliud
840 2270 958 2297 extaret

220 2319 362 2352 virorum
393 2318 645 2357 monasterium,
682 2328 786 2361 neque
817 2328 979 2350 conven-.

221 2377 281 2411 tus,
305 2376 360 2404 aut
389 2372 503 2404 domus
523 2370 650 2404 Ordinis
678 2370 812 2403 fratrum
832 2370 979 2403 Carme-v

221 2425 348 2458 litarum
386 2425 655 2457 Discalceatorum
690 2429 960 2466 numupatorum,

221 2488 279 2511 nos
293 2477 458 2521 cupientes
475 2477 625 2510 Ordinem
641 2476 841 2520 praedictum
857 2475 961 2518 (euius
977 2466 979 2484 ³

222 2531 418 2574 professores
444 2529 625 2574 primitivae
653 2530 782 2571 regulae
811 2540 829 2562 a
858 2529 960 2561 bonae

259 2603 270 2628 1
295 2602 331 2628 De
353 2601 402 2627 bae
422 2600 591 2636 separatione
617 2599 699 2626 babes
719 2600 744 2626 iu
767 2604 852 2626 const.
874 2607 957 2626 Lxxx:

223 2646 392 2680 Pastor-ates,
414 2649 477 2672 tom.
499 2653 524 2679 x,
547 2653 606 2681 pag.
623 2645 666 2672 92.

1639 227 1701 260 oto

994 287 1169 320 memoriae
1189 287 1320 321 Alberto
1342 286 1524 330 patriarcba
1544 286 1729 329 Hierosoly-

993 341 1112 373 mitano
1134 341 1192 384 ipsi
1217 341 1326 374 Ordini
1349 339 1576 383 praescriptae,
1601 345 1629 371 et
1650 350 1667 371 a
1688 339 1732 371 se-

992 393 1059 425 licis
1074 393 1304 426 reeordati0nis
1318 392 1504 425 lnnocentio
1516 392 1733 434 PP.tV,p1·ae-

992 447 1160 479 decessore
1185 452 1306 485 nostro,
1322 447 1425 489 prima
1446 445 1637 489 septembriS
1658 444 1732 477 anni

992 510 1166 540 necxtvni,
1190 500 1395 543 pontificatus
1419 499 1466 531 sui
1489 509 1572 531 anno
1593 509 1621 537 v,
1651 508 1730 530 eon-

992 554 1148 593 firmatae,
1178 563 1325 585 normam
1349 558 1415 585 tum
1438 552 1468 584 in
1492 551 1599 593 regnis
1619 551 1733 594 IIispa-

978 607 1129 647 'niarum,
1155 612 1219 639 tu1n
1242 606 1273 638 in
1304 606 1392 638 ltalia
1424 605 1594 647 diligenter
1619 605 1731 637 obser-

992 666 1075 699 vant,
1097 666 1127 693 et
1146 660 1177 692 in
1198 666 1374 703 utrumque
1397 659 1531 692 instituti
1552 659 1598 691 sui
1621 658 1730 698 finem,

975 707 1132 757 ¹priorem
1155 713 1276 746 seilicet
1296 724 1332 745 ae
1354 713 1523 756 potiorem,
1545 712 1598 755 qui
1621 717 1665 744 est
1687 711 1734 744 di-

992 768 1063 800 vina
1092 768 1168 800 unio
1194 778 1251 810 per
1277 766 1458 799 orationem
1481 771 1509 798 et
1530 766 1731 808 contempla-

992 821 1123 860 tionem,
1141 826 1171 853 et
1182 820 1407 864 posteriorem,
1425 819 1478 862 qui
1500 825 1544 851 est
1563 819 1647 851 salus
1661 829 1735 861 pro-

992 875 1173 914 ximorum,
1202 874 1321 913 verbo,
1356 884 1391 905 ao
1420 883 1518 915 opere
1549 877 1734 905 sanctorum

993 928 1222 972 prophetarum
1243 927 1330 959 Eliae
1344 932 1373 959 et
1387 926 1511 965 Elisaei,
1533 925 1735 969 aliorumque

974 996 976 1027 j
992 981 1183 1015 Sanctorum
1216 981 1345 1012 Patrum
1363 1007 1370 1019 ,

1405 990 1543 1022 quorum
1577 979 1735 1011 haeredes

992 1040 1084 1073 sunt,
1108 1033 1246 1075 vestigiis
1269 1033 1449 1066 insistentes
1471 1032 1681 1075 incumbunt)
1703 1032 1736 1064 in

975 1094 976 1118 ξ
992 1088 1076 1120 alma
1096 1087 1180 1120 Urbe
1201 1093 1311 1119 nostra
1328 1085 1517 1129 propagari,
1538 1096 1634 1118 unam
1651 1085 1735 1117 eius-

975 1155 977 1157 >
994 1142 1065 1173 dem
1105 1140 1234 1174 Ordinis
1273 1140 1405 1172 domum
1446 1140 1530 1182 apud
1567 1139 1734 1171 ecclesiam

994 1195 1025 1227 Β.
1047 1194 1164 1226 Mariae
1188 1194 1226 1225 de
1251 1193 1342 1226 Scala
1368 1198 1599 1235 nuncupatam,
1632 1192 1662 1224 in
1684 1203 1735 1224 re-

993 1248 1087 1290 gione
1104 1247 1341 1291 Transtyberim
1364 1246 1401 1278 de
1420 1247 1531 1278 eadem
1552 1246 1647 1284 Urbe,
1660 1256 1737 1289 apo-

993 1301 1105 1334 stoliea
1138 1300 1348 1339 auctoritate,
1378 1305 1535 1343 perpetuo
1562 1299 1733 1339 ereximus,

995 1360 1089 1399 prout
1110 1354 1140 1386 in
1162 1353 1279 1387 nostris
1297 1354 1436 1396 desuper
1456 1353 1487 1385 in
1509 1353 1612 1385 forma
1633 1352 1736 1385 brevis

995 1407 1149 1452 expeditis
1169 1407 1283 1439 litteris
1301 1406 1425 1450 plenius
1439 1406 1631 1439 continetur.

1040 1463 1055 1503 ξ
1077 1460 1106 1493 82.
1130 1461 1242 1500 Porro,
1268 1471 1352 1497 cum,
1378 1465 1505 1503 praeter
1525 1459 1588 1492 side
1609 1459 1732 1501 dignis-

994 1515 1149 1547 simorum
1173 1513 1356 1546 testimonia
1384 1523 1466 1556 quae
1494 1513 1532 1545 de
1557 1512 1651 1545 buius
1672 1512 1732 1546 Or-

994 1569 1076 1602 dinis
1097 1568 1263 1601 sanctitate
1284 1567 1323 1599 ad
1345 1577 1402 1599 nos
1423 1566 1545 1609 perlata
1565 1572 1653 1605 sunt,
1678 1576 1735 1599 nos

994 1622 1052 1666 ipsi
1073 1620 1269 1665 experientia
1290 1619 1552 1661 cognoverimus,
1577 1625 1733 1662 quantum

993 1675 1136 1709 utilitatis
1155 1675 1185 1707 in
1206 1674 1339 1707 eeclesia
1353 1674 1406 1707 Dei
1428 1673 1488 1717 piis
1509 1684 1619 1706 eorum
1640 1684 1732 1706 exer-

994 1729 1084 1769 eitiis,
1104 1734 1170 1761 tum
1189 1727 1401 1767 orationibus,
1418 1726 1732 1765 morfilicationssms,
1750 1767 1753 1771 Δ

993 1783 1164 1826 asperitate
1191 1782 1292 1822 vitae,
1316 1788 1382 1814 tum
1415 1780 1710 1824 praedicationibus
1725 1807 1732 1820 ‚

994 1836 1259 1875 confessionibus,
1284 1841 1314 1868 et
1333 1840 1610 1867 sacramentorum
1632 1833 1736 1866 admi-

976 1885 977 1893 *
994 1889 1194 1928 nistratione,
1212 1889 1251 1921 ad
1272 1888 1326 1921 Dei
1348 1887 1475 1919 laudem
1498 1893 1528 1919 et
1546 1886 1737 1919 christifide-

996 1944 1071 1976 lium
1094 1943 1276 1975 animarum
1292 1942 1426 1974 salutem
1449 1940 1592 1984 quotidie
1611 1940 1732 1972 afferat:

994 1997 1134 2030 volentes
1162 1995 1309 2029 ulteriori
1337 1995 1480 2028 eiusdem
1507 1994 1634 2027 Ordinis
1655 2004 1732 2036 pro-

995 2050 1168 2094 pagationi,
1193 2055 1348 2092 quantum
1371 2059 1442 2081 cum
1463 2047 1600 2081 Domino
1618 2058 1733 2090 possu-

995 2116 1081 2144 mus,
1106 2110 1288 2147 opportune
1316 2102 1521 2147 prospicere,
1546 2107 1633 2134 metu
1655 2111 1733 2144 pro-

994 2159 1076 2201 prio,
1105 2164 1134 2191 et
1162 2169 1198 2190 ex
1220 2156 1475 2195 certa-seientia,
1499 2167 1535 2188 ae
1556 2165 1643 2188 mera
1676 2155 1734 2187 de-

997 2211 1184 2243 liberatione
1213 2211 1352 2249 nostris,
1388 2221 1424 2243 ac
1463 2210 1501 2242 (le
1541 2208 1737 2252 apostolicae

996 2264 1159 2306 potestatis
1172 2263 1383 2307 plenitudine,
1399 2268 1461 2295 tam
1475 2273 1509 2295 ex
1529 2261 1691 2305 praedicta
1706 2261 1737 2293 in

995 2317 1079 2350 Urbe
1101 2327 1158 2360 per
1182 2327 1240 2349 nos
1264 2322 1381 2353 erecta,
1403 2322 1430 2348 et
1454 2315 1515 2348 alia
1533 2314 1737 2358 supradictae

995 2370 1128 2403 Sanctae
1150 2371 1259 2402 Annae
1281 2368 1444 2402 larinensis
1465 2374 1495 2400 et
1523 2368 1734 2411 quibuscum-

996 2434 1057 2466 que
1083 2422 1152 2455 aliis
1181 2423 1350 2461 domibus,
1379 2432 1434 2454 seu
1464 2421 1674 2453 conventibus
1706 2421 1736 2453 in

997 2476 1083 2508 ltalia
1118 2476 1224 2508 forsan
1258 2476 1412 2508 hactenus
1433 2474 1548 2507 erectis
1569 2475 1684 2517 (quaS,
1709 2480 1739 2507 et

996 2540 1076 2572 quos
1102 2529 1162 2561 iam
1194 2540 1211 2561 a
1240 2528 1492 2569 Congregatione
1514 2527 1656 2560 eiusdem
1679 2527 1737 2561 Or-

996 2582 1079 2614 dinis
1115 2582 1342 2625 Hispaniarum
1377 2591 1433 2625 per
1472 2581 1572 2614 dit-tas
1612 2587 1738 2613 nostras

996 2635 1115 2668 litteras
1136 2635 1377 2679 separavimus),
1399 2645 1494 2679 (ptam
1522 2646 1556 2667 cx
1576 2634 1645 2667 aliis
1666 2633 1738 2678 qui-

1749 236 1797 263 Λη.
1816 237 1842 263 e.
1865 236 1931 264 1000
1976 272 1978 277 Ι

1766 1467 1805 1486 l'to
1821 1466 1875 1486 illius
1887 1471 1935 1491 ergo

1752 1493 1771 1512 in
1788 1493 1846 1513 ltalia
1860 1498 1936 1518 propa-

1751 1520 1835 1545 gatione
1875 1519 1937 1544 eri-git

1751 1546 1936 1571 congregationem

1751 1573 1843 1592 itata-am
1865 1572 1892 1592 ab
1915 1579 1936 1592 o-

1751 1605 1790 1619 mui
1814 1600 1855 1619 atta
1875 1604 1936 1625 sepa-

1751 1628 1824 1646 ratam.
