2253 3195
303 248 354 276 An.
371 249 400 276 C.
419 248 483 276 ¹601

347 368 349 370 “
362 365 384 386 ln
399 364 488 394 reliquis

302 397 353 412 vero
386 394 488 412 eonstitu-

303 419 382 438 tin-nem
410 418 488 442 Grego-

302 445 328 465 ri·
341 444 387 465 xm
403 449 489 464 serian-

303 472 359 492 daut.

533 239 597 274 740

547 297 605 342 §2
623 297 734 336 Quoad
751 305 826 329 vero
844 294 979 327 elericos
991 293 1173 327 saeculares
1193 302 1246 326 ec-

503 351 608 385 clesiis
638 349 775 382 militum
811 347 1008 388 servientes,
1038 346 1248 390 ipsarumque

503 415 540 437 ac
555 403 694 435 militum
708 402 842 434 colonos
856 406 886 434 et
907 400 1094 440 familiares,
1118 409 1248 432 servan-

504 458 577 490 dam
599 466 667 489 esse
688 454 950 488 constitutionem
978 453 1051 497 piae
1072 453 1249 486 memoriae

504 508 650 552 Gregorii
670 508 775 552 Papae
787 507 868 548 Xttt,
883 507 979 540 etiam
990 505 1249 550 praedecessoris

505 562 617 602 nostri,
634 571 717 605 quae
731 560 865 604 incipit:
891 560 1142 602 Circumspecta,
1163 558 1250 592 edita

505 615 714 650 Pontificatus
734 615 783 648 sui
804 625 890 647 anno
909 624 1007 648 nono.
1035 613 1115 658 Ipsis
1143 611 1250 646 autem

506 669 659 702 fratribus
681 668 848 708 militibus,
872 667 1065 707 rectoribus,
1082 676 1252 699 conserva-

507 723 654 762 toribus,
689 728 743 755 aut
771 722 842 755 aliis
868 721 1128 765 quibuscumque
1158 719 1252 761 *nulla

480 814 488 824 .
510 776 636 810 ratione
648 776 759 816 licere,
776 775 898 808 directe
912 775 960 807 vel
975 774 1144 814 indirecte,
1160 772 1252 806 Ordi-

346 1264 466 1286 clau-ulae.

508 830 617 863 narios
638 830 782 863 locorum
797 856 804 870 ,
827 829 892 862 sive
914 838 1026 861 eorum
1048 826 1200 861 officiales
1221 830 1253 859 et

509 883 694 923 ministros,
719 888 832 916 contra
852 883 988 915 sormam
1010 880 1250 925 praedictarum

508 936 555 970 Pii
573 941 604 970 ct
622 936 768 978 Gregorii
789 936 1076 980 praedecessorum
1099 933 1253 967 constitu-

510 990 648 1029 tionum,
672 989 842 1033 impedire,
857 995 887 1022 et
908 989 934 1022 si
954 987 1182 1032 impediverint
1198 991 1252 1020 aut

510 1043 588 1077 alias
614 1042 769 1076 terminos
785 1039 916 1076 ‘suarum
937 1042 1125 1075 facultatum
1147 1050 1254 1073 exces—

510 1097 621 1137 serint,
641 1096 680 1130 ab
701 1096 823 1129 eisdem
843 1106 936 1140 posse
958 1094 1102 1128 censuris
1118 1093 1253 1137 aliisque

509 1150 623 1195 poenis
647 1149 872 1183 ecelesiasticis
897 1149 1051 1182 coerceri.

522 1216 526 1220 ·
556 1205 573 1246 ς
593 1202 624 1236 3.
645 1203 761 1247 Sieque
778 1203 818 1236 ab
837 1202 988 1236 omnibns
1005 1201 1142 1241 censeri,
1160 1206 1190 1235 et
1212 1200 1255 1233 ita

511 1267 570 1301 per
582 1266 806 1300 quoscumque
820 1255 943 1289 iudices
962 1254 1144 1288 ordinarios
1158 1259 1191 1287 et
1202 1254 1253 1287 de-

471 1345 479 1350 ,
512 1310 651 1352 legatos,
668 1309 763 1342 etiam
778 1308 888 1352 palatii
902 1307 1070 1352 apostolici
1086 1317 1255 1341 causarum

513 1362 688 1402 auditores,
705 1372 740 1395 ac
753 1361 784 1395 S.
802 1362 836 1394 R.
850 1361 883 1394 E.
899 1361 1091 1400 cardinales,
1107 1361 1203 1394 etiam
1219 1361 1257 1393 de

508 1417 613 1450 ‘latere
623 1417 745 1459 legatos
757 1415 892 1449 iudicari
905 1422 934 1448 et
945 1415 1072 1448 deliniri
1083 1415 1258 1456 debere,ac

514 1470 640 1503 irritum
655 1475 686 1502 et
704 1468 798 1502 inane
816 1468 975 1512 quidquid
992 1478 1083 1502 secus
1099 1478 1198 1512 super
1210 1467 1259 1501 his

515 1534 532 1556 a
552 1533 734 1567 quoquam,
757 1522 868 1566 quavis
892 1522 1098 1563 auctoritate,
1122 1522 1259 1555 scienter

461 1619 471 1626 .
514 1577 564 1610 vel
585 1577 787 1619 ignoranter,
811 1576 980 1618 contigerit
1004 1575 1166 1609 attentari.

329 1691 444 1722 Deruentio
452 1697 492 1712 con

315 1721 435 1740 uariorum.

561 1632 577 1672 ξ
599 1630 630 1663 [ι.
654 1630 722 1663 Non
744 1630 947 1663 obstantibus
967 1629 1036 1662 aliis
1057 1629 1260 1662 constitutio-

516 1684 613 1717 nibus
638 1689 668 1716 et
696 1683 956 1716 ordinationibus
985 1682 1190 1726 apostolicis,
1224 1693 1261 1716 ae

516 1738 661 1771 eiusdem
676 1736 844 1781 hospitalis
857 1736 952 1784 etiam
967 1736 1160 1775 iuramento,
1184 1747 1260 1770 con-

517 1791 700 1824 firmatione
714 1790 903 1835 apostolica‚
920 1790 968 1823 vel
981 1790 1093 1834 quavis
1108 1790 1260 1824 firmitate

516 1845 579 1878 alia
596 1844 756 1877 roboratis
776 1844 902 1877 statutis
916 1850 945 1877 ct
959 1844 1258 1886 consuctudinibus,

517 1898 754 1937 stabilimentis,
775 1898 886 1930 usibus
907 1903 936 1930 et
958 1898 1100 1935 naturis;
1125 1898 1258 1942 privile-

519 1953 579 1996 giis
599 1963 741 1997 quoque,
758 1952 891 1985 indultis
905 1958 935 1985 et
955 1942 1067 1985 litteris
1078 1952 1262 1996 apostolicis

519 2006 623 2040 eidem
639 2002 800 2050 hospitali,
817 2005 950 2048 eiusque
971 2015 1088 2047 magno
1110 2004 1262 2047 magistro

519 2066 550 2093 et
571 2059 764 2098 conventui,
792 2069 828 2091 ac
849 2057 1018 2097 fratribus,
1052 2057 1209 2091 militibus
1233 2064 1262 2091 et

519 2113 590 2146 aliis
607 2112 866 2156 quilmsrurnquc
886 2111 1042 2155 personis,
1059 2111 1118 2143 sub
1131 2111 1263 2155 quibus-

520 2176 660 2210 cumque
681 2164 849 2198 tenoribus
874 2169 902 2196 et
923 2163 1044 2200 lbrmis.
1062 2169 1177 2196 eti-mn
1193 2164 1264 2208 qui-

519 2219 642 2258 busvis,
664 2218 759 2251 etiam
789 2216 1067 2259 (lei-ogatoriarum
1087 2217 1260 2258 derogato-

521 2273 598 2312 riis,
626 2271 761 2315 aliisque
790 2270 1039 2307 efficacioribus,
1069 2276 1100 2303 et
1129 2270 1264 2303 insolitis

521 2325 672 2358 «tamnus
691 2330 721 2356 et
740 2323 877 2357 decretis
899 2323 928 2356 in
950 2323 1148 2356 eontrarium
1169 2334 1263 2367 prae-

523 2379 693 2412 missorum
713 2376 957 2422 ‹pionuotlolilwt
980 2376 1161 2416 concessis,
1185 2387 1263 2409 eon-

523 2431 657 2464 tirmatis
677 2436 705 2463 et
721 2430 918 2475 approbatis:
938 2429 1056 2474 ‹ptilms
1070 2429 1221 2462 omnihus
1234 2435 1263 2462 et

523 2484 667 2524 siugulis,
689 2494 801 2516 μοι-ηιμ
821 2488 949 2516 tenores
967 2482 1188 2526 praesentibus
1207 2492 1264 2526 pro

524 2537 679 2581 expressis
708 2537 883 2572 babentes,
916 2536 974 2569 liae
1007 2535 1074 2568 xit-e
1099 2536 1262 2568 dumtaxat

1076 244 1260 269 numanum
1279 243 1433 268 ROMANUM

1324 291 1438 325 Datum
1459 292 1582 325 Romae
1613 291 1697 335 apud
1717 291 1748 325 S.
1771 283 1932 333 Marcum,
1963 292 2023 326 sub
2100 316 2103 319 -

1282 345 1403 378 annulo
1419 344 1602 386 Piscatoris‚
1626 344 1678 378 die
1689 355 1743 378 xix
1759 345 2021 388 septemh.mn01‚

1282 398 1490 441 pontificatus
1501 397 1604 431 nostri
1624 407 1709 430 anno
1725 408 1756 431 x.

1321 463 1380 489 Dat.
1397 461 1441 490 die
1459 462 1490 489 19
1504 461 1651 498 septembr.
1664 461 1742 494 1601,
1759 461 1854 497 pontis.
1869 469 1914 488 an.
1929 470 1954 488 x.

1577 603 1725 656 ccexxi‘.

1286 715 1540 754 Dismembrc'ztio
1570 719 1678 763 partis
1705 719 1857 752 dioecesis
1880 723 1909 752 el
1934 718 2025 752 redi·
2058 718 2083 761 ‘j'

1333 777 1427 806 tuum
1451 773 1491 805 ab
1525 772 1670 806 Ecclesia
1704 769 1888 804 cathedrali
1921 771 2042 806 Clusi-·

1331 826 1436 867 nensi,
1453 819 1724 870 eorumque'unio
1742 825 1904 859 Ecclesiae
1923 825 2030 859 cathe-
2072 864 2074 866 ,
2099 843 2102 846 Δ

1331 879 1422 913 drali
1442 879 1550 914 Castra·
1568 878 1680 912 Plebis
1701 878 1720 911 ¹.

1304 969 1438 997 Clemens
1455 969 1626 1004 episcopus,
1647 975 1754 996 servus
1778 975 1934 996 servorum
1949 968 2012 1003 nei,
2057 975 2074 1008 ᾗ
2087 967 2091 971 ’

1412 1016 1449 1051 ad
1466 1024 1643 1057 perpetuam
1661 1022 1709 1050 rei
1722 1014 1907 1050 memoriam.⁴
1959 1023 1962 1027 '

1333 1094 1436 1138 Super
1455 1093 1619 1127 universas
1639 1092 1727 1126 orbis
1738 1092 1908 1134 Ecclesias,
1923 1092 1969 1127 Eo
1982 1092 2031 1127 di-

1288 1153 1446 1192 sponente
1466 1147 1521 1191 qui
1539 1146 1663 1180 cunetis
1683 1146 1821 1190 imperat
1840 1151 1872 1180 et
1893 1145 1944 1179 eui
1961 1155 2032 1180 om·
2074 1168 2086 1184 ς

1290 1200 1349 1240 nia>
1362 1200 1528 1241 obediunt,
1556 1199 1653 1233 nullis
1671 1199 1790 1233 nostris
1815 1199 1939 1233 meritis
1957 1209 2034 1234 con·
2072 1204 2094 1255 ‘0

1290 1253 1411 1294 stituti,
1434 1253 1604 1298 pervigiles
1632 1253 1748 1286 mentis
1774 1258 1904 1286 nostrae
1923 1252 2035 1287 oculos

1291 1307 1377 1340 eirca
1395 1307 1592 1340 fructuosam
1607 1306 1676 1349 agri
1692 1305 1852 1340 Dominici
1873 1306 2034 1340 culturam

1292 1361 1479 1404 frequenter
1492 1359 1671 1403 dirigimus,
1681 1359 1827 1393 etdivino
1839 1359 1929 1393 fuleti
1942 1369 2035 1404 prae-

1293 1414 1374 1448 sidio
1387 1415 1465 1458 (quo
1483 1419 1599 1447 cuncta
1611 1413 1676 1447 fere
1684 1413 1883 1457 populorum
1900 1423 2035 1447 suorum

1293 1462 1438 1501 fidelium
1459 1467 1597 1501 utilitate
1621 1473 1652 1500 et
1668 1467 1771 1500 salute
1792 1465 2032 1511 disponuntur),
2084 1495 2094 1507 .,

1294 1521 1333 1555 ad
1354 1532 1392 1555 ea
1407 1549 1414 1560 ,
1445 1531 1503 1565 per
1533 1531 1616 1564 quae
1636 1521 1778 1564 ipsarum
1799 1519 2031 1561 Ecclesiarum,
2078 1540 2096 1548 -·

1294 1574 1483 1620 praesertim
1505 1573 1740 1607 cathedralium
1761 1582 1778 1606 a
1798 1572 1892 1606 nohis
1910 1572 2037 1606 noviter
2085 1589 2093 1596 ·

1295 1634 1493 1668 erectarum,
1527 1632 1627 1660 status
1657 1636 1812 1670 prospere
1839 1631 1869 1659 et
1902 1625 2038 1660 feliciter
2087 1651 2090 1660 .

1295 1681 1608 1724 dirigi,·divinusqne
1622 1680 1727 1713 cultus
1746 1689 1782 1712 ac
1803 1675 2036 1713 beneficiorum
2075 1675 2102 1684 ”

1296 1734 1520 1769 ministrorum
1541 1731 1830 1766 ecclesiasticorum
1853 1731 1884 1765 in
1905 1731 1951 1766 eis
1969 1741 2034 1766 nu-
2076 1752 2078 1755 v

1297 1799 1405 1822 merus
1425 1787 1556 1830 augeri,
1580 1796 1706 1820 necnon
1732 1785 1869 1828 collegia
1902 1795 1961 1830 pro
1981 1785 2034 1820 iu·
2085 1787 2090 1799 ⁶

1296 1842 1435 1876 ventutis
1460 1841 1492 1874 in
1513 1841 1630 1886 pietate
1650 1846 1680 1874 et
1700 1838 1924 1873 ecclesiasticis
1944 1838 2035 1874 aliis-

1296 1907 1359 1940 que
1391 1893 1562 1928 fructuosis
1586 1893 1765 1938 disciplinis
1795 1891 1980 1927 eruditione
2006 1896 2039 1927 el.

1297 1947 1505 1982 instructione
1525 1945 1698 1991 propagari
1718 1973 1725 1985 ‚
1753 1945 1936 1979 animarum
1955 1954 2037 1990 quo-

1297 2012 1359 2046 qne
1385 2011 1472 2041 cura,
1501 2010 1566 2044 qua
1595 2000 1720 2032 nullum
1743 1999 1774 2032 in
1797 1999 1889 2032 terris
1908 1997 2089 2042 gravius

1297 2065 1379 2088 onus
1397 2053 1530 2087 inveniri
1546 2058 1661 2097 potest,
1684 2051 1877 2086 fructuosius
1890 2061 2039 2086 exercere

1299 2109 1433 2147 valeant,
1459 2105 1628 2151 propensis
1647 2104 1761 2139 studiis
1782 2104 1989 2148 intendimus,
2001 2114 2039 2139 ac
2085 2100 2090 2107 ’

1299 2161 1329 2194 in
1351 2161 1388 2194 iis
1409 2159 1578 2205 pastoralis
1597 2159 1693 2192 oflicii
1721 2158 1822 2192 nostri
1854 2163 1963 2203 partes
1987 2157 2037 2192 fa-

1299 2214 1484 2248 vorabiliter
1504 2212 1760 2257 interponimus,
1788 2216 1886 2257 prout
1914 2221 2036 2254 rerum,

1299 2269 1443 2302 lot-orum
1456 2273 1483 2301 et
1501 2273 1683 2311 temporum
1702 2265 1912 2310 qualitatibus
1931 2262 2040 2300 debito

1299 2319 1679 2366 pensatis,eonspicimus
1699 2319 1729 2352 in
1743 2318 1881 2353 Domino
1901 2316 2046 2353 salubri-⁷

1300 2380 1346 2408 ter
1366 2373 1527 2418 expedire.

1344 2430 1360 2471 ξ
1382 2427 1412 2461 1.
1436 2427 1521 2461 Alias
1540 2425 1700 2471 siquidem
1722 2435 1780 2458 nos
1797 2435 1833 2458 ex
1854 2423 1950 2458 certis
1966 2433 2040 2458 cnu-

1299 2481 1352 2522 sis,
1369 2480 1477 2514 babita
1495 2479 1584 2523 prius
1598 2479 1737 2523 desuper
1757 2488 1829 2511 cum
1849 2474 2040 2511 venorabili-

1300 2534 1358 2567 bus
1385 2532 1536 2566 fratrilms
1562 2531 1680 2565 nostris
1709 2531 1854 2564 Sanctae·
1876 2530 2062 2564 Romanae.

525 2589 746 2632 specialiter-et
770 2600 917 2633 expresse
931 2590 1136 2629 ‹lei-offiium&
1161 2595 1264 2622 caete·
1300 2586 1458 2621 tls-etesiae
1490 2585 1708 2619 cardinalibus
1728 2589 1854 2618 matura
1874 2582 2034 2617 delibera-

525 2642 632 2686 risque»
652 2642 821 2675 routrariis
841 2642 1110 2687 ‹ptilmsruinqne.

1336 2651 1345 2677 l
1371 2649 1407 2677 Ex
1424 2649 1530 2685 [legi-st,
1549 2648 1574 2676 iu
1589 2645 1691 2675 Scerct.
1713 2646 1846 2675 llrorium.

2038 234 2099 272 ΑἰιΔἱ
2115 242 2124 274 f'

2178 261 2201 511 ,az-*Ques
2178 247 2181 249 '

2195 1109 2203 1168 „42
2196 1042 2202 1098 „³—
2195 927 2202 1035 «ψ,-
2188 519 2202 922 ..ζ-..κάμψῃ-

2199 2180 2202 2199 -ᾼ
2198 2139 2201 2145 -
2197 2010 2203 2112 ψΑ-ψ-
2198 1957 2203 1995 2-
2195 1779 2203 1944 ᾳιε-..κῃ
2196 1517 2203 1763 ,παις-,πι-ψ-ἉῊ
2195 1484 2202 1507 „2-
2194 1374 2203 1472 «ες--..υ
2199 1294 2202 1341 -Α.Α
2192 1182 2203 1282 ,ῥα-ψ
