2253 3195
91 262 139 289 Λη.
157 262 186 288 C.
206 261 273 289 1599

128 958 158 979 Ea
173 960 242 979 autem
258 964 269 978 a

95 984 262 1010 eongrogatione

88 1012 235 1036 episcoporum
251 1014 271 1032 et

87 1038 213 1061 regularium
225 1044 271 1058 exa-

87 1065 166 1085 minata
198 1066 271 1085 contii·-

88 1094 137 1113 mat.

901 259 1045 284 CLEMENS
1065 260 1123 283 tht
1143 259 1193 283 ΓΡ.

284 314 440 353 perpetuo
467 309 693 349 observandas,
721 320 779 353 per
809 308 1024 341 venerabilem

285 363 415 395 fratrem
444 363 679 396 Bernardinum
710 362 898 406 episcopum
928 363 1026 395 Aver-

284 426 463 456 sanensem,
487 417 666 460 praelatum
694 416 881 449 visitationis
898 421 1025 448 nostrae

284 469 497 512 apostolicae,
519 480 555 502 ac
575 470 727 502 Ioannem
755 468 956 501 Leonardum
980 467 1025 499 vi-

283 522 449 555 sitatorem
481 522 691 566 apostolicum
725 522 908 565 praedictae
939 521 1023 554 Con-

284 575 480 618 gregationis
498 587 515 608 a
539 575 632 608 nobis
657 576 858 618 deputatum,
883 575 922 608 de
943 585 1026 607 novo

284 629 365 669 fieri,
383 635 413 663 et
432 640 504 662 cum
526 630 643 662 dilecto
667 628 735 661 filio
752 628 947 672 Hieronymo
967 628 1025 661 Pe-

285 682 396 715 rusino
420 682 524 715 dictae
551 681 814 724 Congregationis
845 681 952 714 abbati
973 691 1027 723 ge-

285 735 404 775 nerali,
434 735 662 778 nonnullisque
696 734 766 767 aliis
802 734 906 768 dictae
939 734 1023 767 Con-

284 787 478 830 gregationis
498 788 660 832 prioribus
680 788 864 832 participari
892 788 1025 820 manda-

284 840 398 874 vimus.

331 893 391 936 53.
406 894 509 933 Quare
526 895 668 928 volentes
681 901 716 928 ut
734 895 919 928 huiusmodi
945 905 1027 928 nova

286 953 421 987 statuta,
445 949 691 982 constitutiones
716 954 747 982 et
774 948 1022 989 declarationes,

286 1012 368 1045 quae
380 1001 474 1035 etiam
487 1013 545 1046 per
560 1003 758 1036 venerabiles
773 1003 887 1035 fratres
901 1008 1027 1035 nostros

286 1055 508 1088 Ptolomaeum
526 1055 712 1099 episcopum
726 1056 940 1088 Tusculanum
955 1066 1026 1088 car-

287 1108 426 1141 dinalem
448 1109 637 1142 Comensem
669 1108 812 1142 eiusdem
844 1109 1026 1151 Congrega-

288 1160 383 1193 tionis
413 1166 652 1204 protectorem,
683 1172 720 1194 ac
748 1162 777 1195 S.
814 1162 849 1195 R.
885 1162 917 1194 E.
950 1172 1023 1194 car-

286 1214 408 1247 dinales
440 1226 537 1259 super
567 1215 703 1257 negotiis
723 1221 753 1248 et
778 1215 1023 1248 consultationi-

285 1267 345 1300 bus
378 1267 603 1312 episcoporum
629 1274 657 1301 et
690 1268 886 1310 regularium
919 1269 1024 1313 depu-

286 1326 425 1353 tatorum
441 1348 448 1362 ,
477 1321 564 1354 iussu
585 1327 616 1354 et
640 1322 791 1355 mandato
817 1328 926 1355 nostro
942 1350 949 1361 ,
972 1322 1023 1355 di-

285 1374 421 1416 ligenter
441 1375 536 1416 visae,
561 1375 759 1408 examinatae
780 1380 810 1408 et
829 1377 1027 1419 approbatae

283 1427 422 1468 suerunt,
446 1428 485 1461 ab
513 1428 587 1472 ipsis
605 1429 772 1471 religiosis,
796 1434 831 1462 ut
855 1429 887 1462 in
908 1441 1024 1463 mona-

283 1481 381 1514 sticae
403 1482 590 1525 disciplinae
611 1482 834 1523 observantia,
859 1489 894 1516 ut
914 1484 1023 1525 decet,

285 1536 468 1569 conformes
488 1536 632 1576 existant,
648 1542 678 1569 et
698 1537 736 1569 de
757 1542 885 1570 caetero
906 1543 1026 1571 certam

284 1589 415 1631 regulae
434 1599 584 1627 normam
605 1589 771 1627 habentes,
787 1590 845 1622 suli
866 1591 954 1623 suavi
975 1602 1025 1624 re-

284 1642 412 1684 ligionis
426 1643 500 1685 iugo
517 1648 643 1685 gratum
657 1643 821 1676 Altissimo
836 1645 1025 1678 famulatum

285 1696 465 1736 exhibeant,
489 1702 647 1740 perpetuo
671 1708 708 1729 ac
732 1697 882 1731 inviolate
910 1699 1023 1732 obser-

284 1755 408 1789 ventur,
437 1755 526 1782 motu
552 1749 704 1793 proprio,
733 1761 797 1783 non
819 1751 858 1784 ad
883 1751 1026 1794 ipsorum

285 1803 532 1842 monachorum,
556 1809 611 1836 aut
631 1802 768 1836 aliorum
789 1814 849 1847 pro
870 1804 915 1837 cis
935 1806 1028 1839 nobis

284 1867 382 1900 super
401 1857 462 1890 hoc
487 1857 612 1890 oblatae
633 1856 797 1900 petitionis
818 1857 1024 1900 instantiam,

285 1910 341 1943 sed
362 1921 398 1942 ex
425 1920 514 1943 mera
540 1909 792 1950 deliberatione,
816 1921 852 1944 ac
876 1922 912 1944 ex
942 1918 1029 1945 certa

286 1963 418 1995 scientia
438 1968 547 1996 nostra
561 1990 569 2004 ,
596 1963 701 2006 deque
721 1963 918 2006 apostolicae
937 1970 1028 2007 pote-

286 2016 374 2049 statis
392 2016 602 2060 plenitudine,
624 2023 750 2050 caetera
770 2018 880 2050 onmia
899 2018 1029 2062 antiqua

286 2069 385 2113 ipsius
413 2070 676 2112 Congregationis
706 2076 839 2112 statuta,
869 2072 1027 2105 constitu-

287 2124 389 2157 tiones
410 2129 440 2156 et
464 2123 697 2163 ordinationes,
721 2125 911 2167 praesertim
936 2136 1030 2168 prae-

287 2177 371 2211 dicta
396 2177 484 2210 iussu
510 2176 554 2209 Pii
585 2177 842 2219 praedecessoris
872 2178 977 2219 edita,
1002 2185 1032 2212 et

287 2231 326 2263 ab
349 2231 417 2274 ipso
438 2230 494 2263 Pio
515 2230 764 2273 praedecessore
784 2231 985 2269 confirmala,
1001 2238 1030 2264 et

288 2285 387 2328 ipsius
408 2284 454 2317 Pii
480 2285 502 2316 V
525 2284 781 2327 praedecessoris
811 2285 931 2317 litteras
958 2296 1030 2317 cum

288 2338 438 2371 omnibus
470 2337 501 2369 in
527 2337 571 2369 eis
603 2337 783 2377 contentis,
811 2348 893 2379 quae
924 2338 1032 2370 onmia

288 2390 511 2434 praesentibus
536 2401 593 2433 pro
623 2390 780 2433 expressis
812 2390 923 2423 haberi
946 2391 1032 2423 volu-

289 2455 371 2482 mus,
395 2444 585 2477 auctoritate
603 2443 789 2487 apostolica,
815 2449 925 2477 tenore
943 2455 1032 2487 prae-

289 2497 445 2535 sentium,
469 2503 627 2540 perpetuo
648 2497 864 2539 abrogamus3
886 2508 921 2529 ac
942 2508 1032 2540 prae-

290 2551 375 2584 dicta
396 2562 477 2583 nova
503 2556 637 2596 statuta,
661 2551 906 2583 constitutiones
927 2556 954 2583 ct
978 2552 1032 2583 de-

291 2604 483 2637 clarationes
514 2604 600 2637 iussu
633 2610 743 2637 nosti-o
774 2604 885 2644 editas,
921 2605 1031 2637 eadem

291 2658 481 2692 auctoritate
495 2663 526 2692 et
544 2663 655 2692 tenore
676 2657 906 2703 praesentium,
921 2669 1034 2703 perpe-

1708 250 1772 284 483

1061 313 1114 340 tuo
1136 307 1366 341 confirmamus
1395 313 1425 341 et
1450 309 1689 352 approbamus,
1713 309 1798 342 acin

1060 361 1223 404 praedicta
1250 361 1503 404 Congregatione
1529 362 1643 395 Montis
1662 361 1800 403 Virginis

1060 414 1099 446 ab
1121 414 1205 447 illius
1225 415 1366 456 generali
1381 425 1418 447 ac
1438 415 1507 448 aliis
1528 415 1708 455 abbatibus,
1733 425 1801 447 me-

1061 467 1171 500 nachis
1185 473 1215 500 et
1228 468 1387 510 religiosis
1399 468 1566 508 universis,
1580 474 1672 512 prout
1690 479 1802 512 quem-

1060 520 1145 563 piam
1176 531 1289 553 corum
1319 528 1537 562 concernunt,
1565 528 1722 566 perpetuo
1747 522 1804 555 ob-

1060 573 1178 605 servari
1199 573 1328 614 debere,
1355 575 1524 608 statuimus
1551 580 1580 608 ct
1601 575 1799 608 ordinamus.

1061 626 1244 659 Mandantes
1268 634 1441 670 propterea
1469 628 1500 660 in
1532 628 1648 661 virtute
1677 634 1804 661 sanctae

1061 679 1263 712 obedientiae
1284 680 1456 723 praedictis
1476 681 1640 723 generali,
1668 681 1804 725 aliisque

1060 732 1243 773 abbatibus,
1259 734 1425 766 monachis
1446 740 1476 766 et
1497 734 1655 776 religiosis
1673 735 1804 778 quibus-

1062 796 1210 829 cumque,
1229 797 1314 819 nunc
1335 793 1365 820 et
1388 798 1446 831 pro
1470 793 1616 831 tempore
1637 789 1801 821 existenti-

1061 839 1131 880 bus,
1146 846 1180 873 ut
1197 846 1307 873 nostra
1327 846 1454 882 statuta,
1471 842 1691 876 ordinationes
1707 849 1735 875 et
1750 844 1804 876 de-

1062 893 1252 926 clarationes
1277 894 1482 935 huiusmodi,
1506 896 1639 928 caeteris
1665 896 1804 939 antiquis

1062 956 1119 989 per
1139 957 1197 979 nos
1215 947 1379 989 abrogatis
1396 949 1804 993 praetermissis,deinceps

1062 999 1093 1031 in
1114 1006 1307 1043 perpetuum
1329 1000 1508 1041 observent,
1526 1006 1557 1034 et
1577 1001 1738 1034 observari
1751 1013 1805 1035 cu-

1062 1058 1134 1085 rent
1153 1058 1183 1085 et
1209 1053 1337 1086 saciant.

1107 1108 1123 1148 g
1144 1106 1175 1138 4,
1194 1107 1408 1140 Decernentes
1428 1114 1613 1151 praesentes
1631 1109 1752 1142 litteras
1766 1109 1805 1142 de

1062 1159 1295 1203 subreptionis,
1326 1167 1380 1193 aut
1404 1162 1604 1205 obreptionis
1632 1162 1724 1202 vitio,
1749 1173 1805 1196 seu

1062 1213 1249 1246 intentionis
1268 1220 1415 1255 nostrae,
1440 1221 1494 1247 aut
1514 1215 1577 1248 alio
1599 1226 1805 1259 quocumque

1062 1267 1186 1300 defectu
1207 1268 1324 1307 notari,
1346 1268 1541 1312 impugnari,
1567 1269 1728 1311 redargui,
1752 1274 1807 1302 aut

1062 1320 1173 1364 quovis
1194 1321 1291 1354 modo
1312 1321 1458 1364 infringi,
1483 1322 1661 1362 annullari,
1685 1323 1733 1355 vel
1756 1333 1806 1355 re-

1061 1374 1191 1408 tractari
1206 1375 1389 1408 nullatenus
1400 1386 1509 1419 posse;
1526 1376 1635 1419 sicque
1649 1376 1688 1408 ab
1703 1376 1807 1409 omni-

1061 1429 1120 1462 bus
1145 1429 1279 1469 censeri,
1304 1434 1333 1462 et
1353 1429 1396 1462 ita
1416 1440 1475 1473 per
1500 1440 1723 1473 quoscumque
1752 1430 1803 1463 iu-

1062 1482 1148 1516 dices
1174 1482 1355 1516 ordinarios
1376 1488 1406 1516 et
1427 1483 1602 1525 delegatos
1622 1484 1748 1516 sublata
1761 1484 1807 1517 eis

1062 1542 1092 1570 et
1112 1547 1224 1569 eorum
1246 1536 1375 1569 cuilibet
1397 1536 1507 1579 quavis
1528 1536 1620 1569 aliter
1642 1536 1805 1570 iudicandi

1062 1595 1091 1622 et
1112 1589 1345 1632 interpretandi
1376 1589 1524 1622 facultate
1552 1594 1583 1622 ct
1603 1590 1802 1631 auctoritate,

1062 1643 1196 1675 iudicari
1217 1648 1248 1675 et
1269 1642 1397 1675 definiri
1417 1643 1545 1682 debere,
1570 1653 1605 1676 ac
1627 1643 1753 1676 irritum
1776 1650 1806 1677 et

1062 1697 1155 1730 inane
1176 1696 1333 1740 quidquid
1353 1707 1444 1729 secus
1468 1707 1565 1740 super
1595 1696 1644 1729 his
1670 1707 1688 1729 a
1719 1708 1802 1741 quo-

1062 1762 1157 1794 quam
1174 1778 1181 1790 ,
1211 1750 1322 1793 quavis
1353 1750 1564 1789 auctoritate,
1588 1750 1727 1783 scienter
1757 1752 1805 1784 vel

1062 1804 1260 1846 ignoranter,
1285 1803 1457 1845 contigerit
1476 1803 1635 1836 attentari.

1108 1859 1123 1900 ξ
1145 1857 1175 1890 5.
1206 1857 1362 1896 Quocirca
1382 1857 1557 1890 venerabili
1582 1857 1671 1889 fratri
1697 1862 1807 1890 nostro

1063 1912 1250 1944 Ptolomaeo
1269 1911 1421 1954 episcopo
1445 1911 1675 1943 Tusculanensi
1697 1911 1804 1944 cardi-

1064 1965 1127 1997 nali
1148 1964 1295 1998 Cemensi
1320 1969 1517 2007 nuncupato,
1534 1964 1692 1997 moderno
1707 1970 1734 1996 et
1750 1975 1808 2008 pro

1064 2025 1210 2062 tempore
1241 2017 1386 2050 existenti
1415 2017 1518 2050 dictae
1546 2017 1809 2060 Congregationis

1065 2072 1150 2116 apud
1171 2082 1229 2104 nos
1249 2070 1437 2114 protectori,
1462 2076 1493 2103 ut
1515 2076 1700 2114 praesentes
1719 2071 1805 2103 litte-

1065 2136 1131 2165 ras,
1156 2131 1184 2158 et
1206 2124 1238 2157 in
1259 2124 1303 2157 eis
1323 2129 1474 2157 contenta
1494 2134 1730 2167 quaecumque,
1754 2124 1809 2156 ubi

1066 2184 1096 2211 et
1116 2179 1246 2222 quando
1264 2189 1345 2221 opus
1365 2177 1481 2217 suerit,
1505 2187 1563 2220 per
1583 2187 1616 2209 se
1637 2177 1685 2209 vel
1711 2177 1809 2217 alium

1066 2231 1253 2264 solemniter
1284 2230 1441 2274 publicari
1476 2230 1590 2269 saciat,
1621 2230 1810 2263 auctoritate

1067 2290 1186 2324 nostra,
1211 2291 1241 2317 et
1265 2284 1449 2327 supradicta
1469 2294 1550 2316 nova
1575 2289 1701 2323 statuta,
1725 2284 1811 2316 ordi-

1067 2339 1213 2371 nationes
1243 2344 1273 2370 et
1305 2337 1539 2371 declarationes
1577 2337 1608 2369 in
1645 2337 1812 2380 praedicta

1067 2390 1319 2433 Congregatione
1339 2396 1497 2434 perpetuo
1518 2390 1669 2422 inviolate
1694 2390 1808 2422 obser-

1068 2445 1150 2484 vari;
1167 2444 1420 2477 contradictores
1433 2454 1667 2487 quoscumque,
1681 2449 1813 2487 etprae-

1069 2498 1171 2530 missis
1201 2508 1265 2530 non
1298 2503 1469 2540 parentes,
1504 2508 1561 2540 per
1593 2507 1745 2530 censuras
1782 2503 1813 2530 et

1069 2561 1188 2594 poenas
1209 2550 1450 2589 ecclesiasticas,
1475 2550 1601 2593 aliaque
1630 2556 1813 2593 opportuna

1070 2604 1146 2636 iuris
1165 2609 1194 2636 et
1216 2603 1287 2636 sacti
1306 2603 1460 2643 remedia,
1485 2603 1702 2647 appellatione
1719 2608 1810 2647 post-

1068 2657 1184 2702 posita,
1209 2656 1455 2701 compescendo.

1819 263 1867 287 An.
1884 260 1913 286 C.
1932 259 2000 287 1599

1868 322 1893 342 tit
1907 322 1927 342 in
1942 322 1999 342 dicta

1825 349 1991 373 (la‘ixigi-cgtitione

1816 376 1932 395 iimiiastica
1943 375 2000 395 'iubet

1815 402 1902 422 seriari.

1853 1117 1974 1138 clausulae.

1884 1861 2008 1887 Exequulor

1823 1893 1937 1913 perpetuus
1953 1888 2007 1907 eius-

1823 1916 1869 1935 ‹li'in
1889 1916 2006 1939 Civilem-ga-

1824 1945 1886 1961 tionis
1901 1944 2008 1967 protector

1824 1968 1953 1994 designatur.
