2253 3195
240 228 290 255 An.
307 227 335 255 c.
359 228 426 257 1599
471 219 536 253 476

440 278 611 312 utilitatem
631 278 802 322 pertineat,
826 278 971 322 nihilque
993 278 1033 312 sit
1052 277 1182 322 optabi-

439 332 512 370 lius,
537 337 590 364 aut
611 331 792 371 salutarius,
810 341 907 374 quam
927 336 961 364 ut
981 341 1072 374 reges
1093 330 1184 363 intel-

440 385 551 428 ligant,
575 391 603 418 et
630 384 831 425 erudiantur,
858 390 889 417 et
904 385 969 418 Deo
994 384 1133 418 serviant
1152 384 1184 417 in

440 439 566 478 timore,
584 437 638 481 qui
659 448 784 481 pacem,
802 443 831 471 et
845 448 953 471 veram
973 437 1183 472 concordiam

440 491 570 534 regibus
583 497 613 524 et
626 490 827 535 principibus
848 491 1030 525 christianis
1047 491 1180 531 donare,

439 550 470 577 et
489 549 647 588 perpetuo
673 555 862 578 conservare
883 545 1048 588 dignetur,
1069 545 1110 578 ob
1131 555 1183 578 eas

439 607 550 631 causas
581 597 726 631 eiusdem
754 598 894 643 Philippi
924 599 1008 641 regis
1032 598 1182 632 catholici

437 651 726 695 supplicationibus
762 652 928 694 inclinati,
963 652 1121 686 universis
1153 657 1183 685 et

437 704 571 747 singulis
598 705 766 749 utriusque
796 716 889 739 sexus
919 706 1183 739 christifidelibus

438 757 469 790 in
491 758 614 800 regnis,
640 759 837 802 provinciis,
862 759 1014 793 dominiis
1041 765 1071 792 et
1103 759 1182 793 locis

437 810 581 844 eiusdem
602 811 741 855 Philippi
767 812 868 854 regis,
889 823 1015 846 necnon
1041 812 1072 845 in
1101 823 1180 856 pro-

436 863 548 897 vinciis
562 864 662 906 Belgii
677 864 1076 909 existentibus,postquam
1089 876 1183 909 prae-

436 923 542 950 sentes
562 924 691 951 nostrae
711 918 837 952 litterae
858 919 890 952 in
917 919 1050 962 singulis
1075 919 1184 952 civita-

440 971 525 1004 tibus
552 978 582 1005 et
603 972 696 1005 terris
717 972 877 1006 dictorum
899 983 1086 1015 regnorum,
1106 984 1183 1017 pro-

437 1024 627 1065 vinciarum,
656 1025 875 1059 dominiorum
898 1032 928 1060 et
952 1027 1183 1068 locorum‚nec

437 1089 502 1112 non
525 1079 765 1123 provinciarum
786 1079 885 1123 Belgii
910 1080 1094 1124 publicatae
1118 1080 1184 1113 sue-

439 1132 525 1172 rint,
548 1132 653 1177 prima
683 1133 806 1167 scilicet
837 1133 1043 1167 hebdomada
1070 1133 1184 1166 imme-

438 1185 523 1219 diate
551 1186 698 1230 sequenti
726 1187 887 1220 solemnes
911 1187 1133 1232 processiones
1153 1193 1184 1222 et

438 1238 690 1283 supplicationes
703 1241 742 1273 ad
761 1240 929 1273 ecclesiam
949 1251 1005 1274 seu
1019 1241 1180 1282 ecclesias,

438 1292 558 1326 ibidem
589 1304 648 1337 per
671 1293 816 1327 locorum
839 1293 1026 1328 Ordinarios
1047 1305 1102 1328 seu
1123 1305 1180 1328 eo-

440 1356 511 1378 rum
533 1346 681 1386 vicarios,
705 1352 759 1379 aut
780 1347 818 1380 dc
840 1357 951 1380 eorum
972 1348 1136 1389 mandato,
1153 1355 1182 1382 et

438 1398 474 1431 iis
495 1398 731 1440 deficientibus,
751 1411 808 1444 per
829 1411 884 1434 eos
900 1400 954 1444 qui
970 1411 1080 1434 curam
1095 1412 1184 1436 exer-

437 1458 509 1486 cent
530 1452 732 1493 animarum,
762 1454 979 1498 deputandam
1005 1465 1059 1488 seu
1082 1455 1182 1500 depu-

438 1507 561 1546 tandas,
578 1506 691 1540 diebus
705 1507 808 1540 dictae
822 1507 1046 1542 hebdomadae
1058 1520 1183 1553 percos

437 1560 644 1603 designandis
659 1587 666 1600 ,
694 1570 752 1604 per
781 1567 965 1604 praesentes
985 1562 1179 1604 indicimus,

437 1614 475 1646 ad
498 1624 576 1657 quas
610 1613 707 1646 iidem
731 1614 876 1648 locorum
895 1615 1056 1649 Ordinarii
1078 1622 1108 1649 et
1129 1617 1181 1650 alii

438 1666 605 1711 praedicti,
628 1667 776 1700 universo
794 1668 880 1701 clero
895 1675 923 1702 et
943 1669 1063 1713 populo
1084 1670 1184 1702 comi-

437 1721 588 1761 tantibus,
609 1720 771 1765 supplices
791 1722 916 1763 adeant,
933 1723 1081 1767 ipsasque
1102 1734 1180 1767 pro·

438 1773 600 1807 cessiones
636 1780 667 1808 et
700 1775 953 1819 supplicationes
995 1776 1179 1818 celebrent,

437 1828 603 1871 Deumque
625 1834 747 1871 patrem
773 1829 1030 1873 omnipotentem
1052 1841 1110 1874 pro
1133 1832 1179 1864 se-

438 1879 489 1913 lici
522 1880 664 1913 eiusdem
702 1881 840 1925 Philippi
877 1883 1111 1924 gubernatione
1147 1895 1182 1917 ac

438 1933 625 1974 directione,
650 1940 677 1966 et
701 1945 759 1978 pro
790 1935 940 1968 diuturna
973 1936 1116 1970 omnium
1139 1937 1179 1970 il-

438 1986 498 2020 lius
520 1987 678 2020 ditionum
699 1998 776 2031 pace
798 1994 827 2021 et
849 1989 1100 2033 tranquillitate,
1125 2002 1182 2025 nec

438 2050 501 2073 non
525 2050 583 2084 pro
605 2040 772 2074 haeresum
796 2042 1024 2086 extirpatione,
1049 2051 1076 2076 et
1099 2044 1179 2077 San-

438 2099 507 2126 ctae
529 2093 634 2127 Matris
656 2094 816 2128 Ecclesiae
841 2096 1033 2129 exaltatione
1054 2097 1183 2131 humili-

439 2154 487 2180 ter
509 2148 732 2191 deprecentur.

484 2203 498 2242 5
525 2200 554 2234 3.
580 2201 614 2234 [ΣΙ
639 2212 712 2234 vero
734 2212 751 2234 a
772 2201 878 2234 divina
899 2202 1062 2239 bonitate.
1088 2210 1182 2248 atque

341 2266 362 2304 ιιιΙ
388 2268 421 2305 ‘st'
438 2254 608 2287 elementia
630 2255 796 2288 ulteriores
817 2256 998 2289 eommunis
1024 2257 1179 2301 depreca-

385 2314 422 2333 ’Μ
439 2309 535 2341 tionis
565 2310 684 2342 fructus
710 2310 857 2353 capiant,
886 2322 951 2351 eos,
977 2322 1034 2354 per
1064 2311 1182 2345 viscera

439 2362 677 2395 'misericordiae
693 2363 745 2396 [lei
769 2364 878 2403 nostri,
901 2364 1069 2397 hortantur
1087 2371 1182 2409 atquc

438 2416 658 2456 obsecramus,
675 2423 706 2449 ut
723 2417 805 2450 dieta
827 2417 1047 2458 hebdomada,
1062 2419 1181 2451 ielsal-

438 2475 499 2501 tem
523 2469 621 2502 altera
650 2470 814 2514 sequenti,
837 2477 1005 2515 poslquatn
1033 2483 1181 2515 praesen-

439 2527 482 2553 tes
504 2522 627 2554 litterae
650 2523 679 2555 in
703 2523 822 2555 eisdem
847 2524 941 2562 loeis,
969 2531 999 2557 ut
1035 2526 1178 2568 praeser-

438 2581 499 2612 tur,
518 2576 696 2618 publicatae
719 2577 847 2617 suerint,
865 2578 996 2610 salutari
1015 2579 1181 2622 poeniten-

439 2627 499 2660 tiae
524 2635 725 2662 sacramento
747 2641 778 2663 se
799 2631 838 2664 ad
865 2631 1004 2665 dixiuam
1028 2631 1058 2664 in
1088 2642 1180 2676 prac-

1199 838 1201 853 l

1024 230 1209 254 BULLARIUM
1228 229 1383 254 ROMANUM

1220 277 1325 310 missis
1352 287 1447 321 opem
1480 277 1717 322 impetrandam
1745 285 1958 323 praeparent,

1220 330 1339 364 dictam
1365 341 1441 364 vero
1468 331 1637 364 ecclesiam
1657 342 1714 365 seu
1733 333 1882 367 eeclesias
1896 361 1903 374 ‚
1928 339 1963 367 ut

1218 384 1410 428 praefertur,
1443 384 1654 428 deputandas,
1686 395 1892 430 quocumque
1911 387 1962 420 die

1218 437 1267 470 vel
1288 437 1548 481 quibuscumque
1573 437 1687 471 diebus
1711 438 1814 472 dictae
1838 439 1962 484 primae

1218 490 1267 523 vel
1285 490 1450 534 sequentis
1464 490 1702 532 hebdomadae,
1723 492 1836 525 saltem
1849 493 1959 534 semel,

1219 543 1331 577 devote
1352 543 1491 584 visitent,
1515 548 1546 577 et
1566 549 1690 588 quarta,
1708 550 1739 578 et
1758 550 1845 578 sexta
1869 546 1960 587 seria,

1218 602 1249 630 et
1268 597 1403 630 sabbato
1429 597 1572 631 eiusdem
1593 597 1818 632 hebdomadae
1844 599 1893 632 vel
1912 609 1962 633 se-

1218 649 1346 693 quentis
1367 649 1522 691 ieiunent‚
1545 660 1583 684 ac
1613 657 1780 695 praeterea
1811 652 1962 696 pauperi-

1218 703 1278 737 bus
1307 709 1337 737 et
1368 704 1587 747 indigentibus
1618 705 1765 749 personis
1798 711 1853 739 aut
1882 706 1963 740 locis

1217 757 1278 801 piis
1303 757 1522 802 eleemosynas
1550 758 1684 792 arbitrio
1713 770 1773 792 suo
1805 766 1960 803 erogent,

1200 816 1313 854 *atque
1345 811 1428 844 intra
1459 811 1521 844 hoc
1554 816 1703 856 tempus,
1743 818 1807 846 tam
1839 813 1963 857 primae

1218 874 1316 908 quam
1334 865 1494 898 secundae
1514 864 1751 906 hebdomadae,
1768 865 1863 899 alicui
1884 877 1960 910 pre-

1218 918 1346 963 sbytero
1366 918 1406 951 ab
1427 918 1597 952 Ordinario
1614 918 1677 952 loci
1695 919 1875 963 approbato
1888 931 1963 964 pec-

1218 976 1288 1003 cata
1308 981 1365 1004 sua
1382 970 1649 1012 confiteantur,et
1672 972 1835 1005 dominica
1858 972 1963 1017 prima

1218 1029 1274 1057 aut
1298 1025 1457 1065 secunda,
1481 1025 1530 1058 vel
1550 1025 1614 1059 alio
1640 1025 1745 1059 dictae
1765 1025 1882 1070 prioris
1910 1032 1965 1060 aut

1218 1077 1381 1121 sequentis
1401 1078 1626 1112 hebdomadae
1651 1078 1714 1118 die,
1737 1085 1772 1112 ut
1792 1090 1890 1124 supra
1910 1079 1960 1114 di-

1218 1136 1304 1164 etum
1326 1137 1383 1171 est,
1404 1131 1642 1166 sanctissimum
1662 1132 1883 1168 Eucharistiae
1908 1144 1960 1168 sa-

1219 1191 1421 1219 cramentum
1448 1186 1561 1220 devote
1589 1186 1779 1231 suscipiant;
1807 1187 1964 1231 regulari-

1217 1238 1277 1271 bus
1311 1249 1386 1272 vero
1422 1240 1568 1284 personis
1598 1240 1767 1285 utriusque
1803 1251 1895 1283 sexus
1930 1241 1964 1275 in

1218 1291 1364 1325 claustris
1391 1299 1548 1336 perpetuo
1575 1293 1786 1336 degentibus,
1807 1300 1862 1327 aut
1893 1294 1964 1329 aliis

1218 1344 1250 1391 in
1271 1355 1400 1379 carcere
1426 1346 1654 1387 existentibus,
1682 1347 1731 1380 vel
1758 1347 1865 1391 aliqua
1885 1357 1960 1382 cor-

1218 1399 1305 1443 poris
1337 1399 1546 1440 infirmitate,
1570 1411 1629 1435 seu
1660 1401 1723 1434 alio
1755 1411 1963 1446 quocumque

1218 1452 1451 1497 impedimento
1472 1454 1610 1487 detentis
1625 1481 1632 1495 ,
1661 1454 1715 1498 qui
1735 1454 1884 1499 superius
1903 1465 1960 1488 ex-

1218 1517 1338 1550 pressa,
1367 1507 1415 1541 vcl
1437 1517 1549 1541 eorum
1579 1508 1687 1552 aliqua
1714 1508 1820 1542 facere
1847 1514 1878 1542 et
1902 1509 1962 1542 im-

1218 1561 1306 1604 plere
1324 1561 1538 1605 nequiverint,
1555 1561 1722 1607 presbyter
1735 1562 1959 1604 confessarius,

1218 1624 1314 1658 quem
1337 1614 1504 1657 elegerint,
1527 1614 1693 1658 praedicta
1713 1614 1822 1648 omnia
1842 1621 1873 1649 et
1891 1615 1959 1649 sin—

1218 1667 1307 1710 gula,
1331 1667 1378 1700 vel
1405 1678 1518 1701 eorum
1549 1668 1657 1712 aliqua
1685 1667 1717 1701 in
1744 1668 1806 1702 alia
1836 1669 1963 1713 pietatis

1218 1732 1316 1765 opera
1334 1723 1576 1763 commutandi,
1597 1722 1645 1756 vel
1675 1721 1706 1755 in
1739 1722 1826 1756 aliud
1857 1723 1963 1767 proxi-

1218 1786 1306 1808 mum
1328 1782 1435 1810 tamen
1463 1782 1588 1821 tempus
1611 1777 1827 1821 prorogandi,
1856 1778 1960 1812 facul·-

1218 1834 1313 1862 tatem
1336 1829 1463 1863 habeat.

1262 1883 1277 1926 ἓ
1297 1883 1327 1916 4.
1354 1883 1440 1923 Quae
1460 1883 1581 1924 omnia,
1604 1889 1637 1917 ut
1659 1883 1814 1927 praedicti
1836 1884 1962 1919 christi-

1218 1935 1328 1969 fideles
1358 1946 1396 1969 eo
1423 1936 1574 1970 libentius
1601 1942 1764 1980 praestare
1795 1938 1958 1979 studeant,

1218 2000 1281 2034 quo
1307 1989 1437 2023 uberius
1468 1990 1689 2034 spiritualibus
1723 1991 1911 2025 muneribus
1930 1997 1961 2026 ct

1218 2043 1329 2084 gratiis
1349 2054 1382 2076 se
1408 2042 1601 2077 reficiendos
1626 2054 1694 2077 esse
1726 2045 1957 2086 cognoverint,

1218 2097 1256 2129 de
1278 2097 1509 2141 onmipotentis
1520 2097 1573 2130 Dei
1589 2097 1822 2138 misericordia,
1838 2110 1874 2132 ac
1885 2099 1961 2133 Bea-

1199 2148 1324 2182 ''torum
1347 2149 1430 2183 Petri
1458 2155 1488 2183 et
1522 2150 1609 2183 Pauli
1642 2151 1862 2194 apostolorum
1888 2151 1962 2186 Eius

1218 2203 1408 2237 auctoritate
1437 2204 1566 2244 conlisi,
1591 2216 1627 2237 ex
1649 2204 1700 2237 illa
1727 2204 1846 2247 ligandi
1867 2211 1963 2250 atque

1217 2257 1359 2289 solvendi
1378 2262 1548 2301 potestate,
1572 2267 1668 2301 quam
1695 2257 1775 2291 Deus
1796 2258 1899 2299 uobis,
1920 2259 1959 2292 li-

1218 2316 1267 2343 cet
1281 2310 1430 2353 indignis,
1447 2310 1593 2349 eontulit,
1613 2310 1778 2345 thesauros
1789 2311 1959 2354 Ecclesiae,

1198 2375 1354 2409 ,quorum
1388 2365 1625 2409 dispensatores
1661 2365 1735 2398 Eius
1764 2365 1962 2409 benignitate

1198 2409 1200 2420 1

1218 2417 1288 2451 l'aeti
1310 2429 1432 2458 suiuus,
1457 2418 1584 2462 ropiose
1613 2418 1804 2462 aperientes,
1829 2419 1959 2454 univcr-

1217 2471 1258 2503 sis
1287 2478 1315 2504 et
1348 2471 1481 2512 singulis
1503 2471 1686 2516 praedictis.
1711 2472 1764 2516 qui
1787 2472 1962 2516 praemissa

1218 2525 1314 2558 modo
1347 2531 1374 2557 et
1410 2526 1514 2558 fornia
1545 2525 1750 2569 praescriptis
1779 2525 1911 2559 iecerint
1931 2532 1959 2560 et

1217 2577 1431 2621 impleverint,
1444 2577 1713 2621 plenariissintatu
1728 2578 1872 2612 onmium
1887 2589 1960 2623 pec-

1215 2637 1360 2665 catorum
1393 2642 1526 2665 suorum
1558 2631 1806 2674 indulgentiam,
1834 2630 1958 2665 veniam

1976 230 2026 257 An.
2047 230 2076 258 C.
2093 230 2162 260 ¹599

1999 1893 2073 1920 anue
2085 1890 2163 1920 faition-

1978 1920 2033 1940 uhu<
2045 1920 2163 1947 ptenartani

1977 1947 1997 1967 tn
2019 1946 2084 1966 {urina
2107 1943 2163 1973 lulit—

1977 1973 2018 1994 laci
2028 1971 2124 1993 conco-tu
2132 1976 2162 1991 m·

1976 1999 2112 2026 dulgentiam.
