2253 3195
37 288 86 317 An.
103 289 132 317 C.
151 285 217 314 1159t
849 286 995 311 minuans
1018 286 1072 309 rin
1094 285 1144 309 rr.

282 337 297 380 ς
317 334 370 368 20.
391 335 557 369 Caeterum
586 335 743 369 moderno
768 340 798 368 ct
819 346 877 379 pro
900 341 978 367 tem-

52 398 224 446 ‘'Qasffssffif-‘Zb's'g
238 400 315 434 pore
329 389 474 422 existenti
487 389 590 422 dictae
609 388 776 421 Societatis
794 388 978 431 praeposito

38 430 223 499 {{{ff¹;22313ij}¹2:55:'3}
239 442 392 485 generali,
426 448 461 475 ut
480 452 539 485 per
567 452 611 479 se,
634 442 682 473 vel
709 441 783 474 dicti
805 440 931 483 collegii
950 446 978 472 et

14 504 17 539 t
40 504 116 526 edendi
131 504 223 533 t›··⁰,t=0¹·
239 502 364 530 erectae
383 496 597 529 universitatis
614 501 783 532 rectorem,
801 500 851 527 aut
868 494 977 531 alium,

1664 273 1720 305 *llil
1774 282 1822 308 An.
1840 282 1869 308 C⁴
1891 280 1955 309 1504

1057 335 1072 376 ξ
1094 333 1146 366 21,
1171 333 1304 366 Domum
1324 331 1473 365 omnibus
1485 330 1661 373 etsingulis
1690 336 1753 363 tam
1772 344 1956 375 'imminutum-sn

1014 387 1348 430 metropolbauarum,
1375 384 1619 429 primatialium,
1641 384 1752 416 catlie-
1771 379 1790 392 ¹¹¹
1802 372 1914 391 ‘'⁴'³'¹⁴'''¹¹“
1930 372 1956 391 ³⁴¹

1015 440 1152 473 dralium
1165 445 1195 472 et
1208 439 1450 480 collegiatarum
1464 438 1666 481 aliarumque
1680 448 1757 480 qua·
1771 428 1786 471 ¹1¹.

1016 504 1229 537 rumcumque
1254 493 1462 526 ecclesiarum
1477 503 1534 536 per
1553 492 1713 534 Europam
1729 496 1759 523 et
1773 484 1959 525 inuii11re1nfflss¹v¹ss

39 558 101 579 sitate
108 573 113 580 .

98 1567 124 1587 Et
137 1565 233 1587 notarios

4 1607 5 1610 ,
51 1593 144 1614 creandi.

15 543 17 552 t
39 531 95 557 tegio
110 532 224 551 etuutvt‘r-
348 550 353 554 ,
624 548 630 553 .
741 547 746 552 .
772 547 777 552 .
830 547 835 552 .
910 546 915 552 .

239 561 294 583 seu
315 550 405 584 alios.
428 560 487 593 pro
512 549 675 582 salubrtct
696 548 779 580 felici
806 548 981 580 directione

238 603 453 637 universitatis
484 601 748 639 Comutaviensis,
777 612 812 634 ac
833 600 978 638 ret-toris,

240 657 480 699 magistrorum,
497 661 759 699 procuratorum,
771 654 979 693 bidellorum,

239 710 427 743 nuntiorum
459 715 489 741 et
520 709 657 741 aliorum
689 707 910 740 ministrorum
947 717 984 739 ac

240 763 425 796 officialium
459 762 648 795 muneribus
677 767 705 794 et
739 760 980 797 functionibus,

240 817 402 860 modoque
420 822 451 849 et
468 816 572 849 forma
597 815 746 853 docendi,
771 820 801 848 et
830 814 909 847 alias
928 825 985 847 sua

240 871 345 904 officia
359 871 539 911 exercendi,
556 880 682 903 necnon
702 879 760 913 pro
778 868 985 901 scholastico-

241 935 313 958 rum
345 924 590 957 manutentione
615 933 839 967 quaecumque
870 927 986 955 statuta

242 984 273 1012 et
290 978 510 1012 ordinationes
530 977 617 1010 licita
631 983 659 1010 et
678 977 823 1017 honesta,
841 986 876 1008 ae
889 974 987 1008 sacris

243 1031 422 1064 canonibus
442 1036 473 1063 et
496 1029 628 1064 Concilii
653 1028 829 1062 Tridentini
852 1027 988 1061 decretis

243 1085 377 1117 minime
398 1083 571 1124 contraria,
596 1083 692 1116 edere
713 1088 741 1116 et
764 1082 984 1126 promulgare,

244 1149 346 1182 eaque
369 1148 430 1182 pro
463 1144 666 1181 temporum,
699 1147 808 1169 rerum
830 1141 860 1168 et
879 1146 989 1179 perso-

244 1203 360 1225 narum
380 1191 534 1236 qualitate
554 1197 690 1231 mutare,
706 1190 871 1232 corrigere
892 1195 920 1223 et
940 1200 989 1222 re-

245 1246 405 1286 formare,
429 1256 485 1278 seu
511 1245 564 1277 illa
595 1254 721 1278 cassare
749 1249 779 1277 et
805 1244 986 1285 abrogare,

245 1300 372 1344 aliaque
392 1300 431 1332 de
451 1310 534 1332 novo
560 1299 666 1337 edere,
688 1308 813 1331 necnon
835 1307 932 1341 super
954 1297 991 1329 il-

247 1353 354 1386 lorum
379 1352 605 1386 observatione
626 1361 747 1395 poenas
764 1351 832 1384 eius
856 1350 990 1383 arbitrio

247 1407 427 1451 imponere,
451 1417 488 1439 ac
509 1405 604 1439 etiam
628 1405 658 1438 in
679 1405 845 1448 praedicta
865 1403 992 1436 unirer-

246 1461 337 1494 sitate
358 1465 509 1500 rectores,
533 1459 714 1502 magistros,
730 1459 876 1497 lectores,
893 1457 988 1490 scho-

247 1514 386 1553 lasticos,
407 1518 648 1557 procuratores,
676 1511 823 1551 bidellos,
848 1516 878 1544 et
898 1521 991 1554 prae-

248 1568 342 1612 cipue
362 1578 464 1600 unum
485 1578 541 1600 seu
554 1567 663 1610 plures
675 1565 819 1599 notarios
832 1564 989 1608 publicos,

248 1632 305 1654 seu
317 1621 505 1654 tabelliones
523 1620 738 1657 authenticos,
759 1618 871 1651 fideles
892 1623 922 1651 et
942 1618 990 1651 le-

249 1675 358 1718 gates,
392 1679 564 1718 postquam
596 1678 704 1706 tamen
732 1672 771 1704 acl
792 1671 854 1704 hoc
886 1670 993 1704 idonei

250 1727 370 1771 reperti
391 1726 507 1760 suerint
523 1753 530 1765 ,
558 1731 689 1769 recepto
710 1725 750 1757 ab
773 1725 817 1757 eis
842 1724 930 1768 prius
956 1725 994 1757 de

251 1780 430 1814 notariatus
441 1786 472 1813 et
484 1780 711 1813 tabellionatus
724 1778 836 1812 officiis
857 1778 996 1811 fideliter

255 1834 440 1868 exercendis
459 1834 643 1867 iuramento
662 1845 698 1866 ac
712 1832 995 1877 professionesidei

253 1887 452 1927 huiusmodi,
476 1887 565 1920 iuxta
584 1886 848 1920 constitutionem
866 1885 996 1929 praedi-

254 1948 348 1982 ctam,
365 1952 423 1986 per
441 1952 494 1975 eos
516 1941 642 1981 emissa,
667 1941 811 1984 aliosque
832 1940 998 1973 ministros

254 2001 285 2029 et
304 1995 457 2028 officiales
485 1994 683 2028 necessarios
703 2005 763 2038 pro
783 2005 843 2027 usu
863 1993 995 2026 univer-

253 2049 354 2083 sitatis
383 2048 566 2092 praedictae
591 2059 726 2089 creare,
755 2058 792 2081 ac
818 2048 857 2081 de
893 2047 999 2081 officio

256 2102 442 2135 huiusmodi
463 2101 641 2135 notariatus
662 2112 719 2145 per
738 2112 877 2145 pennam
900 2107 930 2134 et
950 2112 1002 2134 ca-

258 2156 379 2189 lamare
411 2155 560 2188 investire
573 2182 580 2196 ,
614 2161 669 2188 aut
700 2155 779 2187 alios
803 2160 928 2188 creatos
961 2155 1002 2187 ad

258 2209 444 2243 huiusmodi
476 2208 583 2242 officia
612 2218 800 2249 assumere,
827 2214 857 2241 et
877 2208 1003 2252 quoties

259 2273 340 2306 opus
362 2262 468 2302 suerit,
492 2253 654 2301 amovere,
679 2272 735 2295 seu
753 2261 928 2294 electiones
952 2261 1000 2293 sa-

260 2321 326 2349 ctas
346 2315 552 2356 confirmare,
577 2315 620 2348 ita
641 2315 728 2358 quod
749 2314 917 2358 scripturis
942 2325 1001 2346 au-

261 2369 408 2402 thenticis
416 2380 472 2413 per
486 2369 590 2402 dictos
600 2369 677 2401 tales
686 2368 830 2401 notarios
839 2367 883 2401 sic
896 2378 1006 2400 crean-

260 2423 316 2456 dos
329 2423 377 2456 vel
391 2423 599 2457 assumendos
614 2428 668 2455 aut
681 2422 922 2456 confirmandos
937 2422 1006 2465 ple-

260 2476 350 2509 naria
368 2482 395 2509 et
419 2476 551 2510 indubia
571 2476 651 2509 fides
675 2475 820 2509 adhiberi
840 2475 955 2507 debeat
976 2475 1007 2507 in

261 2529 379 2562 iudicio
402 2535 432 2563 et
459 2535 556 2569 extra,
579 2529 680 2562 libere
704 2534 731 2562 et
758 2528 842 2561 licite
862 2528 1013 2568 valeant,'

263 2582 359 2616 etiam
388 2588 544 2626 perpetuo
574 2583 782 2616 concedimus
807 2587 838 2614 et
858 2581 1007 2623 indulge-

219 2669 221 2671 .
264 2646 345 2676 mus,
377 2646 413 2669 ac
439 2636 577 2680 desuper
596 2636 641 2670 eis
662 2635 824 2669 licentiam
851 2641 882 2668 et
907 2635 1007 2668 sacul-

265 2695 361 2722 tatem
384 2689 598 2733 impartimur.

316 2751 394 2779 Bull.
411 2752 494 2779 Rom.
511 2752 570 2779 Vol.
588 2753 622 2779 X.
839 2751 869 2777 21

1015 546 1201 579 universum
1227 546 1337 579 orbem
1348 546 1492 578 ‘sitarum
1515 544 1679 589 eapititliS‚
1700 554 1759 576 nec

1016 610 1081 632 non
1103 599 1326 643 superioribus
1352 605 1382 632 et
1404 598 1652 642 particulariluls
1682 608 1757 641 per-

1017 652 1115 693 sonis,
1133 663 1337 696 quacumque
1355 652 1546 686 auctoritate
1561 657 1588 684 et
1607 651 1762 693 dignitate

1018 707 1226 749 fungentibus
1247 712 1277 739 et
1307 705 1474 745 functuris,
1503 716 1538 737 as·
1557 705 1669 749 quovis
1690 704 1759 748 pri-

1018 760 1133 802 vilegio
1155 765 1183 792 et
1199 759 1323 792 indulto
1342 758 1483 796 munitis,
1509 758 1539 790 in
1560 758 1675 790 virtute
1689 768 1763 790 san-

1020 819 1088 847 ctae
1108 813 1313 846 obedientiae
1333 812 1551 856 praecipimus
1572 818 1603 844 et
1623 812 1760 844 manda-

1021 878 1091 900 mus
1116 877 1155 899 ne
1176 866 1338 899 studiosos
1356 865 1541 899 academiae
1559 876 1615 898 seu
1636 865 1765 897 univer-

1020 921 1122 954 sitatis
1139 920 1392 954 Comutaviensis
1417 919 1622 958 huiusmodi,
1647 924 1702 952 aut
1731 918 1762 950 in

1022 985 1059 1007 ea
1079 975 1119 1007 ad
1136 975 1255 1017 gradus
1279 979 1448 1018 promotos
1473 973 1512 1006 ab
1540 972 1766 1016 assequutione

1023 1028 1234 1070 dignitatum,
1263 1039 1319 1061 seu
1341 1027 1590 1060 canonicatuum
1613 1032 1640 1059 et
1668 1037 1764 1070 prac-

1023 1082 1203 1115 bendarum
1234 1081 1424 1114 earumdem
1457 1080 1666 1113 ecclesiarum
1707 1080 1766 1112 sibi

1026 1140 1132 1167 tamen
1159 1135 1314 1168 canonice
1341 1134 1632 1173 conferendarum,
1657 1139 1712 1165 autv
1729 1133 1768 1165 ad

1025 1187 1096 1221 illos
1121 1188 1406 1227 nominandarum⁷
1434 1187 1457 1219 si
1478 1186 1584 1220 idonei
1604 1187 1643 1219 ad
1665 1186 1696 1218 id
1716 1186 1766 1217 iu-

1025 1242 1121 1275 dicati
1135 1241 1264 1282 suerint,
1286 1246 1316 1274 et
1332 1246 1458 1284 tempus
1478 1240 1621 1273 debitum
1637 1250 1769 1272 suorum

1025 1296 1205 1329 studiorum
1237 1295 1269 1327 in
1294 1294 1461 1327 academia
1484 1304 1540 1326 seu
1564 1292 1771 1325 universitate

1026 1348 1212 1383 huiusmodi
1233 1347 1452 1387 absolverint,
1477 1347 1525 1380 vel
1551 1347 1686 1389 gradum
1714 1346 1771 1378 do-

1026 1409 1167 1437 ctoratus
1187 1414 1243 1436 seu
1257 1402 1444 1445 magisterii,
1461 1407 1515 1435 aut
1534 1401 1768 1441 licentiaturae,

1026 1457 1074 1490 vel
1095 1456 1194 1489 alium
1220 1456 1439 1500 susceperint,
1473 1456 1652 1488 dummodo
1684 1454 1771 1487 aliud

1027 1510 1220 1544 canonicum
1242 1510 1286 1543 eis
1306 1520 1371 1543 non
1393 1509 1527 1543 obsistat
1556 1509 1773 1552 impedimen-

1028 1570 1106 1603 tum,
1135 1564 1269 1597 reiicere
1291 1569 1322 1596 et
1342 1573 1508 1596 removere
1530 1562 1772 1606 quoquomodo

1029 1618 1169 1651 audeant
1192 1628 1248 1651 seu
1262 1621 1480 1660 praesumant.

1074 1673 1090 1713 g
1112 1670 1164 1703 22.
1185 1671 1353 1704 Postremo
1366 1670 1581 1709 omniabona,
1597 1680 1647 1702 res
1659 1675 1690 1701 et.
1703 1669 1773 1701 iura

1030 1736 1047 1757 a
1066 1724 1212 1768 predicto
1232 1723 1382 1766 Georgio,
1411 1728 1446 1756 ut
1465 1724 1655 1767 praefertur,
1678 1723 1774 1755 colle-

1030 1779 1082 1821 gio
1103 1784 1133 1811 et
1157 1777 1355 1811 universitati
1375 1777 1627 1810 Comutaviensis
1658 1776 1772 1809 huius-

1031 1831 1118 1865 modi
1140 1841 1304 1871 concessa,
1337 1831 1456 1863 donata
1486 1835 1513 1863 et
1547 1829 1718 1865 attributa.
1747 1835 1777 1861 et

1032 1886 1071 1919 de
1094 1891 1221 1919 caetero
1242 1896 1300 1929 per
1319 1895 1543 1928 quoscumque
1565 1884 1676 1916 fideles
1697 1894 1778 1926 quo-

1032 1939 1077 1973 vis
1098 1940 1195 1972 modo
1217 1939 1378 1978 donanda,
1403 1938 1612 1972 concedenda
1633 1943 1663 1971 et
1683 1937 1775 1969 attri-

1033 1993 1163 2026 buenda
1183 1993 1287 2026 eidem
1318 1992 1474 2034 collegio,
1500 1992 1611 2024 eadem
1635 1990 1776 2023 auctori-

1037 2053 1118 2086 tate,
1153 2045 1302 2079 similiter
1333 2051 1491 2089 perpetuo
1524 2044 1724 2089 applicamus
1752 2050 1778 2076 et

1036 2100 1297 2144 appropriamus·7
1321 2099 1364 2132 ita
1385 2099 1473 2142 quod
1500 2098 1595 2131 liccat
1614 2097 1731 2130 ret-tori
1751 2102 1781 2129 et

1037 2152 1260 2195 collegialibus
1271 2152 1444 2196 praedictis
1456 2162 1515 2195 per
1531 2162 1575 2192 se,
1599 2152 1646 2183 vel
1668 2150 1779 2187 alium,

1037 2218 1094 2240 scu
1115 2207 1194 2240 alios
1220 2216 1332 2240 eorum
1359 2206 1575 2250 corporalem,
1605 2205 1726 2237 realem
1754 2210 1780 2236 et

1039 2261 1197 2293 actualem
1212 2259 1448 2304 possessionem
1470 2259 1571 2291 libere
1583 2257 1785 2302 appraelien-

1040 2314 1127 2351 dere,
1157 2319 1187 2346 et
1211 2319 1368 2357 perpetuo
1396 2312 1556 2351 retincre;
1592 2322 1649 2343 nec
1671 2310 1785 2343 nonin

1040 2366 1167 2408 collegii
1181 2372 1211 2400 et
1223 2365 1438 2399 universitatis
1451 2364 1648 2401 huiusmodi,
1663 2375 1699 2397 ac
1715 2375 1787 2408 per-

1040 2430 1193 2453 sonarum
1209 2420 1308 2464 ipsius
1321 2419 1466 2461 collegiis
1479 2429 1555 2452 usus
1569 2424 1599 2451 ct
1615 2418 1785 2451 utilitatem

1042 2479 1244 2512 convertere,
1269 2472 1547 2506 cuiusvislicentia
1569 2472 1708 2516 desuper
1729 2472 1787 2504 mi-

1042 2527 1128 2559 nime
1149 2526 1314 2569 requisita.

1087 2581 1103 2620 ξ
1125 2579 1176 2612 23.
1201 2580 1415 2612 Decernentes
1438 2579 1566 2612 casdem
1588 2584 1784 2622 pi·aesenteS‚

1043 2634 1137 2667 etiam
1161 2644 1197 2666 cx
1218 2643 1255 2666 eo
1278 2633 1364 2677 quod
1387 2633 1539 2666 interesse
1560 2632 1724 2672 babentes,
1740 2632 1787 2664 vel

1044 2692 1192 2731 putantes
1206 2686 1318 2719 adhoc
1333 2686 1446 2727 vocati,
1464 2692 1490 2719 et
1507 2696 1619 2719 causae
1635 2686 1680 2718 rel
1696 2696 1787 2717 causa

1830 1672 1887 1693 Bona
1904 1672 1973 1692 omnia

1790 1700 1878 1723 collegit»
1901 1705 1939 1719 rou
1950 1700 1961 1719 'u

1790 1729 1838 1747 mat.

1803 2580 1915 2600 Ctaumlae
1928 2585 1990 2604 prae-

1803 2610 1932 2627 setinum-v.
