2253 3195
233 74 281 101 An.
298 73 327 100 C.
348 73 416 101 ¹597

248 291 363 315 lli-rogatio
371 295 419 309 cun·

234 320 306 337 tranat
314 323 345 336 uui

264 1612 430 1633 Consi-aternitas

245 1640 333 1662 singulis
370 1644 430 1658 annus

247 1668 338 1692 quatu-:ir
366 1666 430 1685 libras

246 1698 308 1712 cerae
324 1692 386 1712 albae
398 1697 431 1711 cc-

246 1719 324 1738 clesiae
335 1718 431 1738 satan-1

246 1745 367 1770 persuliere
396 1744 431 1764 de·

247 1772 289 1791 bet,

462 63 527 97 {wi

434 122 492 161 sita
515 118 759 165 compescendo,
778 117 923 150 invocato
939 116 1034 148 ctiam
1049 115 1088 148 ad
1103 115 1175 153 boc,

434 176 458 208 si
477 186 558 218 opus
579 173 683 209 suerit,
705 171 822 204 auxilio
848 169 971 202 brachii
990 167 1174 201 saecularis

479 230 495 269 ξ
521 229 550 260 8.
576 227 644 260 Non
672 223 874 257 obstantibus
895 227 1024 261 nostra,
1047 220 1072 253 si
1098 230 1179 264 opus

435 281 485 318 sit,
514 281 552 312 de
577 278 751 311 unionibus
782 275 1032 313 committendis,
1061 273 1179 307 vocatis

434 343 571 376 quorum
593 331 733 369 interest,
750 340 787 362 ac
805 328 1015 372 exprimendo
1037 337 1111 360 vero
1126 337 1178 358 va-

436 387 502 419 lore
534 385 629 418 ctiam
661 383 793 416 alterius
818 381 986 422 beneficii,
1016 381 1066 414 cni
1092 380 1179 413 aliud

434 439 519 471 uniri
534 443 706 481 peteretur,
724 447 850 470 necnon
862 434 1086 469 Lateranensis
1099 433 1180 467 Con-

435 493 497 525 rilii
524 491 695 524 novissime
721 489 887 529 celebrati,
912 488 1049 521 uniones
1066 497 1181 530 perpe-

437 551 522 584 tuas,
555 544 614 577 nisi
647 543 678 576 in
704 543 831 575 casibus
862 553 880 575 a
907 541 976 574 iure
1002 539 1176 584 permissis,

437 598 504 631 lieri
519 596 729 641 prohibentis.
747 595 882 639 aliisque
900 592 1181 627 constitutionibus

434 657 464 684 et
483 650 743 684 ordinationibus
761 648 956 692 apostolicis,
982 656 1108 679 necnon
1130 656 1178 678 cc-

435 705 622 743 rlcsiarum,
657 710 687 737 et
720 701 990 736 confraternitatis
1021 700 1181 744 praefata-

437 769 530 797 rum,
566 757 662 790 etiam
700 756 899 793 iuramento,
934 752 1182 787 confirmatione

438 810 625 854 apostolica,
653 810 702 842 vel
735 808 846 853 quavis
871 807 1024 840 firmitate
1049 805 1112 838 alia
1131 815 1183 838 ro-

438 864 558 897 boratis
581 863 706 896 statutis
727 868 757 895 et
785 860 1091 899 consuetudinibus,
1115 858 1181 902 pri-

439 917 561 959 vilegiis
581 926 723 960 quoque,
752 915 884 953 indultis
909 920 937 947 et
972 913 1087 946 litteris
1107 923 1184 956 apo-

438 970 558 1003 stolicis
578 970 640 1002 illis
654 997 661 1009 ‚
682 979 859 1012 eorumque
880 967 1056 1011 respective
1081 971 1184 999 recto-

440 1024 528 1057 ribus
553 1030 585 1057 et
612 1023 809 1066 guardianis,
838 1033 874 1055 ac
904 1020 1050 1065 personis
1075 1020 1107 1052 in
1132 1029 1184 1061 ge-

440 1089 516 1110 nere
536 1078 585 1110 vel
604 1077 635 1109 in
656 1070 825 1121 specie,'ac
845 1076 922 1108 alias
940 1073 1182 1118 quomodolibet

440 1131 471 1163 in
497 1131 694 1164 contrarium
726 1129 977 1174 praemissorum
1004 1126 1181 1166 concessis,

442 1183 651 1223 confirmatis,
669 1182 855 1227 approbatis
876 1189 906 1215 et
927 1180 1095 1215 innovatis.
1112 1178 1186 1218 Qui-

443 1238 502 1270 bus
529 1237 680 1270 omnibus
707 1243 738 1269 et
762 1235 896 1278 singulis
917 1245 1030 1268 eorum
1059 1239 1186 1266 tenores

442 1290 665 1333 praesentibus
684 1299 744 1333 pro
766 1288 922 1332 expressis
943 1293 974 1321 et
993 1287 1033 1320 ad
1053 1286 1186 1319 verbum

442 1343 569 1376 insertis
599 1343 772 1383 habentes,
801 1341 863 1374 illis
887 1341 966 1374 alias
991 1340 1022 1372 in
1047 1350 1105 1373 suo
1136 1349 1188 1372 ro-

441 1397 522 1430 bore
536 1396 766 1440 permansuris,
783 1395 843 1427 liae
859 1394 927 1427 vice
941 1394 1103 1427 dumtaxat
1118 1403 1188 1436 spe-

443 1450 566 1483 cialiter
585 1456 616 1483 et
639 1459 787 1493 expresse
809 1449 1012 1490 derogamus,
1037 1446 1188 1480 caeteris-

444 1514 506 1547 que
531 1502 701 1536 contrariis
721 1501 992 1545 quibuscumque.

489 1559 506 1599 ξ
531 1557 562 1590 9.
585 1557 741 1589 Volumus
762 1561 880 1595 autem,
907 1560 943 1587 ut
963 1554 1047 1587 dicta
1064 1553 1190 1586 confra-

446 1610 579 1643 ternitas
608 1610 640 1642 in
668 1609 807 1651 signum,
832 1608 919 1652 quod
947 1607 1031 1640 dicta
1057 1605 1191 1640 eeclesia

444 1663 635 1696 Sanctorum
655 1662 874 1704 Quadraginta
894 1661 1068 1704 Martyrum
1090 1659 1131 1692 sit
1152 1659 1190 1691 fi-

447 1717 529 1750 lialis
554 1715 742 1757 collegiatae
766 1715 926 1748 Ecclesiae
945 1714 975 1747 S.
999 1713 1094 1747 Marci
1117 1740 1122 1746 .
1149 1740 1155 1745 .
1182 1740 1187 1745 .

447 1775 478 1802 et
499 1769 531 1802 in
557 1768 643 1801 illius
665 1795 671 1801 .
698 1795 704 1801 .
735 1795 741 1800 .
777 1767 1032 1810 recognitionem
1058 1765 1192 1808 singulis

447 1822 550 1863 annis,
575 1822 607 1854 in
628 1822 708 1854 festo
729 1821 837 1854 Sancti
850 1820 945 1853 Marci
958 1819 1189 1862 Evangelistae,

447 1881 588 1919 quatuor
607 1875 705 1907 libras
725 1885 818 1907 cerae
843 1874 934 1906 albae
960 1873 1124 1906 laboratae
1150 1872 1193 1905 ei-

450 1930 524 1962 dem
556 1927 745 1970 collegiatae
777 1927 930 1960 ecclesiae
961 1926 1069 1960 Sancti
1098 1925 1193 1959 Marci

448 1982 582 2015 omnino
608 1982 685 2014 dare
706 1986 862 2014 teneatur.

493 2035 609 2069 Datum
625 2036 746 2068 Romae
768 2035 853 2079 apud
873 2034 904 2067 S.
920 2034 1051 2067 Petrum
1064 2033 1123 2066 sub
1139 2042 1195 2065 an-

450 2089 528 2121 nulo
551 2088 734 2128 piscatoris,
749 2087 800 2120 die
817 2097 904 2121 xxvn
926 2086 1032 2119 martii
1049 2096 1191 2125 MDxcvu,

453 2142 661 2185 pontificatus
677 2141 778 2174 nostri
796 2151 880 2174 anno
898 2151 940 2174 vl.

490 2203 548 2230 Dat.
566 2203 611 2231 die
626 2203 659 2231 27
680 2203 770 2230 martii
787 2202 864 2236 1597,
881 2206 957 2238 pont.
978 2210 1020 2228 an.
1039 2208 1075 2228 η.

1014 66 1199 91 nnLLAmUM
1220 65 1374 90 ROMANUM

1544 112 1624 145 CLV.

1214 219 1391 252 lleclaratio
1413 218 1621 262 paragraphi:
1648 218 1712 257 Qui
1728 228 1807 257 rere,
1824 229 1892 261 cap.
1908 229 1950 255 vt,

1257 279 1332 306 sect.
1357 284 1431 312 xxv,
1454 273 1498 305 Dc
1515 272 1764 314 Resbrmatione,
1789 281 1846 314 pro
1863 272 1953 313 (lapi—

1259 327 1324 359 tulo
1346 326 1498 359 ccclesiae
1524 324 1737 358 Cordubensis
1757 324 1775 356 ¹.

1422 416 1557 443 Clemens
1574 416 1652 449 Papa
1667 415 1747 447 VIII,

1357 471 1392 498 ad
1411 470 1545 498 futuram
1560 470 1604 497 rei
1623 469 1804 496 memoriam.

1258 542 1541 574 DecetRomanum
1551 540 1740 573 Pontificem
1751 539 1848 572 (lubia
1861 549 1957 582 quae-

1216 605 1354 638 cumque
1375 594 1461 627 circa
1482 595 1610 626 deuicta
1630 593 1761 626 Concilii
1778 592 1957 625 Tridentini

1215 648 1347 680 suborta
1372 647 1548 686 declarare,
1576 651 1673 689 prout
1694 646 1725 678 in
1746 645 1882 678 Domino
1908 656 1957 678 sa-

1217 700 1351 733 lubriter
1372 699 1528 742 conspicit
1549 698 1710 742 expedire.

1261 755 1277 796 g
1299 753 1329 786 t.
1353 754 1430 785 Cum
1447 752 1566 796 itaque,
1587 752 1669 784 sicut
1690 761 1748 795 pro
1769 756 1859 794 parte
1880 751 1960 783 dile-

1217 811 1343 839 ctorum
1361 805 1502 838 tiliorum
1517 804 1652 848 Capituli
1671 803 1824 837 ecclesiae
1841 804 1961 837 Cordu-

1218 860 1324 892 bensis
1344 859 1437 892 nobis
1457 868 1560 902 nuper
1580 858 1759 901 expositum
1782 857 1851 897 suit,
1868 866 1962 889 vene-

1218 913 1327 946 rabilis
1353 914 1452 945 srater
1477 912 1646 955 episcopus
1670 910 1884 944 Cordubensis
1909 920 1963 943 eas

1219 967 1322 999 (lictae
1344 965 1497 999 ecelesiae
1518 964 1699 1007 dignitates,
1723 974 1806 1007 quae
1826 963 1963 996 admini-

1219 1019 1405 1052 strationem
1428 1029 1501 1051 cum
1520 1017 1742 1050 iurisdictione
1760 1016 1890 1056 babent,
1907 1016 1964 1049 ob-

1220 1072 1355 1105 tinentes
1368 1072 1400 1104 in
1414 1082 1484 1115 cap.
1499 1081 1547 1111 vt,
1564 1075 1640 1103 sect.
1657 1080 1729 1110 xxv,
1746 1069 1792 1102 De
1804 1070 1960 1112 Reform„

1221 1128 1237 1168 ξ
1265 1126 1330 1166 Qui
1354 1136 1433 1166 vero,
1458 1135 1522 1157 non
1554 1124 1723 1164 obtinent,
1753 1123 1924 1165 dignitates
1949 1132 1967 1154 a

1220 1179 1362 1212 Concilio
1382 1177 1569 1211 Tridentino
1592 1175 1802 1220 praeservari,
1825 1175 1967 1219 reliquas

1221 1242 1295 1264 vero
1313 1231 1485 1273 dignitates
1499 1229 1681 1263 obtinentes
1699 1239 1736 1262 eo
1758 1230 1886 1262 decreto
1909 1227 1967 1260 mi-

1222 1285 1308 1318 nime
1329 1283 1582 1327 compraehendi
1607 1282 1807 1326 praetendat,
1836 1287 1867 1314 et
1885 1291 1964 1325 pro-

1222 1344 1333 1382 pterea
1353 1336 1509 1381 praedicti
1529 1335 1710 1380 Capitulum
1740 1340 1884 1368 nostram
1905 1334 1964 1367 de-

1222 1401 1319 1434 super
1338 1390 1589 1423 declarationem
1610 1389 1804 1422 desiderent.

1268 1445 1283 1488 §
1301 1444 1331 1477 2.
1355 1445 1418 1477 Nos
1438 1444 1569 1477 illorum
1594 1443 1683 1476 iustis
1703 1453 1740 1476 ac
1757 1442 1879 1475 devotis
1893 1452 1968 1485 sup-

1223 1497 1451 1542 plicationibus
1476 1497 1508 1530 in
1539 1497 1600 1530 hac
1628 1501 1719 1540 parte
1745 1495 1909 1535 inclinati,
1931 1494 1969 1527 de

1223 1551 1457 1585 venerabilium
1479 1551 1614 1583 fratrum
1632 1555 1818 1582 nostrorum
1836 1549 1971 1582 Sanctae

1224 1606 1388 1638 Romanae
1409 1603 1569 1636 Ecclesiae
1589 1601 1804 1635 cardinalium
1826 1601 1969 1634 eiusdem

1226 1658 1357 1693 Concilii
1382 1657 1559 1691 Tridentini
1579 1657 1791 1700 interpretum
1812 1655 1947 1688 consilio
1961 1682 1968 1694 ,

1226 1712 1342 1744 harum
1355 1710 1438 1744 serie
1452 1710 1664 1749 declaramus,
1684 1709 1863 1752 praefatum
1878 1708 1893 1751 ξ
1909 1707 1973 1747 Qui

1226 1775 1297 1798 <rere
1318 1774 1524 1808 praeservare
1550 1769 1614 1796 tam
1640 1762 1833 1805 dignitates,
1857 1761 1974 1805 quibus

1227 1828 1350 1850 annexa
1386 1823 1433 1850 est
1467 1815 1702 1850 administratio
1740 1826 1813 1848 cum
1847 1814 1974 1847 iurisdi-

1228 1871 1344 1911 ctione,
1361 1881 1458 1914 quam
1478 1870 1559 1911 illas,
1580 1880 1662 1913 quae
1682 1880 1719 1902 ex
1739 1867 1974 1902 consuetudine

1229 1924 1384 1958 ecelesiae
1401 1934 1460 1967 pro
1481 1922 1691 1965 dignitatibus
1711 1922 1882 1955 habentur.

1273 1978 1288 2021 g
1312 1977 1342 2010 3.
1359 1977 1475 2020 Sicque
1496 1976 1534 2009 ab
1556 1976 1706 2009 omnibus
1727 1975 1861 2015 censeri,
1882 1985 1919 2008 ac
1932 1974 1976 2007 ita

1230 2041 1287 2074 per
1307 2040 1529 2074 quoscumque
1542 2029 1664 2062 iudices
1678 2028 1858 2062 ordinarios
1875 2033 1907 2060 et
1921 2028 1973 2061 de-

1230 2084 1362 2126 legatos,
1380 2083 1475 2115 etiam
1491 2092 1660 2115 causarum
1678 2081 1789 2125 palatii
1807 2079 1975 2124 apostolici

1230 2136 1417 2176 auditores,
1441 2136 1568 2169 sublata
1594 2135 1639 2168 eis
1663 2140 1694 2167 et
1714 2144 1826 2167 eorum
1847 2132 1978 2166 cuilibet

1230 2190 1342 2234 quavis
1366 2190 1458 2222 aliter
1488 2188 1653 2222 iudicandi
1684 2194 1715 2221 et
1745 2186 1977 2231 interpretandi

1232 2243 1381 2276 facultate
1391 2248 1422 2275 et
1434 2242 1635 2282 auctoritate,
1649 2241 1791 2275 iudicare
1810 2245 1840 2274 et
1849 2239 1976 2273 definiri

1232 2296 1362 2336 debere,
1381 2306 1418 2328 ac
1432 2295 1559 2328 irritum
1570 2300 1601 2327 et
1610 2294 1705 2327 inane
1719 2293 1877 2337 quidquid
1886 2302 1978 2325 secus

1232 2359 1329 2392 super
1353 2348 1403 2381 his
1432 2359 1465 2381 a·
1481 2358 1666 2392 quoquam,
1691 2347 1802 2390 quavis
1833 2345 1975 2379 auctori-

1233 2407 1312 2443 tate,
1336 2402 1477 2435 scienter
1501 2402 1551 2435 vel
1578 2401 1784 2444 ignoranter,
1807 2398 1977 2442 contigerit

1272 2465 1281 2489 t
1304 2462 1342 2490 Ex
1362 2463 1471 2499 Regest.
1487 2462 1514 2490 in
1536 2462 1639 2490 Secret.
1660 2461 1798 2490 Brevium.

1974 62 2022 88 An.
2041 62 2147 92 c.159·t

2009 546 2128 566 texentium.

1997 759 2077 778 (Lm->nn
2089 758 2155 788 deela-

1976 786 2069 805 rationu.

2014 1447 2141 1470 Declaratio.

2021 1979 2142 2000 clausulae.
