2253 3195
288 240 339 267 An.
355 240 384 267 c.
406 240 475 268 1500
520 231 584 266 60⁶2

317 991 387 1012 Naue
402 991 474 1012 cathe-

291 1019 356 1039 draus
367 1019 403 1039 uss
414 1022 434 1039 ct
444 1025 475 1039 re·

291 1046 353 1066 dnus.

487 297 598 333 gentes
617 301 676 335 pro
696 292 829 335 pepuIO,
842 291 1033 325 auctoritate
1051 298 1082 325 et
1101 297 1223 331 tenore,

486 345 666 385 similibus,
690 345 812 389 pariter
840 351 998 390 perpetuo
1018 346 1227 379 concedimus

487 404 517 431 et
536 398 748 440 assignamus,
772 398 890 442 illaque
913 399 1023 432 omnia
1043 405 1071 433 et
1101 399 1245 452 singula}

486 451 637 495 episcopo
662 451 760 485 Castri
786 452 890 485 Plebis
909 463 970 496 pro
991 459 1137 496 tempore
1157 452 1224 486 exi-

485 504 580 537 stenti
599 504 706 547 quoad
726 505 829 547 legem
848 506 1074 539 dioecesanam
1104 516 1140 539 ac
1158 505 1227 549 epi-

486 557 646 600 scopalem
668 563 700 590 et
719 558 916 592 ordinariam
943 559 1198 593 iurisdictionem
1217 570 1224 591 :
1244 582 1246 599 i,

487 611 656 644 ecclesiam
685 617 792 644 autem
808 639 815 652 ,
839 618 870 645 ct
898 623 956 656 pro
988 619 1136 657 tempore
1157 613 1225 646 exi-

487 670 622 697 stentem
645 665 834 709 episcopum
858 665 958 699 Castri
983 667 1087 699 Plebis
1111 667 1226 700 huius-

488 717 576 751 modi
597 718 700 751 dictae
725 718 797 751 Sedi
819 718 1006 752 immediate
1027 719 1226 760 subiieimus,

488 781 525 804 ac
544 771 603 804 sub
624 772 792 805 beatorum
820 772 903 805 Petri
925 778 953 806 et
986 773 1075 806 Pauli
1096 775 1230 817 Aposto—

488 825 612 865 lorum,
645 825 813 869 dictaeque
845 826 934 859 Sedis
970 827 1171 870 protectione
1201 833 1231 860 et

490 878 589 911 tutela
606 879 810 922 suscipimus.

534 933 550 973 ξ
571 930 601 964 3.
625 932 759 976 Insuper
772 933 881 966 omnia
901 939 931 967 et
951 934 1078 977 singula
1098 934 1229 973 fructus,

489 985 621 1025 reditus,
646 991 829 1028 proventus,
853 993 883 1020 et
903 987 988 1020 bona
1009 997 1138 1020 mensae
1164 987 1232 1031 epi-

489 1039 627 1082 scopalis
644 1039 747 1073 dictae
760 1041 913 1074 ecclesiae
933 1040 1126 1074 Clusinensis
1144 1041 1233 1074 dein-

490 1092 552 1136 ptis
573 1098 602 1126 et
618 1094 859 1127 remanentibus
878 1105 938 1138 pro
959 1104 1006 1135 ea,
1024 1105 1060 1128 ac
1081 1094 1232 1138 episcopo

489 1146 666 1180 Clusinensi
699 1157 757 1191 pro
786 1153 932 1191 tempore
953 1149 1105 1182 existente
1131 1155 1177 1182 tot
1197 1159 1233 1181 ex

490 1199 566 1243 ipsis
587 1200 757 1241 fructibus,
778 1201 950 1241 reditibus,
974 1202 1183 1245 proventibus
1203 1207 1234 1235 et

490 1252 594 1293 bonis,
618 1264 676 1297 per
704 1255 960 1288 commissarium
983 1256 1022 1289 ad
1044 1255 1076 1289 id
1107 1266 1125 1288 a
1152 1256 1233 1289 Sede

491 1308 674 1351 Apostolica
702 1309 845 1352 praefata
876 1309 1115 1353 deputandum,
1149 1310 1233 1343 desi-

491 1361 627 1403 gnandis
642 1367 672 1395 et
685 1362 896 1404 assignandis,
910 1363 996 1406 quod
1007 1362 1135 1396 illorum
1146 1364 1236 1396 valor

492 1414 531 1447 ad
556 1425 715 1448 summam
752 1416 839 1448 mille
880 1423 1046 1449 scutorum
1086 1422 1234 1450 monetae

491 1468 656 1501 annuatim
676 1469 795 1502 iudicio
810 1469 884 1502 dicti
899 1470 1111 1503 commissarii
1126 1481 1236 1504 ascen-

493 1522 557 1561 dat,
589 1522 628 1554 ab
655 1523 768 1555 eadem
798 1533 908 1556 mensa
936 1523 1110 1568 episcopali
1131 1524 1232 1557 Clusi-

492 1575 594 1615 nensi‚
619 1576 810 1609 auctoritate
828 1582 856 1609 et
879 1582 990 1610 tenore
1011 1578 1162 1621 paribus,
1184 1578 1255 1610 iii-‹

493 1629 565 1662 dem
587 1634 745 1672 perpetuo
765 1640 954 1674 separamus
977 1636 1008 1663 et
1026 1623 1255 1664 dismembra-'

495 1693 576 1721 mus,
590 1683 709 1727 illaque
730 1683 775 1716 sic
795 1690 941 1727 separata
954 1689 986 1717 et
1005 1684 1237 1718 dismembrata
1254 1687 1255 1696 ¹

494 1736 597 1769 dictae
630 1747 760 1770 mensae
791 1737 967 1781 episcopali
997 1737 1096 1771 Castri
1132 1738 1237 1774 Plebis

494 1799 553 1833 pro
577 1789 645 1823 eius
666 1790 750 1830 dote,
775 1800 812 1823 ac
835 1791 976 1834 episcopi
1002 1791 1100 1825 Castri
1133 1791 1238 1824 Plebis

495 1853 554 1887 pro
581 1849 726 1887 tempore
758 1844 924 1877 existentis
951 1845 1233 1885 substentatione,

495 1897 686 1930 auctoritate
721 1902 751 1929 ct
796 1903 907 1930 tenore
935 1898 1105 1942 praefatis,
1139 1899 1236 1932 etiam

495 1956 652 1994 perpetuo
680 1950 881 1994 applicamus
912 1957 943 1983 et
968 1952 1234 1995 appropriamus3

497 2003 538 2036 ita
567 2004 653 2047 quod
689 2004 782 2037 liccat
811 2004 916 2040 cidem
955 2005 1107 2048 episcopo
1138 2006 1236 2039 Castri

497 2057 601 2090 Plebis
622 2068 680 2101 pro
696 2058 840 2101 tcm'pore
859 2058 1003 2091 existenti
1025 2060 1169 2102 sequutis
1184 2061 1238 2093 de-

497 2111 677 2151 siunatione
696 2117 724 2144 et
751 2111 907 2144 divisione
939 2122 956 2144 a
977 2112 1063 2145 dieto
1088 2113 1257 2145 commis—l

497 2165 592 2205 sario,
616 2172 649 2198 ut
674 2167 866 2209 praefertur,
892 2166 1060 2203 faciendis,
1084 2169 1257 2210 corpora-³

498 2219 583 2257 lem,
609 2220 727 2252 realem
756 2226 785 2252 et
808 2221 965 2253 actualem
1004 2221 1237 2264 possessionem

499 2273 673 2310 frui-tuum,
699 2273 873 2311 redituum,
899 2280 1111 2317 pinrenluutn
1134 2281 1160 2307 et
1184 2275 1240 2307 bo-

499 2337 613 2358 noruin
645 2327 748 2359 eiileiu
778 2338 905 2360 mensae
938 2327 1111 2371 epist-,opali
1141 2328 1239 2361 (lustri

500 2380 603 2413 Plebis
625 2380 890 2424 applicandorum
913 2381 1238 2424 etappropriatoruin

501 2445 615 2476 perse,
635 2435 680 2465 vel
700 2434 810 2471 atium,
832 2445 886 2466 sen
908 2434 997 2472 alios,
1022 2434 1090 2466 eins
1111 2434 1259 2467 nominc-1

502 2488 631 2530 propriu
653 2487 853 2526 aut-toritate,
879 2488 976 2520 libert¹
997 2488 1241 2531 apprehendere

503 2546 530 2571 et
554 2547 708 2583 perpetuo
731 2541 878 2578 retina-re,
895 2541 1088 2584 illoriuuque
1107 2541 1227 2573 baiulus

504 2594 640 2632 reditus,
665 2600 853 2637 proventus,
876 2594 960 2634 iura,
983 2594 1192 2627 obventiones
1212 2599 1241 2627 et

504 2647 720 2680 emolumenta
742 2648 917 2691 percipere,
933 2658 968 2679 ae
988 2647 1017 2680 in
1036 2658 1110 2680 suos
1124 2647 1242 2680 dictae-

1068 243 1251 268 BULLARtUM
1271 244 1424 269 ROMANUM

1261 303 1325 336 que
1342 303 1472 326 mensae
1492 293 1683 338 episcopalis
1695 294 1794 329 Castri
1806 295 1911 329 Plebis
1924 306 2000 330 usus

1262 350 1293 378 et
1313 345 1482 379 utilitatem
1505 352 1692 381 convertere
1707 375 1714 388 ‚
1740 348 1837 381 futuri
1859 348 2002 393 episcopi

1261 399 1455 433 Clusinensis
1485 406 1513 433 et
1533 400 1679 434 vcuiusvis
1711 401 1843 434 alterius
1874 401 2003 435 licentia

1262 453 1401 496 desuper
1420 453 1554 487 minime
1575 454 1740 498 requisita.

1306 508 1322 549 ξ
1344 506 1375 543 4.
1405 507 1575 541 Praeterea
1602 508 1754 552 episcopo
1779 519 1838 552 pro
1859 514 2004 552 tempore

1263 560 1409 594 existenti
1431 568 1460 595 et
1480 562 1632 606 capitulo,
1657 573 1692 596 ac
1714 563 1801 596 clero
1822 562 1958 596 civitatis
1974 567 2005 595 et

1263 614 1419 648 dioecesis
1448 615 1547 649 Castri
1580 615 1684 649 Plebis
1713 616 1901 649 huiusmodi
1934 615 2005 649 illo-

1263 679 1402 712 rumque
1420 669 1532 703 incolis
1553 675 1583 702 et
1607 669 1854 711 habitatoribus,
1882 674 1918 703 ut
1937 680 2006 703 om-

1265 721 1358 754 nibus
1379 727 1410 754 et
1429 722 1564 764 singulis
1588 722 1772 766 privilegiis,
1790 722 2004 766 exemptioni-

1266 775 1335 815 bus,
1359 775 1572 813 libertatibus,
1597 776 1866 816 immunitatibus,
1888 775 2007 809 favori-

1267 828 1336 867 bus,
1359 828 1469 870 gratiis
1494 833 1526 861 et
1550 829 1694 869 indultis,
1717 829 1835 873 quibus
1864 828 2007 873 episcopi

1267 886 1295 912 et
1313 879 1453 923 capitula
1474 880 1612 912 aliarum
1645 879 1880 913 cathedralium
1906 880 2008 913 eccle-

1266 933 1398 973 siarum,
1422 945 1459 967 ae
1489 934 1623 967 civitatis
1643 939 1675 967 et
1700 934 1864 974 dioecesis,
1894 944 2008 967 eorum

1267 988 1382 1026 clerus,
1407 987 1532 1021 incolae
1553 993 1584 1021 et
1603 987 1800 1021 habitatores
1820 988 1859 1021 de
1877 987 1946 1021 iure
1959 987 2008 1021 vel

1267 1041 1511 1081 consuetudine,
1535 1047 1589 1074 aut
1609 1041 1686 1074 alias
1706 1047 1852 1080 utuntur,
1877 1040 2009 1084 potiun-

1269 1100 1319 1127 tur
1339 1099 1368 1127 et
1389 1094 1540 1136 gaudent,
1564 1105 1601 1127 ac
1621 1094 1679 1135 uti,
1702 1094 1797 1138 potiri
1819 1100 1849 1127 et
1869 1094 2008 1136 gaudere

1268 1153 1401 1191 possunt
1439 1153 1470 1181 et
1511 1153 1663 1192 poterunt
1699 1148 1946 1192 quomodolibet
1976 1148 2008 1181 in

1269 1202 1424 1241 futurum,
1447 1201 1493 1234 uti
1517 1207 1547 1234 et
1567 1201 1709 1242 gaudere
1729 1201 1863 1245 possint,
1888 1200 2008 1234 eisdem

1268 1255 1456 1288 auctoritate
1476 1260 1507 1288 et
1527 1260 1649 1295 tenore,
1673 1254 1881 1288 concedimus
1900 1259 1931 1288 et
1955 1254 2006 1288 in-

1268 1309 1448 1350 dulgemus.

1314 1361 1380 1404 ξ5.
1409 1362 1478 1395 Non
1511 1362 1711 1396 obstantibus
1739 1362 1943 1406 praemissis,
1973 1373 2010 1396 ac

1270 1415 1552 1449 constitutionibus
1584 1421 1613 1449 et
1644 1415 1903 1449 ordinationibus
1933 1425 2010 1460 apo-

1269 1469 1400 1509 stolicis,
1421 1479 1547 1503 necnon
1568 1469 1722 1503 ecclesiae
1742 1469 1935 1503 Clusinensis
1955 1469 2006 1502 iu-

1271 1529 1433 1563 ramento,
1469 1522 1717 1556 confirmatione
1743 1523 1938 1567 apostolica,
1963 1523 2010 1557 vel

1270 1578 1380 1621 quavis
1401 1577 1553 1610 firmitate
1573 1577 1634 1610 alia
1655 1576 1816 1610 roboratis
1835 1576 1960 1610 statutis
1980 1582 2011 1611 et

1271 1630 1569 1670 consuetudinibus,
1602 1630 1777 1674 privilegiis
1798 1640 1940 1674 quoque,
1963 1630 2011 1663 in-

1272 1684 1367 1718 dultis
1388 1690 1419 1717 et
1440 1683 1554 1717 litteris
1579 1683 1763 1727 apostolicis
1792 1683 1851 1716 sub
1872 1683 2008 1728 quibus-

1271 1749 1410 1782 cumque
1431 1737 1597 1771 tenoribus
1617 1743 1648 1770 et
1662 1737 1784 1777 formis,
1801 1747 1838 1770 ac
1856 1747 1928 1770 cum
1942 1737 2012 1782 qui-

1272 1791 1379 1825 busvis
1388 1791 1483 1824 etiam
1496 1791 1776 1833 derogatoriarum
1787 1790 2012 1833 derogatoriis‚

1272 1846 1406 1889 aliisque
1425 1845 1661 1879 efficacioribus
1681 1845 1859 1878 etinsolitis
1879 1845 2009 1878 clausu-

1272 1899 1320 1939 lis,
1345 1909 1470 1932 neenon
1503 1899 1702 1932 irritantibus
1731 1905 1761 1932 et
1781 1898 1851 1931 aliis
1876 1898 2013 1932 decretis

1273 1953 1303 1985 in
1322 1963 1438 1993 uenere
1460 1953 1506 1985 vel
1530 1953 1560 1984 in
1579 1952 1697 1996 specie,
1717 1962 1753 1985 ac
1775 1952 1853 1985 alias
1876 1961 2013 1996 quomo-

1255 2029 1256 2035 η
1273 2007 1391 2040 ‹lolibet
1411 2006 1582 2045 concessis,
1600 2006 1786 2050 approbatis
1797 2012 1828 2039 et
1840 2005 2008 2040 innovatis.

1255 2060 1393 2105 ¹Quibus
1422 2060 1594 2099 omnibus,
1634 2059 1758 2092 etiamsi
1789 2070 1847 2103 pro
1882 2059 2012 2093 illorum

1272 2115 1440 2148 sufficienti
1474 2114 1682 2155 derogatione
1711 2114 1789 2147 alias
1810 2114 1849 2147 de
1875 2113 1935 2147 illis
1960 2123 2014 2147 eo-

1255 2179 1409 2212 ‚rumque
1431 2167 1503 2201 totis
1524 2167 1702 2205 tenoribus,
1723 2166 1881 2211 specialis,
1902 2166 2009 2210 speci-

1256 2222 1344 2259 :liea
1369 2231 1516 2265 expressa
1541 2226 1570 2253 et
1598 2220 1772 2257 individua.
1793 2230 1830 2253 ac
1850 2220 1889 2253 de
1915 2220 2014 2253 verbo

1256 2265 1257 2276 i

1274 2274 1312 2307 ad
1335 2273 1480 2311 verbum,
1496 2282 1560 2304 non
1581 2277 1687 2304 autem
1709 2281 1767 2315 per
1783 2271 1942 2304 clausulas
1958 2281 2013 2313 ge-

1275 2327 1398 2360 nerales
1426 2326 1509 2359 idem
1541 2325 1768 2369 iiuportantes,
1800 2325 1921 2358 mentio
1957 2335 2014 2358 seu

1275 2380 1405 2424 quaeris
1426 2379 1487 2412 alia
1508 2378 1670 2423 expressio
1697 2378 1855 2416 liabenda.
1883 2384 1938 2411 aut
1958 2377 2015 2411 ali-

1275 2445 1338 2477 qua
1359 2433 1420 2466 alia
1438 2432 1592 2476 exquisita
1614 2432 1714 2464 fornia
1732 2431 1771 2464 ad
1787 2432 1846 2465 boe
1860 2431 2015 2465 servanda

1258 2493 1368 2528 :esset¹
1393 2493 1519 2519 tenores
1540 2485 1737 2524 huiusmodi,
1762 2495 1798 2517 ar,
1818 2485 1842 2517 si
1861 2485 1900 2518 de
1917 2485 2014 2518 verbo

1276 2541 1314 2573 acl
1329 2539 1474 2577 verbum,
1492 2539 1568 2572 nibil
1585 2538 1711 2582 penitus
1722 2538 1852 2577 omisso,
1871 2544 1901 2571 et
1913 2538 2015 2571 forma

1277 2594 1307 2626 in
1335 2593 1396 2626 illis
1417 2592 1532 2626 tradita
1552 2592 1730 2630 observata,
1755 2591 1862 2624 inserti
1898 2591 2011 2630 forent,

1277 2645 1499 2690 praesentibus
1510 2655 1568 2689 pro
1577 2645 1772 2678 sufficienter
1784 2643 1939 2688 expressis
1953 2643 2011 2678 ba-

2018 246 2066 274 An.
2083 246 2112 274 C.
2136 246 2202 276 1600

2040 520 2202 551 Privileaiorum

2020 553 2137 569 COUCGSSIQ.

2038 1372 2153 1402 Derogatlo
2161 1376 2210 1393 con·

2024 1402 2143 1421 irai-iorum.
