2253 3195
259 174 309 201 An.
328 174 356 200 c.
378 174 445 201 1594
490 165 554 199 ¹140

297 1031 372 1051 (juram
395 1030 438 1051 ani·

255 1064 334 1077 maium
355 1059 438 1077 alumno

254 1089 266 1104 a
283 1087 364 1104 fertore
384 1083 439 1104 dusi-

255 1112 337 1136 ynando
348 1112 439 1137 delegat.

280 1779 356 1798 'ttumni
369 1787 379 1798 a
392 1784 438 1803 pm-

255 1806 338 1824 unvmti
356 1805 438 1830 prmiu-

253 1837 299 1851 (1:¹⁹
311 1831 397 1852 {leucae
407 1838 437 1852 se·

254 1858 338 1883 ltsscndi.

1042 178 1226 203 BULLAfflUM
1247 179 1400 203 ROMANUM

1994 181 2045 208 An.
2062 181 2091 208 C.
2109 163 2199 223 1591¹

457 224 554 257 etiam
574 224 739 269 impressis
760 226 968 270 transumptis
987 236 1086 259 manu
1103 226 1202 259 alicu·
1218 231 1220 244 s
1236 237 1308 259 rum
1335 227 1588 270 approbationes
1607 233 1638 261 et
1661 227 1873 262 admissiones
1900 228 1980 262 fiant

457 277 506 310 ius
525 278 641 311 notarii
661 278 794 322 publici,
816 284 845 312 et
862 279 968 321 sigillo
989 289 1148 322 personae
1168 279 1200 312 in

457 330 610 372 dignitate
638 331 853 364 ecclesiastica
873 332 1067 366 constitutae
1087 333 1197 366 muni·
1216 342 1218 357 ¹

457 384 504 423 tis,
529 385 676 417 eamdem
697 384 807 423 fidem,
831 396 914 428 quae
935 385 1013 429 ipsis
1033 386 1200 428 originali-

455 436 515 469 bus
524 437 742 477 adhiberetur,
752 437 873 481 ubique
884 438 916 471 in
930 438 1060 480 iudicio,
1071 444 1102 472 et
1113 446 1200 472 extra

456 489 567 522 haberi
588 490 705 524 debere
718 491 946 534 decernimus),
957 502 1022 525 non
1040 493 1145 525 solum
1160 493 1200 526 ad
1216 516 1217 522 η

456 542 565 583 instar,
589 545 643 577 sed
669 544 886 588 pariformiter
905 550 936 578 et
960 556 1062 589 aeque
1082 546 1200 590 princi-

455 596 571 640 paliter
592 597 657 638 uti,
681 598 763 638 srui,
787 598 884 642 potiri
905 604 936 632 et
954 600 1095 641 gaudere
1125 611 1199 644 pos-

455 649 528 689 sint,
553 650 699 694 illudque
719 651 803 684 inter
823 652 877 685 illa
897 659 1140 694 annumeretur,
1164 664 1200 687 ac

455 704 612 747 capellam
633 704 698 738 sive
720 706 900 747 ecclesiam,
925 707 958 739 in
978 718 1042 751 qua
1067 708 1201 742 sanctis-

455 755 572 789 simum
587 757 805 792 Eucharistiae
822 759 1066 793 Sacramentum
1088 771 1200 794 recon-

455 810 559 850 datur,
583 816 613 844 et
634 822 807 855 campanas
826 824 886 857 pro
907 813 1011 847 missis
1032 819 1061 847 et
1087 815 1197 858 sepul-

454 862 533 896 turis
556 863 786 906 significandis,
803 872 833 899 et
846 866 908 900 alia
928 867 1003 901 huic
1022 877 1106 901 novo
1127 869 1196 901 col-

453 915 539 958 legio
559 918 740 952 necessaria
760 919 880 954 habere
900 921 1012 954 valeat.

498 970 513 1013 ἓ
533 969 564 1003 6.
585 970 742 1016 Quodque
761 973 828 1018 ipse
845 981 951 1008 rector
964 985 1064 1008 unum
1079 986 1116 1009 ex
1129 976 1198 1009 alu—

455 1023 538 1057 mnis
562 1024 637 1058 dicti
659 1026 785 1069 collegii
810 1038 869 1072 pro
900 1035 1044 1072 tempore
1073 1029 1195 1063 consti-

455 1083 544 1110 tuere
557 1079 668 1122 possit,
685 1079 739 1123 qui
760 1080 800 1113 sit
813 1081 881 1114 eius
895 1082 1011 1116 domus
1023 1084 1194 1127 parochus,

453 1135 485 1163 et
512 1130 641 1164 illorum
678 1133 823 1166 omnium
852 1135 931 1168 inibi
958 1135 1194 1177 habitantium,

452 1191 549 1228 prout
570 1186 648 1219 alias
673 1188 791 1221 sactum
824 1188 881 1222 suit
907 1189 938 1222 in
966 1190 1103 1233 collegio
1135 1192 1198 1224 An-

453 1238 579 1280 glicano
601 1240 631 1273 in
652 1241 736 1274 Urbe
757 1241 918 1282 instituto;
942 1253 1068 1277 necnon
1090 1244 1122 1277 in
1143 1245 1197 1278 dc-

452 1292 570 1326 sectum
593 1294 776 1328 huiusmodi
795 1288 916 1329 alumni
935 1297 1003 1341 ipse
1016 1303 1131 1338 rector,
1144 1305 1196 1332 aut

452 1346 554 1390 quivis
582 1347 663 1381 alius
683 1348 759 1382 dicti
791 1350 917 1393 collegii
948 1352 1135 1396 presbyter,
1159 1353 1198 1386 de

453 1399 551 1443 ipsius
577 1402 711 1434 rectoris
742 1402 888 1439 licentia.
920 1405 1018 1448 possit
1047 1406 1197 1449 supplere

453 1454 593 1488 officium
617 1456 749 1499 parochi
771 1457 971 1500 praedictum
998 1458 1028 1491 in
1058 1459 1197 1492 admini-

451 1507 590 1541 strandis
619 1509 848 1549 consessionis,
876 1509 1101 1545 Sanctissimae
1130 1512 1195 1545 Eu-

452 1561 632 1601 charistiae,
661 1568 691 1596 et
723 1569 884 1597 extremae
909 1565 1070 1598 unctionis
1091 1576 1197 1599 sacra-

453 1615 580 1655 mentis,
605 1622 634 1649 et
654 1616 848 1660 sepeliendis
867 1617 1003 1651 mortuis
1024 1618 1099 1652 dicti
1127 1619 1195 1652 col-

453 1668 527 1710 legii
549 1668 763 1712 indulgemus.

499 1723 515 1764 ς
537 1721 566 1755 7.
591 1722 761 1757 Praeterea
781 1724 939 1765 volumus,
968 1726 1055 1769 quod
1074 1726 1196 1760 admis-

454 1775 501 1809 sio
521 1781 551 1809 et
571 1777 712 1810 exclusio
732 1778 938 1811 alumnorum
958 1779 989 1812 in
1010 1780 1096 1813 dicto
1116 1791 1198 1814 novo

454 1829 591 1872 collegio
622 1842 680 1874 pro
714 1838 858 1876 tempore
891 1833 1110 1874 existentium,
1135 1840 1196 1867 tam

454 1883 538 1916 eirca
559 1894 729 1917 nnmerum
751 1896 846 1929 quam
866 1886 1034 1929 qualitates
1047 1897 1199 1930 persona-

454 1947 538 1975 rum,
559 1937 595 1970 sit
614 1938 653 1971 de
672 1944 744 1971 voto
765 1945 794 1972 et
816 1940 973 1973 svntentia
994 1940 1198 1984 provincialis

452 1990 619 2024 Societatis
639 1992 707 2025 lesu
729 1993 914 2036 provinciae
929 1994 1054 2027 Beticae
1072 1995 1198 2038 praedi-

453 2049 533 2084 ctae,
547 2050 600 2077 aut
616 2045 711 2083 illius,
727 2046 776 2079 cui
797 2046 881 2080 idem
905 2047 972 2091 ipso
992 2048 1197 2091 provincialis

452 2098 643 2136 committet.
667 2105 696 2132 et
718 2099 792 2133 dicti
816 2101 887 2133 nori
914 2101 1039 2143 collegii
1066 2102 1197 2135 rectoris

452 2163 523 2184 cum
543 2153 776 2196 approbatione
798 2165 965 2197 personae,
981 2154 1032 2187 rui
1055 2154 1121 2199 ipsc
1135 2156 1197 2188 (lu-

452 2205 578 2239 lielmus
598 2206 770 2239 cardinatis
791 2207 978 2240 committet.

497 2260 513 2299 ξ,
535 2259 564 2292 8.
589 2260 744 2303 Quodque
765 2260 887 2293 alumni
911 2260 1005 2294 buius
1026 2261 1097 2294 novi
1125 2263 1193 2295 col-

374 2318 436 2357 'fflw‘j-
455 2311 524 2350 legii
547 2312 576 2344 in
600 2313 726 2356 pictate.
751 2314 931 2355 devotione,
953 2321 1046 2347 vanu·
1069 2321 1096 2348 ct
1119 2326 1193 2348 rac·
1212 2330 1214 2344 ι

455 2365 606 2397 rvtnouiis
635 2366 857 2399 ecclesiasticis
882 2373 909 2400 rt
936 2368 1034 2400 sat-ris
1062 2368 1193 2409 ollii-iis,

455 2425 546 2460 prom
581 2420 694 2452 nwtius
730 2420 803 2464 ipsis
839 2422 1060 2465 superioribus
1093 2422 1214 2455 visunt

454 2471 567 2508 t'uvrit,
592 2479 820 2511 twa-rrvaiitur.
844 2486 879 2507 ar.
900 2475 961 2507 sint
988 2475 1078 2515 Angli
1101 2475 1214 2509 nativit

454 2524 499 2556 vet
521 2525 694 2564 Apulorum
718 2526 785 2564 tilii,
810 2527 956 2561 vida-livet
976 2528 1194 2572 alirttiuspro-
1213 2557 1214 2560 ,

454 2577 574 2610 vinciat·r
596 2578 717 2612 insulae
739 2580 869 2620 Apuliae
891 2581 1070 2621 dumtaxat,
1094 2593 1129 2614 at·
1144 2592 1214 2622 ‘'⁰·.

1235 279 1327 318 iuxta,
1339 280 1534 321 testimonia,
1550 291 1633 325 quae
1652 292 1761 315 secum
1781 281 1925 315 adferant
1939 282 1978 315 ab

1234 333 1349 366 eodem
1370 334 1527 367 cardinali
1548 339 1600 367 aut
1621 334 1802 368 rectoribus
1819 335 1975 378 collegio-

1235 398 1306 420 rum
1326 388 1504 430 Anglorum
1532 388 1571 421 de
1591 388 1695 428 Urbe,
1717 388 1765 422 vel
1791 389 1975 429 Remensis‚

1216 446 1287 474 ,aut
1306 441 1490 482 Duacensis‚
1514 447 1568 475 aut
1589 441 1726 476 aliorum
1746 442 1978 486 primariorum

1234 494 1372 528 nationis
1393 495 1599 538 Anglicanae,
1623 496 1836 529 habitantium
1867 496 1899 529 in
1927 507 1978 530 re-

1234 547 1303 590 gnis
1323 548 1563 592 Hispaniarum,
1586 555 1641 582 aut
1667 549 1737 582 aliis
1757 549 1790 582 in
1810 549 1899 589 locis,
1923 549 1978 593 qui

1234 611 1294 644 pro
1314 601 1482 635 catholicis
1502 602 1674 642 habentur,
1691 608 1722 635 et
1741 601 1809 635 noti
1826 602 1974 639 existunt,

1234 660 1265 687 et
1284 655 1431 688 notitiam
1452 655 1729 689 admittendorum
1749 655 1869 690 habere
1897 667 1975 700 pos-

1234 714 1326 748 sunt;
1350 714 1380 741 et
1399 708 1479 742 haec
1502 709 1612 742 omnia
1632 709 1711 743 siant
1730 709 1816 742 iuxta
1836 709 1978 754 peculia-

1234 771 1302 794 rem
1314 767 1345 795 et
1355 761 1511 805 privatam
1526 761 1773 803 institutionem,
1784 772 1879 806 quam
1892 762 1978 796 idem

1233 814 1412 848 Gulielmus
1436 815 1609 848 cardinalis
1634 816 1673 848 de
1698 815 1760 849 hoc
1784 821 1816 849 et
1839 815 1910 849 aliis
1930 826 1980 850 re-

1233 868 1293 901 bus
1313 868 1345 901 in
1365 868 1493 913 scriptis
1513 869 1616 902 mittet
1627 869 1667 902 ad
1680 868 1786 913 ipsum
1803 874 1976 911 rectorem,

1233 927 1288 955 aut
1307 923 1406 955 alium
1425 922 1456 956 in
1475 923 1560 956 dicta
1577 922 1703 956 civitate
1719 923 1899 967 Hispalensi
1919 933 1979 967 pro

1233 981 1379 1020 tempore
1400 981 1668 1017 commorantem,
1686 976 1736 1009 cui
1754 975 1840 1010 idem
1860 976 1979 1010 Guliel-

1233 1040 1304 1063 mus
1324 1029 1497 1063 cardinalis
1518 1029 1601 1063 vices
1621 1040 1694 1063 suas
1719 1029 1908 1063 committet.

1277 1083 1342 1127 59.
1365 1084 1413 1117 Ad
1439 1083 1518 1117 haec
1546 1083 1768 1128 superioribus
1797 1083 1874 1116 dicti
1903 1083 1977 1118 novi

1232 1137 1358 1179 collegii
1380 1137 1462 1177 illos,
1479 1147 1560 1181 quos
1581 1136 1613 1169 in
1634 1136 1720 1170 dicto
1738 1147 1820 1170 novo
1841 1137 1978 1180 collegio

1233 1190 1366 1224 idoneos
1391 1201 1459 1224 esse
1487 1190 1687 1234 repererint,
1716 1189 1748 1222 in
1775 1190 1979 1224 facultatibus

1231 1243 1351 1276 artium
1379 1249 1410 1277 et
1436 1243 1619 1286 theologiae
1639 1243 1678 1277 ad
1699 1244 1974 1285 baccalaureatus,

1232 1297 1453 1331 licentiaturae
1483 1303 1512 1331 et
1539 1297 1715 1339 magisterii
1751 1297 1889 1340 gradus,
1911 1308 1979 1331 ser·

1232 1356 1301 1384 vata
1326 1352 1429 1384 forma
1455 1350 1587 1385 Concilii
1612 1350 1821 1391 Viennensis,
1849 1361 1980 1395 promo-

1233 1405 1337 1443 vendi,
1360 1411 1389 1438 et
1419 1404 1562 1448 ipsorum
1588 1405 1747 1447 graduum
1768 1404 1862 1438 solita
1882 1404 1914 1438 in
1935 1405 1980 1439 eis

1234 1458 1419 1501 regionibus
1433 1458 1570 1501 insignia
1582 1458 1768 1492 exhibendi:
1787 1458 1842 1502 qui
1854 1457 1898 1493 sic
1907 1469 1980 1502 pro-

1234 1511 1311 1545 moti
1330 1512 1482 1545 omnibus
1501 1511 1622 1554 gratiis,
1644 1511 1815 1550 favoribus,
1833 1512 1976 1553 indultis,
2027 1519 2030 1521 ’

1233 1565 1422 1609 privilegiis,
1439 1565 1684 1609 praerogativis,
1704 1565 1955 1599 antelationibus
1969 1593 1976 1606 ‚

1233 1629 1315 1662 quae
1333 1618 1491 1663 promotis
1517 1618 1548 1651 in
1567 1618 1736 1652 Exoniensi
1758 1624 1789 1651 et
1809 1618 1979 1653 Coninbri-

1233 1673 1319 1706 censi
1333 1673 1363 1706 in
1378 1672 1492 1716 Aug-lia
1505 1672 1680 1707 academiis
1694 1673 1733 1706 de
1747 1672 1816 1707 iure
1833 1673 1881 1707 vel
1903 1684 1979 1707 con-

1233 1726 1415 1767 suetudine,
1438 1737 1494 1759 seu
1515 1726 1683 1770 privilegio
1704 1737 1857 1760 concessa
1876 1733 1972 1769 sunt,

1234 1779 1453 1823 parisormiter
1465 1785 1606 1823 etaeque
1619 1779 1842 1824 principaliter
1852 1780 1978 1824 potian-

1234 1840 1294 1866 tur.
1319 1835 1362 1867 Ac
1391 1843 1614 1877 quaecumque
1641 1839 1758 1867 statuta
1785 1839 1816 1868 et
1841 1834 1974 1868 ordina-

1234 1886 1347 1926 tiones,
1370 1886 1455 1920 licita
1478 1892 1583 1920 tamen
1605 1892 1635 1920 et
1655 1886 1800 1926 honesta,
1823 1897 1860 1920 ac
1879 1887 1978 1921 sacris

1233 1941 1410 1974 canonibus
1421 1947 1451 1974 et
1462 1941 1605 1975 Concilio
1617 1941 1806 1974 Tridentino
1820 1951 1884 1974 non
1898 1951 1976 1975 con-

1234 1994 1328 2028 traria
1342 1995 1381 2028 ad
1395 2005 1584 2039 prosperum
1597 2001 1627 2028 et
1640 1995 1801 2028 salubrem
1815 1995 1890 2028 dicti
1904 1995 1977 2029 novi

1232 2048 1358 2089 collegii
1379 2054 1496 2081 statum
1518 2054 1545 2081 et
1569 2048 1763 2089 gubernium
1789 2048 1973 2089 condendi,

1232 2107 1259 2135 et
1282 2102 1411 2135 condita
1437 2113 1496 2146 pro
1524 2109 1709 2146 temporum
1731 2102 1883 2136 varietate
1905 2113 1976 2136 mu-

1233 2155 1319 2189 tandi
1340 2167 1376 2189 ac
1399 2155 1528 2188 illorum
1551 2156 1622 2189 loco
1643 2155 1704 2189 alia
1730 2155 1926 2198 subrogandi
1947 2162 1979 2190 et

2005 1094 2103 1116 Faenius
2111 1097 2178 1116 meto·

1993 1121 2009 1142 ri
2021 1127 2122 1142 concessa
2132 1122 2177 1143 alu·

1993 1154 2052 1169 muns
2062 1149 2135 1170 taurea
2143 1148 2192 1170 dei-1·

1992 1174 2080 1196 cui-andi
2089 1175 2189 1201 ‹plicae-s

1993 1204 2085 1223 tei-orum
2095 1202 2185 1223 taut-eas

1993 1231 2062 1249 torum
2094 1227 2125 1254 pri
2130 1228 2179 1249 vitu-

1993 1255 2032 1282 giis
2047 1255 2148 1276 tritantur.

1214 2209 1427 2250 'sufficiendi‚
1452 2209 1612 2242 licentiam
1635 2215 1664 2242 et
1691 2209 1873 2242 facultatem
1900 2219 1976 2243 con-

1232 2263 1389 2296 cedimus.

1276 2317 1291 2359 ,ξ
1312 2315 1363 2350 to.
1389 2317 1451 2350 Nec
1472 2326 1535 2349 non
1567 2316 1677 2349 iisdem
1709 2315 1848 2348 alumnis
1868 2321 1913 2355 ut,
1937 2316 1976 2349 de
1991 2321 2190 2370 Mmfflnviclggggffi·

1233 2369 1365 2402 ret-toris
1391 2369 1488 2413 ipsius
1519 2369 1591 2402 novi
1623 2368 1750 2410 collegii
1783 2368 1922 2409 licentia,
1945 2374 2176 2428 etapggnsffiffismffi

1231 2422 1376 2455 examine
1405 2423 1630 2466 praecedente,
1654 2422 1749 2455 otiam
1771 2427 1859 2455 extra
1889 2427 1972 2456 tom·
1990 2427 2176 2480 :xmumftffiffiss

1232 2486 1308 2518 pora
1330 2487 1345 2507 a
1366 2475 1434 2508 iurc
1454 2480 1582 2511 statuta.
1603 2481 1631 2508 vt
1652 2474 1829 2508 interstitiis
1852 2480 1975 2519 tempo·
1989 2470 2177 2529 ἲξῖ-Ιζζῇωςῖἑζπξεῧ

1233 2539 1301 2561 tuin
1330 2539 1347 2561 a
1379 2528 1520 2562 Concilio
1551 2527 1738 2562 Tridentino
1770 2528 1975 2573 praescriptis
1989 2533 2136 2582 afflig-3323
2157 2538 2185 2574 rs

1231 2593 1294 2615 non
1316 2582 1501 2626 expectatis,
1525 2587 1553 2616 et
1576 2582 1696 2625 absque
1721 2592 1853 2615 suorum
1881 2582 1974 2616 Ordi-

1934 2632 1948 2645 ἱ
