2253 3195
264 233 314 260 An.
329 233 358 260 c.
381 232 448 261 1597
494 223 559 257 354

464 282 609 315 facienda
629 282 799 324 diligenter
819 282 1003 325 inquirant,
1024 294 1064 315 an
1092 294 1203 327 perso-

463 346 522 368 nae
544 346 601 379 per
625 336 709 378 ipsos
731 341 806 368 tunc
826 336 1054 375 nominandae,
1078 336 1201 379 eligen-

463 390 534 429 dae,
556 389 802 429 imbursandae‚
827 389 1040 422 extrahendae
1065 396 1096 422 et
1115 399 1203 422 assu-

463 442 609 479 mendae,
622 441 653 473 in
672 441 831 484 praesenti
845 448 955 475 nostra
975 442 1203 476 constitutione

462 494 733 538 compraehensae
753 495 826 535 sint,
851 501 881 528 et
901 495 941 528 ad
962 495 1083 529 dictum
1103 497 1202 529 refor-

462 548 593 581 matoris
617 548 770 588 officium,
798 554 894 592 atque
915 549 955 582 ad
972 555 1115 583 caeteros
1136 561 1203 583 ma-

461 601 633 643 gistratus,
657 601 784 645 aliaque
811 612 946 635 munera
971 608 1001 635 et
1027 603 1132 636 officia
1158 603 1204 636 di-

462 660 529 687 ctae
547 654 682 688 civitatis
695 655 881 695 obtinenda,
896 655 1019 689 habiles
1030 662 1060 689 et
1071 667 1203 700 capaces

462 708 608 748 existant,
632 719 691 741 nec
707 719 758 741 ne.

507 763 523 804 ξ
544 762 574 794 6.
595 762 632 794 Et
649 762 860 795 nihilominus
879 762 1126 804 nominationes,
1141 765 1204 798 ele-

462 815 583 848 ctiones
597 843 604 855 ,
629 815 894 848 confirmationes
908 843 915 856 ,
938 816 1094 849 scrutinia
1106 844 1113 857 ,
1138 817 1200 849 im-

262 857 446 895 {{.,112-.¹'¹‘¹'''⁴‘'
462 869 683 908 bursationes,
708 869 942 909 extractiones,
966 880 1021 902 seu
1047 870 1125 903 alias
1149 871 1204 904 de-

287 823 413 844 Electren-s,
429 824 446 843 si

459 922 641 965 putationes
660 927 691 954 et
707 922 917 955 admissiones
930 922 970 955 ad
984 923 1204 957 reformatoris
1220 918 1222 924 ⁴

460 976 603 1009 eiusdem
627 981 726 1009 status
746 976 1071 1015 libertatis'officium,
1088 983 1118 1010 et
1135 988 1205 1011 cae-

461 1036 546 1063 teros
567 1029 784 1072 magistratus,
809 1030 935 1073 aliaque
956 1040 1101 1071 munera,
1117 1037 1147 1064 et
1161 1032 1205 1064 of-

460 1082 533 1115 ficia
564 1083 666 1116 dictae
697 1083 854 1122 civitatis,
878 1083 917 1116 de
948 1083 1204 1128 quibuscumque

460 1136 607 1179 personis
627 1141 738 1168 contra
762 1135 939 1179 praesentis
967 1142 1096 1169 nostrae
1122 1148 1201 1170 con-

459 1188 633 1221 stitutionis
651 1194 794 1221 tenorem
815 1194 846 1222 et
872 1189 997 1221 forman
1018 1189 1179 1223 faciendas
1193 1218 1200 1231 ‚

459 1252 495 1274 ex
516 1252 612 1282 nune,
635 1247 731 1285 prout
758 1252 794 1275 ex
817 1247 893 1275 tunc
907 1269 914 1281 ,
937 1242 963 1275 si
984 1248 1014 1275 et
1034 1249 1202 1287 postquam

462 1296 562 1327 saetae
582 1294 720 1333 fuerint,
744 1300 775 1327 ct
796 1306 812 1327 c
833 1300 945 1328 contra
959 1322 966 1335 ,
991 1306 1178 1329 revocamus
1192 1324 1199 1337 ‚

460 1349 664 1381 annullamus
679 1375 686 1386 ,
710 1358 872 1381 cassamus
897 1354 927 1381 et
959 1348 1142 1389 irritamus,
1167 1361 1202 1383 ac

462 1408 635 1441 revocatas,
659 1402 780 1441 nullas,
805 1412 909 1434 cassas
939 1407 970 1435 ct
998 1402 1104 1435 irritas
1135 1410 1202 1437 csse

460 1460 491 1487 et
511 1455 589 1493 sore,
613 1465 648 1486 ac
670 1464 728 1497 pro
754 1454 870 1488 talibus
901 1455 940 1487 ab
969 1455 1120 1489 omnibus
1140 1456 1199 1489 ba-

461 1509 540 1547 beri,
563 1508 686 1541 censeri
708 1514 737 1540 et
764 1508 918 1551 reputari.

504 1562 519 1604 g
540 1561 569 1594 7.
597 1562 714 1594 Omnes
736 1571 810 1594 vero
836 1567 866 1595 et
886 1561 1029 1605 singulos
1046 1563 1202 1596 reforma-

461 1620 544 1647 tores
565 1615 708 1648 eiusdem
730 1620 830 1647 status
848 1615 1014 1655 libertatis,
1032 1615 1202 1660 ipsumque

458 1669 538 1701 adeo
558 1668 703 1708 regimen
718 1668 821 1701 dictae
834 1668 968 1701 civitatis
981 1679 1201 1713 quascumque

458 1731 630 1764 personas,
655 1721 685 1754 in
713 1721 876 1765 praesenti
905 1727 1015 1755 nostra
1047 1723 1202 1756 constitu-

460 1775 545 1807 tione
563 1775 717 1814 exclusas,
741 1775 850 1818 aliquo
872 1781 1017 1819 tempore
1038 1781 1065 1808 et
1089 1777 1202 1819 quovis

460 1828 556 1860 modo
578 1827 803 1867 nominantes,
832 1828 1002 1870 eligentes,
1023 1840 1078 1862 seu
1101 1835 1202 1862 extra-

458 1880 669 1919 lient‹.¹s‚ultr.¹1
680 1891 800 1924 poenas
807 1882 1200 1925 supranominatas,etiam

458 1934 606 1966 facultate
622 1940 652 1967 et
663 1939 820 1977 potestate
834 1934 1035 1975 nominandi,
1049 1936 1198 1977 eligendi,

458 1987 658 2019 imbursandi
679 1993 706 2019 et
729 1987 927 2027 extrahendi,
942 2000 978 2020 ae
999 1988 1076 2021 alias
1096 1989 1199 2033 depu-

459 2041 544 2072 tandi
567 2046 597 2073 et
623 2041 818 2079 assmnendi,
839 2041 863 2073 si
885 2052 980 2084 quam
1003 2041 1119 2081 singuli
1149 2049 1198 2075 aut

274 1619 293 1639 l'‹
306 1625 357 1639 mae
369 1622 442 1639 vantra

259 1646 412 1668 inulte-limites.

459 2106 570 2127 ornnes
590 2095 683 2127 simul
708 2097 812 2128 l'orsan
834 2095 963 2134 babent,
980 2106 1018 2128 eo
1040 2096 1107 2139 ipso
1129 2108 1201 2140 per·
1219 2110 1220 2113 ¹

459 2154 556 2191 petuo
578 2149 762 2191 privamus,
787 2160 823 2180 ae
845 2149 985 2192 privatos
1005 2150 1071 2181 sore
1093 2150 1202 2182 ‹lecer-

460 2201 576 2234 nimus.

503 2258 519 2296 g
540 2256 569 2287 Ν.
600 2256 732 2298 insuper
757 2266 811 2288 eos
836 2255 931 2287 ctiam
953 2256 1048 2294 rives,
1069 2257 1123 2299 qui
1146 2268 1198 2290 re-

328 2344 345 2355 m
393 2318 397 2329 ¹
414 2320 441 2355 ''.1
460 2309 642 2341 toi-matonis
662 2309 805 2341 ciusdem
827 2314 925 2341 status
952 2309 1106 2342 libertatis
1126 2310 1198 2343 ossi-

288 2370 291 2381 ¹
309 2364 312 2375 ’
342 2366 442 2408 '‘¹''.''.''}¹.
459 2362 555 2399 rium,
568 2368 620 2394 aut
636 2362 761 2406 aliquus
776 2362 978 2402 magistratus
993 2363 1039 2395 vel
1056 2374 1198 2404 inum-ra,

389 2423 443 2460 '¹I.'.'‘.'
460 2420 487 2446 et
517 2415 621 2446 officia
654 2414 816 2458 p1·.'1e‹liet.¹i
850 2426 933 2447 mine
959 2415 1125 2455 obtinent,
1148 2422 1203 2449 aut

350 2476 402 2513 2¹23
414 2479 442 2514 2¹¹4
461 2467 669 2510 imposterum
689 2468 891 2507 obtinebunt,
908 2468 932 2500 si
949 2469 1198 2508 maroliiouzitus,

460 2523 592 2553 «iuratus
613 2528 640 2553 rt
665 2522 872 2565 prins-inatus,
889 2528 950 2554 tam
973 2522 1003 2554 in
1017 2523 1105 2555 Statu
1123 2528 1201 2555 tem-

461 2574 560 2616 porali
583 2576 715 2606 Satn-tas·
737 2575 899 2607 Romanae
921 2575 1198 2618 l⁴]··‹:l‹·si:ie‚quain

460 2633 545 2660 extra
579 2628 689 2662 illum,
725 2633 777 2659 aut
802 2627 923 2660 etiamsi
948 2628 1127 2667 comitatus,
1152 2627 1198 2661 vel

1044 235 1228 260 BULLARIUM
1248 236 1403 260 ROMANUM

1237 283 1333 316 aliam
1363 285 1574 328 temporalem
1605 285 1858 320 iurisdictionem
1889 292 1978 320 extra

1238 337 1356 370 dictam
1381 337 1536 371 ditionem
1557 337 1817 379 ecclesiasticam,
1841 346 1872 373 et
1891 340 1978 383 quod

1238 389 1270 422 in
1294 390 1416 423 familia
1435 401 1492 423 sua
1509 390 1573 423 iam
1592 390 1667 432 sint,
1690 397 1745 424 aut
1765 392 1806 425 ad
1826 402 1880 426 eos
1900 403 1979 436 quo-

1220 453 1376 487 ‚eumque
1404 443 1474 476 iure
1501 444 1694 487 pertineant,
1718 444 1869 488 deinceps
1888 455 1979 478 acce-

1238 497 1418 540 ptaverint,
1451 497 1616 542 assequuti
1646 497 1781 537 suerint,
1813 508 1869 530 seu
1903 498 1980 531 alias

1238 550 1352 593 quovis
1372 551 1470 584 modo
1490 550 1678 591 habuerint,
1694 551 1797 594 ,quive
1819 551 1981 595 aliquibus

1239 613 1276 636 ex
1296 603 1389 636 dictis
1408 603 1609 648 principibus
1637 603 1849 644 inservierint,
1873 605 1921 637 vel
1942 605 1981 637 ab

1239 656 1283 689 eis
1303 656 1495 698 dignitates,
1527 657 1684 699 gradusve
1698 684 1705 697 ,
1729 663 1784 690 aut
1811 657 1982 701 pensiones

1237 720 1335 753 super
1359 710 1516 744 fructibus
1548 711 1770 744 ecclesiasticis
1799 712 1840 744 ad
1868 721 1980 744 eorum

1237 763 1491 797 nominationem
1518 764 1736 805 obtinuerint,
1759 765 1823 798 sive
1852 765 1891 798 ab
1920 764 1981 797 illis

1237 815 1353 848 salaria
1372 817 1420 848 vel
1440 816 1600 860 stipendia
1621 817 1867 860 quomodolibet
1885 827 1978 850 rece-

1238 869 1362 912 perint,
1387 874 1441 902 aut
1472 869 1503 902 in
1540 881 1653 903 eorum
1682 870 1799 911 curiis,
1830 870 1981 904 dominiis

1239 928 1268 955 et
1298 923 1474 956 ditionibus
1494 923 1610 964 officia,
1638 934 1773 957 munera
1799 924 1849 957 vel
1881 924 1980 966 inagi-

1238 983 1356 1010 stratus
1373 977 1585 1019 exercuerint,
1599 983 1635 1011 ut
1654 978 1846 1021 praefertur,
1860 988 1898 1011 eo
1912 978 1981 1022 ipso

1238 1030 1461 1064 reformatoris
1475 1031 1618 1064 eiusdem
1637 1036 1737 1064 status
1756 1031 1912 1064 libertatis
1932 1031 1981 1064 ot'-

1239 1083 1313 1117 ficio
1327 1111 1334 1124 ,
1359 1084 1556 1128 caeterisque
1577 1084 1817 1127 magistratibus
1830 1111 1837 1125 ,
1861 1094 1979 1118 mune-

1238 1136 1327 1169 ribus
1348 1142 1378 1170 et
1397 1136 1510 1170 officiis
1530 1137 1670 1170 obtentis
1687 1137 1861 1180 privamus,
1885 1147 1922 1170 ac
1941 1137 1982 1170 ad

1238 1189 1328 1227 alios,
1357 1190 1405 1222 vel
1430 1190 1492 1223 alia
1512 1190 1664 1233 deinceps
1684 1189 1876 1230 obtinenda,
1899 1189 1983 1222 sicut

1234 1248 1381 1276 caeteros
1411 1243 1558 1287 superius
1590 1243 1795 1284 nominatos,
1824 1248 1982 1287 perpetuo

1238 1297 1358 1340 pariter
1379 1296 1630 1337 inhabilitamus,
1646 1306 1682 1329 ac
1694 1296 1835 1340 privatos
1846 1302 1876 1330 et
1889 1296 1981 1330 inha-

1237 1349 1317 1382 biles
1337 1350 1404 1382 fore
1429 1356 1460 1382 et
1477 1360 1546 1383 esse
1570 1349 1749 1383 statuimus.

1281 1403 1296 1446 g
1316 1402 1345 1436 9.
1367 1403 1546 1443 Praeterea,
1567 1407 1602 1435 ut
1622 1403 1661 1436 de
1681 1408 1807 1436 caetero
1827 1403 1981 1436 reforma-

1239 1455 1314 1489 toris
1344 1455 1487 1489 eiusdem
1514 1461 1612 1488 status
1632 1455 1788 1488 libertatis
1813 1455 1954 1488 officium
1969 1483 1976 1496 ,

1236 1509 1284 1542 vel
1305 1508 1423 1542 caeteri
1453 1508 1675 1551 magistratus,
1699 1508 1825 1552 aliaque
1846 1518 1981 1542 munera

1237 1569 1267 1596 et
1287 1562 1393 1596 officia
1422 1562 1566 1596 eiusdem
1591 1562 1726 1595 civitatis
1750 1562 1897 1606 personis
1916 1562 1980 1595 vir-

1238 1622 1303 1650 tutc
1332 1616 1507 1660 praeditis,
1531 1622 1562 1649 et
1594 1616 1716 1649 meritis
1747 1626 1784 1649 ac
1814 1615 1877 1649 fide
1904 1626 1980 1658 erga

1237 1670 1455 1713 Apostolicam
1476 1669 1592 1703 Sedem
1608 1669 1856 1713 praestantibus,
1872 1675 1907 1702 ut
1924 1679 1982 1713 par

1237 1729 1300 1763 est,
1322 1723 1526 1762 deferantur,
1551 1729 1581 1756 et
1611 1728 1647 1755 ut
1671 1722 1776 1755 omnis
1796 1721 1980 1755 ambitionis

1237 1776 1363 1809 occasio
1389 1776 1420 1809 in
1442 1776 1479 1809 iis
1499 1776 1711 1820 procurandis
1736 1782 1767 1809 et
1797 1775 1980 1809 obtinendis

1238 1830 1482 1870 intercludatur,
1505 1839 1728 1873 quoscumque
1746 1829 1826 1862 alios
1836 1829 1920 1863 cives
1933 1829 1980 1862 di—

1237 1888 1306 1915 ctae
1326 1882 1470 1922 civitatis,
1495 1882 1548 1925 qui
1570 1893 1628 1926 pro
1649 1882 1791 1915 ciusdem
1820 1882 1976 1915 reforma-

1239 1936 1315 1969 toris
1335 1936 1463 1975 officio,
1492 1941 1521 1969 et
1553 1935 1688 1969 caeteris
1720 1935 1976 1978 magistratibus,

1237 1989 1371 2032 aliisque
1402 1989 1591 2022 muneribus
1621 1994 1649 2021 ct
1685 1988 1798 2022 officiis
1832 1989 1980 2032 superius

1237 2042 1392 2086 expressis
1413 2053 1430 2075 a
1450 2042 1553 2081 nobis,
1569 2052 1605 2074 ac
1627 2042 1710 2075 dicta
1731 2042 1813 2075 Sede
1833 2041 1980 2075 obtinen-

1237 2096 1295 2135 dis,
1312 2096 1376 2129 sire
1396 2095 1474 2129 alias
1492 2095 1717 2139 adipiscendis,
1735 2095 1774 2128 ad
1795 2095 1977 2139 principum

1237 2159 1518 2193 ‹piorumrumquc
1537 2148 1707 2192 imperiali,
1724 2148 1822 2190 regali
1835 2154 1890 2181 aut
1902 2159 1980 2192 qua-

1237 2214 1374 2246 cumque
1395 2201 1457 2235 alia
1479 2201 1633 2242 dignitate
1654 2201 1855 2244 fulgentium,
1869 2212 1980 2235 saecu-

1237 2256 1365 2292 larium.
1382 2255 1559 2299 patrocinia
1580 2260 1611 2287 et
1625 2254 1747 2287 favores
1760 2254 1974 2296 confugerint,

1237 2309 1283 2341 vel
1306 2309 1342 2341 iis
1362 2314 1475 2351 sponte
1497 2308 1620 2348 delatis,
1648 2313 1701 2340 aut
1729 2308 1768 2340 ab
1794 2307 1882 2346 aliis,
1904 2307 1979 2351 ipsis

1237 2361 1366 2401 insciis,
1391 2361 1588 2405 procuratis,
1613 2360 1659 2393 usi
1682 2360 1798 2393 suerint
1815 2387 1822 2399 ,
1847 2366 1912 2393 tam
1938 2360 1978 2393 ad

1237 2427 1284 2454 ea,
1299 2426 1380 2459 quae
1395 2421 1468 2448 tunr
1483 2414 1642 2458 petierint,
1659 2425 1755 2458 quam
1777 2414 1816 2447 ad
1835 2419 1978 2447 caeteros

1238 2468 1460 2508 magistratus,
1484 2467 1609 2510 aliaque
1637 2477 1790 2507 numera,
1814 2472 1845 2500 et
1873 2465 1977 2499 officia

1236 2522 1338 2555 ‹ln-tae
1368 2521 1504 2554 riv-itatis
1535 2521 1745 2564 imposterum
1776 2519 1972 2558 obtinenda,

1236 2580 1391 2618 perpetuo
1413 2574 1532 2618 pariter
1553 2573 1803 2613 inbabilitamus,
1831 2583 1867 2606 ac
1885 2572 1975 2605 inba-

1234 2627 1312 2660 biles
1333 2633 1359 2659 et
1383 2628 1548 2670 incapaces
1570 2627 1713 2666 tacimus,
1737 2637 1773 2659 ac
1798 2635 1857 2670 pro
1879 2624 1972 2657 inba-

1994 238 2043 265 An.
2063 237 2092 266 C.
2110 238 2177 266 1597

2036 1412 2101 1434 Prout
2115 1413 2180 1434 oliam

1996 1440 2031 1466 qui
2055 1445 2080 1460 ea
2108 1439 2179 1466 atiquo

1995 1466 2058 1487 modo
2078 1471 2179 1492 procura-

1996 1493 2070 1514 verint.
