2253 3195
1035 177 1217 201 numanum
1235 176 1387 200 ROMANUM

1230 225 1342 257 tonnas
1363 231 1393 257 et
1416 234 1567 257 censuras
1587 225 1817 260 ecclesiasticas
1832 254 1839 267 ,
1872 227 1967 260 etiam

1228 277 1356 320 saepius
1377 277 1606 318 aggravandas,
1629 280 1782 312 mandare
1795 285 1825 313 ct
1838 279 1966 323 praet-,i-

1229 341 1314 373 perc.

1273 391 1288 425 ξ
1310 384 1340 417 3.
1366 386 1407 417 Α(
1429 395 1487 428 pro
1509 384 1640 418 faciliori
1656 386 1730 419 dicti
1751 385 1883 419 subsidii
1898 397 1970 419 exa·
1998 398 2167 421 montisacuti·-

1228 438 1352 477 «nono,
1383 449 1482 471 unum
1510 439 1556 472 rel
1585 440 1692 482 plures
1721 424 2165 477 subcottectoreslistlessffillffil‘f'

251 179 298 204 An.
322 177 348 203 c.
371 178 436 204 1595
484 168 546 201 tat

453 227 587 268 gularia,
611 234 662 260 ant
683 226 832 258 militaria
851 225 1071 258 obtinentibus
1089 227 1212 267 (exce-t

454 281 514 324 ptis
537 287 640 313 tamen
654 291 670 312 a
691 279 834 312 subsidio
848 278 1033 311 huiusmodi
1055 278 1211 319 Congre-¹

453 334 580 375 ‹gationt-
602 333 835 365 monas-borum
849 332 1096 369 Cassinensiuin„
1116 333 1193 365 San-
1210 353 1211 375 1

453 394 520 419 ctae
542 387 677 420 Iustinae
698 392 892 429 nuncupata.
917 397 952 418 ar
973 386 1042 419 aliis
1062 377 1212 433 quibus-J

453 441 525 473 dam
547 439 855 480 (Iongrcgationibus
881 440 1093 481 regularibus,
1114 451 1193 483 <puis

1986 177 2034 205 An.
2055 178 2082 205 C.
2101 180 2166 210 1595

274 292 333 313 Quat·
346 289 435 314 Congu-c·

252 320 346 342 fiattono:
377 323 435 336 mve-

251 348 300 370 νωι-
312 344 351 364 <int
363 344 388 363 ..lt
400 344 436 363 lni-

252 371 341 391 iusmmlt
370 371 436 390 subs·-

252 399 287 418 =ltu
303 398 436 423 praestando.

455 493 552 525 felicis
580 492 812 525 1·0‹·01·‹tationis
833 493 906 525 l'ius
933 493 1016 537 Papa
1038 493 1059 525 Υ
1077 493 1190 526 exemit
1210 527 1211 536 ,

453 552 479 578 vt
504 546 662 578 immunes
684 545 774 583 serit,
803 552 830 578 ct
854 557 933 589 quas
958 547 1053 579 etiam
1076 557 1134 579 nos
1154 541 1211 579 de]

453 607 534 629 noro
555 597 594 628 ab
616 597 802 630 buiusmodi
823 598 966 631 subsidio
987 603 1082 641 atque
1094 608 1211 643 onero·¹

454 661 510 693 per
531 657 716 693 praesentes
736 651 906 684 eximimus
920 657 945 683 ct
966 651 1126 698 immunes
1148 652 1193 684 sa-
1210 645 1212 692 ξ

452 704 576 740 cimus,
607 704 678 736 licet
702 704 731 736 in
755 704 960 748 impositione
993 696 1212 738 det-imarum*

452 757 555 790 eidem
569 757 713 791 dominio
726 758 921 801 reipublicae
931 758 1124 791 Venetorum
1138 769 1195 802 pcr
1210 796 1212 805 x

452 811 551 843 l'elivis
572 811 805 844 recordationis
818 811 1007 853 Gregorium
1028 812 1091 844 xlv
1104 822 1194 855 prae·
1210 846 1212 859 k

453 865 655 898 decessorem
678 870 837 902 nostrum,
855 871 1192 898 concessarumratam
1210 870 1212 902 ἶ,

454 918 537 961 ipsas
557 919 827 961 Congregationcs
846 919 1194 961 tangentembactenus
1210 907 1212 935 3

453 972 616 1011 solverint;
636 972 849 1015 volumusque
870 978 1054 1016 propterea,
1074 979 1106 1006 ut
1129 979 1194 1006 tota

454 1025 505 1057 illa
535 1025 640 1068 portio
669 1036 704 1058 ac
735 1031 801 1058 rata
828 1025 1013 1059 huiusmodi
1045 1026 1189 1065 subsidii,

453 1088 535 1121 quae
555 1078 654 1111 dictas
675 1078 845 1111 duodecim
857 1079 1126 1121 Congregationes
1135 1080 1190 1119 sic,

453 1137 487 1164 ut
507 1131 688 1175 praefertur
708 1137 891 1175 exemptae,
916 1132 1075 1166 immunes
1100 1139 1194 1177 atque

455 1192 620 1229 exemptae
642 1196 705 1218 non
724 1191 839 1225 essent,
857 1186 1066 1227 contingeret,
1091 1198 1192 1231 quae-

455 1250 517 1283 que
537 1239 576 1272 ab
599 1239 661 1272 illis
686 1239 763 1272 alias
793 1239 947 1281 exigenda
966 1241 1045 1273 l'oret
1067 1241 1105 1273 ab
1126 1241 1196 1274 aliis

455 1292 599 1336 personis
620 1292 842 1326 ecclesiasticis
862 1293 1010 1336 superius
1024 1294 1196 1327 nominatis

454 1346 739 1390 proportionaliter
775 1352 804 1379 et
829 1357 887 1390 pro
936 1352 1003 1379 rata
1031 1348 1192 1389 exigatur2

453 1409 580 1433 necnon
601 1400 696 1433 etiam
717 1400 855 1444 exceptis
875 1400 904 1433 S.
929 1401 964 1433 R.
988 1401 1020 1433 E.
1042 1401 1191 1434 cardina-
1212 1416 1214 1429 ι

453 1453 547 1494 libus,
572 1453 724 1486 fratribus
744 1454 909 1497 hospitalis
929 1454 958 1487 S.
976 1455 1104 1487 loannis
1124 1451 1213 1499 Hie-1

452 1507 651 1551 roslymitani
679 1518 715 1539 ac
741 1506 892 1539 fratribus
912 1507 1166 1542 Mendicantibus
1184 1537 1191 1550 ,

453 1571 488 1593 ae
509 1561 675 1594 beneficiis
696 1561 919 1594 ecclesiasticis
936 1561 1041 1595 officio
1063 1563 1213 1607 inquisi-]

454 1614 548 1648 tionis
562 1615 740 1648 haereticae
752 1615 915 1658 pravitatis
935 1615 966 1648 in
986 1615 1070 1649 dicto
1092 1617 1195 1651 domi-

452 1667 506 1700 nio
527 1668 683 1707 instituto,
710 1668 818 1708 unitis,
843 1668 973 1701 annexis
995 1674 1026 1702 et
1046 1669 1191 1713 applica-

452 1721 501 1760 tis,
517 1732 597 1764 quos
608 1721 728 1754 scilicet
741 1721 930 1760 cardinales,
948 1733 982 1755 ac
993 1723 1105 1756 fratres
1119 1723 1194 1756 dicti

451 1774 632 1818 hospitalis,
656 1780 686 1807 et
714 1774 872 1807 beneficia
892 1774 1091 1818 inquisitioni
1112 1772 1190 1809 bae-

451 1828 570 1860 reticae
590 1827 754 1871 pravitatis
780 1828 869 1861 unita
890 1828 920 1860 in
942 1834 1056 1869 totum,
1080 1829 1194 1863 fratres

450 1892 526 1914 vero
546 1881 763 1914 Mendicantes
786 1892 846 1925 pro
868 1881 1038 1915 medietate
1059 1883 1189 1916 dumta-

450 1940 502 1968 xat
522 1935 560 1968 ab
582 1935 696 1968 eodem
718 1935 872 1975 subsidio,
894 1940 922 1967 et
938 1935 1022 1968 illius
1033 1936 1192 1970 solutione

451 1989 612 2022 immunes
637 1995 665 2021 et
685 1994 848 2032 exemptos
874 1999 952 2028 esse,
981 1989 1066 2022 iuxta
1087 1999 1192 2022 exem-

450 2042 593 2085 ptionem
615 2042 646 2074 in
667 2041 831 2085 praedicta
862 2041 1068 2085 impositione
1100 2043 1189 2075 deci-

451 2105 577 2128 marum
602 2095 707 2129 eidem
740 2095 885 2128 dominio
906 2096 1101 2129 Venetorum
1129 2096 1191 2129 iam

451 2159 674 2182 concessarum
696 2149 736 2182 ad
749 2149 891 2182 favorem
905 2149 1092 2183 earumdem
1113 2160 1189 2193 per-

450 2213 614 2241 sonarum,
638 2209 673 2235 ut
699 2202 890 2246 praefertur,
915 2208 1119 2247 exceptarum
1141 2204 1190 2236 sa-

451 2262 533 2290 ctam
548 2257 694 2290 volumus
708 2262 737 2290 et
756 2256 977 2299 decernimus)
996 2262 1115 2300 petere,
1131 2256 1194 2290 exi-

451 2320 526 2352 gere
546 2316 577 2343 et
599 2310 762 2352 colligere,
792 2310 902 2353 eisque
923 2316 987 2342 tam
1009 2310 1040 2342 in
1061 2321 1190 2353 genere,

452 2373 547 2406 quam
560 2363 590 2395 in
605 2363 722 2406 specie,
745 2368 781 2396 ut
794 2363 914 2396 dictum
926 2363 1105 2396 subsidium
1120 2374 1192 2396 cum

452 2416 567 2449 effectu
588 2417 722 2457 solvant,
737 2416 796 2449 sub
810 2416 997 2460 privationis
1016 2416 1193 2450 beneficio-

451 2477 522 2501 rum
535 2469 824 2502 ecclesiasticorum
837 2480 894 2512 per
905 2480 957 2502 eas
971 2469 1189 2510 obtentorum,

452 2523 587 2566 aliisque
608 2522 740 2556 arbitrio
761 2529 815 2556 tuo
836 2523 1044 2567 imponendis
1064 2523 1189 2567 poeniS‚

450 2575 547 2610 etiam
576 2576 790 2619 pecuniariis.
814 2587 850 2609 ac
872 2577 1002 2610 demum
1035 2587 1093 2619 per
1119 2586 1212 2614 sen-‚

1229 501 1300 523 cum
1323 491 1390 534 pari
1413 492 1460 524 vot
1495 492 1628 525 limitata
1651 498 1807 536 potestate
1830 493 1858 525 ln
1885 503 1966 525 una-

1228 555 1356 588 quaque
1375 545 1511 585 civitate,
1536 546 1674 579 dioecesi
1685 552 1716 579 ct
1736 547 1806 579 loco
1826 546 1968 579 eiusdem

1229 598 1362 630 dominii
1389 610 1446 642 por
1477 599 1622 632 locorum
1650 598 1835 632 Ordinarios
1863 600 1967 642 depu-

1230 652 1342 684 tandos
1362 652 1563 695 approbare,
1596 659 1622 685 ct
1646 653 1670 685 si
1693 653 1747 697 qui
1769 664 1804 686 ex
1824 653 1969 686 locorum

1228 705 1406 737 tlrdinariis
1438 705 1519 738 intra
1546 706 1687 750 aliquem
1710 707 1839 739 brevem
1861 706 1972 739 tormi-

1230 768 1317 795 num,
1351 758 1484 790 arbitrio
1511 764 1564 791 tuo
1597 758 1860 802 praesigendum,
1890 758 1972 792 viros

1229 811 1362 845 idoncos
1375 812 1414 845 ad
1429 812 1459 844 id
1475 812 1629 856 deputare
1641 813 1826 855 neglexerit,
1844 818 1888 850 tu,
1905 812 1972 845 sine

1230 865 1357 897 illorum
1374 865 1468 903 etizun
1484 876 1654 905 consensu,
1671 865 1805 899 arbitrio
1828 872 1883 899 tuo
1902 866 1973 899 illos

1229 919 1328 951 libere
1358 907 1535 962 deputare.
1566 919 1710 963 aliosque
1737 930 1850 953 eorum
1885 920 1968 958 loco,

1228 972 1353 1016 quoties
1376 972 1430 1005 tibi
1449 973 1615 1016 placuerit„
1632 973 1825 1006 substituere
1847 979 1875 1006 et
1898 973 1973 1005 sub—

1228 1035 1352 1068 rogare.

1273 1081 1289 1121 ξ
1319 1077 1350 1112 4ζ
1386 1081 1427 1112 Ac
1449 1080 1572 1113 solvero
1604 1085 1788 1114 recusantes
1806 1081 1854 1113 vel
1876 1080 1969 1113 diffe-

1230 1138 1346 1170 rentes,
1370 1144 1406 1166 ac
1431 1133 1626 1173 generaliter
1645 1144 1869 1177 quoscumque
1892 1133 1972 1166 alios

1229 1186 1480 1219 contradictores
1501 1192 1532 1219 et
1555 1186 1711 1223 rebelles,
1740 1197 1775 1219 ae
1803 1196 1843 1219 ne
1863 1186 1970 1219 subsi-

1230 1239 1318 1271 dium
1340 1239 1526 1272 huiusmodi
1548 1239 1695 1281 exigatur
1715 1245 1745 1272 et
1772 1239 1974 1282 persolvatur

1212 1291 1214 1298 '
1230 1293 1537 1336 quomodocumque
1551 1293 1722 1326 suadentes
1733 1293 1780 1326 vel
1796 1293 1974 1336 impedien-

1212 1352 1286 1387 sstes,
1308 1346 1427 1380 directe
1448 1347 1495 1379 vel
1527 1346 1693 1386 indirecte,
1717 1357 1774 1390 per
1794 1347 1973 1390 praedictas

1229 1411 1349 1444 poenas
1370 1407 1399 1434 et
1420 1412 1570 1434 censuras
1586 1400 1829 1441 ecclesiasticas,
1846 1401 1972 1444 aliaque

1229 1460 1412 1498 opportuna
1432 1454 1510 1488 iuris
1524 1460 1554 1487 et
1574 1454 1648 1487 facti
1667 1454 1820 1493 remedia,
1832 1454 1974 1498 appella-

1212 1503 1213 1534 l
1229 1507 1314 1554 tione
1332 1507 1506 1551 posposita,
1524 1518 1739 1551 compescere,
1755 1507 1973 1551 auxiliumque

1229 1561 1353 1593 brachii
1374 1560 1549 1594 saecularis
1568 1566 1741 1604 propterea
1760 1560 1921 1599 invocare,
1936 1571 1973 1594 ac

1229 1614 1359 1647 demum
1382 1613 1413 1646 in
1435 1614 1599 1647 exactione
1620 1613 1754 1647 subsidii
1784 1609 1970 1647 huiusmodi

1228 1673 1324 1711 prout
1337 1668 1415 1700 alias
1432 1667 1464 1700 in
1487 1667 1651 1700 exactione
1665 1667 1864 1700 decimarum
1887 1667 1972 1701 dicto

1229 1721 1427 1761 dominio‚ut
1443 1722 1635 1765 praefertur,
1659 1720 1721 1753 iam
1743 1731 1970 1754 concessarum

1228 1775 1298 1808 fieri
1320 1775 1495 1815 consuevit,
1519 1780 1549 1808 et
1570 1775 1656 1808 iuxta
1670 1780 1772 1807 taxam
1786 1774 1817 1807 in
1843 1774 1970 1808 illarum

1228 1828 1392 1861 exactione
1410 1828 1566 1861 hactenus
1578 1828 1741 1861 observari
1756 1827 1895 1869 solitam,
1911 1828 1973 1861 sal-

1227 1882 1272 1915 vis
1291 1882 1476 1925 praemissis
1494 1909 1500 1922 ,
1536 1882 1643 1925 quoad
1669 1881 1891 1925 exceptionem
1911 1892 1968 1915 su-

1227 1935 1446 1979 pradictarum
1466 1935 1758 1977 Congregationum
1780 1941 1810 1967 et
1835 1935 1970 1968 aliarum

1227 1999 1455 2032 personarum,
1481 1993 1513 2021 ut
1533 1988 1734 2032 praefertur,
1763 1993 1968 2032 exceptarum

1227 2042 1414 2086 procedere,
1439 2042 1597 2075 solventes
1608 2052 1683 2075 vero
1703 2042 1741 2075 de
1752 2041 1866 2075 solutis
1879 2041 1970 2085 quie-

1228 2101 1293 2129 tare
1311 2102 1342 2129 et
1360 2095 1510 2135 liberare,
1533 2106 1570 2128 ac
1591 2106 1608 2128 a
1629 2095 1773 2128 censuris
1793 2101 1824 2129 et
1843 2094 1967 2139 poenis,

1227 2159 1306 2193 quas
1318 2149 1403 2182 dicta
1412 2149 1451 2182 de
1460 2159 1555 2182 causa
1566 2148 1773 2189 incurrerint,
1790 2149 1967 2188 absolvere,

1227 2213 1264 2235 ac
1284 2202 1393 2236 omnia
1413 2207 1444 2234 et
1464 2202 1589 2244 singula
1603 2201 1664 2234 alia
1682 2202 1713 2234 in
1728 2201 1923 2245 praemissis,
1940 2206 1970 2234 et

1228 2255 1313 2289 circa
1330 2266 1367 2289 ea
1386 2255 1566 2288 necessaria
1587 2260 1617 2288 et
1638 2260 1821 2298 opportuna
1852 2254 1967 2294 facere,

1228 2309 1392 2349 mandare,
1409 2308 1558 2342 ordinare
1580 2314 1609 2341 et
1630 2307 1756 2351 exequi,
1780 2307 1970 2340 auctoritate

1227 2368 1335 2395 nostra
1357 2373 1465 2402 cures,
1490 2367 1520 2395 et
1539 2372 1612 2394 cum
1633 2361 1749 2394 effectu
1773 2361 1879 2394 facias.
1908 2361 1971 2394 Nos

1228 2416 1313 2448 enim
1340 2415 1395 2448 tibi
1422 2426 1519 2459 super
1547 2414 1596 2447 bis
1614 2414 1765 2448 omnibus
1785 2420 1816 2447 et
1835 2413 1970 2457 singulis

1227 2469 1368 2512 plenam,
1396 2468 1542 2506 liberam,
1571 2467 1711 2511 amplam
1737 2473 1767 2500 et
1787 2467 1969 2500 universam

1228 2522 1410 2555 facultatem
1444 2521 1614 2555 tribuimus
1635 2526 1666 2554 et
1686 2520 1901 2565 impartimur.
1936 2520 1973 2553 Et

1228 2576 1376 2623 ulterius·
1395 2575 1583 2608 auctoritate
1605 2580 1633 2608 et
1651 2580 1762 2608 tenore
1789 2573 1969 2618 premissis.

2013 1087 2056 1118 Nee
2073 1093 2112 1109 nnn
2127 1089 2170 1115 plu·
2196 1075 2200 1077 “

1986 1120 2010 1135 ra
2025 1116 2068 1135 aba
2087 1115 2113 1136 ad
2127 1121 2169 1136 rom
2193 1138 2210 1144 Ἡ

1987 1143 2104 1189 tt‘effi‘l'lffm‘*
2141 1141 2168 1163 ‘¹'
