2253 3195
249 251 299 278 An.
316 250 346 278 c.
365 251 436 279 1594
481 241 545 275 162

294 1815 423 1842 Exequutor·
431 1820 441 1835 ι

256 1845 400 1868 praesentum·
409 1842 440 1862 tu-

256 1872 348 1890 teramm
376 1869 440 1895 depu—

449 306 582 344 propter
601 309 699 344 quam
717 310 774 333 seu
791 309 871 343 quas
892 299 1088 343 praemissae
1109 309 1197 333 ema-

449 359 576 393 namnt,
593 353 688 386 etiam
702 363 812 386 eoram
830 352 892 385 loci
903 352 1085 393 Ordinario,
1100 352 1194 385 etiam

402 448 406 452 Δ
449 413 602 451 tanquam
623 417 641 439 a
657 406 738 440 Sede
758 405 942 450 Apostoliea
962 406 1121 449 delegato,
1142 412 1197 439 aut

451 460 529 493 alias
549 459 797 504 quomodolibet
817 459 1013 500 verificatae,
1036 470 1101 493 non
1122 460 1194 493 sue-

449 514 523 550 rint:
547 519 578 547 et
597 524 636 546 ex
650 513 765 557 quavis
785 513 849 546 alia
877 524 990 555 causa,
1015 514 1055 547 de
1083 514 1197 548 subre-

416 598 421 603 ,
450 566 568 610 ptionis
593 567 641 599 vel
671 566 882 610 obreptionis,
905 573 959 599 aut
980 566 1135 600 nullitatis
1153 566 1195 599 vi-

451 620 506 659 tio,
527 630 584 652 seu
605 619 792 652 intentionis
812 626 952 659 nostrae,
969 626 1025 653 aut
1043 620 1197 664 quopiam

450 672 513 704 alio
531 672 657 705 defectu
677 672 793 713 notari,
818 672 1013 716 impugnari,
1034 673 1081 706 vel
1103 672 1195 706 inva-

451 725 545 758 lidari
563 736 628 759 non
645 737 751 770 posse,
771 727 828 760 sed
847 726 918 760 illas
934 737 1064 771 semper
1076 733 1106 760 et
1126 737 1199 770 per-

452 786 551 823 petuo
572 780 694 814 validas
713 787 741 814 et
757 781 903 815 efficaces
922 781 1055 815 existere
1069 786 1099 815 et
1116 781 1195 821 sore,

451 843 591 878 suosque
610 835 775 878 plenarios
787 841 816 868 et
830 835 972 878 integros
985 834 1118 868 effectus
1131 845 1199 868 sor—

451 886 502 919 tiri
523 893 554 920 et
573 887 732 929 obtinere,
755 899 792 921 ac
824 888 884 922 sub
913 888 1077 932 quibusvis
1104 888 1195 921 simi-

451 940 530 973 lium
557 941 607 974 vel
637 941 841 975 dissimilium
863 941 1041 984 gratiarum
1061 952 1196 975 revoca-

452 994 604 1035 tionibus,
633 995 916 1039 suspensionibus,
939 995 1195 1037 limitationihus‚

452 1047 500 1080 vel
521 1047 692 1081 contrariis
723 1048 999 1092 dispositionibus,
1024 1048 1113 1082 nullo
1132 1059 1195 1081 un-

452 1111 549 1144 quam
579 1107 725 1145 tempore
750 1101 1000 1145 comprehendi,
1028 1102 1138 1146 sicque
1166 1102 1198 1134 in

452 1154 637 1197 praemissis
657 1154 809 1188 omnibus
822 1160 850 1188 et
867 1154 1012 1197 singulis
1029 1165 1087 1199 per
1103 1166 1200 1199 quos-

453 1218 592 1251 cumque
614 1208 736 1242 iudices
767 1214 797 1241 et
829 1208 1078 1249 commissarios,
1103 1209 1199 1242 etiam

453 1261 562 1304 palatii
583 1262 752 1306 apostolici
771 1272 941 1296 causarum
967 1262 1142 1301 auditores,
1163 1273 1199 1296 ae

452 1314 482 1348 S.
504 1315 541 1348 R.
565 1316 598 1349 E.
621 1316 811 1357 cardinales,
835 1317 931 1350 etiam
953 1317 992 1350 de
1022 1317 1122 1350 latere
1153 1317 1199 1350 le-

453 1374 554 1410 gatos,
574 1369 700 1403 sublata
720 1370 766 1403 eis
786 1376 814 1403 et
834 1380 947 1403 eorum
969 1370 1103 1404 cuilibet
1121 1381 1200 1415 qua-

452 1423 498 1456 vis
518 1423 610 1457 aliter
634 1424 796 1458 iudicandi
827 1431 854 1458 et
889 1425 1121 1469 interpretandi
1154 1425 1200 1457 sa-

454 1477 571 1516 eultate
594 1483 625 1511 et
644 1478 847 1518 auctoritate,
872 1478 1005 1512 iudicari
1020 1485 1049 1512 et
1070 1478 1200 1513 diffiniri

453 1529 589 1567 dehere,
613 1530 740 1563 irritum
761 1542 891 1575 quoque
922 1537 951 1565 et
972 1531 1084 1573 inane,
1108 1533 1200 1576 quid-

453 1583 531 1626 quid
552 1593 644 1616 secus
664 1594 762 1627 super
782 1584 830 1617 his
850 1595 868 1617 a
889 1595 1066 1629 quoquam,
1090 1585 1201 1629 quavis

454 1636 655 1676 auctoritate,
670 1637 808 1670 scienter
820 1639 866 1671 vel
883 1638 1081 1679 ignoranter,
1099 1639 1201 1672 eonti-

455 1689 537 1729 gerit
556 1691 717 1724 attentari.

500 1745 514 1787 ,ξ
535 1743 586 1777 24.
611 1744 767 1784 Quocirca
787 1746 1025 1779 venerabilibus
1050 1746 1201 1780 fratribus

456 1797 573 1830 nostris
591 1798 740 1839 Pragensi
763 1804 793 1831 et
805 1798 1010 1832 Olumoeensi
1029 1799 1198 1843 episcopis,

456 1861 492 1884 ae
513 1851 631 1884 dilecto
653 1852 719 1884 tilio
740 1862 909 1885 causarum
930 1852 1037 1886 euriae
1050 1853 1202 1886 Gamerae

457 1905 659 1948 Apostolicae
679 1906 822 1947 generali
843 1906 981 1939 auditori
999 1917 1057 1950 per
1073 1912 1202 1950 aposto-

458 1957 518 1991 lica
537 1958 656 2002 scripta
674 1959 876 1997 mandamus,
891 1964 1049 2002 quatenus
1069 1959 1140 2003 ipsi,
1155 1960 1202 1992 rel

458 2011 533 2052 duo,
557 2017 610 2044 aut
632 2023 714 2046 unus
735 2023 846 2045 eorum
869 2023 927 2056 per
953 2024 997 2053 se,
1022 2012 1068 2045 vel
1090 2013 1200 2053 alium,

457 2075 513 2098 seu
531 2065 611 2098 alios
625 2071 809 2109 praesentes
828 2066 958 2104 litteras,
979 2072 1010 2099 et
1027 2066 1058 2099 in
1072 2066 1116 2099 eis
1129 2077 1205 2099 con-

460 2124 545 2152 tenta
574 2130 799 2163 quaecumque
829 2119 896 2159 ubi,
917 2120 1047 2164 quando
1068 2126 1099 2153 et
1118 2131 1201 2163 quo-

459 2172 518 2205 ties
537 2183 618 2216 opus
639 2173 745 2211 suerit,
769 2183 805 2205 ae
825 2183 884 2217 pro
905 2179 993 2217 parte
1017 2173 1151 2213 Claudii,
1175 2179 1202 2206 et

458 2237 517 2270 pro
545 2233 689 2270 tempore
721 2226 882 2260 existentis
912 2226 1085 2271 praepositi
1110 2237 1206 2269 geue-

459 2280 533 2312 ralis
553 2280 656 2313 dictae
677 2279 860 2320 Societatis,
883 2290 919 2313 ac
946 2279 1071 2321 collegii
1103 2286 1205 2313 recto·

460 2334 502 2366 ris
523 2339 552 2366 et
580 2334 796 2374 collegialium
825 2334 1029 2373 huiusmodi,
1054 2345 1113 2367 nec
1141 2344 1204 2367 non

459 2387 586 2427 Georgii
602 2387 853 2430 praedictorum,
870 2398 925 2420 seu
944 2387 1080 2420 alicuius
1093 2398 1204 2420 eorum

462 2440 578 2473 suerint
599 2440 754 2484 requisiti,
778 2441 965 2474 solemniter
992 2440 1202 2484 publicantes,

461 2494 570 2537 eisquc
594 2494 623 2526 in
645 2494 827 2537 praemissis
848 2494 985 2527 efficacis
1011 2493 1207 2527 ‹t‹=t·0nsionis

462 2547 622 2590 praesidio
649 2548 846 2586 assistentes.
876 2547 989 2580 taciani
1016 2547 1206 2581 auctoritate

462 2606 582 2639 nostra,
609 2606 791 2644 praesentes
808 2607 835 2634 et
859 2601 888 2634 iu
912 2601 958 2634 vis
978 2606 1127 2634 contenta
1148 2600 1207 2634 liu-

463 2654 599 2687 iusmodi
633 2654 768 2687 firmiter
787 2654 961 2694 observari,
985 2665 1020 2688 av
1050 2654 1203 2697 singulm,

1034 250 1220 276 BULLARIUM
1240 251 1396 276 ROMANUM

1230 310 1311 343 quos
1323 300 1411 344 ipsae
1423 305 1608 344 praesentes
1620 299 1746 334 litterae
1763 307 1972 341 concernunt,

1230 358 1261 386 et
1280 358 1479 386 concernent
1508 353 1540 386 in
1572 354 1728 395 futurum,
1748 353 1811 388 illis
1841 354 1975 398 pacifice

1230 405 1294 438 frui
1323 412 1354 439 et
1383 407 1535 449 gaudere.
1566 407 1637 440 Non
1666 407 1890 451 permittentes
1921 418 1976 441 eos

1231 459 1370 503 desuper
1379 460 1438 504 per
1450 470 1684 504 quoscumque,
1700 465 1813 494 contra
1825 470 1977 504 praesen-

1231 512 1311 545 tium
1336 518 1481 547 tenorem
1495 541 1502 554 ,
1526 513 1773 557 quomodolibet
1793 514 1973 554 molestari,

1232 566 1394 610 impediri,
1417 567 1465 600 vel
1497 567 1691 611 perturbari.
1720 567 1977 601 Contradictores

1232 619 1394 663 quoslibet
1412 626 1442 653 et
1461 621 1599 656 rebelles
1618 631 1677 665 per
1703 631 1854 655 censuras
1874 621 1977 655 eccle-

1232 672 1386 714 siasticas,
1409 673 1537 718 aliaque
1557 680 1742 718 opportuna
1762 674 1840 707 iuris
1857 680 1887 707 et
1904 673 1977 707 sacti

1231 727 1388 767 remedia,
1403 728 1622 771 appellatione
1640 727 1830 772 postposita,
1847 737 1977 772 compe-

1232 780 1362 821 scendo,
1387 791 1424 814 ac
1451 781 1604 823 legitimis
1634 791 1732 825 super
1750 780 1800 814 his
1820 780 1978 814 habendis

1231 833 1364 867 servatis
1384 834 1600 877 processibus,
1616 833 1803 875 sententias,
1826 844 1978 867 censuras

1233 893 1262 920 et
1282 897 1404 931 poenas
1424 887 1520 932 ipsas,
1534 887 1629 921 etiam
1649 887 1771 939 iteratis
1788 887 1910 921 vicibus
1924 897 1980 930 ag-

1232 940 1407 982 gravando,
1431 940 1582 974 invocato
1603 940 1711 981 etiam,
1727 939 1843 974 adhoc
1855 940 1881 974 si
1895 950 1978 984 opus

1232 993 1337 1033 suerit,
1361 993 1480 1027 auxilio
1499 994 1625 1028 brachii
1643 993 1827 1027 saecularis.

1278 1049 1294 1089 5
1315 1046 1368 1080 25.
1398 1047 1469 1081 Non
1490 1047 1692 1081 obstantibus
1723 1047 1919 1092 praemissis,
1942 1058 1978 1081 ac

1233 1100 1334 1144 priori
1355 1101 1518 1135 voluntate
1538 1107 1649 1135 nostra
1669 1101 1846 1145 praedicta,
1860 1106 1892 1134 et
1908 1100 1980 1145 piae

1234 1155 1412 1188 memoriae
1441 1155 1596 1189 Bonisaeii
1624 1156 1683 1189 PP.
1715 1156 1797 1196 VIII,
1833 1155 1982 1189 similiter

1233 1209 1490 1252 praedecessoris
1502 1208 1615 1249 nostri,
1631 1219 1695 1253 qua
1706 1214 1847 1250 cavetur,
1858 1219 1898 1242 ne
1909 1208 1982 1252 quis

1234 1267 1321 1295 extra
1341 1272 1431 1295 suam
1450 1261 1610 1295 civitatem
1634 1262 1684 1295 vel
1705 1261 1879 1296 dioecesim
1892 1289 1899 1301 ‚
1919 1261 1980 1302 nisi

1234 1315 1266 1348 in
1287 1316 1381 1349 certis
1402 1322 1478 1350 tunc
1498 1315 1654 1360 expressis
1674 1316 1811 1356 casibus,
1832 1322 1861 1349 et
1884 1315 1915 1348 in
1936 1315 1978 1348 il-

1234 1368 1272 1401 lis
1292 1369 1376 1403 ultra
1389 1380 1486 1403 unam
1507 1369 1646 1404 diaetam
1667 1370 1707 1403 ad
1727 1369 1882 1403 iudicium
1901 1379 1978 1402 evo-

1234 1429 1335 1464 cetur,
1358 1435 1414 1458 seu
1443 1435 1484 1458 ne
1514 1425 1637 1459 iudices
1667 1435 1686 1458 a
1705 1424 1787 1459 Sede
1818 1425 1982 1469 praedicta

1235 1477 1376 1522 deputati
1398 1484 1486 1512 extra
1507 1478 1667 1512 civitatem
1688 1484 1719 1512 et
1739 1478 1926 1519 dioecesim,
1949 1478 1981 1511 in

1235 1531 1352 1574 quibus
1373 1531 1516 1575 deputati
1537 1532 1665 1573 suerint,
1680 1537 1793 1565 contra
1811 1541 1984 1576 quoscum-

1234 1595 1297 1628 que
1328 1585 1525 1628 procedere,
1556 1591 1612 1618 aut
1642 1584 1696 1618 alii
1726 1585 1773 1618 vel
1803 1584 1873 1618 aliis
1898 1584 1984 1618 vices

1234 1649 1307 1671 suas
1315 1638 1521 1672 committere
1533 1639 1683 1679 audeant,
1697 1649 1754 1672 seu
1762 1644 1980 1684 praesumant;

1235 1692 1317 1725 etin
1338 1692 1476 1726 concilio
1507 1692 1649 1735 generali
1679 1692 1764 1727 edita
1794 1692 1834 1726 de
1860 1692 1985 1726 duabus

1235 1745 1363 1787 diaetis,
1387 1746 1566 1780 dummodo
1592 1756 1658 1780 non
1676 1746 1762 1780 ultra
1782 1752 1844 1780 tres
1864 1745 1985 1780 diaetas

1236 1799 1352 1843 aliquis
1375 1799 1566 1833 auctoritate
1585 1799 1804 1844 praesentium
1833 1799 1874 1832 ad
1895 1799 1981 1833 iudi-

1237 1853 1320 1886 cium
1342 1863 1408 1886 non
1427 1853 1584 1893 trahatur,
1608 1863 1643 1887 ae
1661 1852 1885 1886 Lateranensis
1897 1852 1982 1887 Con-

1238 1906 1302 1939 cilii
1331 1906 1504 1940 novissime
1525 1906 1677 1940 celebrati
1709 1906 1846 1940 uniones
1870 1916 1985 1950 perpe-

1240 1965 1320 2000 tuas,
1337 1959 1396 1992 nisi
1419 1959 1448 1992 in
1467 1959 1594 1993 casibus
1611 1970 1629 1992 a
1651 1959 1717 1992 iure
1738 1958 1902 2003 permissis
1914 1958 1984 1992 fieri

1239 2012 1450 2057 prohibentis,
1467 2018 1498 2045 et
1515 2012 1681 2057 quibusvis
1694 2012 1765 2046 aliis
1784 2011 1985 2046 constitutio-

1239 2066 1333 2099 nibus
1353 2072 1384 2099 et
1411 2066 1670 2100 ordinationibus
1700 2065 1902 2110 apostolicis,
1925 2075 1984 2099 nec

1239 2130 1303 2153 non
1325 2119 1534 2154 eeclesiarum
1555 2119 1826 2164 supradictarum,
1841 2130 1877 2153 ae
1898 2119 1985 2164 capi-

1241 2175 1394 2213 tulorum,
1419 2173 1670 2218 provinciarum,
1694 2173 1822 2206 urbium
1847 2178 1879 2207 ct.
1898 2173 1985 2206 loco-

1242 2238 1312 2260 rum
1334 2226 1532 2265 lmiusmodi,
1560 2226 1654 2260 etiam
1686 2226 1877 2266 iuramento,
1901 2235 1981 2259 ron-

1241 2279 1424 2313 firmatione
1437 2279 1624 2324 apostolica,
1640 2279 1688 2312 rel
1706 2279 1817 2324 quavis
1834 2278 1984 2312 firmitate

1241 2333 1302 2366 alia
1323 2333 1483 2366 roboratis
1495 2333 1620 2366 statutis
1633 2338 1663 2366 et
1683 2331 1982 2371 consuetudinibus,

1241 2387 1415 2431 privilegiis
1432 2397 1574 2430 quoque,
1589 2385 1722 2420 indultis
1733 2393 1761 2419 et
1782 2385 1896 2419 litteris
1908 2395 1986 2431 apo-

1240 2440 1372 2479 stolicis,
1396 2440 1468 2480 illis,
1491 2439 1744 2483 earumdemque
1776 2439 1984 2473 ecclesiarum

1242 2493 1454 2537 praesulibus,
1471 2492 1618 2537 capitulis
1635 2498 1666 2526 et
1678 2492 1748 2526 aliis
1764 2492 1986 2537 superioribus

1242 2553 1270 2580 et
1287 2546 1535 2590 particularibus
1547 2546 1692 2589 personis
1705 2546 1763 2579 sub
1777 2545 1987 2590 quibuscum·

1242 2610 1303 2643 que
1325 2599 1490 2633 tenoribus
1509 2604 1540 2632 et
1562 2599 1684 2637 formis,
1700 2611 1736 2633 ac
1757 2598 1834 2633 alias
1855 2599 1886 2632 in
1907 2608 1985 2632 con·

1222 2659 1225 2694 ζ
1244 2653 1375 2687 trarium
1397 2652 1642 2697 ‹piomodolibet
1663 2653 1837 2693 concessis,
1861 2652 1982 2686 constr-

1996 251 2046 279 An.
2064 252 2137 282 c.15

1995 1062 2105 1082 Contraria
2133 1071 2135 1079 ·
2160 1055 2170 1066 ”’
