2253 3195
253 851 292 869 [tt-tt

254 231 299 257 tn.
316 232 345 257 C,
372 232 436 259 ¹597

287 818 308 836 l.¹
327 820 436 842 :illamqua

296 844 359 863 litim-t
368 846 437 863 :tuclu-

259 874 314 890 ‘tla'e
327 873 376 895 petit
388 876 437 889 mn-

254 899 328 917 t'irtulttr

272 1081 384 1101 Confirmat
395 1082 439 1101 tile·

253 1114 320 1129 ment.

256 1639 261 1657 l

257 1668 263 1685 t

258 1721 320 1737 tionis

297 1612 320 1631 Et
337 1612 402 1631 libres
417 1620 422 1630 i

265 1638 386 1658 -ihliottwca
401 1637 441 1657 ilis-

267 1665 311 1684 ralu
328 1667 383 1684 relat
403 1664 441 1684 sub

266 1697 433 1711 cxconimuniva-

332 1723 406 1744 poena.

489 223 518 255 'ol
532 224 547 255 ἰ

451 288 497 314 ter
521 281 663 323 erigere,
682 280 851 322 eidemque
877 278 1091 311 bibliothecae
1120 286 1193 310 suos

450 334 547 366 libros
567 334 728 366 universos
745 332 865 364 donare
882 330 1094 374 proposuerit,
1110 329 1191 362 etad

451 388 533 419 huuc
551 387 644 418 etiam
674 386 821 418 ellectum
844 396 939 417 unam
966 384 1097 416 domum
1119 383 1194 416 assi-

449 439 603 481 gnaverit,
618 444 646 472 ct
670 449 726 481 pro
742 438 824 472 illius
842 438 961 471 fabrica
979 437 1194 481 quadringen-

451 500 497 525 tos
518 493 648 524 ‹tm-:uos
665 491 785 524 similes
804 491 986 531 donarcrit·,
1006 491 1109 535 cupiat
1133 501 1194 523 au-

450 552 525 585 tem,
549 555 605 588 pro
623 544 787 588 hospitalis
807 551 837 578 ct
857 543 1069 577 bibliothecae
1087 543 1194 577 huius-

451 597 535 631 modi
559 599 691 631 tirmioii
713 598 895 637 stabilitate,
912 598 1143 631 institutionem
1165 603 1193 630 et

450 652 643 685 erectionem
665 651 848 684 huiusmodi
869 651 1061 695 apostolicae
1081 650 1195 684 contir-

452 704 600 737 mationis
621 704 780 748 praesidio
798 704 1000 738 communiri.

496 758 510 799 ,ἓ
529 757 561 790 ⁶2.
586 758 756 801 Propterea
782 757 873 791 nobis
891 758 1033 791 ciusdem
1056 758 1198 792 Caesaris

452 811 685 855 archiepiscopi
701 812 831 844 nomine
851 811 1014 844 humiliter
1033 811 1197 855 supplica-

454 871 520 897 tum
542 864 611 903 suit,
627 870 661 897 ut
681 864 711 897 in
731 864 913 908 praemissis
929 870 1108 908 opportune
1126 875 1198 908 pro—

454 917 559 950 videre
583 918 621 951 de
650 917 846 960 benignitate
876 918 1048 961 apostolica
1081 917 1199 961 digna-

455 981 577 1004 remur.

499 1024 565 1064 §3
599 1023 661 1057 Nos
692 1023 790 1066 igitur
820 1023 961 1056 eiusdem
983 1023 1124 1057 Caesaris
1152 1035 1201 1056 ar-

454 1077 648 1120 chiepiscopi
660 1076 718 1120 piis
735 1076 1040 1110 votissavorabiliter
1060 1087 1201 1111 annuere

454 1130 606 1169 volentes,
626 1129 812 1163 huiusmodi
838 1129 1127 1174 supplicationibus
1155 1130 1201 1162 in-

453 1183 573 1223 clinati,
586 1183 819 1217 institutionem
839 1189 869 1217 et
886 1184 1081 1217 erectionem
1095 1184 1202 1227 hospi-

454 1236 524 1269 talis
549 1242 579 1269 ct
611 1235 824 1270 bibliothecae
852 1235 1104 1280 praedictorum,
1126 1236 1151 1269 si
1172 1244 1199 1271 ct

453 1296 623 1333 postquam
645 1291 744 1322 sactae
762 1290 890 1331 fuerint,
911 1291 1099 1324 auctoritate
1127 1301 1202 1334 apo-

454 1344 567 1376 stolica
583 1350 693 1377 tenore
708 1343 936 1386 praesentium,
953 1350 1107 1388 perpetuo
1127 1355 1202 1377 con-

454 1397 622 1429 firmamus
651 1402 681 1429 et
713 1396 941 1439 approbamus,
963 1407 998 1429 ac
1030 1402 1201 1440 perpetuae

455 1449 613 1482 firmitatis
654 1448 845 1492 apostolicae
884 1449 1062 1482 munimine
1099 1449 1202 1483 robo-

456 1513 575 1535 ramus.

500 1555 564 1598 §ln
587 1555 756 1588 Praeterea
776 1565 835 1598 pro
861 1555 1057 1589 diuturniori
1089 1556 1203 1590 biblio-

425 1617 440 1629 ‘'=
457 1609 565 1642 thecae
575 1609 756 1652 praedictae
771 1609 1023 1650 conservatione,
1033 1620 1204 1653 quoscum-

457 1672 519 1704 que
538 1661 637 1693 libros
657 1662 689 1695 in
719 1661 830 1695 cadem
862 1662 1054 1696 bibliotheca
1074 1674 1130 1706 per
1150 1663 1204 1695 di—

457 1720 543 1747 ctum
565 1714 730 1748 Caesarem
750 1715 1025 1759 archiepiscopum
1045 1716 1206 1749 collocan-

457 1768 514 1801 ‹los
546 1773 577 1800 et
610 1767 713 1800 eidem
747 1767 953 1810 applicandos
981 1778 1018 1800 ex
1038 1768 1092 1800 illa
1116 1768 1205 1802 nullo

458 1825 602 1863 tempore
623 1819 734 1862 quovis
763 1826 940 1863 praetextu,
964 1831 1060 1853 causa
1079 1821 1126 1854 vel
1155 1831 1206 1854 oc-

457 1873 596 1913 casione,
610 1873 704 1906 etiam
719 1883 775 1916 per
787 1872 1043 1917 archiepiscopos
1056 1884 1114 1917 pro
1128 1879 1207 1907 tem-

458 1937 534 1970 pore
544 1926 723 1966 existentes,
737 1926 858 1959 extrahi
869 1936 960 1970 posse
970 1933 1124 1970 perpetuo
1134 1938 1207 1971 pro-

459 1980 625 2019 hibemus3
648 1985 677 2012 et
706 1979 783 2022 ipsis
807 1979 1057 2023 archiepiscopis
1077 1979 1136 2013 sub
1156 1990 1205 2013 su-

459 2032 637 2076 spensionis
657 2043 674 2064 a
688 2032 803 2065 divinis
817 2038 848 2065 et
868 2032 1028 2066 interdicti
1046 2033 1207 2076 ingressus

460 2086 612 2120 ecclesiae
630 2113 636 2125 ‚
671 2085 806 2119 caeteris
841 2096 915 2118 vero
951 2084 1208 2129 quibuscumque

460 2139 605 2183 personis
629 2145 694 2172 tam
724 2138 812 2171 laicis
833 2149 929 2181 quam
950 2138 1074 2171 clericis
1101 2139 1208 2172 cuius-

461 2203 599 2235 cumque
619 2197 731 2233 status,
750 2192 881 2235 gradus,
896 2192 1031 2231 ordinis,
1051 2192 1208 2226 conditio-

462 2246 511 2278 nis
532 2252 563 2278 et
582 2245 746 2289 dignitatis
766 2245 896 2286 suerint,
912 2244 971 2277 sub
990 2246 1208 2279 excommuni-

463 2298 596 2331 cationis
616 2298 745 2332 maioris
765 2299 895 2342 poenis,
915 2308 954 2331 ne
977 2297 1076 2331 libros
1099 2299 1208 2332 huius-

464 2351 550 2384 modi
572 2363 588 2385 e
615 2351 699 2384 dicta
723 2351 935 2390 bibliotheca,
957 2351 1021 2384 ulla
1042 2352 1208 2385 occasione

465 2405 510 2437 rel
533 2410 708 2447 praetextu,
731 2409 785 2437 aut
805 2404 899 2437 etiam
920 2405 1072 2448 temporis
1091 2405 1206 2448 spatio,

465 2458 629 2491 extrahere
656 2463 882 2501 praesumant,
913 2463 1066 2501 perpetuo
1091 2457 1210 2501 pariter

467 2510 687 2543 interdicimus
705 2516 736 2543 et
755 2510 950 2543 inhibemus.

513 2563 527 2604 ,ξ
548 2563 578 2596 5,
602 2563 673 2596 Non
699 2563 898 2597 obstantibus
929 2564 1211 2597 constitutionibus

469 2622 497 2650 et
518 2616 773 2649 ordinationibus
793 2617 991 2661 apostolici5‚
1013 2628 1050 2650 ac
1081 2616 1215 2661 quibus-·

1036 227 1217 253 nmaatntttm
1235 226 1387 250 noatANuat

1229 275 1273 307 vis
1293 273 1418 307 statutis
1431 280 1458 306 et
1474 271 1771 309 consuetudinibus,
1783 273 1876 305 etiam
1889 271 1973 304 iura-

1230 333 1349 365 mento,
1371 326 1614 359 confirmations·
1633 325 1817 368 apostolic-a,
1833 326 1878 357 vel
1896 336 1972 368 qua-

1229 381 1273 413 ris
1287 380 1436 412 firmitate
1452 379 1511 411 alia
1528 378 1695 416 roboratis,
1712 377 1882 420 privilegiis
1895 389 1972 420 quo-

1229 433 1443 477 qus-‚indultis
1454 438 1484 465 et
1499 430 1973 474 litterisapostolicisquibusvis

1230 485 1259 517 in
1282 485 1476 518 eontrarium
1507 484 1751 527 praemissorum
1773 482 1974 526 quomodoli-

1230 540 1280 572 bet
1315 539 1490 579 concessis,
1511 537 1709 571 confirmatis
1728 543 1755 569 et
1779 536 1971 580 approbatis.

1230 592 1351 631 Quibus
1371 591 1522 625 omnihus
1537 596 1569 625 et
1591 591 1724 634 singulis
1753 601 1863 623 corum
1886 596 1976 623 teno-

1232 657 1291 685 res,
1311 645 1533 690 praesentibus
1554 653 1611 689 pro
1632 645 1786 688 expressis
1810 644 1974 684 babentes,

1233 699 1289 731 bac
1310 699 1377 731 ricc
1397 697 1561 731 dumtaxat
1581 697 1759 741 specialiter
1781 702 1811 729 et
1831 707 1976 740 expresse

1232 751 1435 793 (lt-roganmS,
1448 752 1645 794 caeterisque
1660 750 1826 784 contrariis
1846 750 1976 793 quibus-

1233 815 1381 848 cumque.

1277 857 1389 890 Datum
1405 857 1524 891 Romae
1542 857 1626 900 apud
1640 857 1671 889 S.
1684 857 1826 895 Petrum,
1845 856 1904 889 sub
1924 867 1978 890 an-

1233 912 1309 944 nulo
1327 911 1506 951 piscatoris,
1523 909 1573 944 die
1586 920 1645 942 xxx
1663 909 1855 950 decembris,
1878 909 1978 942 mille-

1234 964 1315 997 simo
1329 964 1588 1008 quingentesimo
1606 963 1815 1006 nonagesimo
1829 964 1977 1007 septimo,

1234 1018 1440 1062 pontificatus
1460 1016 1560 1050 nostri
1582 1027 1665 1049 anno
1684 1025 1725 1048 vt.

1270 1081 1332 1108 Dat.
1348 1080 1391 1107 die
1407 1080 1441 1106 30
1456 1080 1609 1107 decembris
1626 1079 1704 1111 1597,
1722 1079 1817 1120 pontif.
1833 1087 1877 1106 an.
1894 1087 1929 1104 w.

1535 1240 1689 1274 CLXXVI.

1236 1338 1448 1381 Praecipitat*
1481 1337 1720 1380 archiepiscopo
1751 1336 1921 1369 Elborensi
1945 1347 1983 1369 ne

1281 1411 1376 1433 noros
1397 1400 1605 1438 christianos,
1629 1400 1688 1442 qui
1708 1399 1870 1442 origyinem
1886 1410 1907 1431 a
1927 1399 1983 1432 Iu-

1281 1462 1370 1494 daeis
1387 1462 1432 1494 vel
1451 1461 1622 1494 haereticis
1637 1462 1783 1501 trahunt,
1801 1462 1894 1493 ittarta
1911 1471 1983 1493 sen—

1283 1524 1418 1557 tentiam
1447 1523 1715 1566 Conqreyationis
1740 1522 1880 1556 Concilii
1905 1534 1981 1556 con-

1282 1588 1549 1631 stitutionemque
1573 1588 1741 1630 Bom'facii
1765 1588 1856 1627 VIII,
1879 1598 1900 1619 a
1927 1598 1981 1620 ,ςα-

1283 1651 1346 1683 cris
1367 1650 1539 1683 ordinibus
1556 1649 1707 1683 lecIudat
1726 1650 1746 1682 ¹.

1265 1730 1435 1757 Venerabili
1458 1729 1548 1757 fratri
1568 1729 1795 1764 archiepiscopo
1815 1729 1969 1757 Elhorensi

1432 1786 1587 1817 Clemens
1601 1786 1696 1827 Papa
1710 1776 1802 1816 Vm.

1459 1854 1646 1883 Venerabilis
1661 1854 1767 1886 frater,

1285 1909 1414 1936 salutem
1434 1911 1465 1936 et
1484 1908 1681 1942 apostolicam
1700 1908 1949 1935 benedictionem.

1287 1980 1364 2014 Cum
1385 1991 1421 2013 ex
1442 1980 1585 2013 iniuncto
1603 1979 1696 2013 nobis
1716 1979 1911 2024 apostolicae
1924 1991 1988 2013 ser-

1240 2033 1347 2066 vitutis
1364 2033 1472 2066 officio
1493 2032 1755 2066 christifidelibus
1772 2033 1921 2067 omnibus
1934 2044 1987 2066 ae-

1241 2098 1303 2130 que
1338 2085 1500 2120 debitores
1535 2086 1653 2127 simus,
1686 2086 1873 2130 nullamque
1905 2088 1988 2131 apud

1241 2140 1341 2172 Deum
1378 2139 1487 2172 adesse
1522 2149 1733 2183 personarum
1768 2139 1988 2183 acceptionem

1242 2194 1336 2236 plane
1356 2192 1545 2233 sentiamus,
1568 2192 1599 2225 id
1617 2192 1848 2237 circumspecta
1866 2194 1989 2226 ratione

1242 2246 1409 2291 providere
1429 2252 1588 2285 tenemur,
1610 2252 1641 2279 ut
1672 2246 1722 2279 ius
1742 2256 1834 2279 suum
1855 2245 1989 2280 unicui—

1242 2310 1304 2343 que
1321 2298 1494 2332 tribuatur.

1287 2353 1302 2395 ξ
1323 2353 1353 2385 1.
1377 2352 1484 2396 Nuper
1508 2352 1666 2396 siquidem
1688 2352 1727 2386 ad
1747 2363 1806 2386 nos
1828 2353 1987 2397 perlatum

1243 2411 1309 2446 est,
1340 2405 1425 2448 quod
1459 2405 1531 2438 licet
1562 2407 1660 2438 semel
1691 2411 1786 2449 atque
1815 2406 1930 2439 iterum
1957 2406 1988 2439 in

1244 2458 1496 2502 Congregatione
1513 2458 1743 2492 venerabilium
1764 2460 1896 2492 fratrum
1924 2469 1989 2492 no-

1245 2516 1383 2544 strorum
1405 2511 1538 2544 Sanctae
1558 2512 1722 2545 Romanae
1740 2512 1898 2545 Ecclesiae
1916 2522 1989 2545 car-

1246 2564 1402 2597 dinalium
1431 2565 1511 2597 sacri
1532 2564 1711 2598 Tridentini
1729 2565 1858 2599 Concilii
1886 2565 1990 2597 inter-

1284 2626 1294 2652 1
1315 2624 1350 2651 Ex
1371 2625 1479 2660 Regest.
1501 2625 1526 2651 in
1540 2625 1643 2652 Secret.
1660 2625 1794 2653 Brevium.

1985 221 2033 247 An.
2050 219 2079 246 C.
2102 219 2169 248 1598

1988 281 2099 301 substantia
2109 281 2169 302 t‹=ttit.

2035 1985 2148 2007 Exordium

2018 2357 2100 2378 Gamzo
2110 2356 2188 2377 sacien—

2004 2383 2025 2404 di
2040 2383 2141 2404 mandati.
