2253 3195
121 249 170 276 An.
188 248 215 275 C.
240 248 306 276 1598

173 788 305 809 obstantium

123 815 238 841 derogatio.

933 246 1081 270 CLEMENS
1101 246 1158 270 vm
1178 247 1229 270 PP-

320 296 381 329 frui
413 301 443 329 et
472 296 623 338 gaudere,
658 306 722 328 non
754 295 976 339 permittentes
1006 305 1060 328 eos

320 351 456 394 desuper
476 360 494 383 a
514 360 678 394 quoquam
691 377 698 390 ‚
722 349 832 394 quavis
853 348 1057 388 auctoritate,

319 404 565 447 quomodolibet
593 403 776 437 molestari:
808 402 1062 436 contradictores

318 468 377 500 per
407 468 557 490 censuras
588 462 620 489 et
654 467 774 500 poenas
806 454 1058 494 ecclesiasticas,

319 510 445 554 aliaque
466 517 649 554 opportuna
669 510 747 542 iuris
767 515 799 542 ct
812 509 883 542 sacti
904 507 1058 548 remedia,

320 564 534 607 appellatione
571 564 759 608 postposita,
802 562 1058 606 compescendo,

320 617 467 650 invocato
497 618 592 651 etiam
625 618 665 650 ad
696 617 777 657 hoc,
801 616 826 649 si
848 626 929 659 opus
954 615 1059 655 suerit,

321 671 441 704 auxilio
461 671 585 704 brachii
606 670 770 703 secularis.

365 726 381 766 ξ
402 724 432 757 9.
466 725 535 758 Non
557 724 758 757 obstantibus
778 722 984 767 praemissis,
1026 733 1063 755 ac

322 778 417 810 etiam
438 777 522 811 dicta
542 783 712 821 praetensa
732 776 948 810 declaratione
972 786 1063 819 prae-

322 830 397 863 dicti
412 830 572 863 Michaelis
586 830 757 863 cardinalis
769 829 972 873 protectoris,
990 839 1063 861 cum

322 883 473 916 omnibus
493 889 524 916 et
547 882 711 927 quibusvis
723 882 793 915 aliis
811 881 924 915 exinde
945 892 1065 925 sequu-

323 937 376 977 tis,
408 947 467 970 nec
498 947 563 970 non
590 937 662 981 piae
700 936 876 970 memoriae
908 936 1062 969 Bonisaeii

321 991 426 1034 Papae
435 991 510 1031 Vlll,
523 990 618 1024 etiam
633 989 889 1034 praedecessoris
903 989 1015 1029 nostri,
1026 989 1064 1022 de

322 1054 396 1083 una,
410 1050 441 1077 et
455 1044 486 1076 in
496 1044 633 1077 concilio
643 1043 784 1086 generali
799 1043 883 1076 edita
893 1043 932 1076 de
941 1042 1065 1075 duabus

323 1097 456 1138 diaetis,
481 1098 658 1130 dummodo
680 1097 763 1130 ultra
783 1103 847 1130 tres
869 1096 989 1129 diaetas
1009 1096 1065 1128 ali-

323 1151 394 1195 quis
415 1151 604 1184 auctoritate
618 1150 836 1195 praesentium
850 1151 889 1183 ad
910 1149 1065 1183 iudicium

322 1215 388 1238 non
421 1204 582 1245 trahatur,
621 1204 756 1248 aliisque
785 1203 1066 1237 constitutionibus

323 1257 517 1301 apostolicis,
530 1268 566 1290 ae
574 1257 798 1301 praedietisPii
810 1257 1066 1300 praedecessoris

323 1311 438 1344 litteris
461 1311 491 1343 in
513 1311 561 1351 iis,
585 1321 642 1354 per
659 1321 738 1354 quas
758 1310 933 1354 protectori
955 1310 1063 1343 cardi-

323 1364 449 1397 nalatus
462 1364 585 1397 honore
594 1364 820 1408 praefulgenti,
844 1374 900 1397 seu
915 1363 1066 1408 episcopo

325 1418 472 1451 existenti
486 1417 671 1451 huiusmodi
686 1417 882 1451 differentias
896 1424 925 1451 et
939 1423 1067 1451 contro-

323 1472 446 1505 versias
467 1472 550 1505 inter
569 1472 653 1515 ipsos
671 1478 824 1516 patronos
844 1472 985 1505 orientes
1020 1482 1068 1505 se-

325 1525 422 1558 dandi
439 1525 622 1558 facultatem
644 1525 777 1566 tribuit,
801 1536 860 1559 nec
879 1535 946 1558 non
969 1525 1068 1569 ipsius

325 1579 463 1621 collegii,
488 1579 583 1612 etiam
605 1579 796 1619 iuramento,
821 1579 1068 1613 confirmatione

324 1632 520 1676 apostolica,
546 1633 592 1666 vel
615 1633 725 1677 quavis
746 1633 897 1666 firmitate
928 1633 989 1666 alia
1010 1644 1065 1666 ro-

324 1686 456 1726 boratis,
480 1686 605 1719 statutis
626 1692 656 1719 et
677 1686 974 1727 consuetudinibus,
992 1697 1066 1720 eae-

326 1739 468 1784 terisque
489 1740 657 1773 contrariis
682 1740 950 1784 quibuscumque.

367 1821 482 1854 Datum
501 1821 666 1854 Ferrariae
677 1821 735 1854 sub
750 1821 869 1854 annulo
883 1821 1065 1862 piscatoris,

326 1882 376 1916 die
396 1893 416 1916 v
443 1883 634 1926 septembris
660 1892 824 1923 Mnxcvm,
863 1882 1069 1927 pontificatus

325 1945 426 1978 nostri
447 1955 532 1979 anno
552 1956 608 1979 vu.

361 2034 418 2062 Dat.
440 2034 484 2062 die
503 2035 519 2062 5
535 2035 682 2071 septembr.
697 2036 775 2069 1598,
797 2035 892 2072 pontif.
910 2044 953 2063 an.
976 2043 1022 2064 vn.

653 2339 762 2373 CXCV.

330 2464 376 2497 De
390 2463 534 2496 luctuosa
551 2463 682 2507 Tyberis
699 2463 915 2497 inmutatione
928 2465 964 2497 in
976 2464 1067 2504 Urbe,

375 2530 403 2559 et
423 2526 491 2558 eius
515 2525 678 2565 districtu,
702 2525 943 2570 indictioneque
961 2526 1072 2570 publi-

376 2599 487 2621 carum
501 2589 780 2632 supplicatiouwn
793 2589 834 2622 od
846 2589 996 2622 divinam
1009 2590 1071 2622 mi-

375 2651 588 2684 sericordiam
605 2651 860 2695 implorandam.

1125 295 1258 323 Clemens
1273 294 1442 329 episcopus,
1457 301 1562 322 servus
1579 300 1731 321 servorum
1743 293 1806 325 Dei,

1094 358 1218 386 Dilectis
1232 357 1304 385 filiis
1322 358 1400 385 clero
1416 360 1446 385 et.
1461 357 1569 391 populo
1585 357 1677 383 almae
1688 355 1774 382 Urbis
1785 362 1839 382 no-

1131 402 1421 437 strae,caeterisque
1431 401 1677 429 christifidelibus
1692 400 1722 427 in
1737 401 1838 428 eadem

1131 447 1256 480 eiusque
1272 446 1413 473 districtu
1432 446 1644 478 existentibus,
1662 446 1790 473 salutem
1809 447 1840 472 et.

1132 491 1329 526 apostolicam
1343 490 1591 518 benedictionem.

1741 233 1804 266 467
1853 241 1903 268 An.
1925 240 1952 268 c.
1970 241 2037 269 1599

1142 564 1157 604 ἓ
1180 562 1209 594 1.
1233 562 1342 595 Manus
1357 562 1495 602 Domini,
1509 572 1622 595 manus
1634 561 1746 606 patris,
1764 571 1835 594 ma-
1880 571 2038 597 'l'yherisinun-

1854 598 1911 618 datio
1921 598 2011 619 maxima
2019 600 2039 619 et

1097 627 1157 648 nus
1188 616 1242 648 illa
1270 620 1385 659 potens
1414 621 1445 648 et
1471 615 1634 655 salutaris,
1659 626 1741 658 quae
1771 615 1838 648 sola
1853 626 1955 646 luctuosa.

1098 669 1174 702 dum
1196 669 1278 701 iuste
1297 669 1461 708 vulnerat,
1489 668 1541 712 pie
1573 668 1735 708 medetur,
1770 667 1839 711 ipsa

1099 722 1201 764 tetigit
1220 732 1289 762 nos,
1314 721 1370 753 filii
1392 721 1602 754 dilectissimi.
1627 721 1755 754 Fluvius
1774 721 1836 764 Ty-

1098 775 1182 808 beris
1196 780 1283 808 extra
1297 775 1422 807 alveum
1435 774 1587 818 ripasque
1602 784 1674 807 suas
1689 774 1835 813 diffusus,

1099 834 1185 862 tanta
1214 839 1371 872 aquarum
1392 828 1484 872 copia
1505 828 1623 861 Urbem
1640 855 1647 868 ‚
1671 827 1837 868 suburbia,

1098 888 1190 926 prata
1210 887 1241 915 et
1261 892 1356 925 agros
1375 881 1563 921 inundavit,
1596 887 1627 914 et
1658 881 1689 914 in
1721 887 1840 914 tantam

1099 946 1164 968 non
1184 935 1216 968 in
1241 935 1344 979 planis
1365 935 1492 975 solum,
1523 935 1578 967 sed
1600 935 1632 967 in
1652 934 1841 967 editioribus

1100 989 1195 1022 etiam
1216 989 1305 1028 locis,
1327 988 1425 1021 crevit
1444 987 1662 1027 altitudinem,
1686 993 1841 1031 quantam

1100 1053 1205 1086 neque
1225 1053 1294 1083 nos,
1322 1053 1427 1086 neque
1448 1042 1587 1075 maiores
1605 1041 1707 1075 nostri
1728 1042 1842 1075 memi-

1100 1100 1228 1129 nerunt.
1252 1096 1339 1135 Quae
1358 1095 1452 1129 Urbis
1470 1095 1583 1136 facies,
1608 1095 1679 1138 quis
1696 1101 1843 1139 aspectus

1100 1161 1158 1194 per
1177 1151 1235 1184 hos
1260 1150 1328 1183 dies
1348 1150 1464 1190 suerit,
1496 1150 1591 1194 plane
1622 1150 1787 1183 luctuosus
1813 1156 1844 1183 et

1101 1203 1305 1243 miserabilis,
1324 1214 1406 1246 quae
1420 1203 1601 1244 hominum,
1620 1202 1843 1236 aedificiorum

1101 1263 1131 1291 et
1143 1268 1251 1290 rerum
1264 1257 1303 1290 ad
1311 1257 1409 1289 vitam
1421 1256 1605 1300 victumque
1617 1256 1843 1300 quotidianum

1100 1311 1354 1345 necessariarum
1375 1311 1534 1355 pernicies
1546 1316 1575 1344 et
1594 1310 1716 1343 iactura
1735 1310 1845 1343 extite-

1101 1365 1217 1405 1·it,nec
1229 1365 1296 1398 sine
1308 1364 1516 1398 acerbissimo
1527 1363 1647 1397 doloris
1654 1374 1749 1396 sensu
1758 1374 1845 1397 com-

1102 1418 1276 1452 memorari
1291 1424 1407 1462 potest,
1423 1429 1483 1451 nec
1494 1424 1580 1451 certe
1593 1417 1845 1451 commemorari

1102 1478 1299 1506 estnecesse.
1316 1472 1378 1506 Vos
1398 1472 1458 1516 ipsi
1479 1471 1580 1505 oeulis
1600 1471 1712 1504 vestris
1730 1476 1846 1504 cuncta

1102 1526 1306 1571 perspexistis
1328 1532 1357 1560 et
1389 1525 1473 1569 passi
1494 1525 1590 1565 estis,
1615 1530 1645 1558 et
1665 1535 1724 1558 nos
1749 1524 1844 1558 etiam

1103 1580 1259 1620 vidimus,
1281 1579 1448 1622 oculisque
1462 1584 1491 1612 et
1512 1578 1660 1611 manibus
1675 1577 1707 1610 in
1719 1578 1845 1611 coelum

1104 1634 1232 1667 elevatis
1260 1635 1346 1677 (eum
1365 1643 1442 1677 prae
1463 1631 1585 1665 doloris
1623 1631 1847 1674 magnitudine

1103 1699 1159 1721 cor
1172 1692 1318 1721 nostrum
1331 1687 1599 1730 disrumperetur,
1621 1691 1650 1718 et
1665 1684 1757 1729 quasi
1772 1695 1847 1718 cera

1104 1742 1365 1786 colliquefactum
1397 1742 1493 1784 esset)
1526 1740 1671 1774 omnium
1701 1739 1846 1772 miserias

1103 1801 1239 1840 paterno
1261 1795 1377 1828 affectu
1398 1800 1430 1828 et
1449 1793 1656 1827 miseratione
1688 1793 1847 1837 complexi

1104 1861 1226 1884 sumus.

1149 1905 1165 1946 g
1186 1903 1216 1936 ⁶2.
1240 1903 1301 1937 Sed
1322 1902 1418 1935 huius
1435 1907 1542 1935 tantae
1561 1901 1718 1935 eluvionis
1744 1907 1774 1934 et
1798 1911 1849 1934 ca-

1104 1956 1256 1990 lamitatis
1277 1966 1402 1995 causae,
1426 1965 1491 1989 non
1512 1966 1548 1988 ex
1566 1954 1734 1999 principiis
1753 1960 1848 1987 natu-

1105 2011 1226 2044 ralibus
1247 2009 1373 2043 curiose
1398 2009 1494 2042 nimis
1523 2008 1736 2052 inquirendae
1761 2013 1846 2048 sunt,

1105 2071 1135 2099 et
1163 2075 1200 2098 ex
1236 2074 1347 2097 eorum
1370 2062 1593 2107 opinionibus,
1624 2061 1679 2105 qui
1709 2061 1850 2095 dicentes

1105 2130 1138 2152 se
1162 2118 1337 2162 sapientes,
1372 2116 1460 2150 stulti
1481 2116 1554 2149 sacti
1571 2121 1660 2156 sunt,
1683 2121 1849 2159 tamquam

1105 2172 1130 2205 si
1151 2177 1261 2215 gentes
1282 2181 1434 2210 essemus,
1464 2180 1546 2213 quae
1567 2169 1717 2211 ignorant
1733 2169 1846 2208 Deum,

1105 2226 1161 2259 sed
1181 2225 1299 2269 potius,
1316 2230 1351 2258 ut
1368 2223 1559 2257 christianos
1571 2223 1673 2263 decet,
1688 2222 1720 2255 in
1736 2222 1850 2259 timore

1106 2285 1137 2312 et
1160 2284 1313 2318 tremore,
1332 2277 1492 2310 veriorem
1514 2276 1680 2319 magisque
1701 2275 1849 2309 intimam

1106 2332 1222 2365 harum
1244 2341 1473 2364 aerumnarum
1494 2330 1652 2372 originem
1673 2329 1756 2362 intra
1776 2340 1850 2363 nos-

1106 2386 1259 2429 metipsos
1270 2385 1532 2429 pervestigemus.
1554 2383 1670 2416 Aenisi
1691 2383 1850 2427 nosipsos

1106 2439 1217 2472 fallere
1238 2444 1268 2471 et
1288 2438 1437 2481 decipere
1458 2437 1608 2477 velimus,
1631 2443 1763 2480 peccata
1782 2437 1850 2481 ipsa

1106 2492 1348 2536 respondebunt
1364 2491 1474 2531 nobis,
1499 2496 1528 2523 et
1548 2489 1743 2534 iniquitates,
1768 2501 1850 2534 quae

1107 2545 1338 2589 multiplicatae
1347 2550 1421 2577 sunt
1437 2543 1533 2577 nimis
1545 2554 1654 2577 coram
1663 2545 1738 2577 Deo.
1752 2544 1850 2589 Abys-

1105 2610 1158 2632 sus
1179 2598 1264 2631 enim
1286 2603 1492 2642 peccatorum
1515 2597 1663 2642 abyssum
1677 2608 1846 2641 aquarum,

1107 2658 1137 2685 et
1157 2651 1326 2685 inundatio
1341 2651 1585 2686 inundationem
1604 2651 1757 2685 evocavit.

1891 1906 1980 1932 Propter
2000 1912 2048 1932 gon-

1864 1933 1915 1953 tium
1959 1935 2049 1959 peccata

1865 1960 1967 1983 evenisse.
1989 1960 2049 1980 mini-

1864 1992 1897 2007 mo
1913 1986 2006 2007 dubium.
