2253 3195
231 227 279 254 An.
297 228 326 254 c.
351 227 418 255 1595
464 217 528 251 220

431 381 632 419 contrahant,
660 385 712 412 aut
734 379 773 412 de
793 377 1002 416 monasterio,
1026 377 1172 420 inquod

431 434 650 471 admittamur,
671 438 758 466 certo
783 431 992 465 constitutum
1014 430 1121 470 fuerit;
1140 430 1172 463 in

431 488 525 520 aliam
551 496 627 520 vero
658 485 773 519 viduae
802 485 956 518 honestae
978 483 1174 517 conditionis

431 548 462 575 et
489 541 611 579 famae,
635 549 717 583 quae
743 538 775 571 in
807 538 918 571 eadem
949 537 1048 570 domo
1077 536 1173 570 simul

431 594 548 635 degere
568 593 743 631 voluerint;
768 591 799 624 in
820 591 914 624 aliam
936 591 1077 634 denique
1097 600 1171 622 mu·-

431 647 524 680 lieres
545 645 728 689 impudicae
748 643 978 689 poenitentiam
1005 653 1100 685 agere
1114 653 1171 676 cu-

431 701 566 745 pientes,
590 710 760 744 quousque
790 709 862 732 cum
885 698 1020 732 caeteris
1042 697 1074 730 in
1099 707 1172 730 mo-

431 754 605 787 nasterium
629 764 688 797 pro
717 752 838 786 eisdem
860 752 891 785 in
912 751 997 785 Urbe
1029 750 1176 793 designa-

433 814 500 840 tum
530 806 749 850 recipiantur,
782 811 837 839 aut
869 805 974 838 donec
1003 803 1176 837 honestum

432 860 557 893 vivendi
578 870 679 903 genus
698 859 893 903 compleant,
913 856 1051 897 admitti,
1068 862 1099 890 et
1119 856 1178 889 ibi-

434 914 505 948 dem
529 912 725 946 commorari
747 918 843 955 atque
869 910 1019 950 educari;
1043 920 1080 944 ac
1107 897 1175 942 {in-

433 969 527 1011 gulae
552 968 610 1000 sub
636 966 770 1010 proprio
792 965 874 999 vitae
904 964 1061 1003 instituto,
1084 973 1176 997 seor-

433 1032 504 1055 sum
527 1020 666 1062 virgines
687 1030 704 1052 a
728 1018 834 1052 viduis
859 1023 955 1062 alque
983 1027 1002 1050 a
1029 1016 1176 1050 mulieri-

433 1075 494 1108 bus
507 1072 690 1119 praedictis‚
707 1071 904 1106 exercendae
919 1070 1032 1103 instrui
1053 1075 1084 1103 et
1103 1079 1179 1114 pro-

436 1128 516 1168 bari,
540 1137 577 1160 ac
597 1126 676 1160 alias
696 1125 763 1168 regi
785 1131 816 1158 et
836 1123 1009 1167 gubernari
1028 1123 1177 1163 debeant,

435 1182 467 1215 in
495 1181 628 1215 aedibus
654 1185 685 1214 et
715 1177 873 1212 viridariis
904 1177 1068 1222 quondam
1099 1177 1177 1210 Ber-

437 1235 529 1269 nardi
550 1233 703 1268 Acciaioli
725 1233 755 1265 in
778 1232 890 1265 eadem
916 1231 1001 1264 alma
1021 1229 1103 1264 Urbe
1124 1240 1181 1264 no-

437 1295 503 1322 stra
518 1315 525 1328 ‚
554 1287 585 1320 in
618 1287 723 1320 Monte
755 1284 911 1324 Quirinali
932 1284 1001 1317 sitis
1016 1311 1023 1324 ‚
1047 1294 1105 1328 per
1124 1293 1182 1316 nos

438 1352 542 1385 nuper
559 1351 576 1374 a
590 1340 706 1373 dilecto
728 1339 794 1371 lilio
815 1338 933 1371 loanne
957 1337 1098 1381 Baptista
1117 1338 1179 1370 Ac-

439 1394 564 1434 ciaiolo‚
582 1393 724 1427 eiusdem
738 1391 891 1426 Bernardi
904 1390 971 1424 filio
986 1396 1016 1424 et
1029 1390 1179 1429 haerede,

439 1449 470 1482 in
493 1458 585 1482 usum
609 1447 791 1491 praedictae
813 1446 928 1479 domus
948 1444 1064 1488 emptis
1087 1450 1183 1488 atque

439 1501 632 1540 instauratis,
654 1500 842 1534 auctoritate
862 1499 1049 1543 apostolica,
1072 1503 1183 1531 tenore

439 1555 670 1600 praesentium,
691 1554 844 1596 erigimus
865 1559 897 1586 et
914 1552 1120 1586 instituimus.

485 1611 501 1652 g
534 1608 563 1642 3.
599 1608 756 1647 Quoniam
779 1617 854 1640 vero
883 1605 1055 1640 erectionis
1075 1605 1180 1644 huius,

441 1670 536 1707 atque
557 1663 692 1696 instituti
725 1662 956 1698 fundamenta,
983 1660 1026 1692 ita
1051 1660 1182 1692 demum

442 1717 535 1749 tii-ma
566 1722 596 1749 et
623 1715 774 1749 salutaria
807 1714 874 1747 sore
904 1712 1120 1751 confidimus,
1158 1712 1182 1745 si

441 1769 660 1803 sanctissimae
691 1769 746 1802 Dei
776 1767 947 1802 Genitricis
979 1777 1015 1800 ac
1046 1766 1184 1808 Virginis

441 1823 557 1857 Mariae
580 1822 711 1856 humani
743 1821 870 1863 generis
895 1821 1069 1853 advocatae
1090 1830 1183 1864 prae-

441 1877 524 1910 sidio
545 1887 581 1909 uc
603 1875 782 1920 patrocinio
812 1874 998 1912 innitantur,
1022 1873 1052 1906 in
1072 1873 1185 1917 primis

442 1940 500 1963 nos
522 1930 666 1964 eiusdem
688 1927 894 1962 Beatissimae
915 1927 1064 1969 Virginis,
1088 1936 1183 1969 quam

443 1983 597 2024 singulari
617 1993 745 2026 semper
759 1981 884 2025 pietatis
898 1981 984 2013 cultu
1000 1980 1185 2024 prosequuti

444 2048 572 2076 sumus,
605 2036 835 2068 intercessione
864 2045 900 2067 ac
933 2033 1057 2067 meritis
1093 2033 1183 2071 freti,

444 2092 589 2124 eamdem
612 2091 743 2122 domurn
771 2089 890 2121 [tentae
910 2087 1036 2120 Mariae
1057 2087 1189 2130 Resuyii

448 2144 542 2177 vrbis
562 2142 717 2187 appellari
737 2142 854 2175 debere
874 2140 1053 2173 statuinms.

491 2199 505 2240 ἐ
525 2197 555 2230 le.
586 2198 625 2230 [ἐκ
651 2196 803 2229 omnibus
824 2205 899 2227 vcro
921 2194 1006 2227 illius
1038 2193 1189 2226 festivita—

299 2256 430 2299 ''¹':.:.'.'.}1‘.'
449 2252 553 2290 tibus,
587 2249 803 2293 assumptonis
831 2248 979 2281 Eiusdem
1007 2247 1037 2279 iu
1062 2246 1187 2280 coelum

285 2314 319 2352 ΗΓ
344 2343 348 2352 Ι
373 2313 431 2352 ‘'222¹‘'
448 2306 544 2341 «liciti,
577 2303 793 2336 anniversaria
819 2301 1022 2334 solemnitate
1044 2300 1086 2332 ibi
1105 2299 1188 2333 cele-

449 2359 605 2390 brandam
628 2368 695 2389 csse
717 2355 931 2389 decernimus.

495 2414 510 2451 ξ,
533 2411 561 2443 Γ),
596 2412 656 2444 Ιίὀ
675 2411 817 2443 eiusdem
841 2415 947 2441 autom
970 2408 1085 2440 domus
1106 2407 1189 2449 regi-

251 2465 537 2513 ..ITT'..'.'',¹21;.¹,'.T.mim·
563 2471 588 2497 vt
613 2465 781 2503 culn-mio,
806 2462 1080 2495 administratores
1101 2462 1190 2494 etos-

251 2525 342 2566 Sulla...
369 2520 435 2569 ,‚-'.-'.',.:'.¹
454 2519 571 2550 striata-s
591 2517 787 2549 neri-§sartos
808 2517 846 2549 ad
860 2526 978 2548 antium
993 2513 1187 2558 proximum.

453 2571 611 2603 ettiuinclc·
637 2571 675 2602 ad
698 2576 842 2603 nostrum
870 2567 1107 2611 liu-twplacitutn
1134 2566 1191 2599 du-

456 2631 592 2663 taturos,
617 2624 669 2667 qui
694 2623 840 2665 rogimtni
862 2628 891 2655 ct
910 2620 1067 2662 gubernio
1088 2620 1191 2654 dictae

267 1666 425 1692 imponitur-de-

241 1697 358 1714 tu'intnaltsu
382 1699 400 1713 Π]
412 1704 424 1708 ..

240 1723 286 1741 nrt
296 1726 326 1739 <rit
344 1720 425 1745 fletugi

243 1747 265 1767 Β.
293 1746 383 1772 Virginis
406 1754 425 1766 itt

243 1774 305 1794 [ὼν.

1015 223 1199 248 numanum
1215 222 1370 247 nouarum

429 276 505 314 suis,
526 276 591 309 sive
612 275 652 309 ab
673 275 744 308 aliis
763 273 928 318 provisum
945 271 996 311 sit,
1019 277 1168 314 autquo-
1205 270 1321 304 domus
1333 270 1487 314 praesint,
1503 275 1534 304 et
1546 269 1609 303 alia
1619 268 1823 314 infrascripta
1833 267 1947 313 exequi

430 339 531 372 usque
557 329 595 362 de
615 329 684 361 viro
699 354 706 367 ‚
741 337 812 360 cum
835 335 898 369 quo
928 324 1170 357 matrimonium
1206 329 1320 356 curent
1339 323 1506 365 eligemus.

1961 217 2012 246 An.
2027 217 2058 246 c.
2077 194 2146 248 ιω
2156 202 2168 253 f
2191 212 2211 269 ᾗ

1251 377 1268 419 5
1289 375 1319 409 6.
1343 376 1464 416 Quibus
1488 375 1804 409 administratoribus
1827 380 1858 409 et
1878 374 1948 409 offi-
1980 363 2157 427 ῼυίιονροτιιιωὲ

1207 429 1352 470 cialibus,
1381 435 1552 474 postquam
1577 434 1612 462 ut
1631 428 1833 473 praefertur,
1856 427 1949 461 electi
1963 409 2178 469 g'rffiai'issiu'sstsf.
2203 424 2207 425 ’

1208 483 1335 523 suerint,
1359 493 1584 527 quaecumque
1614 487 1733 516 statuta
1749 486 1781 515 et
1799 481 1927 523 regulas
1939 508 1947 521 ,
2142 471 2156 493 '²

1207 547 1244 570 ac
1263 547 1413 570 normam
1434 537 1474 570 ad
1494 535 1681 570 huiusmodi
1694 535 1840 578 regimen
1853 540 1884 568 et
1895 545 1953 577 gu-

1209 589 1355 623 bernium
1370 599 1524 634 prospere
1536 589 1753 631 dirigendum,
1769 587 1953 622 necessaria

1209 649 1240 676 et
1259 648 1453 687 opportuna,
1477 642 1681 676 licitatamen
1701 646 1732 674 et
1748 640 1893 679 honesta,
1917 651 1954 674 ac

1209 696 1307 730 sacris
1327 696 1505 729 canonibus
1517 702 1549 729 et
1560 695 1694 729 Concilii
1705 694 1883 728 Tridentini
1898 694 1955 728 de-

1210 749 1305 783 cretis
1337 749 1516 783 conformia
1530 776 1538 788 ,
1569 754 1601 782 et
1620 759 1639 781 a
1658 747 1752 781 nobis
1777 753 1809 781 et
1827 757 1845 781 a
1872 746 1955 781 Sede

1211 803 1388 848 apostolica
1407 802 1619 847 approbanda
1631 807 1663 835 et
1677 801 1869 835 affirmanda
1889 807 1954 834 tam

1212 868 1230 890 a
1251 856 1438 899 virginibus,
1461 855 1565 889 viduis
1589 861 1620 890 et
1641 854 1832 888 mulieribus
1852 854 1884 887 in
1905 853 1954 888 di-

1213 916 1294 944 ctam
1314 910 1447 943 domum
1468 908 1674 953 recipiendis,
1701 918 1798 952 quam
1820 907 1859 940 ab
1879 906 1955 951 ipsis

1213 970 1242 998 et
1267 963 1338 997 aliis
1358 961 1474 996 suturis
1493 960 1809 995 administratoribus
1829 965 1860 994 et
1879 959 1952 994 offi-

1214 1017 1348 1051 cialibus
1365 1016 1576 1056 obs‘ervanda,
1591 1015 1751 1050 condendi
1767 1020 1798 1048 et
1817 1013 1957 1048 faciendi

1215 1070 1410 1114 interimque
1441 1069 1573 1103 domum
1595 1067 1793 1113 praedictam
1823 1066 1957 1110 regendi

1215 1130 1246 1158 et
1264 1123 1479 1167 gubernandi,
1507 1122 1657 1167 illiusque
1676 1119 1826 1164 regimini
1844 1125 1876 1154 et
1899 1130 1958 1163 gu-

1216 1177 1329 1211 bernio
1347 1175 1563 1221 praesidendi,
1588 1175 1758 1209 inferiores
1793 1172 1958 1207 ministros

1216 1241 1328 1265 eorum
1350 1229 1484 1264 arbitrio
1497 1228 1712 1263 constituendi
1724 1233 1755 1261 et
1768 1226 1955 1272 deputandi,

1216 1291 1246 1319 et
1266 1284 1396 1328 quando
1416 1283 1461 1317 eis
1482 1282 1632 1327 expedire
1644 1281 1747 1315 visum
1761 1281 1868 1322 fuerit,
1888 1290 1959 1314 mu-

1218 1339 1304 1372 tandi
1330 1343 1360 1371 et
1379 1336 1562 1371 revocandi.

1261 1392 1277 1436 §
1298 1391 1326 1425 7.
1350 1391 1384 1425 ln
1405 1390 1518 1435 primis
1536 1399 1611 1423 vero
1632 1387 1792 1431 virginum
1808 1414 1816 1428 ‚
1846 1386 1958 1421 vidua·
1974 1422 2016 1444 qus
2031 1389 2159 1438 ‘ssssss'ffig'’

1219 1456 1290 1480 rum
1317 1451 1348 1478 et
1378 1444 1552 1477 mulierum
1583 1443 1616 1476 in
1649 1442 1734 1476 dicta
1753 1441 1851 1475 domo
1871 1440 1954 1474 reci·
1973 1423 2159 1492 ffiffifflimffiss}

1219 1499 1409 1545 piendarum
1431 1497 1600 1542 qualitates
1620 1495 1809 1539 designandi
1823 1500 1855 1528 et
1866 1505 1960 1539 prae·
1973 1496 2173 1550 Bl'ssmssssfflss‘ss·

1218 1552 1391 1592 scribendi,
1414 1551 1609 1594 easdemque
1627 1548 1778 1592 virgines,
1801 1547 1913 1581 viduas
1929 1552 1961 1581 et
1974 1550 2033 1572 Μυῒ.
2151 1541 2173 1556 ““
2197 1549 2201 1552 “

1220 1606 1371 1640 mulieres
1391 1605 1422 1638 in
1450 1604 1583 1638 domum
1613 1602 1833 1647 praedictam,
1857 1601 1961 1635 donec

1218 1663 1336 1692 statuta
1356 1666 1414 1701 per
1433 1665 1488 1689 eos
1513 1654 1663 1692 condita,
1687 1664 1705 1687 a
1724 1653 1883 1697 nobisque
1903 1662 1960 1697 ap-

1221 1711 1354 1756 probata
1375 1715 1405 1743 et
1432 1707 1622 1743 confirmata
1643 1706 1782 1746 suerint,
1813 1705 1962 1739 similiter

1220 1766 1362 1809 ipsorum
1384 1762 1517 1796 arbitrio
1531 1759 1747 1805 recipiendiet
1757 1758 1958 1799 admittendi,

1219 1828 1338 1862 easque
1358 1815 1553 1850 dimittendi.

1264 1873 1280 1914 ς
1301 1869 1331 1904 8.
1355 1870 1486 1904 Necnon
1505 1868 1600 1902 etiam
1622 1867 1763 1907 easdem,
1787 1875 1860 1900 curn
1881 1875 1963 1910 opus
1977 1866 2174 1922 ωῇ·’ῠὲ3ήῖῑ;ἐ;

1221 1925 1324 1963 fuerit,
1349 1922 1507 1962 visitandi,
1531 1920 1714 1964 corrigendi
1735 1925 1767 1953 et
1782 1919 1962 1953 reforman-
1977 1911 2035 1948 ‘tm'
2163 1911 2170 1935 .·

1221 1979 1264 2017 di,
1286 1977 1384 2021 ipsius
1405 1977 1520 2010 domus
1539 1975 1624 2008 bona
1644 1979 1675 2007 et
1694 1973 1839 2007 redditus
1859 1971 1963 2006 admi-

1222 2029 1398 2069 nistrandi,
1431 2039 1468 2062 ac
1497 2027 1606 2061 onmia
1628 2032 1659 2060 et
1688 2026 1814 2068 singula
1834 2025 1896 2058 alia
1922 2024 1963 2058 ad

1224 2085 1365 2127 regimen
1395 2088 1422 2116 et
1445 2081 1638 2124 gubernium
1659 2080 1802 2114 eiusdem
1833 2079 1960 2119 domus,

1224 2139 1429 2182 ipsarumque
1454 2135 1626 2176 virginum,
1649 2133 1819 2167 viduarum
1840 2137 1871 2165 et
1892 2141 1964 2165 mu-

1224 2192 1338 2225 lierum
1359 2188 1623 2223 commoditatem
1652 2186 1833 2220 necessaria
1853 2191 1885 2220 et
1904 2195 1964 2230 op-

1225 2251 1362 2289 portuna
1387 2242 1535 2282 faciendi,
1563 2240 1747 2281 ordinandi,
1775 2238 1962 2280 mandandi,

1224 2298 1356 2341 gerendi
1383 2303 1410 2330 et
1435 2295 1625 2340 exequendi.

1269 2354 1285 2394 ς
1307 2352 1337 2385 9.
1373 2351 1543 2384 Praeterea
1571 2349 1650 2382 duas
1671 2348 1702 2381 in
1716 2346 1718 2348 ’
1734 2346 1846 2380 eadem
1867 2346 1965 2380 domo
1979 2370 2163 2401 nesam-mah

1224 2404 1501 2445 rotigregzatioms,
1530 2402 1663 2435 alteram
1691 2400 1846 2439 virorum,
1880 2398 2166 2450 ⁸¹¹e·⁶l?„⁰÷..‘.¹.⁰⁰lffla{2‘
2208 2412 2209 2416 =

1225 2469 1292 2491 ram
1319 2457 1502 2495 mulierum,
1526 2455 1565 2488 ad
1587 2453 1790 2497 infrascripta
1811 2444 2095 2496 peragendum-'¹¹¹-
2166 2442 2170 2447 ⁵

1225 2513 1276 2551 dn,
1299 2510 1488 2544 auctoritate
1503 2514 1623 2546 nostra,
1648 2505 1833 2540 instituendi
1852 2511 1883 2539 et
1900 2504 1964 2538 eri-

1226 2565 1320 2606 gendi
1343 2564 1524 2597 facultatem
1546 2567 1575 2595 ct
1596 2561 1831 2599 auctoritatem,
1856 2564 1966 2592 tenore

1227 2617 1436 2662 presentium,
1468 2614 1675 2649 concedimus
1700 2620 1730 2647 et
1749 2611 1962 2657 impartimur.

2015 2345 2165 2375 nonar-atto·
2214 2337 2223 2358 '⁹
