2253 3195
243 248 291 275 An.
309 248 336 275 c.
361 248 427 276 icc}
473 238 537 272 806

441 297 516 330 sitas
533 297 643 340 oppidi
658 298 723 341 Ayn
738 297 879 329 solvebat
897 296 1014 329 rectori
1029 292 1184 340 praefato,

442 357 470 384 ct
492 351 572 383 aliae
593 350 752 383 sexdecim
768 350 880 390 librae,
893 356 921 382 et
936 356 1056 394 septem
1078 350 1184 391 solidi,

441 415 553 437 omnes
582 403 690 445 viginti
722 409 844 446 septem
870 403 988 443 librae,
1017 414 1097 446 quas
1128 413 1183 435 ea-

442 459 514 491 dem
540 457 730 490 universitas
760 458 800 490 de
826 458 892 501 Ayn
913 456 1082 501 promisit,
1104 463 1135 489 et
1154 467 1187 490 se

441 510 593 551 obligarit
612 510 757 554 quolibet
774 520 859 543 anno
873 510 996 543 solvere
1019 509 1133 542 rectori
1148 509 1186 542 de

442 564 560 597 Esllida
573 563 696 597 ratione
708 563 925 607 primitiarum
944 569 975 596 et
986 563 1185 596 decimarum

441 618 700 662 praedictarum,
725 629 807 662 quac
827 618 852 651 si
872 618 1088 660 exigerentur,
1111 628 1186 651 cen-

443 678 510 704 tum
539 671 669 714 triginta
689 677 830 716 quatuor
850 671 941 704 libris
962 671 1184 710 aestimantur,

442 731 514 758 acto
546 731 677 768 recepto
703 725 761 758 sub
787 725 902 758 eodem
930 724 1003 764 die,
1027 730 1058 757 et
1078 735 1187 758 coram

441 778 556 811 eodem
585 778 723 811 notario.
747 779 825 811 Item
846 777 1051 822 applicantur
1077 788 1130 810 sex
1151 777 1188 810 li-

441 832 519 864 brae
541 842 577 865 ex
607 831 764 865 reditibus
781 831 857 864 olim
881 831 1112 875 mesquitarum
1135 831 1185 863 di-

442 891 566 918 ctorum
589 885 782 929 oppidorum
809 884 927 918 Esllida
948 891 979 918 et
1003 886 1082 929 ΑΕΗ,
1106 895 1188 928 quae

442 939 570 972 insimul
613 939 730 972 valoris
770 944 842 972 sunt
887 939 1036 972 undecim
1085 939 1185 972 libra-

442 1003 536 1033 rum,
571 998 644 1026 octo
679 992 858 1026 solidorum
897 998 926 1026 ct
959 998 1099 1036 quatuor
1135 993 1189 1025 de-

441 1046 621 1079 nariorum.
649 1046 779 1079 Solvant
798 1051 966 1090 praeterea
996 1051 1058 1079 tres
1088 1056 1185 1089 prae-

442 1099 607 1142 positurae
627 1099 830 1132 Dertusensis
848 1099 1013 1137 ecclesiae,
1035 1110 1115 1143 quas
1140 1110 1189 1132 sa-

443 1153 549 1192 crista,
576 1152 813 1196 hospitalerius,
837 1158 868 1186 et
891 1152 1138 1185 archidiaconus
1150 1153 1188 1186 dc

444 1205 568 1239 Borriol
599 1205 767 1245 obtinent,
791 1217 844 1239 sex
875 1205 983 1246 libras,
1019 1206 1098 1239 duas
1129 1216 1188 1249 pro

444 1259 589 1303 qualibet
606 1259 841 1303 praepositura.
857 1259 963 1292 Mensa
977 1270 1051 1292 vero
1065 1259 1188 1303 cpisco-

444 1313 524 1357 palis
549 1314 647 1346 solvat
673 1313 918 1357 ‹piatuordecim
945 1313 1043 1346 libras
1064 1313 1187 1347 ratione

444 1367 688 1410 compositionis
719 1367 781 1400 iam
815 1367 941 1406 dictae,
965 1378 1047 1410 qnae
1076 1377 1189 1400 omncs

445 1424 573 1453 ‹rt-ntum
603 1420 701 1453 libras
733 1420 885 1453 efficiunt.
911 1420 1050 1453 Ecclesia
1078 1420 1187 1464 oppidi

445 1474 561 1506 lisllida
584 1473 669 1507 iuxta
689 1473 800 1518 populi
823 1473 1060 1507 multitudinem
1083 1484 1186 1517 angu-

444 1533 490 1560 sta
507 1532 554 1560 est
568 1554 575 1566 ,
597 1527 670 1560 ideo
688 1527 873 1571 amplianda
893 1533 951 1567 cst,
979 1527 1128 1560 addendo
1150 1528 1188 1561 ad

443 1581 543 1614 altare
565 1581 668 1614 maius
697 1581 792 1614 aliam
819 1580 945 1614 tertiam
967 1587 1092 1625 partem
1115 1582 1187 1615 lon--

443 1634 597 1675 citudinis
627 1635 711 1668 iuxta
732 1636 867 1668 sormam
894 1635 1055 1668 traditam.
1080 1635 1187 1668 Sacri-

444 1688 502 1720 f-tia
524 1689 619 1721 ctiam
645 1689 684 1722 dc
706 1685 803 1723 domo
825 1689 959 1722 rectoris
980 1689 1188 1730 desumatur;

444 1748 471 1775 ct
495 1743 525 1775 in
545 1742 666 1786 oppido
683 1744 749 1787 ΛΨ
777 1743 912 1776 ecclesitt
937 1743 1032 1775 etiam
1055 1743 1191 1787 amplic-

445 1802 507 1835 tur,
531 1796 626 1828 simili
648 1796 814 1829 additione
838 1796 878 1829 ad
901 1796 1001 1829 altare
1024 1796 1138 1837 maius,
1162 1802 1192 1830 et

444 1850 587 1883 sacristia
619 1850 830 1890 aestimetur,
860 1855 958 1893 prout
990 1849 1191 1892 designatum

445 1909 510 1941 0513
535 1903 656 1936 reditus
676 1913 762 1942 vero,
787 1912 870 1946 qnae
891 1903 967 1936 olim
990 1903 1029 1936 ad
1053 1903 1192 1947 mesqui-

447 1962 492 1989 tas
513 1956 674 1991 dictorum
697 1956 893 2000 oppidorum
917 1956 1133 1999 pertinebant,
1154 1957 1192 1989 de

447 2020 543 2042 manu
565 2009 655 2042 duris
676 2010 715 2042 de
743 2010 889 2042 Cardoua
915 2009 988 2053 (qui
1017 2009 1088 2042 illos
1113 2016 1192 2043 tant-

446 2074 541 2106 quam
560 2073 635 2096 suos
657 2063 764 2095 multis
785 2063 876 2096 annis
898 2063 987 2095 nullo
1010 2063 1102 2095 titulo
1128 2063 1191 2097 cxi-

446 2127 521 2155 ;3‹·i·‹:
548 2116 634 2159 l'erit)
657 2122 900 2160 recuperentur,
924 2122 951 2148 et
979 2116 1121 2149 ecclesiis
1142 2127 1191 2148 re-

446 2169 584 2211 spective
605 2169 827 2209 restituantur,
849 2175 876 2201 et
899 2181 958 2214 per
982 2175 1140 2202 rectorem
1163 2175 1193 2202 et

449 2222 569 2255 iuratos
590 2223 867 2256 administrentur.

571 2303 726 2341 ,lla-udin,
758 2303 826 2343 l'cn,
848 2303 1064 2336 ltem'tumlus.

492 2383 614 2427 ttppida
648 2383 813 2421 Almana,
843 2384 898 2415 Vco
930 2389 957 2416 ct
990 2383 1194 2417 [mutandus

449 2448 570 2468 :uiua-xa
581 2442 651 2469 tunt
667 2436 843 2480 parochiali
855 2437 1192 2470 ‹=‹·‹·t‹·siac‹t‹=tls-ttida.

450 2490 525 2522 Nam
548 2490 703 2533 oppidum
725 2491 802 2523 olim
832 2491 938 2523 ,lll'ara
960 2491 1102 2524 dirutum
1125 2497 1191 2531 ‹·.‹t;

449 2550 595 2577 satutant.
622 2545 754 2578 ‚tlt-sustin
775 2545 938 2585 sexaginta
963 2545 1107 2588 quinque
1137 2545 1194 2576 do-

451 2597 574 2635 mibus,
605 2598 665 2629 w«,
691 2598 903 2642 qit:ulra;.=ittt.·i
932 2604 959 2629 et
1000 2597 1196 2631 llenitaudus

450 2650 560 2682 ‹to-:vm
582 2655 610 2682 et
632 2655 838 2689 o‹·to,o1uues
859 2657 986 2683 centum
1003 2650 1110 2692 viginti
1133 2656 1196 2683 tres

1034 249 1218 273 BULLARIUM
1238 248 1391 272 ROMANUM

1221 296 1336 329 domus
1374 295 1625 329 christianorum
1658 307 1761 340 nuper
1791 298 1831 330 ad
1866 297 1964 330 fidem

1221 359 1462 389 conversorum,
1483 355 1512 382 et
1534 361 1551 382 a
1571 355 1697 383 rectore
1718 351 1757 383 de
1777 350 1965 383 Esllidami-

1221 403 1347 436 nistrari
1362 403 1529 447 solita‚qui
1540 404 1638 436 semel
1654 403 1684 436 in
1699 414 1807 436 mense
1819 404 1858 437 ad
1869 403 1966 447 pluri-

1222 467 1308 489 mum
1325 457 1363 488 ad
1376 457 1456 490 duas
1470 456 1582 489 missas
1596 457 1821 497 celebrandas,
1831 457 1964 490 alteram

1221 510 1253 542 in
1271 509 1392 553 oppido
1412 509 1557 549 Alendia,
1578 510 1712 543 alteram
1733 510 1765 542 in
1785 510 1906 554 oppido
1927 509 1965 543 de

1979 245 2072 274 Aac.
2093 247 2128 274 16
2156 232 2185 246 ⁹

1221 563 1300 603 Veo,
1324 563 1401 596 illuc
1421 574 1454 596 se
1474 563 1678 603 conferebat,
1702 569 1733 596 et
1760 573 1818 607 pro
1849 563 1986 608 salario·

1221 617 1260 650 ab
1282 617 1357 661 ipsis
1382 617 1509 661 oppidis
1530 617 1690 661 sexdecim
1712 616 1811 650 libras
1836 622 1867 651 et
1888 615 1977 661 qua-'

1223 677 1296 704 tuor
1324 670 1444 704 solidos
1469 670 1658 714 accipiebat,
1678 670 1783 703 nullas
1808 669 1967 714 primitias

1221 731 1275 758 aut
1293 725 1434 758 decimas
1447 725 1485 757 de
1508 723 1676 764 fructibus,
1692 734 1773 767 quos
1794 723 1963 767 colligunt,

1221 779 1345 811 solvere
1377 778 1532 811 hactenus
1567 782 1824 818 consueverunt,
1852 776 1967 810 virtute

1222 831 1415 864 concordiae
1436 841 1508 864 cum
1531 831 1664 864 domino
1687 830 1858 874 temporali
1878 829 1963 863 anti-

1222 885 1331 928 quitus
1365 884 1474 925 initae,
1505 885 1782 928 quemadmodum
1804 884 1836 916 in
1857 889 1964 917 caete-

1222 939 1265 972 ris
1292 938 1370 972 locis
1402 938 1515 971 Serrae
1545 938 1584 971 de
1611 937 1747 977 Esllida,
1770 943 1802 970 et
1821 937 1966 971 Vallibus

1223 993 1263 1025 de
1286 993 1371 1032 Um,
1403 997 1433 1024 ct
1464 992 1564 1025 Zuera
1589 991 1710 1024 dictum
1747 996 1809 1032 est,
1841 995 1966 1024 tantum

1223 1045 1395 1079 duodecim
1443 1045 1541 1078 libras
1582 1044 1735 1088 episcopo
1785 1043 1970 1078 Dertusensi

1222 1099 1378 1143 pendunt,
1406 1104 1436 1131 et
1457 1098 1534 1131 alias
1554 1097 1723 1131 duodecim
1748 1097 1845 1131 libras
1868 1097 1969 1131 tribus

1223 1151 1415 1196 praepositis
1433 1151 1517 1184 sedis
1541 1150 1742 1184 Dertuseusis
1766 1161 1802 1184 cx
1827 1150 1967 1194 quadam

1222 1204 1458 1249 compositione
1478 1215 1538 1248 pro
1560 1204 1700 1245 iuribus,
1717 1214 1799 1248 quae
1816 1204 1855 1237 ad
1870 1214 1965 1248 prae-

1223 1260 1302 1292 fatas
1332 1257 1472 1291 decimas
1500 1257 1711 1302 praetendere
1740 1262 1889 1301 possent3
1912 1257 1969 1291 sed

1223 1312 1376 1356 quoniam
1407 1311 1486 1343 baec
1515 1310 1572 1343 tria
1594 1310 1725 1354 oppida,
1739 1320 1812 1343 cum
1834 1309 1917 1343 inter
1936 1321 1969 1343 se

1222 1366 1282 1399 sint
1314 1365 1514 1409 propinqua,
1538 1374 1556 1397 a
1576 1363 1756 1408 parochiali
1781 1364 1820 1396 dc
1853 1363 1970 1397 Esllida

1223 1430 1280 1464 per
1297 1430 1394 1452 unam
1417 1418 1540 1451 leucam
1560 1417 1730 1462 asperrimi
1756 1416 1880 1450 itineris
1898 1422 1972 1450 sunt

1225 1473 1385 1513 distantia,
1410 1477 1537 1516 oportet
1557 1472 1644 1516 quod
1665 1471 1704 1504 ab
1725 1481 1762 1504 ea
1781 1477 1971 1515 separentur

1224 1533 1255 1560 et
1288 1526 1584 1565 disinemlncntur,
1621 1530 1651 1558 et
1685 1531 1833 1569 separata
1863 1535 1970 1558 rema-

1224 1586 1332 1619 neant,
1357 1585 1387 1612 ct
1413 1579 1443 1612 in
1465 1579 1586 1624 oppido
1614 1578 1747 1612 Alcudia
1776 1577 1971 1622 parochialis

1225 1634 1359 1667 ecclesia
1380 1633 1538 1676 erigatur,
1562 1639 1592 1666 et
1620 1638 1725 1667 erecta
1751 1638 1880 1667 maneat
1909 1632 1968 1666 sub

1226 1687 1429 1721 invocatione
1450 1687 1480 1721 S.
1502 1687 1630 1721 loannis
1648 1686 1819 1730 Baptistae,
1835 1697 1906 1720 cum
1923 1696 1972 1720 sa-

1225 1741 1342 1782 crario,
1365 1740 1520 1781 sacristia,
1538 1741 1623 1774 sonte
1645 1739 1828 1784 baptismali
1840 1745 1869 1773 ct
1884 1750 1972 1773 cam-

1226 1795 1323 1840 panili
1338 1823 1345 1835 ,
1369 1795 1524 1838 omnique
1548 1794 1612 1828 alio
1637 1794 1733 1838 pleno
1764 1793 1833 1827 iure
1854 1799 1883 1827 et
1905 1793 1971 1838 pri-

1226 1849 1341 1892 vilegio
1368 1847 1601 1893 parochialium
1625 1847 1854 1888 ecelesiarum,
1882 1853 1911 1881 ct
1932 1847 1971 1881 ah

1228 1913 1291 1936 uno
1312 1901 1444 1946 proprio
1465 1906 1492 1935 ct
1516 1906 1672 1945 perpetuo
1696 1906 1831 1941 rectore,
1847 1899 1900 1944 qui
1923 1910 1970 1933 re-

1226 1956 1396 1990 sidentiam
1419 1955 1513 1988 saciat
1530 1954 1747 1999 personalem,
1765 1953 1972 1987 administre-

1228 2016 1290 2050 tur,
1307 2009 1528 2053 habeaturque
1548 2019 1606 2052 pro
1627 2007 1759 2041 annexis
1777 2007 1895 2052 oppida
1907 2007 1972 2041 Veo

1227 2070 1257 2097 et
1287 2063 1498 2101 lleiiitaudus,
1523 2062 1740 2105 doteturque,
1764 2067 1795 2094 et
1821 2072 1859 2094 ex
1888 2071 1972 2094 nunc

1227 2117 1333 2149 dotata
1357 2120 1496 2154 mancat,
1513 2114 1693 2148 decentum
1716 2113 1806 2147 libris
1821 2120 1972 2147 monetae

1227 2170 1459 2203 Vah-utinensis
1481 2169 1511 2202 in
1534 2169 1691 2203 reditibus
1708 2168 1851 2212 quolibet
1873 2178 1970 2209 anno,

1228 2225 1287 2257 hoe
1309 2223 1454 2257 videlicet
1479 2223 1592 2255 modo:
1613 2222 1700 2266 quod
1721 2221 1748 2255 ei
1771 2221 1974 2266 applicentur

1228 2287 1285 2321 pro
1306 2277 1380 2310 dote
1403 2277 1475 2309 illae
1495 2275 1655 2309 sexdecim
1671 2275 1772 2308 librae
1790 2279 1817 2308 et
1834 2280 1974 2318 quatuor
2002 2269 2008 2277 ¹

1227 2330 1333 2370 solidi,
1358 2340 1437 2373 quas
1459 2329 1682 2362 universitates
1693 2328 1852 2362 dictorum
1876 2327 1972 2361 trium

1227 2384 1422 2428 oppidorum
1451 2382 1566 2416 rectori
1595 2382 1634 2415 dc
1661 2381 1778 2415 testtida
1805 2381 1974 2415 solvebant

1228 2447 1286 2481 pro
1307 2436 1441 2475 salario,
1466 2441 1495 2468 et
1516 2435 1596 2468 aliae
1619 2434 1747 2477 triginta
1773 2439 1845 2467 octo
1873 2433 1973 2467 librae

1229 2495 1258 2523 ct
1278 2489 1436 2522 sexdecim
1460 2488 1577 2529 solidi,
1601 2498 1714 2521 omues
1738 2486 1973 2531 quinquaginta

1229 2543 1371 2587 quinqua·
1393 2542 1503 2582 librae,
1520 2552 1601 2586 quas
1621 2541 1803 2586 praedictae
1825 2545 1888 2573 tres
1901 2539 1974 2573 uni-

1230 2596 1394 2630 versitates
1419 2595 1514 2628 sinuit
1541 2601 1570 2628 ct
1601 2595 1630 2628 in
1657 2594 1798 2628 solidum
1820 2592 1976 2638 prornisc-

1232 2655 1302 2683 ruut
1336 2655 1367 2683 ct
1397 2661 1430 2681 se
1460 2648 1647 2689 obligarunt,
1677 2648 1800 2681 solvere
1830 2645 1976 2690 quolibet
