2253 3195
268 177 316 204 An.
333 175 361 204 e.
385 175 452 204 1593
499 166 540 200 70

299 925 369 946 ,Ἡρη-’3
386 926 446 952 (Σιρι-

265 953 309 973 tuli.

464 231 534 259 ctae
553 224 669 259 Mariae
687 225 727 258 de
745 223 1000 264 Villabeltrandi‚
1019 222 1207 257 Gemnden-

463 279 506 312 sis
526 278 700 318 dioecesis,
723 276 857 322 praefati
888 276 1015 310 Ordinis
1041 275 1073 310 S.
1096 276 1206 318 Augu-

463 331 537 364 stini
559 331 788 365 canonicorum
810 329 1019 372 regularium,
1040 328 1136 362 etiam
1148 339 1207 362 nu-

463 394 523 429 per
535 384 575 417 ad
587 383 845 417 saecularitatem
865 383 1042 423 redactam,
1059 382 1098 415 de
1109 381 1206 415 simili

464 438 723 481 iurepatronatus
742 436 941 476 existentem,
965 446 1002 469 ac
1024 435 1115 469 cuius
1142 434 1206 468 sru-

463 497 531 524 ctus
551 491 582 523 in
603 490 724 523 eisdem
745 489 836 523 libris
856 490 896 523 ad
916 490 1057 524 florenos
1087 488 1206 522 similes

462 549 626 578 sexcentos
646 543 742 576 taxati
756 543 974 587 reperiuntur,
990 553 1129 587 quorum
1145 548 1206 577 ter-

464 598 505 630 tia
521 607 595 641 pars
619 597 804 637 decanatus,
828 602 859 629 et
878 597 1023 640 reliquae
1041 596 1124 630 duae
1143 603 1206 630 ter-

463 651 524 684 tiae
542 655 650 694 partes
669 649 739 683 aliis
759 649 861 683 tribus
875 649 1083 692 dignitatibus
1096 650 1206 694 aequis

462 703 666 748 portionibus
687 703 887 743 dividendos,
911 703 1101 736 auctoritate
1118 709 1149 736 et
1162 708 1207 736 te·

462 768 541 791 nore
553 757 712 790 similibus
725 757 821 791 etiam
832 763 990 801 perpetuo
1005 757 1206 799 assignamus

462 816 493 844 et
509 810 720 855 applicamus.

507 865 523 906 5
545 863 574 897 7.
599 864 724 897 Mensae
745 874 820 897 vero
842 863 1022 908 capitulari,
1046 873 1106 908 pro
1127 862 1207 896 duo-

462 917 566 951 decim
587 917 835 951 canonicatuum
856 917 941 957 dote‚
965 917 1074 950 omnia
1102 916 1207 950 officia

463 971 644 1004 claustralia
664 977 695 1004 et
714 971 879 1014 portiones
908 971 1110 1004 canonicales
1130 971 1207 1004 alias

463 1024 493 1057 in
515 1025 600 1058 dicta
620 1024 747 1057 abbatia
766 1023 947 1058 Celsonensi
972 1024 1148 1064 existentia,
1177 1031 1206 1058 et

463 1089 565 1123 nuper
591 1089 779 1123 suppressa,
803 1089 942 1123 quorum
977 1078 1065 1112 mille
1097 1085 1207 1113 octua-

461 1131 570 1174 ginta;
594 1142 631 1165 ac
651 1132 830 1176 prioratum
863 1132 998 1166 Sanctae
1027 1132 1142 1166 Mariae
1168 1133 1207 1166 de

462 1185 652 1225 Boccarosa,
673 1185 800 1219 Ordinis
820 1185 954 1229 praefati
974 1185 1206 1219 canonicorum

464 1239 659 1283 regularium
681 1239 898 1273 Gerundensis
919 1239 1094 1279 dioecesis,
1117 1239 1207 1273 cuius

463 1293 675 1327 ducentorum
690 1292 874 1335 octuaginta
888 1293 1042 1328 duorum:
1066 1303 1103 1326 ac
1120 1292 1207 1337 prio-

464 1352 567 1380 ratum
588 1347 618 1380 S.
633 1346 717 1380 Petri
739 1346 778 1379 dc
799 1346 900 1387 Clara,
915 1346 1059 1380 eiusdem
1079 1346 1207 1380 Ordinis

463 1400 692 1434 canonicorum
712 1400 922 1442 regularium,
940 1400 1207 1434 Barchinonensis

463 1453 629 1494 dioecesis,
653 1453 743 1486 cuius
763 1453 943 1496 sexaginta;
971 1464 1007 1486 ac
1027 1454 1206 1497 prioratum

462 1506 492 1540 S.
513 1506 629 1540 Mariae
649 1507 688 1540 de
708 1506 883 1547 Gualterio,
907 1507 1034 1541 Ordinis
1054 1507 1084 1541 S.
1109 1508 1208 1542 Bene-

463 1559 549 1600 dicti,
573 1559 766 1603 Urgellensis
784 1559 951 1600 dioecesis,
975 1560 1067 1593 cuius
1088 1561 1208 1594 duceu-

464 1619 569 1646 torum
590 1613 734 1655 triginta:
759 1624 795 1646 ac
815 1613 993 1657 prioratum
1021 1619 1206 1648 sanctorum

462 1667 621 1700 Celidonis
640 1673 671 1700 et
690 1667 870 1700 Ementoris
891 1667 930 1700 de
950 1667 1092 1705 Celeriis.
1115 1667 1208 1702 Ordi-

463 1720 512 1753 nis
531 1719 560 1753 S.
585 1720 758 1759 Benedicti,
783 1720 879 1754 etiam
900 1720 1094 1762 Urgellensis
1119 1721 1207 1755 dioe-

463 1774 554 1814 cesis,
578 1773 668 1807 cuius
688 1774 798 1816 viginti
828 1785 892 1807 sex.
916 1774 1068 1808 Fabricae
1099 1782 1206 1809 autem

464 1834 494 1861 et
512 1828 675 1862 sacristiae
696 1829 795 1873 ipsius
815 1829 969 1862 ecclesiae
994 1829 1203 1870 Celsoneusis,

464 1892 523 1926 pro
536 1892 647 1915 earum
661 1883 734 1916 dote
752 1888 781 1916 et
794 1893 930 1916 onerum
948 1883 1203 1926 supportatione,

463 1935 641 1980 prioratum
674 1936 703 1969 S.
728 1936 843 1969 Mariae
874 1936 912 1969 de
939 1936 1120 1970 Serrabona
1151 1937 1207 1971 Or-

463 1989 546 2023 dinis
572 1990 803 2023 canonicorum
834 1990 1030 2033 regularium
1062 1991 1206 2025 Elnensis

463 2043 630 2083 dioecesis,
654 2043 744 2076 cuius
765 2049 893 2077 centum
915 2043 1040 2084 viginti;
1064 2054 1100 2078 ac
1122 2044 1206 2088 prio-

465 2102 568 2129 ratum
591 2096 629 2129 ‹le
649 2096 758 2130 Castro
783 2097 881 2137 Novo,
906 2097 979 2130 dicti
1005 2097 1132 2135 Ordinis
1153 2109 1205 2131 ca-

465 2148 656 2183 nonicorum
678 2149 887 2189 regularium,
916 2149 1060 2183 Elneusis
1080 2150 1207 2184 dioece-

464 2203 516 2241 sis,
540 2202 630 2236 cuius
651 2203 779 2245 triginta
800 2203 992 2236 ducatorum
1013 2203 1081 2235 auri
1103 2204 1141 2236 de
1152 2205 1207 2237 Ca-

466 2266 552 2289 mera
574 2257 704 2296 fructus,
729 2256 872 2289 redditus
902 2262 931 2289 ct
963 2262 1135 2300 proventus
1159 2268 1207 2291 sc-

465 2310 605 2342 cundum
625 2320 830 2343 communem
849 2310 1103 2345 aestimationem
1123 2311 1207 2344 valo-

466 2375 532 2396 rem
546 2375 688 2397 annuum
711 2376 774 2397 nou
796 2365 964 2403 ‹eu-edunt,
981 2365 1206 2409 cumprimum

467 2418 519 2450 illa
540 2419 585 2450 vel
607 2429 718 2451 corum
737 2418 866 2462 aliquod
888 2429 944 2462 per
957 2430 1081 2452 cessum
1095 2420 1141 2453 vel
1155 2421 1208 2453 de-

467 2481 603 2511 cessum,
620 2478 670 2504 aut
686 2471 781 2504 aliam
804 2472 979 2516 quamlibet
1001 2473 1207 2507 amissionem

1048 173 1232 200 BULLARIUH
1252 173 1406 199 Romnum

1240 221 1327 255 sonis
1345 231 1458 254 vacare
1475 219 1656 263 contigerit,
1679 229 1753 254 cum
1777 219 1909 253 illorum
1929 228 1984 252 an-

1241 275 1329 308 nexis
1353 285 1391 307 ac
1416 274 1540 307 iuribus
1566 279 1597 307 et
1624 273 1827 318 pertinentiis
1852 272 1984 317 quibus-

1241 338 1380 372 cumque
1398 326 1587 372 respective,
1612 327 1725 360 iisdem
1745 325 1935 360 auctoritate
1954 331 1985 359 et

1241 387 1362 422 tenore,
1383 381 1503 426 pariter
1516 386 1672 426 perpetuo
1690 380 1830 421 unimus,
1843 380 1986 414 annecti-

1241 445 1311 468 mus
1325 440 1355 468 et
1368 435 1630 479 incorporamus,
1645 444 1825 478 eorumque
1838 432 1983 466 omnium

1241 494 1271 523 et
1290 489 1491 532 singulorum
1516 489 1658 529 fructus,
1683 487 1827 522 redditus
1856 492 1886 520 et
1911 497 1985 531 pro-

1241 548 1352 575 ventus
1372 541 1546 585 episcopali
1567 546 1598 574 et
1619 540 1789 585 capitulari
1810 540 1929 573 mensis
1948 550 1986 573 ac

1241 595 1450 637 dignitatibus
1471 604 1501 628 et
1521 594 1776 635 canonicatibus,
1798 604 1925 627 necnon
1939 594 1984 627 sa-

1240 647 1348 681 bricae
1369 653 1397 681 et
1417 647 1580 681 sacristiae
1610 648 1778 692 praefatis,
1802 653 1833 681 et
1853 647 1984 681 cuilibet

1241 713 1354 736 eorum
1376 702 1563 747 respective,
1587 703 1683 736 etiam
1707 707 1864 747 perpetuo
1884 701 1986 746 appli-

1241 766 1350 789 camus
1371 763 1401 789 et
1427 756 1677 800 appropriamus
1691 783 1698 797 ,
1722 756 1766 789 ita
1785 755 1872 800 quod
1892 755 1985 789 liceat

1241 811 1393 855 episcopo
1423 816 1454 844 et
1485 810 1656 854 dignitates
1686 809 1922 850 obtinentibus,
1949 821 1986 843 ac

1242 864 1404 898 canonicis
1425 864 1575 908 praefatis
1593 874 1654 908 pro
1674 869 1820 908 tempore
1847 863 1985 897 existen-

1243 917 1336 954 tibus.
1354 929 1411 962 per
1431 929 1463 952 se
1483 918 1532 951 vel
1553 917 1651 951 alium
1673 928 1729 951 seu
1742 917 1833 957 alios,
1850 917 1983 957 fructus,

1242 972 1386 1006 redditus
1412 978 1440 1005 et
1462 977 1635 1016 proventus
1662 971 1880 1016 praefatorum
1912 981 1987 1015 pro-

1242 1025 1311 1070 pria
1331 1025 1521 1059 auctoritate
1542 1025 1642 1059 libere
1661 1024 1840 1069 percipere,
1861 1024 1986 1067 exigere

1242 1084 1272 1112 et
1300 1079 1406 1113 levare
1419 1107 1426 1116 ,
1454 1090 1491 1112 ac
1512 1079 1542 1112 in
1563 1089 1638 1112 suos
1668 1089 1744 1112 usus
1764 1084 1795 1113 et
1814 1078 1985 1112 utilitatem

1242 1138 1440 1166 convertere.

1286 1186 1348 1229 §8
1373 1186 1407 1219 Et
1438 1186 1569 1231 insuper
1599 1186 1717 1220 eidem·
1737 1186 1886 1231 Philippo
1917 1187 1985 1230 regi

1242 1239 1374 1283 eiusque
1402 1240 1643 1274 successoribus
1672 1250 1732 1284 pro
1757 1245 1902 1284 tempore
1921 1239 1986 1273 exi-

1241 1293 1397 1327 stentibus
1418 1293 1645 1338 Hispaniarum
1670 1293 1800 1336 regibus
1824 1293 1985 1338 iuspatro-

1242 1352 1334 1380 natus
1365 1353 1394 1380 ct
1425 1347 1650 1391 praesentandi
1672 1357 1826 1391 personas
1857 1353 1920 1380 tam
1945 1348 1985 1381 ad

1242 1401 1358 1434 dictam
1380 1401 1549 1434 ecclesiam
1578 1401 1795 1435 cathedralem
1816 1401 1986 1435 Celsonen-

1242 1465 1320 1495 sem,
1344 1465 1441 1499 quam
1463 1456 1502 1488 ad
1524 1455 1682 1499 praefatas
1710 1460 1850 1499 quatuor
1880 1455 1986 1498 digni-

1243 1514 1333 1548 tates,
1349 1509 1476 1553 quoties
1490 1508 1560 1542 illas
1577 1514 1607 1542 et
1624 1518 1736 1542 earum
1753 1507 1895 1551 singulas
1914 1519 1986 1553 per·

1242 1562 1345 1606 petuis
1366 1562 1480 1596 futuris
1501 1562 1712 1607 temporibus,
1736 1562 1831 1596 simul
1850 1563 1899 1596 vel
1916 1572 1987 1596 suc-

1242 1616 1370 1655 cessive,
1392 1616 1557 1660 quibusvis
1577 1615 1694 1656 modis,
1717 1615 1813 1649 etiam
1834 1616 1919 1660 apud
1932 1616 1987 1650 Se-

1243 1669 1315 1701 dem
1336 1669 1566 1713 Apostolicam,
1580 1674 1635 1702 aut
1654 1679 1690 1702 ex
1704 1678 1986 1714 quorumcumque

1242 1722 1387 1766 personis
1407 1733 1519 1756 vacare
1540 1722 1720 1765 contigerit,
1736 1723 1861 1757 etiamsi
1881 1734 1917 1758 ex
1933 1724 1986 1758 tali

1242 1775 1542 1820 vacatione-aliqua
1571 1776 1745 1809 reservatio
1772 1777 1868 1811 etiam
1900 1778 1986 1822 apud

1241 1830 1355 1863 Sedem
1390 1830 1538 1862 eamdem
1571 1830 1759 1870 resultaret,
1794 1831 1891 1864 etiam
1926 1831 1987 1866 hae

1242 1882 1346 1926 prima
1359 1882 1426 1916 vice
1444 1882 1537 1916 nobis
1551 1889 1579 1916 et
1595 1893 1653 1927 pro
1674 1889 1819 1928 tempore
1839 1883 1986 1918 existenti

1242 1936 1386 1969 Romano
1411 1937 1576 1978 Pontifici,
1601 1937 1680 1971 itaut
1708 1938 1821 1971 eodem
1852 1938 1922 1972 iure
1946 1939 1987 1972 ad

1241 2001 1294 2023 eas
1315 1996 1342 2023 et
1361 2000 1471 2023 earum
1494 1991 1670 2034 quamlibet
1693 1998 1899 2035 praesentare
1912 2003 1986 2037 pos-

1240 2044 1313 2085 sint,
1330 2054 1394 2089 quo
1415 2044 1578 2083 hactenus,
1602 2045 1642 2078 ad
1663 2046 1857 2080 monasteria
1877 2046 1907 2080 S.
1923 2046 1986 2080 Ma-

1243 2097 1307 2130 ritu¹
1328 2098 1367 2131 de
1387 2098 1535 2137 (belseria,
1571 2104 1598 2131 et
1625 2098 1655 2132 S.
1691 2099 1808 2133 Mariae
1836 2099 1986 2134 Viltebel-

1243 2151 1346 2184 trandi
1366 2151 1469 2184 dictus
1489 2151 1654 2196 Philippus
1679 2163 1732 2185 rex
1753 2158 1784 2185 et
1809 2152 1876 2186 eius
1896 2158 1986 2187 ante-

1242 2215 1383 2238 cessores
1404 2210 1607 2249 praesentare
1628 2210 1814 2249 potuerunt,
1835 2206 1874 2239 de
1891 2205 1986 2240 simili

1242 2258 1386 2299 consilio,
1404 2259 1594 2292 auctoritate
1614 2265 1644 2293 et
1661 2265 1772 2293 tenore
1794 2259 1926 2303 paribus
1945 2259 1987 2293 si-

1243 2312 1362 2344 militer
1381 2318 1537 2356 perpetuo
1552 2322 1762 2351 reservamus,
1779 2312 1988 2347 concedimus

1242 2371 1273 2398 et
1301 2365 1524 2405 assignamus
1548 2366 1756 2399 decernentes
1786 2365 1986 2410 iuspatrona-

1244 2425 1292 2451 tus
1322 2419 1505 2452 huiusmodi
1537 2418 1686 2463 Philippo
1707 2425 1734 2452 et
1757 2430 1815 2463 pro
1841 2425 1988 2464 tempore

1242 2472 1450 2505 existentibus
1468 2471 1597 2513 regilius
1618 2472 1764 2516 praefatis
1786 2472 1939 2505 intactum
1957 2478 1988 2506 ot

467 2525 514 2557 vel
527 2524 747 2558 dimissionem
762 2525 814 2558 illa
828 2525 1210 2566 obtinentium‚autalias
1244 2526 1390 2559 illaesum
1412 2536 1590 2563 remanere,
1613 2535 1672 2559 nec
1697 2525 1724 2558 ei
1747 2526 1812 2559 ullo
1833 2536 1986 2570 umquam

468 2578 712 2622 quomodolibet
732 2585 760 2612 et
783 2590 820 2612 ex
840 2590 1121 2625 quorumcumque
1139 2591 1210 2624 per-
1244 2585 1410 2624 tempore,
1435 2590 1638 2625 quacumque
1671 2580 1814 2621 ratione,
1838 2580 1987 2624 derogari

1997 168 2047 196 An.
2067 168 2096 197 c.
2113 168 2180 199 1593
2204 145 2253 213 -,’

2033 1189 2097 1215 Regis
2111 1188 2184 1210 catho-
2214 1187 2243 1216 ,-“

1999 1215 2034 1236 Ιίοἰ
2049 1215 2082 1236 ius
2098 1220 2184 1242 prason·
2216 1231 2218 1233 .
2231 1223 2235 1226 ·

1999 1241 2059 1263 tandi
2066 1241 2094 1263 ad
2103 1247 2114 1263 o
2131 1242 2184 1263 isco-

1999 1271 2073 1295 patum
2086 1270 2106 1290 et
2132 1268 2184 1295 igni-

2001 1297 2062 1317 tates.
