2253 3195
303 246 357 273 An.
372 245 401 272 c.
420 243 492 272 1594
535 233 600 266 160
837 273 844 278 .

503 290 659 336 praedicti
671 300 730 334 pro
752 295 895 332 tempore
912 293 1061 322 vacantes
1079 289 1120 321 ad
1134 298 1245 321 curam

503 344 690 378 earumdem
712 342 919 376 ecclesiarum
934 369 941 383 ‚
976 346 1073 385 prout
1092 346 1185 374 antea
1205 341 1244 374 ad

502 397 652 430 eumdem
677 395 851 438 Georgium
880 405 1020 438 suosque
1048 395 1242 438 praedeces-

500 461 589 483 sores
602 448 754 493 spectavit
775 447 983 492 etpertinuit,
999 448 1032 480 in
1052 447 1244 481 Societatem

499 503 581 543 Iesu,
605 512 732 535 necnon
753 501 881 543 collegii
903 500 1059 544 praedicti
1084 506 1242 533 rectorem

499 562 529 589 et
543 555 736 598 collegiales,
749 555 863 588 eodem
877 555 1049 588 accedente
1070 565 1240 595 consensu,

498 608 688 642 auctoritate
715 613 746 641 et
777 613 887 641 tenore
911 607 1086 652 praedictis
1105 635 1112 644 ,
1147 607 1241 640 etiam

499 666 656 705 perpetuo
675 660 910 694 transferimus.

542 714 557 757 ἓ
578 713 630 746 18.
652 713 804 755 Ulterius,
831 719 867 747 ut
886 713 1002 747 maiori
1031 713 1108 747 dicti
1129 712 1243 756 oppidi

498 767 619 807 decori,
630 777 758 800 necnon
766 767 971 800 subditorum
982 766 1140 800 ditionum
1150 776 1244 809 prae-

497 820 573 853 dicti
590 819 720 862 Georgii
732 820 930 860 consulatur,
944 819 976 852 in
986 820 1101 853 eodem
1121 818 1242 863 oppido

496 873 731 907 Comutaviensi
767 884 804 906 ac
837 873 972 906 aedibus
1003 873 1079 906 dicti
1113 872 1241 915 collegii

495 926 737 960 universitatem
773 926 871 959 studii
902 925 1083 968 generalis,
1117 925 1148 958 in
1178 935 1242 969 qua

496 980 604 1014 clerici
624 980 724 1024 ipsius
748 979 916 1014 Societatis
937 979 1146 1023 theologiam,
1170 979 1241 1023 phi-

495 1033 638 1077 lophiam
665 1033 810 1078 aliasque
835 1033 993 1077 ingenuas
1017 1039 1101 1067 artes
1133 1033 1237 1077 profi-

497 1092 633 1127 teantur,
657 1097 693 1120 ac
707 1087 838 1120 iuvenes
851 1097 1075 1130 quoscumque
1088 1086 1236 1126 doceant,

494 1141 535 1174 ad
549 1141 649 1174 instar
657 1140 792 1174 aliarum
802 1140 1047 1174 universitatum
1058 1140 1238 1174 studiorum

494 1193 694 1236 generalium
715 1193 824 1227 tamin
841 1193 1047 1238 transalpinis
1066 1193 1240 1238 provinciis

494 1253 526 1281 et
551 1247 669 1290 regnis,
687 1257 785 1291 quam
797 1246 875 1280 alias
895 1246 1236 1288 ubilibeterecturam,

494 1300 618 1334 etiamsi
640 1300 672 1333 in
693 1300 753 1333 hac
772 1299 978 1333 universitate
1004 1300 1238 1334 Comutaviensi

494 1353 766 1397 iurisprudentiae
777 1358 808 1386 et
816 1353 995 1386 medicinae
1001 1353 1167 1386 facultates
1174 1363 1239 1387 non

493 1406 697 1446 accesserint,
726 1406 810 1440 dicta
837 1406 1027 1440 auctoritate
1047 1406 1143 1440 etiam
1164 1417 1238 1450 per-

493 1466 592 1504 petuo
607 1461 675 1494 sine
693 1460 829 1493 alicuius
849 1460 1062 1505 praeiudicio,
1085 1460 1239 1502 erigimus

494 1521 524 1548 et
537 1511 744 1548 instituimus.
765 1515 935 1559 Ipsamque
947 1514 1189 1547 universitatem
1209 1520 1238 1548 et

496 1568 638 1602 studium
668 1568 819 1611 generale
849 1568 894 1601 sic
923 1573 1065 1601 erectum
1092 1574 1123 1601 et
1143 1568 1235 1601 insti-

498 1626 602 1654 tutum
624 1631 732 1662 curae,
756 1621 905 1664 regimini
918 1627 948 1654 et
967 1620 1237 1655 administrationi

493 1685 551 1718 pro
565 1680 710 1718 tempore
723 1674 886 1708 existentis
900 1674 1033 1708 rectoris
1050 1674 1125 1708 dieti
1138 1675 1237 1708 colle-

493 1728 546 1770 gii,
570 1729 623 1772 qui
646 1729 741 1762 totius
765 1728 979 1762 universitatis
1001 1734 1107 1762 rector
1126 1729 1238 1762 existat

493 1781 640 1815 similiter
651 1787 808 1826 perpetuo
819 1782 1032 1826 supponimus
1044 1788 1075 1815 et
1091 1782 1237 1816 commit-

494 1834 601 1873 timus,
625 1845 661 1867 ac
693 1835 812 1868 eisdem
845 1835 1055 1874 universitati,
1088 1835 1237 1879 illiusque

495 1887 622 1927 rectori,
650 1887 810 1930 magistris
829 1894 859 1921 et,
879 1887 1089 1928 scholasticis,
1116 1893 1146 1921 et
1166 1888 1236 1921 otr-

493 1940 638 1980 eialibus,
659 1951 695 1973 ae
717 1941 881 1980 ministris,
900 1947 933 1973 ut
949 1941 1099 1974 omnibus
1119 1947 1150 1974 et
1167 1941 1237 1985 qui-

492 1993 694 2037 buscumque
722 1993 909 2037 privilegiis,
939 1994 1085 2034 indultis,
1111 1994 1232 2037 gratiis,

491 2047 734 2090 praerogativis.
759 2047 938 2080 honoribus
960 2053 990 2081 et
1011 2048 1236 2091 praeeminen-

492 2100 552 2141 tiis,
581 2100 652 2133 aliis
669 2100 942 2141 universitatibus,
959 2111 1164 2144 quacumque
1178 2112 1234 2133 au-

491 2153 636 2186 ctoritate
650 2153 776 2194 erectis,
791 2153 985 2197 illarumque
1010 2163 1069 2197 pro
1092 2159 1235 2198 tempore

491 2206 700 2239 existentibus
721 2206 911 2246 rectoribus,
936 2206 1108 2247 magistris,
1125 2207 1235 2240 ‹locte-

491 2259 599 2299 ribus,
624 2259 809 2299 tectoribus,
834 2260 1111 2304 praeceptorilms,
1139 2260 1234 2293 scho-

492 2312 620 2350 lasticis,
642 2313 919 2356 procuratoribus,
940 2312 1077 2352 bitlellis,
1095 2313 1231 2353 nunriis,

491 2364 693 2404 officialibus,
723 2365 876 2398 ministris
896 2371 922 2399 ct
946 2365 1016 2398 aliis
1036 2366 1182 2409 personis
1203 2366 1233 2399 iu

491 2429 609 2458 uenere
624 2419 671 2452 vcl
692 2419 722 2452 in
741 2419 847 2463 specie
869 2425 932 2452 tam
946 2419 1120 2462 praedicta,
1137 2430 1233 2463 quam

491 2471 649 2514 imperiali
664 2499 671 2508 ,
705 2472 803 2512 reuia,
825 2471 943 2513 ducali,
967 2478 1018 2505 aut
1042 2472 1104 2505 alia
1125 2479 1235 2506 aucto-

493 2524 649 2564 ritatibus,
673 2531 702 2557 et
722 2525 800 2558 alias
813 2525 1056 2569 quomodolibet
1075 2525 1235 2559 concessis

491 2588 555 2611 non
576 2579 680 2611 solum
699 2579 738 2612 ad
759 2591 870 2613 eorum
890 2579 998 2620 instar,
1019 2580 1074 2613 sed
1097 2579 1233 2623 parifor-

493 2631 586 2664 miter
610 2638 637 2664 vt
661 2643 762 2676 aeque
784 2633 1008 2676 principaliter
1034 2633 1062 2665 in
1083 2633 1234 2666 omnibus

321 778 482 799 [nivei-§itatem

299 805 377 825 ibidem
392 805 461 829 erigit,

329 1836 366 1857 Cui
383 1839 477 1857 caetera·

293 1869 338 1884 rum
352 1863 477 1884 universita-

292 1893 337 1910 tum
364 1890 476 1915 privilegia

293 1915 371 1936 condit.

1079 240 1262 265 BULLARIUM
1281 240 1434 265 ROMANUM

1279 293 1310 321 et
1322 299 1380 332 per
1393 288 1503 321 onmia
1514 288 1571 329 uti,
1581 288 1677 332 potiri
1691 289 1882 332 etgaudffle,
1899 290 2022 325 etiamsi

1279 341 1383 375 dictae
1408 342 1573 375 facultates
1598 342 1868 387 iurisprudentiae
1894 350 1922 378 et
1949 355 2019 378 me-

1279 394 1405 428 dicinae
1426 395 1469 427 ibi
1495 405 1559 428 non
1581 396 1784 430 accesserint.

1323 449 1340 490 ἓ
1361 447 1412 481 «19.
1437 449 1481 481 Ac
1502 448 1635 492 insuper
1646 449 1765 482 rectori
1785 449 1930 483 eiusdem
1952 450 2023 483 uni-

1277 500 1435 534 versitatis
1446 506 1476 534 et
1488 501 1616 545 collegii
1629 512 1689 546 pro
1703 507 1848 546 tempore
1862 503 2018 544 existenti,

1277 559 1313 587 ut
1331 554 1427 598 ipsos,
1452 565 1534 599 quos
1554 555 1586 588 in
1607 557 1719 590 eadem
1738 563 1846 590 erecta
1865 557 2022 590 universi-

1278 613 1352 648 tate,
1379 608 1428 641 vel
1450 608 1546 641 etiam
1573 609 1660 650 alibi,
1685 610 1717 642 in
1742 610 1854 653 quavis
1881 610 1944 643 alia
1964 620 2022 654 per

1278 660 1423 693 debitum
1446 666 1572 705 tempus
1592 662 1765 704 studuisse,
1781 674 1818 696 ac
1837 663 1972 696 scientia
1992 669 2023 696 et

1277 714 1423 748 moribus
1432 714 1567 749 idoneos
1580 726 1648 749 esse
1660 716 1881 760 reperirentur
1887 716 1919 749 in
1930 727 2023 761 prae-

1277 767 1369 800 dictis
1401 769 1606 802 facultatibus
1631 769 1748 803 artium
1780 775 1811 803 et
1838 770 2021 813 theologiae

1277 820 1317 853 ad
1338 821 1601 855 baccalaureatus
1626 822 1722 855 etiam
1744 823 1900 856 formatae
1919 823 2021 856 licen-

1279 873 1413 907 tiaturae
1433 875 1576 908 lauream
1607 875 1870 920 doctoratusque,
1899 881 1931 909 et
1950 886 2019 908 ma-

1276 927 1397 969 gisterii
1419 928 1550 969 gradus,
1577 934 1700 962 servata
1738 929 1842 962 forma
1861 928 2021 963 Viennen-

1275 980 1317 1013 sis
1336 980 1481 1021 Coneilii,
1505 987 1535 1014 et
1555 981 1644 1021 alias,
1668 981 1756 1014 iuxta
1773 981 2018 1015 universitatum

1274 1033 1411 1067 aliorum
1437 1034 1618 1068 studiorum
1648 1034 1847 1077 generalium
1877 1045 2016 1068 consue-

1274 1088 1412 1129 tudines,
1446 1093 1477 1121 et
1504 1093 1629 1121 erectae
1660 1088 1876 1122 universitatis
1901 1093 2018 1122 statuta

1273 1143 1476 1185 promovere,
1504 1146 1535 1174 et
1563 1141 1707 1184 ipsorum
1734 1140 1894 1183 graduum
1925 1140 2018 1174 solita

1274 1194 1412 1237 insignia
1431 1194 1477 1228 eis
1489 1194 1651 1234 exhibere,
1664 1200 1759 1238 atque
1772 1194 1813 1227 ad
1824 1194 1928 1228 dictos
1947 1205 2019 1237 gra-

1274 1248 1333 1281 dus
1353 1248 1398 1281 sic
1419 1248 1559 1292 promoti
1586 1248 1618 1281 in
1642 1248 1702 1282 hae
1721 1248 1928 1282 universitate
1958 1248 2017 1282 Co-

1274 1301 1463 1335 mutaviensi
1498 1307 1610 1345 postea
1637 1301 1767 1345 publice
1796 1306 1828 1335 et
1852 1301 2014 1346 privatim,

1274 1355 1371 1388 etiam
1410 1355 1441 1388 in
1472 1355 1623 1388 omnibus
1649 1355 1720 1388 aliis
1754 1355 2018 1389 universitatibus

1274 1409 1453 1442 studiorum
1475 1408 1676 1451 generalium
1697 1408 1863 1441 facultates
1882 1408 2014 1452 praedi-

1273 1468 1338 1496 ctas
1359 1463 1574 1507 interpretari,
1591 1468 1622 1496 et
1641 1462 1721 1496 alios
1735 1463 1864 1503 docere,
1887 1473 2015 1496 necnon

1273 1517 1312 1550 de
1333 1517 1378 1549 eis
1398 1516 1573 1560 disputare,
1598 1526 1635 1549 ac
1655 1516 1769 1558 gradui
1789 1526 1846 1549 seu
1863 1515 2017 1558 gradibus

1273 1569 1459 1603 huiusmodi
1480 1569 1706 1602 convenientes
1724 1574 1813 1602 actus
1837 1579 1987 1602 exercere
2005 1581 2012 1602 :

1272 1624 1425 1667 quodque
1456 1633 1570 1656 omnes
1590 1628 1621 1656 et
1644 1622 1760 1665 singuli
1777 1649 1784 1661 ‚
1818 1622 1874 1666 qui
1895 1622 1926 1655 in
1947 1622 2016 1667 ipsa

1273 1676 1479 1710 universitate
1491 1675 1739 1716 Comutaviensi,
1755 1674 1879 1708 etiamsi
1893 1674 1937 1708 ibi
1950 1685 2015 1708 non

1272 1730 1453 1763 habeantur
1481 1729 1647 1762 facultates
1683 1727 1954 1772 iurisprudentiae
1985 1733 2015 1761 et

1272 1783 1463 1822 medicinae,
1489 1782 1535 1814 vel
1561 1781 1709 1825 depositi,
1740 1781 1789 1814 vel
1814 1781 1964 1825 descripti
1982 1781 2015 1814 in

1271 1836 1462 1874 matricula,
1485 1835 1532 1868 vcl
1554 1835 1585 1867 in
1610 1834 1723 1878 quovis
1746 1834 1849 1877 gradu
1873 1835 2014 1878 promoti

1271 1887 1444 1925 extiterint,
1473 1886 1504 1919 in
1523 1886 1634 1930 quavis
1654 1885 1716 1918 alia
1737 1885 1946 1919 universitate
1957 1896 2013 1919 seu

1271 1941 1435 1974 academia
1458 1950 1518 1983 pro
1550 1950 1623 1973 vere
1644 1939 1804 1983 inscriptis
1831 1945 1861 1973 et
1890 1939 1921 1974 in
1941 1949 2014 1982 gra-

1271 1995 1313 2027 du
1334 1994 1493 2038 promotis
1514 1993 1722 2037 recipiantur.
1739 1993 1931 2034 Demum,ut
1944 2003 2014 2027 om-

1271 2059 1326 2081 nes
1337 2054 1367 2081 ct
1386 2047 1515 2089 singuli,
1532 2047 1586 2092 qui
1601 2047 1633 2080 in
1647 2047 1854 2081 universitate
1873 2057 1930 2080 seu
1940 2057 2012 2080 aca-

1270 2101 1616 2135 demiaComutaviensi
1625 2100 1810 2134 huiusmodi
1821 2100 2008 2141 triennium,

1270 2160 1301 2188 ut
1325 2160 1459 2194 vocant,
1492 2153 1698 2194 absolverint,
1726 2153 2012 2198 testimoniumque

1270 2208 1309 2240 ab
1333 2207 1399 2252 ipsa
1413 2207 1618 2240 universitate
1640 2207 1678 2240 de
1693 2206 1866 2240 idoneitate
1880 2206 1920 2240 ad
1933 2206 2012 2240 alios

1270 2261 1452 2294 docendum
1474 2260 1657 2299 habuerint,
1675 2259 1795 2304 possint
1815 2264 1844 2292 et
1859 2259 2008 2300 debeant,

1269 2321 1296 2347 et
1322 2315 1352 2347 in
1371 2314 1481 2358 quavis
1502 2313 1691 2353 catbetlrali,
1707 2318 1761 2346 aut
1777 2313 1839 2346 alia
1860 2312 2006 2353 eeclesia,

1268 2368 1336 2401 sine
1361 2368 1426 2401 ulla
1452 2366 1724 2408 tergiversatione,
1747 2366 1864 2399 assumi
1886 2372 1918 2400 ct
1937 2376 2011 2401 cen-

1268 2422 1330 2455 seri
1353 2422 1441 2460 tales,
1462 2420 1516 2464 qui
1535 2420 1566 2453 in
1583 2430 1656 2453 vera
1677 2418 1842 2454 academia
1862 2426 1892 2454 et
1905 2420 2010 2454 studio

1269 2474 1409 2515 {st-iterati
1436 2472 1572 2517 (etiamsi
1601 2472 1870 2516 iurisprudcntiae
1891 2478 1919 2506 et
1941 2483 2009 2507 me—

1268 2527 1392 2559 dicinae
1425 2526 1590 2559 tacultates
1616 2525 1656 2558 ibi
1689 2535 1753 2558 non
1782 2525 1860 2568 sint)
1895 2525 2009 2560 litteris

1267 2590 1400 2623 operam
1427 2578 1576 2612 dederint
1601 2589 1658 2622 per
1683 2578 1874 2619 triennium,
1899 2584 1933 2612 ut
1957 2589 2008 2612 ca-

1269 2632 1429 2665 thedrales
1453 2631 1608 2664 ccclesiae
1630 2631 1819 2675 requirumt.

2038 242 2092 272 An.
2107 243 2136 272 c.
2151 235 2219 283 πως

2089 463 2175 487 Faciant
2205 440 2221 491 1,,

2037 491 2113 512 rectori
2145 493 2164 514 ts
2171 493 2219 519 [ww]

2037 517 2145 542 gradusta·
2167 534 2170 536 .
2202 521 2206 525 ’

1998 557 2004 563 .
2037 549 2077 570 que
2083 545 2161 566 «conecti
2174 555 2175 560 =
2180 559 2182 564 ,
