2253 3195
11 251 79 278 ³An.
96 251 125 277 C.
147 249 206 276 1601

842 245 988 270 CLEMENS
1011 245 1066 268 vni
1088 246 1138 268 ΓΡ,

226 298 359 336 ctiones‚
376 297 480 336 leuda,
508 307 556 328 res
575 301 602 328 et
622 296 704 329 bona
721 295 846 328 stabilia
860 305 970 337 supra-
986 294 988 307 ³

227 351 321 386 dicta,
350 350 380 382 in
402 360 605 392 quacumque
627 349 769 383 eiusdem
793 348 896 381 Status
915 348 971 380 Ec-

226 403 392 436 clesiastici
420 409 532 445 parte,
556 414 592 435 ac
625 403 655 435 in
682 403 747 446 ipsa
772 403 866 435 etiam
887 395 989 434 Urbek

227 455 402 495 existentia,
429 466 465 488 ae
489 455 558 488 iura
584 456 628 489 eis
646 455 757 498 quovis
777 455 873 487 modo
888 464 972 487 com-

228 509 377 552 petentia,
396 515 427 542 ct
443 508 502 541 alia
521 510 603 541 bona
624 520 705 552 quae
722 509 793 541 loco
811 507 970 541 stabilium

227 563 396 599 habentur,
422 568 453 595 ut
480 564 670 605 praefertur,
696 561 733 594 ad
752 562 837 604 ipsos
862 561 972 604 quovis

228 615 323 649 modo
344 615 529 659 spectantia,
557 620 620 648 tam
645 625 703 658 pro
721 615 782 654 eis,
811 621 837 647 et
866 614 972 656 aliquo

228 679 351 709 eorum,
367 679 404 701 ac
425 679 536 701 eorum
558 669 605 701 vel
628 667 762 701 alicuius
789 678 899 701 eorum
918 668 973 700 in-

229 722 311 755 tuitu
331 726 361 754 ct
377 720 661 764 contemplatione,
673 720 712 753 ad
730 722 868 753 satorem
895 730 973 762 quo·
990 735 992 737 >

227 785 440 817 rnmcumque
465 779 702 813 extraneorum,
720 773 767 806 vel
785 773 880 805 ctiam
901 772 973 805 sub-

227 828 368 862 ditorum
378 826 973 863 eiusdemStatusnostriEcclcsiastici,
990 856 992 862 ,

228 891 323 924 quam
339 891 397 924 pro
414 880 484 913 aliis
502 879 678 924 quibusvis,
700 884 730 912 et
743 880 877 912 aliorum
896 889 974 921 quo-

229 945 442 977 rumcumque
475 933 593 967 intuitu
624 944 658 966 ac
692 932 970 976 contemplatione,

229 989 267 1021 ad
293 988 432 1020 savorem
470 993 498 1020 et
534 986 738 1020 commodum
764 986 972 1028 ipsorummet

229 1041 409 1084 principum
434 1039 677 1078 extraneorum,
705 1044 733 1071 ct
759 1038 893 1071 allorum
915 1049 974 1071 su-

229 1093 458 1136 pradictorum,
475 1092 616 1135 obligare
637 1097 666 1125 et
680 1091 904 1136 liypotliecare.
922 1097 974 1124 aut

229 1146 322 1179 ctiam
348 1147 431 1178 bona
452 1155 677 1188 quaecumque
695 1144 838 1185 stabilia,
859 1151 888 1178 et
914 1145 974 1177 alia

229 1198 433 1242 supradicta,
453 1198 484 1230 in
505 1197 746 1237 commendam,
774 1203 828 1230 aut
852 1199 884 1231 in
909 1210 975 1232 ere-

231 1253 369 1286 ctionem
391 1251 655 1285 commendaram
679 1251 773 1284 alicui
795 1262 831 1284 ex
855 1251 976 1284 militiis

229 1304 445 1349 regularibus,
474 1304 590 1347 quibus
623 1314 713 1348 reges
740 1310 793 1338 aut
818 1304 977 1348 principes

229 1358 386 1397 extranei,
412 1357 506 1390 nobis
532 1362 562 1391 et
580 1357 653 1391 Sedi
678 1358 879 1401 Apostolicae
911 1368 974 1391 non

229 1411 413 1444 immediate
444 1410 596 1451 subiecti,
626 1411 658 1444 in
685 1411 973 1452 administratores,

230 1476 285 1498 seu
306 1475 439 1508 magnos
461 1465 628 1507 magistros
641 1465 783 1508 deputati
797 1470 882 1503 sunt,
902 1476 977 1498 con-

231 1518 357 1557 cedere,
376 1522 431 1550 aut
446 1523 478 1550 ut
502 1518 733 1558 concedantur,
755 1517 863 1561 aliquo
881 1518 976 1551 modo

231 1571 423 1609 consentire,
443 1572 509 1605 sine
523 1582 669 1616 expressa
689 1571 901 1615 praecedente
918 1582 976 1605 no-

230 1630 313 1666 stra,
344 1630 374 1657 et
399 1625 532 1658 Romani
558 1625 721 1658 Pontiticis
747 1635 804 1669 pro
835 1631 977 1668 [empore

231 1677 391 1712 existentis
409 1677 558 1715 licenra,
588 1679 647 1711 sub
668 1688 771 1722 poena
800 1678 979 1712 amissionis

232 1730 393 1765 dictorum
419 1730 579 1764 bonorum
598 1735 708 1764 contra
735 1721 997 1775 tenoremprae-¹

232 1783 383 1825 sentium,
411 1789 446 1817 ut
478 1785 670 1828 praefertur,
708 1783 923 1827 obligatorum
949 1792 979 1818 et

233 1847 458 1870 concessorum
476 1847 512 1869 eo
526 1836 595 1880 ipso
608 1837 755 1870 similiter
774 1837 976 1879 inem-reuda,

233 1895 263 1924 ct
273 1889 344 1924 Sodi
357 1901 392 1924 ac
403 1890 553 1924 Gamerae
568 1890 766 1934 Apostolicae
780 1892 980 1934 applicanda.

232 2050 310 2084 licae
326 2051 430 2090 liceat,
446 2050 624 2084 viventibus
638 2051 828 2094 supradictis
843 2051 885 2084 ita
903 2052 982 2085 obli-

232 2103 379 2147 gantibus
412 2109 442 2137 et
476 2103 725 2137 concedentibus
742 2132 749 2145 ,
783 2105 867 2138 dicta
897 2105 982 2139 bona

233 2210 392 2244 defunctis
417 2210 456 2243 ad
474 2221 540 2250 eos,
561 2210 600 2243 ad
622 2221 703 2254 quos
722 2211 760 2244 de
785 2211 853 2244 iure
875 2223 982 2255 perve-

234 2263 302 2297 nire
316 2263 446 2304 debent,
463 2264 596 2297 omnino
614 2264 809 2307 perveniant.
827 2265 982 2308 Quodque

235 2314 420 2348 tabelliones
447 2320 477 2348 et
502 2314 640 2355 notarii,
669 2314 764 2347 etiam
787 2325 822 2347 ex
848 2326 982 2348 numero

234 2367 494 2412 participantium
510 2395 517 2407 ,
543 2373 573 2401 et
599 2367 649 2399 alii
671 2367 866 2410 quicumque
886 2378 982 2411 prae-

235 2420 311 2453 ‹licti
328 2431 424 2465 super
440 2420 623 2464 praemissis
637 2420 809 2464 scripturas
823 2427 851 2454 et
868 2421 984 2454 instru-

236 2479 342 2507 menta
370 2473 600 2514 conficientes,
642 2483 763 2516 poenas
800 2473 985 2516 privationis

236 2526 436 2565 officiorum,
457 2537 539 2569 quae
560 2526 703 2560 obtinent
721 2553 726 2565 ,
754 2532 782 2559 et
812 2532 985 2569 perpetuae

238 2579 446 2612 inhabilitatis
471 2579 509 2611 ad
540 2579 591 2611 illa
624 2584 651 2611 ct
678 2590 715 2611 ca
742 2579 916 2612 exercenda
949 2590 986 2613 eo

1657 231 1719 264 715

1006 304 1071 332 nes,
1098 293 1270 331 cautiones,
1293 292 1519 335 obligationes,
1538 290 1746 334 hypothecae,

1006 357 1129 380 necnon
1155 347 1377 379 concessiones
1402 351 1432 379 et.
1460 355 1635 378 consensus
1660 355 1750 388 prae-

1006 400 1083 432 dicti
1105 411 1160 442 per
1177 400 1273 443 ipsos,
1286 404 1320 432 ut
1338 400 1527 442 praefertur,
1539 397 1700 431 faciendae
1720 403 1749 430 et

1007 452 1188 496 praestandi
1210 452 1384 496 respective
1409 452 1471 485 sint
1496 451 1587 491 nulli,
1613 462 1649 485 ac
1680 452 1751 484 nul-

1007 507 1066 539 lius
1083 506 1207 540 roboris
1223 512 1254 539 et
1270 505 1435 546 momenti,
1453 515 1512 538 ncc
1525 504 1617 537 alicui
1639 503 1751 546 quovis

1008 560 1104 593 modo
1129 559 1269 603 prosint,
1296 564 1350 591 aut
1382 558 1557 601 scripturae
1582 562 1613 590 et
1636 557 1751 589 instru-

1008 618 1113 644 menta
1145 611 1292 645 similiter
1316 622 1412 654 super
1446 609 1627 654 praemissis
1651 610 1752 642 confi-

1009 665 1120 698 cienda
1143 665 1236 698 tidem
1258 665 1385 705 saciant,
1414 664 1459 696 rel
1484 674 1520 696 ex
1548 663 1609 696 illis
1633 662 1748 703 audiri,

1009 718 1071 761 agi,
1093 718 1139 752 vel
1158 718 1258 761 excipi
1280 717 1392 760 possit,
1404 717 1435 750 in
1453 716 1572 750 iudicio
1590 717 1637 749 vel
1653 720 1750 752 extra,

1009 776 1164 814 perpetuo
1184 770 1352 803 statuimus
1371 776 1401 803 et
1426 770 1621 803 ordinamus.

1053 824 1067 866 ξ
1092 824 1143 856 ll.
1165 824 1290 866 Sic-quc,
1309 829 1337 856 et
1360 833 1423 856 non
1444 823 1554 863 aliter,
1580 834 1637 866 per
1657 833 1752 866 quos—

1009 888 1146 921 cumque
1167 877 1288 910 iudices
1312 876 1489 910 ordinarios
1510 882 1540 909 ct
1565 877 1749 920 delegatOS,

1008 931 1101 964 ctiam
1123 942 1292 964 causarum
1313 930 1419 974 palatii
1436 930 1600 973 apostolici
1622 930 1749 963 audito-

1009 994 1071 1024 res,
1090 995 1123 1016 ac
1145 984 1276 1017 Sanctae
1294 984 1457 1017 Romanae
1482 983 1639 1017 Ecclesiae
1651 982 1753 1016 cardi-

1008 1038 1121 1075 nales,
1148 1037 1242 1070 etiam
1276 1037 1314 1069 de
1339 1037 1437 1070 latere
1457 1037 1578 1079 legatos
1594 1064 1601 1077 ,
1629 1037 1752 1069 sublata

1009 1091 1054 1123 eis
1074 1096 1102 1123 et
1125 1100 1236 1123 eorum
1258 1089 1388 1122 cuilibet
1412 1089 1522 1132 quavis
1554 1089 1644 1123 aliter
1672 1089 1753 1122 iudi-

1011 1143 1103 1177 candi
1124 1148 1155 1177 et
1175 1142 1405 1186 interpretandi
1427 1143 1575 1176 facultate
1596 1149 1626 1176 et
1647 1147 1753 1176 aucto-

1011 1196 1123 1236 ritate,
1146 1196 1279 1229 iudicari
1306 1201 1337 1228 et
1357 1195 1482 1229 definiri
1511 1195 1649 1237 debere,
1676 1196 1754 1229 irri-

1012 1256 1144 1294 tumque
1177 1256 1205 1282 et
1239 1250 1334 1282 inane
1367 1249 1519 1292 quicquid
1544 1260 1635 1283 secus
1660 1261 1756 1293 super

1011 1305 1058 1337 liis
1076 1316 1092 1337 a
1108 1314 1284 1347 quoquam,
1305 1303 1415 1345 quavis
1435 1302 1638 1342 auctoritate,
1654 1303 1755 1335 scien-

1011 1364 1058 1391 ter
1086 1357 1131 1391 vel
1167 1356 1369 1400 ignoranter,
1409 1355 1578 1399 contigerit
1609 1355 1756 1389 attentari

1011 1411 1223 1444 decernimus.

1055 1462 1070 1504 ἓ
1089 1461 1140 1495 1⁶2.
1164 1461 1349 1494 Mandantes
1370 1460 1489 1494 eisdem
1516 1461 1646 1504 legatis,
1668 1462 1753 1496 vice—

1011 1514 1414 1559 legatis,gubernatoribus
1428 1525 1462 1547 ac
1478 1514 1648 1555 iudicibus,
1672 1526 1757 1549 nunc

1012 1574 1042 1602 et
1061 1579 1119 1612 pro
1142 1575 1284 1612 tempore
1302 1568 1334 1600 in
1354 1573 1418 1601 toto
1433 1566 1522 1601 Statu
1536 1567 1758 1602 Ecclesiastico

1012 1621 1173 1665 praedicto
1191 1620 1410 1660 existentibus,
1438 1626 1468 1653 ct
1486 1630 1599 1654 eorum
1614 1620 1756 1661 cuilibet,

1014 1682 1047 1709 ut
1061 1675 1323 1714 declarationem,
1335 1674 1565 1712 extensionem,
1579 1675 1756 1716 decretum,

1013 1729 1251 1768 inhibitionem,
1275 1733 1481 1771 praeceptum
1503 1733 1532 1760 et
1557 1727 1757 1767 mandatum,

1013 1788 1168 1816 statutum
1182 1787 1212 1815 et
1232 1781 1467 1815 ordinationem
1487 1785 1628 1814 nostram
1650 1780 1759 1814 huius-

996 1836 1101 1878 ]modi
1127 1835 1159 1868 in
1189 1835 1302 1869 eodem
1335 1836 1423 1868 Statu
1456 1834 1696 1874 Ecclesiastico,
1722 1836 1760 1867 ab

1014 1888 1176 1929 omnibus,
1208 1888 1246 1922 ad
1272 1899 1352 1932 quos
1379 1893 1496 1931 spectat
1530 1893 1559 1921 et
1592 1887 1758 1931 spectabit,

232 1943 332 1988 possit
352 1949 383 1976 ct
406 1943 523 1984 valeat3
546 1944 587 1977 ita
606 1943 692 1987 quod
707 1944 738 1977 in
759 1955 833 1977 casu
856 1934 998 1978 contra-³

233 1997 389 2031 ventionis
403 1996 506 2030 eidem
528 1996 599 2030 Sedi
626 2002 654 2030 et
679 1998 831 2031 Gamerae
848 1999 981 2042 Aposto-
997 1992 998 2007 ³

1015 1947 1169 1986 perpetuo
1190 1941 1350 1975 observari
1383 1941 1535 1974 mandent
1568 1946 1596 1973 et
1626 1940 1760 1979 t'aciant·,

1016 1995 1265 2030 contradictores
1308 2005 1530 2038 quoscumque
1573 1995 1761 2037 opportunis

998 2050 1093 2096 ¹iuris
1113 2055 1143 2082 et
1167 2048 1238 2081 facti
1260 2048 1420 2088 remediis,
1443 2047 1653 2091 appellatione
1678 2052 1761 2091 post-

998 2103 999 2146 ]
1016 2102 1128 2146 posita,
1149 2100 1392 2146 compescendo.

233 2167 368 2201 capere,
395 2162 423 2190 et
454 2167 550 2200 penes
576 2167 607 2190 se
629 2157 792 2196 retinere,
816 2158 877 2191 illis
911 2148 999 2192 vero*

1062 2158 1077 2198 ξ
1098 2155 1151 2189 13.
1180 2155 1248 2188 Non
1271 2155 1470 2188 obstantibus
1495 2159 1602 2187 nostra
1633 2154 1670 2188 de
1697 2164 1760 2187 non

1018 2209 1159 2242 tollendo
1178 2209 1245 2241 iure
1271 2209 1434 2251 quaesito,
1458 2212 1488 2240 et
1504 2207 1669 2251 quibusvis
1693 2207 1762 2240 aliis

1018 2262 1299 2296 constitutionibus
1330 2267 1359 2294 et
1391 2260 1650 2294 ordinationibus
1679 2271 1758 2304 apo—

1018 2315 1148 2351 stolicis,
1171 2325 1297 2347 necnon
1318 2313 1574 2357 quibuscumque
1591 2313 1762 2347 fideicom-

1019 2368 1120 2401 missis
1138 2367 1311 2411 purisicatis
1328 2372 1359 2399 ct
1384 2366 1602 2410 purificandis,
1629 2378 1666 2400 ac
1684 2367 1760 2400 ulti-

1019 2422 1078 2454 mis
1100 2420 1336 2461 voluntatibus,
1357 2420 1585 2453 donationibus
1610 2425 1640 2453 et
1664 2420 1764 2463 pactis

1019 2475 1294 2517 quilmseitmque,
1318 2485 1352 2505 ac
1374 2473 1498 2516 legibus
1527 2473 1621 2506 ctiam
1652 2473 1764 2506 muni-

1019 2527 1173 2570 cipalibtzs
1199 2537 1323 2559 necnon
1355 2526 1468 2566 Urbis,
1503 2532 1531 2560 et
1551 2526 1685 2559 aliarum
1711 2527 1761 2559 ci—

1021 2580 1150 2612 vitatum
1170 2607 1176 2615 ,
1217 2586 1371 2612 tcrrarmu
1409 2585 1439 2612 ct
1480 2580 1621 2613 locorum
1659 2580 1765 2612 Status

239 2633 308 2676 ipso
326 2633 487 2666 incurrant
506 2643 511 2664 z
535 2638 563 2666 et
584 2632 790 2665 nibilominus
809 2632 986 2665 fideiussio-
1022 2633 1121 2665 nostri
1158 2632 1390 2671 Ecclesiastici,
1428 2632 1521 2665 ctiam
1561 2633 1738 2665 iuramento
1757 2661 1763 2672 ,

1765 241 1814 267 Au.
1834 241 1862 267 C.
1883 241 1944 267 ¹601

1799 833 1910 853 Decretum
1926 833 1951 853 ir-

1767 860 1839 880 rimus.

1789 1471 1849 1491 Publi
1857 1470 1907 1499 *atio
1918 1470 1955 1499 bu

1771 1498 1804 1527 ius
1824 1499 1955 1518 constitutio-

1772 1530 1810 1544 ms.

1790 2161 1904 2191 Derogatiu
1913 2166 1962 2181 ceu·

1776 2190 1895 2209 trariorum.
