2253 3195
265 188 313 213 An.
333 186 360 211 r..
381 185 448 213 1594
496 175 559 209 100

299 298 340 318 sex
355 298 448 327 doz-imas
463 298 535 321 cum
551 297 656 320 vener.
674 285 825 319 fratribus
844 284 960 317 nostris
973 284 1003 317 S.
1028 284 1063 316 R.
1087 283 1121 316 E.
1137 293 1207 316 car-

263 330 326 351 §uper
336 331 404 345 omnia
413 325 448 344 he-
1224 325 1225 329 ¹

264 352 339 371 noticia
348 352 444 371 sam-uta-

264 379 294 398 ria
307 380 327 398 ct
338 378 447 407 vregularia

265 407 358 431 ιιῃρωιιέ.

287 1783 384 1808 [tropus
396 1783 444 1803 (jar-

260 1810 365 1829 dinatitun
380 1812 444 1834 atqui·

260 1844 264 1853 ι
275 1836 444 1859 ur›=t·-1-=1ntt·-gu·

260 1863 338 1882 tarmus
354 1863 445 1886 (zangru-

260 1889 444 1915 annuntia-‚quae

260 1916 388 1941 tonipurihus
414 1915 445 1935 l'n

261 1943 298 1962 ΙἸ’4
313 1943 326 1961 t'
344 1948 381 1967 pm
396 1943 443 1961 =nh·

261 1970 314 1989 mtw·
337 1969 444 1988 ordinari-1

260 1996 443 2020 “nuntiauit-ialin.

261 2025 350 2042 inierunt
360 2028 442 2047 rvnnpu·

298 2055 303 2064 r

1049 182 1231 206 BULLAniuM

509 236 524 276 ξ
545 233 575 267 3.
599 233 713 267 Habita
742 233 838 274 igitur
863 242 959 275 super
988 231 1037 264 his
1057 229 1225 263 omnibus

463 339 622 373 dinalibus
646 337 876 371 deliberatione
907 342 1031 370 matura
1046 363 1053 376 ‚
1077 337 1116 369 de
1147 346 1226 382 (ἑο-ξ

462 403 533 426 rum
554 391 688 426 consilio
709 397 738 424 et
759 401 888 423 assensu
914 389 1085 423 indicimus
1102 395 1133 423 et
1148 389 1207 422 im·
1224 383 1225 389 ¹

461 445 611 489 ponimus
638 455 691 477 sex
718 444 857 486 integras
877 443 1018 476 decimas
1037 443 1203 483 omnium,

461 503 490 531 et
511 507 790 542 quorumcumque
809 496 983 535 fructuum,
1006 496 1204 537 reddituum,

461 556 684 594 proventuum,
701 549 831 590 iurium,
843 549 1087 590 obventionum,
1101 549 1207 583 distri-

462 604 628 637 butionum
651 603 924 647 quotidianarum,
949 609 979 636 et
1005 603 1206 636 emolumen-

462 665 565 691 torum
600 657 841 690 ordinariorum
874 662 905 690 et
936 650 1226 690 extraordinario-'

461 721 532 744 rum
552 711 697 744 omnium
718 716 748 744 et
765 721 1043 755 quarumcumque
1057 711 1206 744 ecclesia-

460 774 531 797 rum
559 763 842 808 patriarchalium,
870 764 1204 807 metropolitanarum,

460 817 704 857 cathedralium,
725 817 967 859 collegiatarum
989 822 1019 850 et
1035 817 1206 861 parochia-

459 871 559 911 lium,
593 881 719 904 necnon
755 870 1025 904 monasteriorum
1057 876 1086 904 et
1123 882 1203 904 con-

459 930 627 963 ventuum,
655 935 691 957 ac
716 934 900 957 mensarum
926 924 1203 967 patriarchalium,

458 977 797 1022 archiepiscopalium,
830 977 1080 1021 episcopalium,
1109 978 1208 1011 abba-

460 1031 594 1071 tialium,
617 1030 854 1075 capitularium,
875 1036 906 1063 et
931 1031 1202 1071 conventualium,

460 1084 662 1129 prioratuum
701 1094 851 1128 quoque,
884 1084 1201 1128 praepositurarum,

459 1137 779 1182 praeceptoriarum,
807 1137 1054 1170 canonicatuum
1071 1165 1078 1177 ,
1106 1149 1202 1182 prae-

460 1191 640 1224 bendarum
657 1217 663 1230 ‚
699 1190 890 1233 dignitatum
906 1217 913 1229 ,
949 1197 1179 1234 personatuum
1195 1219 1201 1232 ,

460 1244 795 1285 administrationum,
819 1250 849 1277 et
872 1243 1074 1283 officiorum,
1098 1251 1204 1278 caete-

460 1307 636 1341 rorumque
653 1297 886 1331 beneficiorum
900 1298 1201 1338 ecclesiasticorum,

460 1361 533 1385 cum
558 1361 634 1384 cura
668 1356 697 1384 et
722 1350 790 1383 sine
811 1362 889 1384 cura
913 1352 1140 1393 saecularium,
1168 1363 1204 1386 ac

460 1405 489 1439 S.
518 1404 690 1444 Benedicti,
718 1404 748 1438 S.
772 1404 952 1447 Augustini,
975 1405 1200 1446 cluniacensis,

460 1457 694 1497 Cisterciensis,
719 1458 1054 1499 praemonstratensis,
1082 1459 1112 1492 S.
1140 1460 1201 1493 Ba-

459 1511 540 1551 silii,
563 1511 844 1551 Silvestrinorum,
868 1517 898 1545 et
918 1512 971 1556 qui
993 1512 1205 1556 proprietates

460 1565 668 1608 redditusque
686 1570 790 1598 certos
811 1576 845 1598 ex
873 1565 1052 1608 privilegio,
1067 1567 1115 1599 vel
1128 1566 1205 1600 alias

459 1619 642 1663 possident,
673 1619 944 1660 Mendicantium,
973 1630 1009 1653 ac
1042 1631 1201 1664 quorum-

460 1682 597 1716 cumque
647 1672 784 1705 aliorum
832 1672 987 1706 Ordinum
1039 1673 1205 1717 utriusque

459 1737 569 1764 sexus,
593 1736 717 1759 necnon
748 1726 1039 1769 Congregationum
1070 1728 1205 1769 Regula-

460 1779 554 1818 rium,
579 1779 716 1823 exceptis
742 1780 913 1823 praedictis
929 1780 959 1813 S.
984 1781 1019 1813 R.
1044 1781 1077 1813 Ε.
1101 1781 1205 1814 cardi-

460 1832 601 1872 nalibus,
631 1833 672 1865 ob
703 1833 848 1866 assiduos
883 1844 1081 1878 ii'iagniosque
1116 1835 1204 1867 labo-

461 1896 521 1924 res,
538 1896 618 1929 quos
636 1885 694 1929 ipsi
716 1886 869 1920 ecclcsiae
892 1887 1063 1920 universali
1081 1887 1204 1931 impen-
1222 1925 1223 1931 ἵ

461 1939 551 1977 dunt,
575 1944 605 1971 ct
625 1938 811 1980 gravissima
839 1950 921 1983 quac
945 1941 1081 1973 tuendae
1103 1941 1205 1982 digni-

462 1992 532 2025 tatis
552 2003 646 2025 causa
671 1992 826 2025 sustinent
859 2003 978 2029 onera,
1003 2004 1039 2027 ac
1067 1982 1223 2038 exceptis¹

459 2045 553 2078 etiam
587 2045 757 2078 duodecim
785 2045 845 2078 illis
869 2047 1200 2089 Congregationihus,
1221 2066 1223 2082 ι

458 2110 539 2142 quac
571 2109 643 2131 eum
676 2099 808 2131 Cattlet'a
835 2099 1028 2142 Apostolica,
1059 2086 1223 2143 tempore}

459 2152 558 2185 stetit-is
581 2151 812 2184 recordationis
830 2152 874 2185 l’ii
896 2152 999 2196 Papae
1027 2153 1046 2184 Y
1068 2154 1203 2196 practic-

458 2206 591 2238 ccssoris
606 2206 718 2245 nostri,
735 2206 774 2238 dc
792 2206 936 2238 subsidio
949 2206 1114 2239 ordinario
1128 2218 1203 2240 con-

457 2260 646 2295 cordarunt:
667 2266 694 2292 ct
710 2265 874 2303 praeterea
887 2259 1092 2303 hospitalium
1105 2260 1201 2293 ctiam

459 2323 634 2356 pauperum
669 2312 916 2356 hospitalitatem
953 2324 1015 2346 nou
1045 2325 1198 2346 exerren-

459 2366 555 2403 timn,
580 2378 635 2398 scu
669 2367 750 2398 hona
782 2372 808 2398 et
843 2367 986 2400 redditus
1012 2367 1093 2400 ultra
1116 2367 1202 2400 intir-

459 2429 584 2451 morum
614 2420 834 2456 ii‹÷‹·‹:ssitut··s,
859 2426 886 2452 ct
909 2420 970 2453 alia
999 2431 1055 2464 pro
1085 2420 1201 2464 quihus

460 2472 600 2504 instituta
623 2473 672 2515 pia
699 2473 802 2505 olliria
833 2475 1009 2506 ‹ms-rctha
1031 2474 1197 2518 possiden-

460 2526 550 2560 tium:
573 2537 696 2559 nrt-non
720 2528 831 2560 {leatan-
854 2528 968 2560 Mariae:
988 2528 1200 2561 'l'lwutonicn-

459 2590 541 2619 rum,
558 2580 661 2612 Sancti
681 2580 786 2613 Lazari
805 2581 844 2612 de
863 2581 932 2614 Atto
954 2581 1061 2621 l'assu,
1077 2581 1200 2625 'l'cmpli
1216 2556 1221 2623 i

1251 181 1403 205 Romnum

1242 228 1410 269 Dominici,
1434 234 1466 262 et
1489 229 1625 262 aliarum
1651 229 1838 262 militiarum
1859 229 1985 273 (hospi-

1242 282 1313 315 talis
1325 282 1431 316 Sancti
1443 282 1571 316 Ioannis
1591 282 1887 327 Hierosolymitani,
1903 293 1986 327 quae

1242 345 1301 379 pro
1326 335 1374 368 sui
1407 336 1505 369 tutela
1537 341 1648 369 contra
1673 335 1775 369 dictos
1804 337 1922 370 Turcas
1957 341 1985 369 et

1242 388 1322 422 alios
1340 389 1488 423 Infideles
1501 389 1613 422 alienis
1633 389 1759 422 auxiliis
1778 389 1923 433 quotidie
1939 389 1988 423 in-

1242 442 1327 485 diget
1350 443 1513 476 dumtaxat
1528 443 1673 486 excepta)
1688 442 1719 475 in
1737 442 1828 476 Italia
1840 443 1987 476 universa

1242 496 1497 535 consistentium,
1520 497 1698 530 secundum
1715 507 1826 529 verum
1843 506 1986 530 annuum

1242 551 1383 583 valorem
1416 551 1590 592 fruc-tuum,
1618 550 1816 590 reddituum,
1848 561 1986 594 proven-

1242 609 1343 643 tuum,
1368 609 1397 637 et
1417 604 1554 637 aliorum
1576 604 1829 648 praedictorum,
1844 603 1904 636 nisi
1928 603 1987 636 ali-

1244 663 1290 690 ter
1311 668 1384 690 cum
1402 657 1483 691 Sede
1510 663 1539 691 et
1559 658 1692 691 Camera
1712 657 1894 701 Apostolica
1917 658 1985 691 fue-

1241 711 1284 743 rit
1304 711 1546 744 concordatum.

1287 764 1354 806 {4-
1383 766 1427 798 Ac
1459 765 1554 798 etiam
1580 765 1752 799 indicimus
1783 771 1814 799 et
1841 765 1983 810 imponi-

1242 827 1314 851 mus
1337 828 1390 851 sex
1410 817 1489 851 alias
1515 817 1656 851 decimas
1680 819 1825 852 omnium
1853 824 1884 852 et
1908 829 1987 862 qua-

1243 882 1457 915 rumcumque
1474 871 1665 915 pensionum
1688 880 1868 905 annuarum
1889 883 1987 916 super

1242 925 1413 963 fructibus,
1434 925 1629 963 redditibus,
1656 925 1864 969 proventibus
1879 953 1886 967 ,
1909 925 1987 959 iuri-

1241 979 1310 1018 bus,
1335 978 1593 1016 obventionibus,
1622 978 1849 1012 emolumentis
1878 984 1906 1012 et
1933 978 1983 1012 di-

1240 1032 1487 1066 stributionibus
1499 1033 1693 1077 supradictis
1706 1032 1738 1066 in
1752 1033 1893 1067 savorem
1907 1043 1988 1077 quo-

1241 1098 1455 1131 rumcumque
1476 1088 1561 1132 (non
1579 1092 1686 1120 tamen
1708 1087 1934 1127 cardinalium,
1955 1092 1986 1120 et

1240 1141 1411 1174 duodecim
1424 1141 1715 1183 Congregationum
1729 1140 1928 1183 huiusmodi)
1938 1151 1987 1174 as-

1240 1193 1436 1236 signatarum
1458 1200 1489 1228 et
1513 1195 1779 1237 assignandarum
1804 1193 1986 1238 percipien-

1240 1247 1306 1288 das,
1327 1247 1500 1289 exigendas
1526 1253 1557 1281 et
1580 1248 1742 1284 levandas,
1775 1247 1814 1280 ab
1836 1247 1986 1280 omnibus

1239 1306 1270 1334 et
1289 1300 1547 1345 quibuscumque
1572 1301 1748 1346 episcopis,
1772 1300 1987 1345 archiepisco-

1239 1354 1287 1398 pis
1318 1359 1349 1387 et
1379 1354 1592 1398 primatibus,
1627 1355 1819 1400 patriarchis
1854 1360 1884 1388 et
1917 1354 1987 1388 aliis

1239 1407 1452 1441 Ecclesiarum
1489 1408 1656 1451 praelatis,
1689 1420 1726 1441 ac
1761 1408 1895 1442 cacteris
1925 1419 1982 1441 cu-

1240 1460 1429 1504 iuscumque
1459 1461 1640 1503 dignitatis,
1664 1461 1804 1503 gradus,
1829 1467 1928 1495 status
1957 1466 1987 1494 et

1239 1514 1432 1548 conditionis
1452 1515 1599 1558 personis
1629 1514 1793 1558 praedicta
1822 1525 1983 1559 quocum-

1239 1579 1301 1612 que
1337 1567 1407 1601 iure
1435 1573 1466 1601 et
1495 1568 1588 1601 titulo
1619 1568 1839 1602 obtinentibus
1869 1574 1899 1602 ct.
1924 1569 1983 1602 ob-

1241 1621 1389 1661 tentui-is,
1425 1631 1550 1654 necnon
1580 1621 1767 1655 oeconomis
1793 1627 1823 1655 et
1849 1621 1987 1655 admini-

1239 1675 1431 1709 stratoribus
1476 1675 1639 1719 perpetuis
1676 1681 1708 1709 et
1748 1675 1983 1719 temporalibus

1240 1727 1494 1768 usufructuariis,
1517 1738 1554 1761 ac
1573 1728 1705 1768 fructus,
1720 1727 1902 1771 pensiones,
1919 1739 1980 1767 res,

1239 1787 1268 1815 et
1300 1781 1361 1814 alia
1390 1781 1574 1815 huiusmodi
1607 1781 1674 1814 iura
1707 1791 1742 1814 ex
1777 1792 1984 1826 quacumque

1240 1845 1335 1867 causa
1359 1834 1418 1867 sihi
1439 1834 1614 1878 apostolica
1636 1834 1827 1867 auctoritate
1858 1835 1888 1867 in
1920 1840 1986 1868 toto

1241 1888 1287 1920 vet
1309 1887 1339 1919 in
1365 1892 1455 1931 parte
1477 1892 1637 1920 reservata
1658 1886 1851 1920 habentibus
1879 1892 1908 1920 ct
1931 1887 1986 1920 ha-

1241 1940 1363 1977 bituris,
1388 1940 1607 1973 saecularibus
1639 1945 1669 1973 et
1694 1940 1907 1981 regularibus,
1931 1940 1988 1974 Or-

1239 1993 1371 2031 dinum,
1402 1993 1691 2035 (longi-cgationum
1708 2020 1715 2033 ,
1744 1993 1930 2026 militiarum
1957 1999 1987 2027 ct

1240 2046 1443 2090 hospitalium
1469 2049 1547 2084 <uon
1574 2052 1679 2079 tamen
1699 2046 1805 2080 Sancti
1828 2045 1982 2088 loannis),

1239 2099 1495 2143 praedictorum,
1517 2110 1642 2133 necnon
1664 2100 1703 2132 ab
1725 2099 1801 2143 ipsis
1822 2099 1982 2137 ecclesiis.

1239 2153 1440 2197 capellaniis,
1464 2153 1684 2193 conventibus,
1712 2153 1890 2193 ordinibus,
1911 2163 1986 2186 con-

1239 2206 1492 2247 gregationibus,
1510 2206 1663 2249 collegiis
1681 2206 1908 2250 hospitalibus,
1926 2205 1986 2239 mi-

1239 2260 1329 2301 litiis,
1355 2260 1492 2298 mcnsis,
1518 2260 1628 2292 massis
1649 2266 1677 2292 ct
1701 2259 1797 2297 locis,
1822 2270 1982 2303 quocum-

1237 2326 1299 2359 que
1321 2315 1486 2359 pi·ivilc;:·io
1504 2320 1531 2348 et
1554 2314 1756 2357 exemptione
1782 2314 1881 2354 reali,
1911 2325 1983 2357 pcr-

1236 2368 1336 2401 souali
1365 2374 1395 2401 et
1424 2367 1536 2406 mixta,
1565 2367 1695 2410 antiqua
1727 2373 1757 2399 et
1779 2366 1985 2400 immemora-

1237 2421 1303 2461 biti,
1329 2421 1473 2465 pat-ilica.
1495 2427 1522 2454 ct
1543 2420 1696 2454 continua
1721 2421 1868 2454 sutl'ultis.

1282 2476 1297 2515 5
1320 2473 1349 2506 Γ»,
1367 2477 1452 2513 Quos
1473 2485 1585 2506 omncs
1605 2474 1643 2506 ad
1666 2473 1723 2505 hos·
1743 2473 1902 2514 ohligatos
1923 2484 1982 2517 pro
2010 2504 2012 2508 ,

1236 2581 1395 2614 Michaelis
1414 2579 1615 2623 Archangeli,
1632 2580 1685 2624 qui
1709 2591 1817 2614 meuse
1838 2585 1978 2624 septem-

1998 181 2046 208 An.
2059 180 2086 209 C.
2114 181 2182 210 1596

2016 776 2072 797 Atlas
2080 777 2142 798 etiam
2151 782 2186 798 so!

2002 802 2199 829 decim-asininum&

2001 835 2065 855 super
2085 829 2194 852 fructibus.

2002 861 2182 886 quar-unicumque

2002 888 2132 909 pensionum.
2147 889 2203 911 ew,

2001 910 2050 930 dein
2060 909 2160 936 exeeptis.
2191 915 2196 934 2

2013 2477 2122 2498 'scrinium
2130 2476 2184 2498 aolu-
2205 2494 2208 2500 .

1999 2503 2093 2525 annitius
2108 2502 2185 2525 ructon·
2207 2505 2210 2510 ·

1239 2538 1299 2560 :ma
1321 2527 1402 2560 intra
1427 2526 1606 2571 proximum
1625 2526 1709 2558 <lium
1737 2527 1851 2559 festum
1872 2525 1978 2560 Sancti
1999 2531 2031 2551 di»
2047 2529 2152 2557 vmssnss-

2216 2913 2220 2918 ν
2217 2887 2219 2889 -
2208 2694 2229 2869 --γι-Μ’
2227 2677 2229 2681 .
