2253 3195
304 275 354 302 An.
370 275 400 303 c.
418 275 486 303 ¹598
531 266 595 300 464

504 324 695 358 Pontificum
727 322 1009 357 constitutionibus
1040 332 1106 356 non
1144 334 1243 367 repu-

505 377 646 420 gnantia,
663 376 869 417 confirmare,
887 376 1005 409 abusus
1022 386 1246 420 quoscumque

505 431 616 464 tollere
637 436 667 463 et
687 430 863 470 eradicare,
886 430 988 463 bonas
1008 440 1043 463 ac
1068 429 1247 462 laudabiles

505 483 731 523 institutiones,
752 494 787 516 ac
805 483 1003 525 regularium
1025 482 1244 516 institutorum

503 537 750 577 observantiam,
771 536 1085 580 ecclesiasticamque
1103 542 1132 569 et
1153 546 1248 579 regu—

502 591 601 624 larem
635 590 856 634 disciplinam,
887 590 911 623 si
942 590 1061 624 alicubi
1092 590 1247 623 excidisse

501 644 734 688 compereritis,
759 644 863 677 modis
883 643 1034 687 congruis
1062 643 1243 684 restituere,

501 708 537 730 ae
557 708 712 741 personas
732 708 952 741 quascumque
970 702 1035 730 tam
1050 697 1243 741 superiores,

501 761 596 794 quam
619 751 788 784 inferiores
809 751 989 793 regulares,
1013 750 1110 784 etiam
1141 761 1247 784 exem-

499 810 581 848 ptas,
605 805 645 838 ad
666 805 811 838 debitum
833 811 863 838 et
883 805 1054 838 honestum
1075 804 1157 837 vitae
1178 814 1247 837 mo-

501 858 576 891 dum
606 868 768 899 revocare,
793 869 829 892 ac
849 858 874 891 si
895 869 976 902 quos
997 869 1034 891 ex
1062 857 1135 898 illis,
1159 858 1246 901 quod

461 952 465 957 .
499 911 582 944 Deus
602 917 734 952 avertat,
756 912 787 944 in
808 911 917 956 aliquo
938 911 1114 956 culpabiles
1134 917 1165 944 et
1186 910 1247 944 cri-

500 965 644 998 minosos
664 965 860 1009 repereritis,
885 966 957 999 illos
977 965 1015 999 ab
1037 975 1149 999 eorum
1171 965 1244 999 offi-

500 1018 574 1059 ciis,
591 1019 630 1052 ad
652 1025 777 1063 tempus
795 1020 842 1052 rel
863 1025 1032 1063 perpetuo,
1050 1019 1182 1053 arbitrio
1195 1030 1248 1053 ve-

500 1080 577 1116 stro,
592 1075 768 1118 deponere,
789 1085 826 1108 ae
843 1074 920 1108 alias
941 1074 1027 1108 iuxta
1048 1080 1155 1108 tamen
1177 1074 1248 1108 illo-

500 1138 573 1161 rum
593 1128 756 1171 regularia
776 1127 918 1161 instituta
931 1128 1047 1172 punire
1062 1133 1093 1161 et
1113 1127 1248 1171 castiga-

500 1191 546 1222 re,
567 1187 676 1214 nostra
701 1181 878 1225 apostolica
899 1181 1101 1223 auctoritate,
1114 1181 1243 1215 curetis.

500 1235 564 1268 Nos
585 1235 671 1268 cuim
702 1235 803 1275 vobis,
835 1240 898 1267 tam
928 1235 1126 1268 coniunctim
1149 1245 1245 1278 quam

502 1288 640 1329 divisim,
672 1288 808 1321 arbitrio
833 1288 908 1321 dicti
930 1288 1176 1332 archiepiscopi,
1211 1299 1247 1322 ac

501 1341 560 1374 sub
582 1341 668 1375 illius
685 1341 874 1382 directione,
898 1347 932 1375 ut
951 1342 1140 1386 praefertur,
1165 1353 1244 1376 con-

503 1400 550 1427 tra
571 1405 805 1439 quoscumque,
829 1400 864 1428 ut
884 1395 1076 1439 praefertur,
1093 1395 1247 1429 crimino-

501 1458 553 1481 sos
590 1455 620 1481 et
647 1448 888 1492 delinquentes,
913 1448 1007 1482 etiam
1030 1449 1247 1492 quamtumvis

502 1506 676 1545 exemptos,
700 1511 879 1545 eorumque
904 1502 1046 1535 fautores
1066 1502 1248 1536 cuiuscum-

502 1564 564 1597 que
596 1554 778 1597 dignitatis,
803 1554 946 1596 ordinis,
974 1555 1021 1588 vel
1054 1555 1248 1589 conditionis

502 1606 630 1647 suerint,
644 1618 703 1651 per
720 1607 802 1641 viam
818 1607 1043 1649 accusationis,
1059 1609 1107 1642 vel
1126 1609 1249 1642 denun-

502 1660 660 1701 ciationis,
684 1667 737 1695 aut
758 1673 793 1695 cx
815 1661 938 1703 officio,
962 1673 999 1696 ac
1029 1662 1125 1696 etiam
1155 1673 1246 1696 sum-

502 1714 614 1755 marie,
637 1715 829 1759 simpliciter
848 1722 878 1750 et
909 1716 948 1750 de
974 1716 1087 1760 plano,
1117 1727 1153 1750 ac
1180 1717 1249 1750 sine

501 1767 636 1811 strepitu
668 1773 698 1802 et
729 1768 833 1810 figura
864 1769 976 1802 iudicii
1010 1769 1194 1813 inquirendi
1219 1777 1250 1804 ct

502 1822 710 1865 procedendi,
734 1833 853 1867 eosque
873 1829 970 1868 prout
990 1824 1163 1857 canonicae
1193 1835 1246 1858 re-

502 1876 634 1920 quirunt
654 1877 853 1918 sanctiones,
877 1888 913 1911 ac
946 1888 1059 1911 eorum
1087 1878 1249 1921 regularia

503 1928 657 1970 instituta,
669 1935 702 1963 ut
713 1931 904 1974 praefertur,
917 1931 1083 1975 puniendi,
1094 1942 1130 1964 ac
1140 1931 1249 1964 omnia

502 1982 642 2026 (lenique
660 1989 691 2016 et
711 1983 848 2024 singula,
863 1994 945 2027 quae
962 1984 1001 2017 ad
1019 1984 1245 2021 visitationem,

502 2036 737 2070 correctionem
749 2043 777 2070 et
789 2037 1051 2070 reformationem
1063 2037 1248 2071 huiusmodi

502 2089 662 2132 pertinere
677 2090 902 2130 cognoveritis,
924 2090 1071 2130 sacimuli,
1088 2091 1247 2124 statuendi

503 2149 531 2175 et
553 2143 736 2178 ordinandi.
752 2143 811 2177 snb
824 2143 1001 2177 directione
1015 2149 1045 2177 ct
1059 2144 1248 2178 anctoritate

503 2196 657 2240 praedicti
679 2197 932 2241 archicpiscopi,
957 2198 1084 2241 plenam
1117 2203 1145 2230 ct
1169 2198 1248 2231 libe-

503 2261 583 2290 ram,
609 2251 799 2285 auctoritate
820 2257 848 2284 et
871 2257 980 2284 tenore
1007 2252 1189 2296 praedictis,
1207 2253 1249 2285 la-

503 2305 652 2337 ·.·uttateni
675 2305 894 2338 concedimus.

548 2359 563 2400 ξ
585 2358 614 2390 ⁸2.
631 2359 815 2391 §laudantes
836 2365 1005 2403 propterca
1024 2359 1108 2392 (licto
1126 2359 1249 2392 archic-

387 2449 391 2456 ‚
436 2451 439 2459 Ι
460 2444 462 2447 ,
482 2455 485 2457 -
504 2411 647 2455 pisczopo,
672 2418 702 2444 ut
726 2411 813 2444 robis
836 2412 865 2444 in
894 2412 1078 2456 praemissis
1099 2414 1198 2445 {aveat
1219 2418 1246 2445 et

304 2500 309 2512 1
359 2501 362 2512 Ι
396 2453 486 2515 Mi:-
503 2464 637 2502 assistat,
653 2476 688 2497 ar
703 2465 916 2497 visitationem
939 2471 969 2498 et
984 2465 1247 2498 reformationem

350 2529 353 2538 ¹
389 2527 404 2539 ¹=
421 2528 485 2542 ⁴r·=·-··
504 2517 687 2550 lminsmodi
711 2530 768 2562 per
789 2529 842 2550 ros·
864 2525 948 2551 recte
968 2529 1003 2551 ac
1037 2519 1185 2557 feliciter,
1209 2520 1247 2551 ad

504 2570 556 2602 ltci
589 2571 724 2610 gloriam
762 2577 793 2605 et
827 2572 1019 2612 religionum
1053 2571 1244 2610 utilitatem,

503 2623 569 2662 ucri
592 2630 621 2656 et
641 2624 761 2657 absolvi
784 2631 873 2658 curet
895 2630 924 2658 ct
946 2625 1049 2658 saciat.

548 2679 563 2719 ᾗ
582 2677 611 2709 ῐὶ.
633 2677 701 2710 Non
723 2678 924 2712 obstantibus
942 2679 1107 2723 quibusvis
1128 2679 1246 2713 consti-

1083 274 1266 299 RULLARIUM
1286 275 1440 300 ROMANUM

2032 274 2082 302 An.
2093 271 2132 302 >C.
2149 275 2216 302 1598

1282 323 1458 356 tutionibus
1478 328 1507 356 et
1539 323 1796 358 ordinationibus
1825 324 2020 369 apostolicis,
2052 336 2222 366 neyoganocon-

1281 387 1318 409 ac
1339 376 1525 420 quorumvis
1546 377 1816 411 monasteriorum
1841 384 1873 411 et
1895 378 2024 421 regula·
2038 365 2158 384 mmmm*

1282 430 1365 463 rium
1386 431 1531 464 locorum
1552 430 1740 465 huiusmodi
1765 442 1942 476 eorumque
1965 443 2021 466 or-

1282 483 1406 524 dinum,
1431 485 1528 517 etiam
1548 484 1812 526 Mendicantium‚
1829 485 2021 526 iuramento,

1281 538 1528 571 confirmatione
1541 538 1730 582 apostolica,
1741 538 1789 571 vel
1803 538 1913 582 quavis
1923 538 2024 571 firmi-

1282 597 1344 624 tate
1365 591 1427 624 alia
1446 591 1617 632 roboratis,
1633 591 1758 625 statutis
1771 597 1802 624 et
1821 591 2025 625 consuetudi·

1281 644 1386 685 nibus,
1410 644 1584 688 privilegiis
1605 655 1746 689 quoque,
1770 644 1903 678 indultis
1922 650 1953 678 et
1971 644 2024 677 lit-

1281 698 1358 731 teris
1378 698 1573 742 apostolicis,
1596 699 1691 732 etiam
1709 699 1798 732 Mare
1817 699 1975 742 Moqmtm
1995 703 2026 731 et

1280 751 1382 784 Bulla
1395 763 1506 793 aurea,
1527 758 1582 785 aut
1595 752 1673 786 alias
1686 751 1930 796 quomodolibet
1943 762 2026 785 nun-

1281 805 1416 849 cupatis,
1436 806 1513 850 ipsis
1533 806 1708 840 Ordinibus
1728 807 1822 841 etiarn
1843 806 2026 840 Mendican-

1283 858 1372 899 tium,
1393 869 1572 902 eorumque
1585 859 1800 901 monasteriis,
1816 859 2026 893 conventibus

1281 917 1311 945 et
1332 912 1421 953 locis,
1445 923 1482 945 ac
1502 913 1649 956 personis
1668 913 1944 957 quibuscumque,
1967 911 2026 945 sub

1281 965 1445 1009 quibusvis
1458 966 1625 999 tenoribus
1642 972 1673 1000 et
1691 966 1814 1007 formis,
1827 971 1943 999 etcum
1957 965 2028 1009 qui-

1281 1018 1388 1052 busvis
1400 1018 1496 1052 etiam
1509 1019 1787 1062 derogatoriarum
1802 1018 2024 1062 derogatoriis,

1281 1072 1415 1117 aliisque
1437 1072 1672 1107 efficacioribus
1690 1079 1720 1106 et
1740 1072 1876 1106 insolitis
1895 1073 2025 1106 clausu-

1282 1126 1330 1167 lis,
1347 1137 1383 1160 ac
1404 1127 1604 1161 irritantibus
1625 1133 1655 1161 et
1668 1127 1738 1161 aliis
1751 1126 1887 1161 decretis
1907 1126 1939 1160 in
1952 1136 2029 1160 con-

1281 1180 1415 1214 trarium
1429 1181 1681 1225 praemissorum
1695 1180 1941 1225 quomodolibet
1953 1189 2029 1213 con-

1282 1233 1388 1275 cessis,
1410 1234 1610 1268 confirmatis
1631 1240 1660 1268 et
1682 1233 1878 1278 approbatis.
1908 1233 2029 1272 Quibus

1282 1287 1432 1321 omnibus
1446 1287 1632 1331 etsingulis,
1656 1298 1769 1321 eorum
1789 1293 1917 1321 tenores
1936 1297 2029 1331 prae-

1281 1341 1425 1374 sentibus
1445 1351 1505 1385 pro
1527 1341 1683 1385 expressis
1703 1347 1734 1375 et
1757 1341 1796 1374 ad
1817 1340 1951 1374 verbum
1980 1339 2029 1373 in-

1281 1394 1373 1428 sertis
1393 1394 1560 1435 habentes,
1584 1394 1643 1428 liac
1664 1394 1731 1428 vice
1760 1394 1924 1428 dumtaxat
1950 1403 2026 1437 spe-

1282 1447 1406 1481 cialiter
1425 1453 1455 1481 ct
1476 1458 1624 1492 expresse
1645 1448 1854 1490 derogamus,
1878 1445 2028 1480 caeteris-

1282 1512 1345 1545 que
1365 1501 1536 1534 contrariis
1557 1501 1827 1546 quibuscumque.

1326 1555 1440 1588 Datum
1461 1554 1629 1588 Ferrariac
1658 1554 1716 1588 sub
1738 1553 1859 1588 annulo
1882 1553 2026 1587 Piscato-

1282 1607 1336 1649 ris,
1361 1608 1412 1641 die
1440 1618 1514 1642 xxix
1541 1608 1610 1641 iulii
1639 1618 1801 1651 imxcvm,
1823 1607 2030 1653 pontificatus

1283 1661 1384 1694 nostri
1405 1671 1490 1695 anno
1510 1672 1566 1695 vn.

1320 1724 1376 1752 Dat.
1394 1725 1436 1753 die
1452 1725 1487 1753 29
1501 1724 1558 1753 iulii
1580 1725 1658 1760 ¹598,
1675 1725 1772 1761 pontis.
1789 1733 1833 1753 an.
1851 1731 1897 1753 vn.

2239 1154 2251 1238 ,ιι-ἡ

1591 1887 1712 1921 cxclv.

1283 1983 1468 2017 Declarati'o
1484 1994 1581 2027 snper
1608 1984 1823 2017 controversia
1848 1987 1920 2017 orta
1944 1984 2030 2017 inter

1328 2037 1449 2070 nobiles
1471 2038 1553 2069 viros
1568 2037 1719 2080 familiae
1731 2036 1915 2071 Ghislcriae
1933 2047 2030 2081 super

1328 2091 1398 2123 iure
1419 2090 1616 2123 ›zonn'nandi
1630 2089 1673 2122 acl
1691 2089 1884 2122 alumnatus
1900 2089 2030 2133 colleqii

1329 2144 1488 2177 Glaislcrii
1512 2155 1530 2176 a
1555 2144 1614 2177 Pia
1640 2144 1665 2176 Γ
1682 2144 1808 2187 Papiae
1828 2143 1954 2176 crem&

1494 2235 1629 2262 clemens
1645 2234 1724 2268 Papa
1740 2233 1819 2265 vlu.

1412 2291 1446 2316 ad
1462 2292 1637 2324 perpetuam
1653 2289 1696 2316 rei
1717 2288 1897 2316 memoriam.

1328 2359 1373 2391 Ad
1387 2359 1569 2392 Romanum
1582 2359 1769 2392 Pontificem
1781 2363 1903 2402 spectat
1915 2357 2024 2400 dubia,
2068 2370 2189 2393 moranum.

1283 2422 1365 2455 qnae
1392 2422 1491 2456 super
1511 2423 1643 2445 suornm
1666 2412 1952 2456 p1·a‹.=(leccss‹n·mn
1973 2421 2028 2446 or-

1283 2465 1502 2498 dinationibus
1532 2465 1691 2505 oriuntur,
1716 2476 1755 2498 ne
1784 2464 1899 2499 exindo
1919 2463 2028 2498 litibus

1283 2525 1309 2551 et
1333 2518 1558 2552 controversiis
1579 2518 1712 2552 materia
1741 2518 1948 2563 praebeatur,
1971 2528 2028 2562 op-

1282 2579 1420 2617 portune
1445 2573 1621 2614 declarare,
1646 2579 1741 2617 prout
1771 2573 1801 2607 in
1822 2572 1959 2607 Domino
1978 2582 2026 2606 sa-

1282 2626 1417 2659 lubriter
1438 2626 1594 2670 conspicit
1614 2626 1777 2671 expedire.

1321 2691 1328 2714 t
1354 2688 1389 2715 lix
1408 2689 1514 2725 Πομ-υἱ.
1528 2689 1554 2716 in
1569 2690 1671 2717 Secret.
1686 2688 1820 2716 brevium.
