2253 3195
259 254 308 281 An.
327 255 354 282 c.
378 255 444 283 1597
490 247 555 281 392

275 1260 356 1281 cuntur
366 1260 437 1287 itaque

253 1289 280 1307 2¹1
313 1293 437 1313 comparen-

253 1314 307 1334 dum.

276 2263 369 2284 {ntimo
384 2270 433 2290 :ipa-

250 2292 331 2309 nmlirai
344 2293 387 2310 ileu

250 2318 363 2341 ruminas»
388 2325 424 2337 ιιιι

250 2345 270 2361 ιι
284 2344 398 2368 pul-linita·

1048 257 1231 281 nULLARtL'M
1251 256 1404 281 ROMANUM

458 306 570 349 quinta
587 305 638 338 die
655 311 725 348 post
744 305 993 348 exequutionem
1021 304 1202 337 litterarum
1236 304 1268 336 in
1282 304 1349 337 acie
1362 304 1471 348 Campi
1485 305 1608 346 Florae,
1629 315 1687 349 per
1699 306 1839 350 aliquem
1853 316 1891 340 ex
1907 316 1979 339 cur-

457 365 639 392 nostrarum
662 359 801 402 desuper
818 359 1047 399 confectarum,
1067 359 1093 391 si
1118 359 1200 391 iuri·
1236 357 1364 391 soribus
1382 357 1511 399 nostris,
1525 368 1622 402 quam
1633 358 1729 391 etiam
1739 358 1772 391 in
1789 359 1979 403 metropoli-

458 412 528 444 dica
546 418 638 451 esset,
666 412 730 444 sive
755 412 861 455 prima
887 412 938 445 die
967 412 1103 445 iuridica
1130 418 1203 456 post

457 476 526 497 eam
541 465 697 508 sequenti,
718 465 860 507 legitime
877 471 1077 508 compareret
1093 475 1201 498 coram

457 518 549 550 nobis
566 528 624 561 per
636 528 680 557 se,
698 518 746 550 vel
764 518 832 551 eius
850 518 1028 560 legitimum
1047 529 1202 562 procura-

457 577 571 610 torem,
595 571 635 603 ad
649 571 823 604 videndum
849 572 881 604 in
898 572 1085 605 huiusmddi
1107 583 1201 606 causa

455 624 494 656 ad
512 634 625 657 omnes
653 630 685 658 et
700 624 844 666 singulos
871 630 960 658 aetus
986 631 1017 658 et
1046 625 1202 658 terminos

455 677 664 717 necessarios,
685 687 786 720 usque
801 678 839 710 ad
858 677 1057 711 definitivam
1071 684 1201 711 senten-

456 730 531 762 tiam
550 730 714 771 inclusive,
735 731 830 766 etiam
856 731 911 764 lite
929 741 993 764 non
1008 737 1197 771 contestata,

455 783 596 826 procedi,
617 783 744 827 aliaque
770 784 839 817 fieri
859 794 957 828 super
974 785 1022 817 his
1048 795 1198 818 necessa-

454 836 512 876 ria,
529 847 585 869 seu
603 837 849 880 quomodolibet
868 843 1068 881 opportuna:
1086 838 1201 871 certio-

454 900 521 922 rem
543 890 694 923 facientes
707 891 857 924 eumdem
876 891 1042 924 Caesarem
1061 891 1107 924 sic
1125 902 1197 924 mo-

453 943 555 976 nitum
574 949 605 976 et
622 943 766 983 citatum,
787 943 852 977 sive
866 944 933 988 ipse
951 945 1196 988 comparuisset,

453 997 517 1030 sive
530 1007 606 1037 non,
624 1007 682 1030 nos
699 997 911 1031 nihilominus
928 998 969 1031 ad
982 998 1061 1031 haec
1075 1004 1105 1032 et
1123 999 1196 1039 alia,

453 1060 535 1092 quae
552 1049 672 1082 iustitia
693 1050 855 1091 suaderet,
879 1051 948 1084 eius
973 1052 1117 1085 absentia
1143 1063 1199 1085 seu

453 1103 656 1136 contumacia
688 1113 752 1136 non
791 1104 938 1137 obstante
952 1132 959 1145 ,
993 1115 1200 1148 processuros

455 1156 562 1189 fuisse.

497 1210 512 1252 ἓ
532 1210 563 1242 4.
588 1210 623 1242 Εῑ
641 1216 676 1243 ut
697 1211 882 1244 huiusmodi
911 1217 1020 1245 nostra
1049 1212 1196 1253 monitio,

453 1262 631 1306 requisitio,
653 1263 801 1297 inhibitio
815 1270 845 1297 et
862 1264 970 1297 citatio
982 1265 1020 1297 ad
1036 1265 1111 1298 dicti
1125 1266 1199 1299 Cae-

453 1316 532 1349 saris
550 1316 713 1357 notitiam,
745 1328 950 1361 quacumque
984 1319 1107 1352 ratione
1128 1319 1198 1352 fieri

454 1376 571 1412 posset,
595 1380 631 1402 ac
652 1370 730 1403 alias
750 1371 837 1403 omni
859 1372 985 1404 meliori
1015 1373 1112 1405 modo
1142 1373 1198 1406 de-

453 1423 634 1461 duceretur,
662 1423 811 1456 cumdem
837 1424 1015 1463 Caesarem,
1046 1436 1102 1458 seu
1131 1426 1199 1459 eius

452 1481 695 1518 procuratorem
718 1476 748 1508 in
771 1477 915 1510 Romana
934 1477 1026 1511 Curia
1053 1479 1198 1512 residen-

453 1533 528 1567 tem,
551 1539 607 1561 seu
627 1529 734 1561 forsan
753 1529 784 1561 in
805 1529 895 1562 libris
907 1530 1058 1564 Gamerae
1078 1531 1198 1565 descri-

452 1587 554 1624 ptum,
571 1581 795 1624 personaliter,
819 1582 866 1614 vel
894 1582 919 1615 si
938 1582 1036 1626 ipsius
1056 1584 1198 1618 Caesaris

451 1640 643 1677 procurator
662 1646 680 1668 a
694 1636 838 1668 nomana
851 1636 943 1669 Curia
958 1637 1094 1677 abesset,
1110 1638 1197 1671 domi

451 1689 518 1721 eius
536 1689 649 1722 solitae
671 1689 888 1729 habitationis,
912 1701 984 1723 cum
1009 1691 1196 1725 dimissione

451 1742 623 1781 caedulae3
651 1747 810 1785 quatenus
841 1749 947 1776 autem
976 1744 1084 1777 nullus
1113 1744 1197 1779 illius

450 1801 643 1838 procurator
660 1796 852 1829 constitutus
872 1802 903 1829 ct
921 1797 1099 1841 descriptus
1120 1798 1196 1831 fuis-

450 1854 507 1887 set,
536 1854 610 1880 tunc
631 1848 731 1884 (iuxta
752 1849 911 1882 (lictorum
930 1850 1145 1892 capitulorum
1166 1857 1195 1884 ct

450 1901 699 1934 conventionum
733 1902 815 1935 inter
835 1903 997 1935 Romanos
1026 1904 1197 1937 Pontifices

450 1956 715 1998 praedecessores
746 1961 871 1989 nostros
903 1962 931 1989 ct
963 1957 1107 1989 eiusdem
1138 1958 1192 1990 Al-

450 2008 564 2051 pbonsi
583 2014 803 2042 antecessores
824 2009 974 2042 initaruin
1002 2010 1138 2042 formam
1160 2021 1195 2043 ae

451 2068 610 2104 tenorem)
629 2062 732 2106 ipsum
762 2063 946 2101 Caesarem,
968 2074 1026 2106 per
1054 2063 1194 2096 officium

449 2125 504 2146 seu
533 2115 729 2147 audientiam
755 2115 1029 2148 contradictarum
1056 2117 1192 2157 moneri,

450 2168 568 2211 requiri
591 2174 619 2200 et
642 2168 732 2201 citari
752 2168 984 2201 mandavimus.

493 2224 508 2262 ,ξ
528 2221 558 2253 ἴ».
575 2222 608 2254 Et
632 2221 852 2261 nihilominus,
868 2232 906 2254 ne
925 2222 990 2265 ipse
1008 2222 1121 2255 Caesar
1140 2223 1195 2255 ali-

389 2299 422 2317 ,,,,,
449 2286 544 2318 quam
558 2276 806 2319 praemissorum
823 2276 1035 2315 ienorantiani
1048 2283 1196 2319 praeten-

450 2328 536 2366 dere,
561 2335 613 2361 aut
634 2329 700 2361 ullo
722 2340 863 2372 unquam
887 2335 1031 2372 tempore
1053 2330 1099 2362 rel
1116 2341 1195 2373 quo-

451 2381 493 2412 vis
506 2381 651 2424 quaesito
664 2382 783 2419 colore,
799 2392 853 2414 seu
867 2388 1030 2425 praetextu
1042 2383 1192 2423 allegare,

449 2445 502 2464 seu
524 2434 602 2466 alias
622 2446 654 2465 sa·
669 2445 820 2467 excusare
840 2441 944 2478 posset
964 2441 1087 2467 nostras
1098 2446 1195 2479 super

451 2487 633 2528 „rw-missis
647 2487 810 2530 expeditas
825 2487 946 2519 litteras
959 2487 988 2519 in
1005 2488 1107 2519 forma
1123 2487 1194 2520 bre-

451 2539 505 2574 vis,
530 2545 592 2570 tam
615 2540 644 2571 in
667 2540 749 2572 alma
772 2540 855 2572 Urbe
877 2546 997 2578 nostra,
1019 2540 1049 2572 in
1069 2541 1194 2573 Latera-

450 2591 555 2623 nensis
576 2598 605 2623 et
627 2592 782 2635 Prius-ipis
796 2593 1023 2635 Apostolorum
1047 2593 1193 2625 Basilii-a-

451 2654 520 2677 rum
542 2645 1014 2688 01caiusetturiaa·Apostolicae
1035 2645 1141 2685 valvis,
1158 2656 1194 2678 ac

1236 417 1329 444 tanae
1339 411 1551 445 Bononiensis
1562 417 1591 444 et
1601 411 1794 445 cathedralis
1804 412 1980 446 Cerviensis

1236 465 1444 511 ecclesiarum
1474 465 1588 505 valvis,
1612 475 1702 499 more
1733 465 1827 498 solito
1857 466 1920 508 legi
1950 472 1980 499 et

1235 518 1406 562 publicari,
1424 529 1460 551 ac
1480 519 1521 551 ibi
1534 518 1619 561 affigi
1634 524 1664 551 et
1684 529 1742 562 per
1752 519 1884 562 aliquod
1900 525 1980 552 tem-

1236 571 1323 614 poris
1342 571 1481 615 spatium
1502 571 1611 604 affixas
1631 571 1760 611 dimitti,
1785 571 1911 615 illisque
1924 581 1981 615 po-

1234 629 1300 656 stea
1313 624 1388 657 inde
1405 624 1567 664 detractis,
1585 635 1695 657 earum
1713 625 1860 668 exempla
1873 624 1905 656 in
1918 624 1980 657 eis-

1235 677 1307 710 dem
1330 678 1408 711 locis
1427 678 1550 721 pariter
1570 678 1662 711 affixa
1679 678 1819 721 relinqui
1833 677 1982 711 similiter

1234 731 1394 764 voluimus
1414 737 1444 764 et
1464 732 1928 765 mandavimuszdecernentes
1945 738 1980 765 ut

1235 784 1382 824 monitio,
1403 784 1582 828 requisitio,
1606 784 1766 826 inhibitio,
1789 785 1909 825 citatio,
1923 795 1980 818 seu

1234 836 1375 880 ipsarum
1407 837 1586 870 litterarum
1607 838 1783 881 publicatio
1796 865 1803 877 ‚
1826 843 1861 871 ut
1880 848 1977 882 prae-

1234 890 1346 931 fertur,
1360 891 1462 923 sactae
1472 896 1501 923 et
1511 896 1690 934 exequutae
1703 891 1852 924 eumdem
1867 891 1979 924 Caesa-

1234 953 1302 976 rem
1322 943 1457 987 perinde
1474 949 1637 977 arctarent
1654 949 1685 977 et
1697 944 1890 987 obligarent,
1904 955 1941 977 ae
1953 944 1979 977 si

1233 997 1278 1029 illi
1296 998 1510 1041 personaliter
1529 997 1696 1030 intimatae
1715 997 1859 1037 fuissent,
1882 1003 1980 1041 prout

1233 1050 1264 1083 in
1277 1050 1394 1084 nostris
1405 1050 1464 1084 sub
1478 1051 1529 1084 die
1543 1056 1656 1094 quarta
1672 1050 1856 1083 novembris
1872 1050 1979 1094 proxi-

1234 1114 1285 1137 me
1304 1104 1482 1148 praeteriti.

1277 1158 1294 1199 ξ
1315 1156 1345 1190 6.
1374 1157 1409 1190 Et
1431 1157 1548 1191 deinde
1568 1157 1681 1190 litteris
1700 1157 1885 1201 praedictis,
1910 1157 1978 1191 illa-

1231 1317 1388 1360 prefixum
1411 1317 1584 1350 terminum
1605 1328 1664 1350 nee
1685 1317 1751 1360 ipsc
1769 1318 1893 1357 Caesar,
1917 1328 1977 1351 nec

1231 1370 1346 1414 aliquis
1381 1370 1449 1403 eius
1489 1376 1682 1414 procurator
1719 1371 1952 1414 comparuisset

1232 1423 1331 1456 immo
1356 1423 1409 1456 ille
1430 1423 1461 1455 in
1482 1434 1539 1456 sua
1565 1423 1740 1467 pertinacia
1767 1424 1953 1467 persisteret

1231 1475 1304 1509 licet
1324 1476 1482 1509 dictarum
1504 1476 1682 1509 litterarum
1709 1476 1838 1520 plenam
1867 1482 1898 1510 et
1922 1477 1973 1510 in·

1231 1529 1409 1562 dubitatam
1435 1529 1582 1562 notitiam
1603 1529 1766 1563 habuisset
1791 1530 1973 1574 (quemad-

1231 1583 1363 1616 modum
1401 1593 1436 1616 ex
1468 1582 1693 1626 procuratorio
1729 1593 1787 1616 suo
1824 1583 1976 1616 mandato
1991 1584 2083 1606 ‘⁰¹¹⁶‘ss

1231 1636 1416 1669 authentico
1438 1636 1469 1668 in
1491 1635 1569 1669 actis
1587 1646 1701 1669 causae
1715 1636 1899 1670 huiusmodi
1912 1641 1974 1681 po-

1230 1695 1295 1722 stea
1316 1689 1476 1733 producto
1497 1689 1664 1722 manifeste
1685 1690 1856 1733 apparet);
1872 1699 1931 1723 nos
1945 1689 1976 1722 in

1230 1753 1324 1776 causa
1346 1748 1376 1776 et
1400 1742 1504 1776 causis
1535 1742 1720 1775 huiusmodi
1751 1743 1790 1775 ad
1822 1743 1975 1776 ulteriora

1230 1797 1472 1840 procedendum
1487 1796 1646 1836 duximus,
1663 1807 1699 1830 ae
1720 1797 1919 1837 examinatis,
1936 1797 1976 1830 ad

1230 1850 1330 1883 nostri
1348 1856 1376 1883 et
1399 1850 1550 1883 Gamerae
1577 1849 1760 1893 praedictae
1782 1850 1972 1883 commissa-

1230 1903 1267 1935 rii
1299 1913 1334 1935 ar
1366 1902 1433 1935 fisci
1459 1902 1558 1935 nostri
1590 1903 1811 1945 procuratoris
1840 1913 1974 1945 genera-

1230 1955 1307 1988 lium
1334 1955 1531 1995 instantiam,
1554 1955 1701 1999 pluribus
1723 1955 1855 1989 testibus
1878 1966 1977 1999 super

1230 2008 1501 2047 incumbentibus,
1518 2009 1745 2052 nonnullisque
1762 2008 1886 2041 iuribus
1898 2019 1974 2052 pro—

1229 2062 1344 2102 ductis,
1361 2061 1557 2105 servatisque
1571 2062 1752 2101 servandis,
1769 2062 1898 2095 tandem
1917 2062 1975 2095 dif-

1231 2115 1384 2148 tinitiram
1407 2115 1600 2158 protulimus
1617 2115 1820 2153 sententiam,
1845 2125 1909 2158 qua
1925 2114 1974 2148 di-

1229 2168 1342 2208 ximus,
1367 2167 1663 2211 prouuuciavimus,
1689 2167 1971 2208 sententiavimus,

1229 2221 1430 2254 decrevimus
1455 2226 1484 2254 et
1517 2220 1752 2253 declaravimus
1777 2220 1895 2253 dictam
1921 2220 1968 2253 ci-

1229 2274 1355 2307 vitatem
1378 2280 1408 2307 et
1429 2274 1582 2307 ducatum
1605 2273 1852 2313 l¹'er1·ariensem,
1871 2273 1973 2306 illius-

1229 2338 1291 2371 que
1321 2327 1508 2361 comitatum
1538 2333 1569 2360 ct
1600 2327 1800 2366 districtum,
1830 2326 1973 2370 aliasque

1228 2381 1382 2420 civitates,
1405 2387 1517 2420 terras,
1538 2386 1640 2413 castra
1662 2386 1691 2412 et
1712 2379 1781 2412 lora
1795 2379 1970 2423 praedicta,

1228 2444 1299 2466 cum
1321 2444 1434 2466 eorum
1468 2432 1659 2469 territoriis,
1683 2431 1901 2473 districtibus,
1925 2431 1973 2465 iu-

1228 2486 1478 2526 risdictionibus,
1504 2485 1675 2524 fortalitiis,
1705 2485 1870 2526 membris,
1893 2495 1968 2529 per-

1228 2539 1370 2572 tinentiis
1391 2550 1427 2571 ar.
1453 2539 1576 2571 iuribus
1596 2538 1854 2582 quiliusrumque
1876 2537 1971 2570 fuisse

1227 2598 1256 2624 et
1274 2603 1342 2625 esse
1360 2598 1480 2635 aperta,
1497 2598 1527 2625 et
1545 2592 1584 2625 ad
1606 2592 1707 2636 ipsam
1721 2593 1897 2625 Romanam
1912 2591 1969 2623 Ee-

1227 2645 1368 2682 clesiaui,
1396 2646 1576 2688 Sciit-inque
1597 2651 1625 2678 et
1643 2646 1808 2678 Cameram
1827 2645 1966 2687 Aposto-

1995 257 2043 284 An.
2060 256 2088 284 C.
2108 257 2175 285 1597

2199 788 2239 1093 Μ.Μ-Ξέ.
2199 600 2238 783 “K‘I'fl‘ss‘e
2200 438 2247 590 ’.ᾗῇ-(ιω
2216 399 2237 431 a,
2218 362 2222 367 >

2019 1159 2050 1180 Eo
2064 1165 2106 1181 non
2120 1164 2176 1181 eom-

1992 1188 2088 1212 paronm.
2098 1185 2176 1208 exami-

1232 1220 1304 1243 rum
1326 1211 1430 1243 forma
1449 1211 1597 1254 superius
1617 1221 1765 1254 expressa
1785 1217 1919 1252 servata,
1934 1211 1978 1244 le·
1992 1211 2177 1260 ygssgssgffffiffiff
2200 1247 2203 1249 ,
2219 1223 2222 1225 ·

1232 1263 1344 1305 gitime
1364 1264 1519 1297 intimatis
1540 1270 1569 1297 et
1590 1264 1771 1307 publicatis,
1796 1274 1868 1297 cum
1894 1264 1978 1297 intra
1992 1265 2176 1314 gfffflt‘ffeffiffi
2204 1287 2206 1290 -

1992 1318 2031 1339 suit
2046 1317 2126 1339 dictum
2138 1317 2176 1340 du·
2205 1324 2222 1348 t,

1992 1347 2064 1365 catum
2087 1344 2114 1366 ad
2138 1343 2176 1367 cn-
2202 1343 2214 1354 ⁴

1991 1375 2070 1392 meram
2088 1372 2175 1398 Aposto·
2198 1365 2226 1396 ὂ

1966 1399 1973 1412 ⁷
1991 1398 2053 1419 licam
2075 1403 2122 1419 osse
2139 1398 2176 1420 de·
2236 1423 2237 1426 Ἴ

1966 1451 1973 1465 ›
1992 1424 2176 1473 {maffia
2195 1439 2226 1470 ἠ’

1990 1477 2111 1508 pellendum
2123 1483 2176 1504 θειος
2199 1473 2226 1517 kt

1991 1509 2115 1552 ’ς’ὲςξῖἓιῗέἶῗ
2128 1509 2176 1562 Ρὸμῗ
2207 1526 2222 1529 ¹*

1991 1558 2083 1583 meratus
2101 1558 2184 1586 imnum„
