2253 3195
0 283 22 311 ’ὃ
58 290 107 316 An.
129 288 158 314 c.
175 285 240 314 1599

98 1515 141 1536 Leo
155 1516 171 1536 x
187 1522 242 1538 eam-

60 1542 105 1563 den]
134 1543 242 1564 invesutu—

61 1568 242 1595 ranicarotorogi,

61 1596 95 1626 qui
119 1595 157 1616 suit
179 1598 242 1617 etiam

60 1625 184 1648 unperat0r‚
207 1629 242 1644 eo·

61 1649 106 1669 dem
122 1650 183 1670 modo
194 1656 243 1671 con-

61 1679 121 1699 cedit.

871 284 1019 308 CLEMENS
1040 283 1096 307 Vlll
1118 283 1168 307 PP.

255 334 300 377 (in
319 333 435 377 quihus
461 333 545 366 idem
576 333 805 377 praedeeessor
835 333 916 365 inter
935 332 996 364 alia

255 387 369 427 voluit,
395 387 482 430 quod
504 387 606 419 dietus
624 386 845 419 Fcrdinandus
866 396 942 425 rex,
966 391 995 417 ct

255 439 303 473 sui
329 440 360 472 in
381 441 467 472 dicto
489 450 589 481 regno
611 439 738 472 Siciliae
760 439 839 471 eitra
856 439 994 471 Pharum

255 493 410 526 haeredes
440 499 468 525 ct
496 503 698 526 successores
726 493 839 525 darent
863 492 995 535 praede-

255 546 385 585 cessori,
400 552 430 579 et
443 546 601 579 Ecclesiae
620 545 791 588 praedietis
805 555 917 577 eorum
934 543 998 587 pri-

256 599 406 641 vilegium
435 609 532 631 aurea
560 599 647 630 hulla
671 598 830 630 bullatum
846 624 853 636 ,
880 597 909 628 iu
932 606 996 639 quo

255 653 388 696 proprio
404 652 585 685 iuramento
605 652 780 684 faterentur
794 656 823 683 et
843 660 998 691 recogno—

255 712 381 739 scerent
402 716 549 749 expresse
575 716 710 747 regnum
732 704 858 737 Siciliae
880 709 908 736 et
927 703 999 736 llic-

255 759 416 799 rusahem,
441 770 477 792 ac
497 764 597 792 totam
619 769 731 791 eorum
756 763 890 797 terram,
917 767 999 800 quae

256 818 303 845 est
319 812 399 845 citra
411 812 563 853 Pharum,
580 823 682 855 usque
703 812 743 845 ad
764 811 901 844 confinia
917 810 999 843 eius-

256 867 329 899 dem
350 866 520 905 Ecclesiae,
545 872 676 909 excepta
696 865 821 898 civitate
838 865 1000 897 Beneven-

258 924 331 952 tana
352 919 518 962 praedicta
543 930 615 952 cum
646 917 829 956 territorio,
854 916 999 949 districtu

257 978 288 1005 ct
308 972 510 1016 pertinentiis
527 972 592 1005 suis
613 983 650 1004 ex
667 972 734 1004 sola
755 970 897 1013 gratiaet
911 980 999 1002 mera

256 1026 449 1058 liberalitate
471 1025 560 1058 Sedis
583 1031 614 1058 et
633 1023 890 1068 praedecessoris
908 1033 999 1066 prac-

257 1078 418 1112 dictorum
439 1078 499 1111 sibi
520 1079 649 1121 suisque
663 1078 856 1111 haeredibus
876 1082 906 1109 et
926 1086 999 1109 suc-

257 1132 437 1165 cessoribus
457 1132 551 1165 fuisse
572 1142 742 1171 concessa,
766 1136 796 1163 et
823 1141 877 1163 eos
906 1140 997 1162 reec-

257 1186 350 1230 pisse,
366 1191 396 1218 et
413 1193 521 1219 tencre
537 1196 673 1227 regnum
685 1184 822 1224 Siciliae,
836 1190 867 1216 et
881 1188 998 1216 terram

257 1239 444 1273 huiusmodi
472 1250 489 1271 a
517 1239 766 1283 praedecessore
796 1243 825 1270 et
859 1236 1000 1269 Ecclesia

256 1294 428 1338 praedictis
459 1294 517 1326 sub
548 1293 671 1337 pactis,
704 1292 807 1325 modis
838 1297 869 1324 et
888 1291 1001 1324 condi-

259 1347 399 1380 tionibus
426 1353 519 1387 tunc,
544 1352 577 1379 ut
606 1346 801 1390 praefertur,
833 1344 1000 1388 expressis)

258 1401 383 1445 plenius
404 1400 596 1433 continetur.

303 1457 318 1497 ξ
349 1454 379 1487 ⁶2.
412 1454 449 1487 Et
480 1453 597 1487 deinde
627 1453 699 1496 piae
732 1452 907 1485 memoriae
938 1452 1001 1484 Leo

257 1510 343 1553 Papa
362 1509 388 1541 X
403 1536 410 1548 ‚
433 1508 529 1541 etiam
550 1507 778 1551 praedecessor
798 1511 926 1545 noster,
956 1505 1002 1538 di-

259 1569 344 1596 ctum
367 1572 501 1604 regnum
525 1560 649 1595 Siciliae
671 1560 751 1592 citra
774 1560 914 1592 Pharum
940 1559 1000 1591 cla-

259 1627 313 1649 rae
335 1615 511 1649 memoriae
524 1615 637 1648 Carolo
658 1614 879 1647 Romanorum
902 1613 1003 1655 impe-

258 1669 357 1704 ratori
377 1679 506 1712 semper
527 1674 673 1710 augusto,
692 1673 767 1700 tunc
780 1668 1001 1700 Romanorum

258 1729 289 1757 et
308 1722 533 1766 Hispaniarum
559 1721 626 1763 regi
653 1720 811 1754 catholico
842 1720 873 1752 in
895 1720 999 1762 impc-

258 1784 399 1811 ratorem
414 1776 527 1815 electo,
552 1775 585 1807 in
602 1775 746 1814 seudum,
764 1774 886 1806 eisdem
903 1774 1000 1807 modo

258 1837 289 1864 ct
320 1831 446 1870 forma,
477 1828 593 1872 quihus
624 1838 682 1872 per
712 1827 912 1871 praedictum
945 1827 998 1860 Iu-

257 1885 337 1918 lium
368 1883 651 1928 praedecessorem
687 1880 853 1924 praedicto
886 1880 998 1913 Ferdi-

259 1938 366 1971 nando
380 1936 447 1978 regi
459 1946 647 1969 concessum
662 1935 775 1974 suerat,
793 1939 823 1966 ct
835 1933 893 1967 sub
908 1944 1002 1976 prae-

260 1990 364 2031 dictis,
385 2000 467 2033 quae
486 1994 561 2022 tunc
581 1999 638 2032 per
659 1988 805 2021 eamdem
826 1987 941 2021 Sedem
954 1997 1003 2020 re-

260 2043 356 2076 missa
376 2053 440 2075 non
461 2047 666 2085 apparerent,
683 2052 719 2074 ac
733 2041 827 2074 certis
845 2040 915 2073 aliis
928 2046 1003 2073 tunc

259 2096 416 2140 expressis
428 2095 668 2128 conditionibus
682 2095 720 2127 de
734 2105 817 2127 novo
832 2094 1000 2134 concessit,

260 2157 290 2185 et
317 2151 356 2184 de
387 2160 425 2182 eo
446 2149 540 2182 etiam
563 2148 666 2192 ipsum
688 2148 835 2181 Carolum
858 2147 1000 2190 impera-

261 2211 364 2238 torem
378 2202 547 2241 investivit,
565 2207 591 2234 et
609 2201 712 2234 dictus
721 2201 851 2234 Carolus
866 2201 1005 2244 impera-

261 2265 310 2292 tor
334 2268 392 2301 per
416 2256 578 2300 quondam
610 2255 763 2287 loannem
796 2254 1003 2287 Emanuelem

260 2311 357 2345 Aurei
381 2309 514 2343 Velleris
535 2307 675 2352 equitem
697 2313 771 2340 tunc
793 2307 824 2339 in
855 2307 1005 2340 humanis

261 2370 420 2407 agentem,
431 2368 462 2396 ct
476 2361 575 2405 ipsius
585 2360 688 2393 Caroli
701 2359 906 2403 imperatoris
920 2360 1005 2402 apud

261 2419 399 2450 Leonem
418 2415 700 2460 praedecessorem
724 2418 754 2445 et
774 2413 888 2445 Sedent
908 2423 998 2455 prae-

261 2471 380 2504 dictam
410 2474 572 2502 oratorem
601 2473 629 2500 et
663 2470 908 2510 procuratorem
929 2476 1003 2508 spe-

262 2523 376 2557 cialem
394 2521 554 2566 promisit,
578 2526 609 2553 ct
625 2531 658 2553 se
680 2531 716 2552 ac
737 2529 850 2552 omnes
870 2528 1005 2560 regnum

262 2577 366 2621 ipsum
380 2576 506 2610 Siciliae
526 2575 635 2617 vigore
656 2573 741 2606 illius
762 2571 1006 2605 concessionum

263 2636 326 2664 tam
348 2641 404 2674 per
429 2629 563 2669 lulium,
587 2638 684 2672 quam
706 2627 844 2660 Leonem
866 2626 1004 2669 praede-

264 2693 406 2717 cessores
431 2682 614 2727 praedictos
645 2682 800 2714 factarum
833 2690 892 2724 pro
926 2685 1006 2713 tem-

353 2746 431 2774 Ball.
453 2747 529 2774 Rom.
554 2745 614 2773 Vol.
630 2745 664 2772 X.
863 2742 897 2770 68

1031 342 1108 374 pore
1127 331 1306 364 obtinentes
1324 331 1473 373 obligavit
1497 336 1527 363 et
1548 329 1775 362 inviolalnliter

1031 385 1268 417 obserrandum
1297 390 1326 417 ct
1348 384 1591 427 adimplendum
1613 384 1722 416 omnia
1744 382 1774 414 in

1032 438 1143 471 litter1s
1181 439 1251 471 Iulii
1294 438 1552 481 praedecessoris
1590 437 1775 470 huiusmodi

1032 498 1192 531 contenta,
1210 504 1307 536 super
1327 493 1442 536 quibus
1463 493 1501 525 dc
1523 491 1772 535 dispensatione,

1032 550 1085 577 aut
1106 545 1236 577 illerum
1256 546 1443 578 remissione
1465 556 1522 588 per
1548 545 1694 577 eamdem
1716 544 1773 576 Se-

1033 598 1104 629 dem
1127 599 1324 641 praedictam
1344 610 1407 631 non
1426 604 1585 631 constaret
1603 609 1657 630 seu
1680 608 1774 640 appa-

1032 657 1128 690 reret⁷
1146 657 1172 683 et
1190 653 1378 684 solvendum
1400 652 1533 693 singulis
1554 651 1645 683 annis
1660 651 1689 682 in
1705 662 1777 694 per-

1034 710 1164 747 petuum
1174 705 1326 738 Canu-rae
1338 705 1541 748 Apostolicae.
1551 711 1672 748 septem
1689 704 1777 736 mille

1034 758 1166 790 ducatos
1191 758 1259 790 auri
1286 759 1324 790 dc
1356 760 1487 791 (lamera
1514 758 1545 790 in
1578 759 1657 790 festo
1690 757 1776 790 Beati

1034 811 1129 851 Petri,
1146 812 1229 844 ultra
1242 811 1371 844 solitum
1388 822 1518 844 censum
1533 811 1692 854 parafreni
1714 810 1776 843 albi

1034 875 1092 907 pro
1117 865 1337 907 recognitione
1358 865 1421 897 veri
1450 870 1478 897 et
1504 865 1617 897 directi
1643 863 1775 896 dominii

1035 917 1133 960 ipsius
1155 919 1243 959 regni
1270 919 1408 957 Siciliae,
1432 925 1462 951 et
1487 918 1525 951 ad
1546 918 1658 950 Leonis
1679 927 1774 960 prae-

1035 971 1212 1005 decessoris
1240 978 1271 1005 ct
1298 972 1448 1005 Gamerae
1467 971 1707 1015 praedictorum
1730 981 1779 1002 re-

1035 1025 1252 1068 quisitionem,
1278 1026 1501 1069 delinquentes
1515 1025 1546 1057 in
1561 1024 1653 1057 terris
1674 1024 1778 1057 eidem

1035 1079 1192 1111 Ecclesiae
1220 1079 1358 1112 mediate
1380 1080 1426 1112 vel
1450 1078 1633 1111 immediate
1666 1077 1776 1110 subic-

1035 1132 1092 1164 etis
1113 1133 1152 1165 ad
1173 1133 1294 1165 dictum
1316 1143 1451 1173 regnum
1471 1138 1498 1165 et
1521 1132 1605 1164 illius
1623 1131 1776 1171 civitates,

1036 1191 1146 1223 terras,
1168 1191 1198 1218 et
1222 1186 1291 1218 loca
1312 1185 1554 1227 confugientes,
1579 1185 1668 1228 capi,
1690 1190 1717 1216 et
1740 1184 1779 1216 ad

1035 1239 1165 1277 Urbem,
1190 1240 1236 1272 vel
1259 1239 1356 1272 alium
1384 1240 1489 1272 locum
1512 1238 1631 1271 remitti
1654 1238 1776 1270 sacien-

1036 1292 1111 1325 dum
1133 1293 1192 1325 sub
1213 1293 1326 1336 poenis
1356 1293 1386 1324 in
1418 1292 1531 1325 litteris
1551 1291 1621 1324 Iulii
1643 1291 1779 1334 praede-

1036 1347 1170 1380 cessoris
1194 1346 1379 1380 huiusmodi
1401 1345 1580 1385 contentis,
1602 1344 1780 1377 dummodo

1037 1401 1120 1433 idem
1148 1402 1210 1433 Leo
1242 1401 1494 1443 praedecessor,
1518 1404 1545 1431 et
1579 1408 1780 1431 successores

1036 1455 1083 1487 sui
1109 1454 1245 1487 Romani
1267 1453 1458 1493 Pontifices,
1479 1464 1515 1485 ae
1539 1451 1703 1495 praedicta
1723 1451 1779 1483 Ca-

1038 1518 1127 1540 mera
1147 1508 1187 1540 ad
1209 1507 1308 1550 ipsiils
1328 1506 1431 1539 Caroli
1453 1505 1656 1549 ii‘nperatoris
1678 1510 1708 1537 et
1733 1505 1779 1537 of-

1037 1561 1189 1594 ficialium
1215 1572 1347 1595 suorum
1375 1560 1637 1604 requisitionem,
1672 1559 1777 1592 delin-

1037 1622 1171 1659 quentes
1192 1615 1224 1647 in
1250 1614 1342 1647 terris
1362 1620 1389 1647 ct
1412 1613 1492 1646 loris
1512 1613 1588 1646 dicti
1609 1612 1716 1654 regni,
1741 1612 1781 1644 ad

1038 1675 1137 1702 terras
1156 1674 1184 1702 ct
1206 1669 1276 1701 loca
1297 1667 1458 1701 Ecclesiae
1483 1666 1705 1708 confugientes
1726 1676 1781 1709 pa-

1036 1723 1113 1756 riter
1133 1723 1173 1755 ad
1199 1733 1253 1755 eos
1278 1721 1466 1759 remitteret,
1494 1725 1592 1764 prout
1612 1720 1642 1752 in
1664 1719 1782 1752 instru-

1037 1782 1146 1809 mento
1179 1776 1309 1820 publico
1342 1776 1481 1818 desuper
1511 1774 1676 1813 consecto,
1698 1773 1781 1805 etin

1037 1831 1131 1864 certis
1152 1829 1250 1874 ipsius
1267 1828 1524 1872 praedecessoris
1537 1827 1651 1860 Leonis
1665 1826 1781 1859 litteris

1037 1885 1075 1917 dc
1096 1883 1193 1916 verbo
1214 1884 1252 1915 ad
1276 1883 1407 1916 verbum
1431 1882 1549 1914 inserto
1563 1908 1570 1921 ,
1595 1880 1690 1914 etiam
1713 1880 1780 1923 ple-

1037 1937 1109 1970 nius
1130 1936 1326 1970 continetur.

1082 1993 1097 2033 Ξ
1119 1990 1149 2023 3.
1174 1991 1217 2023 Ac
1238 1991 1368 2022 demum
1391 1988 1583 2021 recolendae
1603 1985 1780 2019 memoriae

1037 2045 1136 2078 lulius
1162 2045 1247 2087 Papa
1271 2043 1327 2083 ΙΙΙ,
1358 2042 1453 2074 etiam
1475 2041 1704 2084 praedeeessor
1723 2050 1781 2072 no-

1037 2103 1112 2137 ster,
1138 2096 1267 2140 praevia
1287 2095 1531 2128 renunciatione
1552 2092 1705 2137 praedicti
1726 2093 1781 2125 Ca-

1038 2151 1097 2184 roli
1119 2151 1339 2183 Romanorum
1362 2147 1567 2191 imperatoris
1587 2157 1715 2189 semper
1727 2157 1782 2178 au-

1038 2202 1121 2244 gusti
1142 2201 1262 2234 dietum
1285 2210 1418 2241 regnum
1438 2198 1563 2231 Siciliae
1582 2203 1611 2230 et
1632 2197 1782 2230 llierusa-

1039 2254 1101 2286 lem
1124 2263 1195 2285 cum
1223 2257 1288 2284 tota
1306 2257 1392 2284 terra
1410 2249 1489 2282 citra
1515 2249 1653 2282 Pharum
1681 2259 1782 2291 usque

1040 2307 1079 2339 ad
1100 2305 1241 2339 confinia
1260 2305 1423 2337 Romanae
1449 2302 1630 2341 Ecclesiae,
1652 2307 1783 2344 excepta

1041 2359 1166 2392 civitate
1187 2359 1409 2391 Beiicrcntaiia
1431 2355 1546 2388 eteius
1568 2354 1730 2387 territorio
1753 2359 1783 2386 et

1041 2412 1197 2451 districtu,
1210 2417 1240 2444 ut
1256 2410 1353 2454 supra
1369 2410 1496 2442 inclitae
1519 2408 1694 2441 memoriae
1708 2407 1783 2440 Phi-

1042 2467 1130 2509 lippo
1151 2466 1196 2505 ll,
1223 2471 1297 2497 tuuc
1318 2463 1451 2506 Angliae
1474 2462 1539 2503 regi
1562 2468 1589 2495 et
1618 2461 1785 2505 Hispania-

1042 2529 1111 2550 rum
1134 2515 1290 2560 principi,
1315 2526 1373 2559 pro
1394 2526 1426 2548 se
1444 2514 1573 2557 suisque
1592 2513 1785 2546 haeredibus

1042 2577 1072 2604 et
1092 2569 1332 2603 suecessorilms
1354 2567 1532 2608 Aragoniae
1563 2566 1690 2608 regibus
1720 2572 1783 2598 tam

1042 2623 1193 2657 masculis
1210 2632 1306 2666 quam
1327 2621 1474 2654 foeminis
1488 2631 1523 2653 ex
1544 2630 1582 2652 eo
1602 2619 1785 2652 rectalinea

1042 2675 1312 2711 descendentibus
1326 2674 1408 2707 natis
1425 2678 1456 2707 et
1470 2671 1650 2713 nascituris,
1662 2682 1699 2705 ae
1715 2672 1784 2705 aliis

1679 270 1741 304 537
1789 281 1838 308 An.
1860 281 1888 307 e.
1906 280 1974 307 1599

1830 1986 1893 2006 lulius
1908 1986 1934 2006 lll
1951 1985 1981 2005 di-

1797 2019 1806 2032 r
1819 2020 1851 2032 am
1873 2013 1980 2032 intestim-

1796 2046 1839 2059 Νη]
1856 2039 1952 2065 Philippu
1965 2039 1982 2059 lt

1796 2065 1900 2086 concedit.
