2253 3195
88 243 136 270 An.
153 242 180 269 C.
205 243 271 271 1597

119 1897 180 1917 Art-et
189 1897 280 1923 legatum

97 1923 252 1944 Bononiensem
269 1931 280 1945 a

98 1950 201 1976 rapienda
219 1951 282 1971 liuius

97 1976 186 2006 ducatus
200 1983 283 2004 posses-

97 2008 164 2024 sione.

900 247 1046 270 CLEMENS
1068 247 1125 270 VIII
1147 247 1196 270 PP.

286 303 337 325 ces
368 292 428 325 sibi
453 292 652 327 considentes
684 304 741 337 per
770 303 827 327 nos
856 293 1026 337 deputari,

286 340 383 378 etiam
404 351 515 379 contra
537 347 752 390 capitulorum
781 352 812 379 et
838 347 1027 379 conventio-

287 409 364 430 num
394 398 478 432 inter
498 400 660 433 Romanos
687 399 858 432 Pontifices
889 400 1027 443 praede-

287 462 428 485 cessores
449 453 600 486 initarum
627 453 857 486 continentiam
884 459 911 485 et
935 458 1028 485 teno-

287 515 354 536 rem
376 505 537 545 institerit,
553 511 585 538 ut
605 506 675 538 iura
695 517 751 538 sua
772 516 879 538 coram
895 506 939 538 eis
956 516 1031 549 pro-

287 558 364 591 bare
377 564 495 602 posset,
513 569 596 602 quae
617 565 723 592 tamen
744 559 829 602 apud
850 569 908 591 nos
929 564 958 591 ct
978 559 1032 592 Se-

288 611 361 643 dem
379 612 596 654 Apostolicam
615 622 780 655 nunquam
801 611 943 653 legitime
957 622 1031 655 pro-

289 664 387 703 bavit,
411 670 442 697 et
455 665 594 708 denique
609 676 807 709 processum,
824 666 1028 706 sententiam,

289 718 439 750 mandata
461 723 489 750 et
515 718 634 751 monita
656 724 766 751 nostra
786 719 949 762 praedicta
971 729 1029 751 ne-

288 771 433 812 glexerit,
451 771 483 804 in
503 782 598 813 grave
620 772 746 805 animae
765 783 841 805 suae
859 773 1033 806 detrimen-

290 829 376 865 tum,
401 825 433 857 in
454 825 580 858 divinae
601 825 775 859 maiestatis
795 826 1006 859 offensionem
1023 854 1029 863 ,

288 888 324 910 ac
344 883 489 911 nostrum
508 884 539 911 et
558 879 762 922 Apostolicae
783 879 873 913 Sedis
891 885 1034 912 contem-

288 936 390 974 ptum,
402 931 687 975 perniciosumque
700 932 893 975 exemplum,
908 937 939 965 et
950 932 1034 964 chri-

289 983 467 1017 stianorum
498 985 644 1018 omnium
676 985 865 1018 scandalum
896 985 1031 1018 manife-

289 1041 385 1077 stum,
398 1037 744 1070 excommunicationis
758 1037 889 1070 maioris¹
903 1037 1035 1070 anathe-

290 1090 395 1130 matis,
424 1090 670 1131 maledictionis,
692 1090 895 1134 aliarumque
915 1101 1031 1124 censu-

289 1154 398 1177 rarum
419 1155 540 1188 poenas
560 1144 803 1184 ecclesiasticas,
825 1150 937 1178 contra
958 1145 1034 1177 civi-

290 1203 404 1238 tatum,
428 1203 601 1238 terrarum,
630 1199 797 1237 locorum,
822 1198 983 1231 bonorum
1005 1204 1033 1231 et

290 1251 409 1284 iurium
429 1252 563 1286 Sanctae
583 1253 748 1286 Romanae
768 1252 928 1285 Ecclesiae
948 1252 1035 1285 inva-

291 1314 380 1338 sores
400 1311 431 1338 et
448 1312 658 1349 occupatores
678 1317 737 1349 per
754 1306 894 1339 diversas
911 1307 1032 1340 Roma-

291 1368 409 1391 norum
433 1359 627 1392 Pontificum
659 1360 947 1403 praedecessorum
976 1371 1035 1393 no-

291 1411 432 1444 strorum
450 1412 704 1451 constitutiones,
720 1423 756 1445 ac
776 1423 834 1456 per
851 1413 972 1446 litteras
985 1414 1037 1447 die

294 1465 414 1499 coenae
434 1466 569 1498 Domini
588 1465 722 1508 singulis
751 1465 841 1498 annis
867 1466 930 1509 legi
955 1467 1034 1500 soli-

294 1524 358 1559 tas,
387 1524 417 1551 et
444 1529 503 1562 per
533 1529 640 1552 sacros
673 1529 812 1552 canones
836 1520 1036 1561 generalium

294 1571 529 1613 conciliorum,
553 1583 590 1604 ac
621 1572 810 1615 praesertim
838 1573 1038 1606 oecumenici

293 1625 452 1667 generalis
475 1625 607 1659 Concilii
631 1625 810 1658 Tridentini
828 1626 1038 1663 decreta,nec

293 1689 358 1712 non
379 1679 475 1712 etiam
489 1679 612 1712 litteras
633 1679 863 1719 monitoriales,
884 1679 1037 1713 inhibito-

294 1732 358 1765 rias
378 1737 410 1765 et
429 1732 591 1765 citatorias
607 1732 807 1776 supradictas
828 1732 964 1766 inflictas
985 1734 1039 1767 da-

295 1785 479 1819 mnabiliter
499 1785 706 1819 incurrendo.

339 1840 354 1883 g
371 1839 423 1873 10.
456 1840 600 1883 Cumque
629 1840 709 1873 haec
741 1840 870 1881 onmia,
903 1847 969 1873 tum
1002 1852 1038 1874 ex

295 1894 428 1938 praefati
448 1894 602 1928 Honoi‘ati
626 1895 729 1928 dictae
755 1894 890 1927 civitatis
910 1900 1040 1928 nostrae

296 1948 507 1981 Bononiensis
537 1948 714 1991 vicelegati,
740 1948 925 1981 authentico
952 1949 1040 1982 testi-

297 2002 407 2035 monio
428 2008 458 2035 et
477 2002 541 2035 fide
561 2002 658 2045 digna
677 2002 844 2043 relatione,
868 2002 922 2046 qui
948 2003 1041 2036 nobis

297 2065 401 2099 nuper
437 2055 627 2098 significavit
670 2055 804 2088 civitatis
841 2056 1040 2100 ducatusque

296 2109 473 2149 Ferrariae,
498 2114 763 2152 caeterarumque
785 2109 1041 2149 civitatum,'ter-

296 2173 429 2200 rarum,
454 2167 655 2203 castrorum,
679 2163 845 2203 locorum,
870 2163 1040 2196 fortalitio-

297 2226 384 2255 rum,
409 2215 630 2248 membrorum
645 2243 653 2255 ,
678 2215 936 2248 iurisdictionum
961 2216 1041 2249 alio-

297 2279 434 2312 rumque
455 2268 718 2311 supradictorum
740 2269 860 2301 realem
883 2274 913 2301 et
933 2274 1040 2301 actua-

297 2322 361 2354 lem
378 2321 626 2365 possessionem,
650 2327 744 2364 prout
768 2321 811 2353 illi
831 2321 863 2353 in
885 2321 1043 2354 mandatis

299 2375 494 2415 dederimus,
512 2386 549 2408 eo
567 2375 654 2419 quod
672 2375 743 2408 loca
760 2374 943 2418 supradicta
961 2375 1044 2408 eius-

300 2429 372 2462 dem
393 2429 535 2462 Caesaris
562 2434 650 2462 arcta
681 2428 818 2461 militum
845 2428 989 2461 custodia
1014 2434 1044 2461 et

299 2482 478 2526 praesidiis,
503 2482 666 2526 armisque
679 2487 769 2525 septa
782 2482 842 2514 sint
857 2492 893 2515 ac
906 2481 1040 2521 munita,

301 2535 419 2568 adeout
438 2545 597 2578 nusquam
619 2540 705 2568 tutus
726 2535 766 2567 ad
789 2535 841 2567 illa
862 2540 967 2578 pateat
986 2545 1041 2567 ac-

301 2598 426 2629 cessus,
447 2593 478 2621 et
507 2594 679 2632 propterea
711 2588 805 2621 alicui
838 2588 1043 2631 exequutioni

302 2642 390 2676 locus
409 2652 475 2675 non
495 2641 555 2682 sit,
579 2642 650 2686 capi
680 2646 711 2675 et
738 2641 956 2686 appraehendi
987 2641 1045 2675 mi-

1713 235 1777 268 395

1065 294 1150 327 nime
1175 295 1317 337 potuisse
1339 304 1397 327 nec
1422 304 1534 338 posse;
1559 298 1625 326 tum
1650 293 1745 326 etiam
1771 303 1807 326 ex

1066 347 1132 390 ipsa
1154 348 1226 381 sacti
1248 347 1467 391 permanentis
1488 347 1646 380 evidentia
1672 346 1808 379 clariora

1065 410 1150 432 nunc
1175 407 1202 433 et
1236 401 1361 434 notiora
1392 401 1546 441 existant,
1571 410 1666 443 quam
1692 405 1727 432 ut
1747 411 1804 432 cu-

1067 453 1211 496 iusquam
1231 454 1433 487 attestatione
1453 460 1508 486 aut
1527 453 1717 499 probatione
1735 463 1806 485 am-
1848 483 1851 485 ,

1066 506 1148 549 plius
1169 508 1350 549 indigeant,
1376 519 1412 541 ac
1433 508 1573 551 denique
1599 507 1687 540 nulla
1715 507 1809 549 tergi-

1066 560 1245 592 versatione
1259 566 1313 592 aut
1325 561 1528 594 excusatione
1543 560 1659 593 caelari
1673 559 1805 603 possint.

1111 614 1127 653 ξ
1149 612 1200 645 Η.
1218 613 1360 656 Cumque
1381 614 1475 646 etiam
1492 625 1508 646 a
1526 613 1657 646 veritate
1675 613 1809 645 omnino

1067 666 1104 697 sit
1125 666 1277 704 alienum,
1294 672 1324 699 ct
1344 667 1433 699 nullo
1452 677 1586 709 prorsus
1606 667 1727 699 nitatur
1740 666 1810 698 sun-
1836 677 2010 706 ‘Falsitasasser-

1067 719 1218 752 (lamento
1250 719 1281 752 id
1308 721 1395 762 quod
1422 720 1524 752 dictus
1553 720 1687 759 Caesar,
1719 725 1754 751 ut
1778 729 1810 751 se
1825 702 2012 759 ἶὺῖἓυὲὲηρῖἷξέῖἶᾞὲ

1067 772 1176 815 aliquo
1197 778 1290 816 pacto
1312 778 1449 812 tueatur,
1466 773 1596 816 passim,
1620 772 1701 805 sicut
1722 756 2012 805 acce-‘23¹1'Jlssllll.“W'‘

1068 826 1185 869 pimus,
1207 826 1312 865 iactat,
1337 837 1369 858 se
1389 826 1543 858 nimirum
1566 826 1597 858 in
1617 825 1703 858 linea
1724 830 1813 858 ante-

1069 889 1230 912 cessorum
1253 879 1327 912 dicti
1350 879 1504 923 Alphonsi
1531 879 1632 919 ducis,
1660 884 1756 922 atque
1781 878 1814 911 in

1070 932 1263 965 investituris
1280 933 1318 965 de
1334 933 1438 972 terris,
1456 932 1566 965 castris
1581 938 1611 965 et
1623 932 1701 965 locis
1721 942 1814 975 prae-

1069 985 1161 1018 dictis
1175 996 1193 1018 a
1206 986 1357 1018 Romanis
1378 985 1602 1025 Pontificibus,
1628 985 1815 1028 praedeces-

1069 1039 1196 1072 soribus
1217 1039 1334 1072 nostris
1352 1039 1451 1082 ipsius
1476 1038 1632 1082 Alphonsi
1651 1038 1744 1071 ducis
1760 1049 1815 1070 an-

1070 1092 1283 1126 tecessoribus
1311 1092 1400 1125 sactis
1428 1092 1697 1136 comprehensum
1726 1102 1811 1125 esse:

1070 1146 1101 1178 id
1122 1156 1198 1179 sane
1212 1146 1255 1178 ita
1268 1156 1348 1185 esse,
1365 1151 1494 1189 praeter
1511 1144 1584 1185 alia,
1605 1145 1690 1189 apud
1704 1155 1816 1178 omnes

1070 1205 1167 1239 certa,
1184 1199 1374 1237 indubitata,
1392 1209 1631 1242 quamcumque
1649 1209 1816 1241 praesum-

1070 1254 1213 1297 ptionem
1228 1258 1259 1287 et
1269 1258 1473 1296 praetensam
1485 1263 1575 1286 suam
1589 1253 1817 1296 probationem

1069 1307 1198 1351 penitus
1211 1306 1424 1346 excludentia,
1437 1312 1468 1339 et
1481 1317 1517 1339 ex
1530 1305 1727 1339 investituris
1741 1306 1817 1349 ipsis

1070 1360 1276 1400 resultantia,
1297 1370 1332 1392 ac
1363 1359 1514 1392 omnibus
1545 1359 1639 1403 plane
1667 1359 1813 1401 cognita,

1071 1419 1250 1458 perspecta,
1267 1419 1362 1456 atque
1376 1413 1513 1453 notoria,
1531 1412 1626 1445 firmo
1647 1412 1744 1445 etiam
1765 1423 1817 1445 ar-

1071 1473 1225 1511 gumento
1246 1473 1293 1500 est
1312 1467 1412 1510 ipsius
1437 1466 1592 1510 Alphonsi
1620 1466 1710 1499 ducis
1740 1476 1818 1498 con-

1073 1522 1166 1555 sessio
1180 1532 1216 1554 ac
1229 1521 1422 1554 testificatio.
1439 1521 1467 1553 Is
1482 1520 1567 1553 enim
1588 1520 1676 1553 omni
1698 1520 1818 1553 liberos

1073 1575 1267 1619 suscipiendi
1292 1585 1347 1618 spe
1375 1574 1438 1606 iam
1469 1573 1595 1617 pridem
1625 1573 1815 1613 destitutus,

1073 1630 1132 1661 hac.
1150 1628 1217 1672 ipsa
1235 1629 1274 1661 de
1295 1638 1340 1667 re,
1357 1628 1433 1659 dum
1455 1627 1583 1666 viveret,
1608 1637 1680 1659 cum
1701 1627 1819 1659 Roma-

1073 1682 1121 1715 nis
1139 1681 1347 1715 Pontificibus
1364 1679 1667 1724 praedecessoribus
1685 1680 1815 1723 nostris,

1074 1736 1195 1769 crebris
1215 1735 1328 1768 litteris
1349 1740 1379 1767 et
1399 1733 1581 1767 oratoribus
1603 1732 1717 1773 miSsis‚
1735 1733 1815 1775 egit,

1075 1798 1177 1832 eoque
1202 1786 1359 1827 consilio,
1384 1785 1475 1819 annis
1506 1785 1652 1828 proxime
1681 1785 1815 1828 elapsis,

1075 1843 1114 1875 ad
1134 1841 1252 1875 Urbem
1274 1851 1306 1873 se
1327 1839 1474 1880 contulit,
1491 1849 1528 1872 ac
1540 1838 1713 1872 novissime
1724 1838 1819 1871 etiam

1075 1907 1092 1928 a
1112 1895 1205 1929 nobis
1224 1905 1282 1938 per
1302 1894 1424 1927 litteras
1438 1898 1469 1926 et
1482 1892 1612 1926 nuntios
1633 1892 1822 1936 suppliciter

1075 1949 1166 1993 petiit
1196 1954 1231 1981 ut
1258 1947 1464 1980 investiturae
1494 1946 1599 1979 dictae
1625 1945 1760 1978 civitatis
1791 1950 1822 1977 et

1076 2002 1210 2035 ducatus
1219 2000 1435 2034 Ferrariensis
1446 1999 1649 2042 aliarumque
1658 1998 1821 2031 civitatum

1076 2062 1107 2089 et
1127 2056 1272 2088 locorum
1294 2054 1534 2098 praedictorum
1555 2052 1740 2096 prorogatio
1761 2051 1821 2084 sibi

1076 2120 1134 2153 pro
1164 2108 1309 2152 personis
1339 2106 1545 2140 nominandis
1574 2106 1818 2139 concederetur.

1076 2163 1143 2202 Qua
1161 2162 1192 2194 in
1214 2172 1248 2194 re
1269 2161 1364 2194 etiam
1386 2170 1497 2202 regum
1520 2164 1550 2192 et
1570 2159 1821 2192 christianorum

1077 2215 1260 2260 principum
1291 2213 1574 2247 commendatione
1610 2218 1641 2245 et
1672 2212 1822 2256 precibus

1077 2279 1152 2301 usus
1170 2268 1240 2308 fuit,
1256 2268 1332 2300 licet
1349 2267 1494 2299 omnium
1513 2266 1640 2306 animis,
1657 2276 1694 2298 ac
1712 2266 1823 2299 volun-

1079 2321 1195 2354 tatibus
1212 2320 1412 2364 pertentatis,
1429 2320 1589 2362 rebusque
1602 2319 1657 2351 diu
1671 2319 1824 2356 multum-

1078 2384 1141 2417 que
1161 2374 1329 2417 perpensis
1350 2384 1384 2406 ac
1404 2372 1599 2412 deliberatis,
1623 2372 1664 2405 ob
1685 2372 1820 2411 multas,

1079 2432 1109 2460 et
1140 2427 1209 2459 illas
1233 2426 1365 2470 quidem
1397 2426 1602 2469 gravissimas
1631 2431 1662 2458 et
1692 2425 1825 2459 iustissi-

1080 2490 1147 2512 mas
1167 2490 1298 2518 causas,
1323 2479 1402 2511 niliil
1424 2480 1553 2512 tandem
1581 2478 1767 2511 obtinuerit.
1791 2479 1826 2512 Id

1079 2544 1154 2565 vero
1176 2532 1258 2566 idem
1287 2533 1469 2576 Alplionsus
1501 2533 1613 2576 procul
1645 2532 1744 2566 dubio
1765 2532 1825 2565 sibi

1081 2588 1267 2620 tentandum
1286 2597 1464 2631 numquam
1486 2586 1709 2627 existimasset,
1730 2587 1755 2619 si
1777 2586 1825 2620 di-

1079 2646 1147 2674 ctus
1160 2640 1273 2674 Caesar
1290 2641 1320 2673 in
1340 2640 1510 2684 praedictis
1529 2639 1725 2674 investituris
1737 2650 1826 2674 com-

1823 246 1875 271 An.
1892 244 1920 271 C.
1940 244 2005 272 1597
