2253 3195
121 266 169 293 An.
187 266 214 292 (ἶ.
237 265 304 292 1590

148 642 239 662 Litterae
251 641 305 667 regis

122 669 269 693 Hispaniarum
279 669 305 688 :iil

121 695 242 716 Pontificem
252 697 287 715 cta
294 695 306 715 tl

123 724 227 742 oratorem

122 754 167 769 mac
179 748 305 769 residenti-m

123 776 192 797 datae.

931 264 1078 289 CLEMENS
1098 265 1157 288 Vlll
1178 265 1228 289 rP.

318 313 429 353 nobis,
451 319 481 346 et
513 313 616 346 eidem
649 313 841 347 christianae
868 313 1065 357 reipublicae

319 367 425 400 alieno
441 373 588 411 tempore
602 372 730 411 ereptus
745 367 857 407 suerat,
876 367 966 400 cuius
980 377 1065 400 mor-

320 421 357 454 tis
378 426 408 454 et
428 421 576 465 publicae
594 421 735 454 iacturae
757 432 852 454 causa
870 432 943 454 cum
958 432 994 454 ex
1008 431 1064 454 no-

319 479 385 507 stro
397 475 565 518 pastoralis
579 474 676 508 officii
691 485 824 508 munere
837 474 964 517 gravius
977 483 1065 507 com-

321 538 542 568 moveremur,
567 538 764 572 magnopere
789 528 924 560 recreati
954 538 1065 560 sumus

320 581 433 614 litteris
454 581 634 615 charissimi
661 581 692 613 in
720 581 844 615 Christo
876 581 933 613 tilii
963 580 1064 614 nostri

321 635 460 679 Philippi
485 636 523 668 Ill
550 635 777 678 Hispaniarum
803 634 887 677 regis
915 634 1064 667 catholici

322 688 389 721 cius
407 688 475 728 tilii,
500 699 578 732 quas
599 689 654 720 illo
676 688 742 732 ipse
764 687 826 727 die,
851 698 914 731 quo
936 698 990 720 rex
1009 699 1064 731 pa-

322 747 369 774 ter
388 741 530 781 obierat,
555 742 594 774 ad
620 752 679 775 nos
709 741 807 774 dedit.
832 742 928 774 Multa
959 740 1062 784 siqui-

321 795 393 828 dem
415 806 488 828 cum
509 795 744 837 significatione
770 794 896 839 pietatis
914 800 944 828 et
964 795 1062 827 devo-

322 848 416 881 tionis
446 859 523 891 erga
554 859 632 889 nos,
662 854 691 882 et
714 859 788 891 erga
808 848 891 882 hanc
915 848 1064 882 Sanctam

319 902 536 946 Apostolicam
556 902 683 941 Sedem,
701 902 732 935 in
750 913 824 946 qua,
840 903 905 935 Deo
919 908 1061 943 auctore,

321 956 441 989 meritis
461 956 536 989 licet
557 955 747 1000 imparibus,
763 956 1008 1000 praesidemus3
1032 967 1064 990 sc

320 1009 406 1042 enim
427 1009 471 1042 uti
494 1009 700 1042 obedientem
734 1009 836 1042 filium
868 1009 1039 1042 nobiscum
1054 1038 1061 1051 ,

320 1068 352 1095 et
372 1073 445 1095 cum
467 1063 580 1095 eadem
606 1062 790 1106 Apostolica
814 1062 895 1096 Sede
922 1063 1061 1096 coniun-

320 1116 498 1149 ctissimum
521 1126 588 1149 esse
608 1116 688 1149 velle
713 1116 938 1160 pollicebatur,
963 1117 1061 1149 nibil-

320 1181 382 1214 que
402 1171 487 1214 apud
508 1181 541 1203 se
566 1170 728 1214 antiquius
750 1171 839 1211 sore,
861 1182 957 1214 quam
984 1182 1061 1204 cau-

320 1234 389 1257 sam
414 1224 469 1257 Dei
499 1230 529 1257 et
556 1223 733 1257 catholicae
761 1224 937 1267 religionis.
961 1225 1064 1264 Quare

321 1277 353 1310 in
376 1288 526 1320 magnam
548 1288 638 1322 spem
659 1278 756 1311 erecti
784 1289 911 1319 sumus,
935 1279 1065 1322 Deoque

320 1330 437 1372 gratias
462 1330 605 1373 egimus,
630 1332 717 1375 quod
750 1337 836 1365 tanto
869 1331 937 1374 regi
969 1332 1065 1365 talem

321 1383 423 1416 filium
445 1395 664 1418 successorem
686 1385 836 1426 dedisset,
854 1385 908 1429 qui
929 1395 995 1418 non
1009 1396 1062 1419 re-

320 1447 458 1479 gnorum
477 1443 612 1478 tantum,
636 1439 692 1472 sed
712 1443 865 1483 paternae
886 1438 982 1472 etiam
996 1438 1065 1483 pie-

323 1491 395 1525 tatis
416 1492 654 1536 voluntatisque
675 1504 708 1526 se
728 1493 901 1526 haeredem
927 1493 1063 1537 profite-

321 1551 428 1578 retur:
454 1557 551 1589 quam
584 1546 715 1590 quidem
747 1557 836 1591 spem
862 1553 893 1580 ct
913 1552 1063 1591 expecta-

322 1600 442 1634 tionem
456 1606 599 1634 nostratn
618 1601 703 1634 idem
722 1613 776 1635 rex
794 1607 825 1635 ct
844 1608 937 1636 antea
958 1609 989 1636 et
1008 1613 1067 1636 nu-

322 1664 381 1697 per
402 1654 540 1687 maxime
561 1654 766 1688 confirmavit
786 1655 823 1688 iis
843 1655 967 1697 litteris,
989 1667 1068 1700 quas

322 1706 448 1751 scripsit
472 1708 513 1740 ad
534 1708 687 1741 dilectum
720 1708 823 1741 silium
849 1709 991 1742 nobilem
1017 1710 1064 1742 vi-

322 1771 394 1793 rum
423 1761 599 1794 Antonium
629 1762 668 1795 de
700 1761 848 1795 Corduba
874 1768 904 1795 et
930 1763 969 1796 de
994 1764 1068 1797 Car-

323 1815 408 1847 dona
430 1815 543 1848 ducem
565 1815 698 1849 Suessae
719 1827 812 1849 suum
842 1817 928 1860 apud
957 1827 1016 1851 nos
1040 1823 1069 1850 et

323 1868 405 1901 hanc
427 1868 576 1902 Sanctam
608 1869 723 1902 Sedem
751 1875 926 1903 oratorem.
954 1871 1070 1904 Narrat

323 1923 408 1955 enim
423 1933 488 1955 non
503 1922 609 1955 minus
625 1922 679 1966 pia
691 1933 788 1966 quam
803 1923 891 1966 gravi
905 1924 1065 1966 oratione,

323 1986 435 2009 omnes
455 1987 528 2009 suas
549 1987 642 2009 curas
668 1982 699 2010 et
729 1977 942 2019 cogitationes
973 1978 1005 2011 in
1031 1989 1069 2012 eo

324 2029 443 2073 positas
460 2040 539 2070 esse,
554 2035 589 2063 ut
602 2041 672 2063 eam
687 2031 891 2073 gubernandi
908 2032 1069 2065 rationem

324 2083 479 2123 instituat,
500 2094 583 2127 quae
602 2084 657 2117 Dei
679 2083 801 2126 gloriae
823 2084 984 2128 imprimis
1004 2097 1071 2119 ser-

324 2136 397 2176 viat,
412 2141 443 2169 et
456 2136 584 2180 populis
597 2137 657 2169 sibi
672 2137 824 2170 subiectis
843 2138 883 2171 sit
900 2139 1066 2180 salutaris3

325 2200 358 2222 se
372 2189 458 2222 enim
472 2189 551 2222 illud
560 2189 764 2233 potissimum
777 2196 888 2234 petere
901 2197 931 2224 et
944 2186 1066 2235 optare,

325 2249 360 2275 ut
379 2242 441 2275 sibi
462 2253 516 2276 eos
537 2253 648 2285 regere
667 2243 761 2276 liceat
780 2243 812 2276 in
833 2244 921 2276 omni
936 2244 1066 2283 iustitia,

325 2307 403 2340 pacc
429 2302 460 2329 et
480 2296 721 2340 tranquillitate,
738 2302 769 2329 ct
788 2307 858 2330 cam
878 2297 959 2330 viam
974 2298 1067 2339 inire,

326 2356 355 2383 et
377 2361 414 2383 ea
439 2350 547 2383 media
564 2350 729 2390 adhibere,
758 2361 840 2394 quae
866 2351 905 2384 ad
928 2351 1014 2385 hunc
1035 2351 1071 2384 si-

326 2414 399 2437 nem
425 2404 690 2447 consequendum
713 2404 814 2447 magis
835 2404 951 2437 idonea
976 2410 1071 2449 atquc

327 2457 571 2490 accommodata
591 2457 780 2497 videantur·,
804 2457 885 2490 scire
902 2468 934 2490 sc
949 2464 1068 2498 tamen,

327 2511 468 2543 humana
481 2510 614 2543 consilia
634 2516 665 2543 et
683 2510 789 2543 studia
806 2510 968 2543 imbecilla
978 2512 1072 2554 plane

328 2575 407 2604 csse,
431 2563 491 2596 nisi
512 2563 658 2597 coelestis
672 2564 793 2606 gratiae
814 2574 875 2608 ope
898 2564 1073 2598 fulciantur

328 2623 359 2650 et
380 2617 584 2657 roborentur,
599 2628 735 2661 eamque
758 2618 856 2650 multa
874 2628 946 2651 cum
968 2617 1073 2650 humi-

328 2671 415 2705 litate
430 2699 437 2713 ,
471 2671 636 2716 multaque
668 2682 740 2705 cuni
780 2671 920 2706 efficacia
954 2682 972 2705 a
1008 2672 1073 2706 Deo

1099 313 1202 357 expeti
1224 318 1392 357 oportere;
1417 312 1457 346 ob
1478 323 1547 346 eam
1567 322 1697 346 causam
1714 322 1748 345 se
1769 312 1842 346 duci

1100 367 1275 407 mandare,
1304 372 1338 400 ut
1362 377 1421 400 nos
1452 367 1567 407 adeat,
1596 371 1692 410 atque
1712 376 1729 398 a
1750 366 1843 399 nobis

1099 426 1263 464 tamquam
1278 431 1295 453 a
1307 420 1472 453 communi
1493 426 1598 464 patre,
1614 413 1737 464 suo'que
1750 430 1843 463 prae-

1099 473 1192 517 cipue
1216 474 1405 517 suppliciter
1429 479 1536 517 petat,
1559 479 1594 506 ut
1614 473 1643 506 ei
1676 479 1842 517 tamquam

1099 526 1262 559 obedienti
1284 526 1362 566 filio,
1390 531 1561 569 paternum
1582 526 1733 559 affectum
1755 525 1843 558 exhi-

1099 579 1244 618 beamus,
1267 579 1515 623 spiritualesque
1534 579 1695 612 Ecclesiae
1716 579 1844 612 thesau-

1101 643 1152 665 ros
1169 633 1309 674 bcnigna
1323 643 1419 666 manu
1438 633 1678 676 depromamus,
1703 643 1842 676 quorum

1099 686 1268 729 largitione
1282 686 1507 726 christifideles
1527 686 1708 727 invitemus,
1724 691 1759 719 ut
1774 686 1844 730 pias

1100 744 1131 772 et.
1155 740 1305 773 ardentes
1330 750 1389 783 pro
1417 740 1530 772 eodem
1556 739 1706 783 Philippo
1728 740 1841 772 catho-

1100 793 1161 826 lico
1188 803 1262 835 rege
1283 803 1394 837 preces
1415 794 1454 826 ad
1474 794 1574 826 Deum
1607 793 1765 833 fundant,
1789 793 1841 826 ni-

1101 846 1219 879 mirum
1249 847 1392 880 lubilaeo
1425 846 1688 880 christifidelibus
1716 846 1845 891 publice

1100 900 1220 933 indicto
1238 900 1278 933 ot·
1291 910 1362 933 eam
1380 900 1482 944 ipsam
1495 911 1624 933 causam
1637 900 1842 941 nominatim,

1100 964 1183 997 quae
1204 959 1251 987 est
1277 954 1316 987 de
1343 953 1548 997 impetrando
1570 953 1677 986 divino
1702 953 1820 987 auxilio
1835 981 1842 994 ,

1100 1013 1134 1041 ut
1153 1008 1192 1040 ab
1206 1008 1262 1047 Eo,
1278 1018 1336 1051 per
1356 1018 1451 1051 quem
1472 1018 1564 1049 reges
1584 1013 1731 1050 regnant,
1749 1007 1846 1051 etqui

1100 1067 1146 1094 est
1166 1061 1316 1105 princeps
1341 1072 1454 1104 regum
1480 1067 1595 1102 terrae,
1624 1061 1717 1094 detur
1742 1061 1846 1094 eidem

1099 1115 1247 1159 Philippo
1269 1115 1336 1157 regi
1356 1114 1489 1158 spiritus
1506 1114 1682 1158 sapientiae
1704 1120 1734 1148 et
1754 1114 1847 1148 intel-

1099 1169 1210 1209 lectus,
1234 1168 1364 1212 spiritus
1385 1168 1509 1201 consilii
1535 1174 1566 1201 et
1586 1168 1792 1209 fortitudinis,
1813 1174 1848 1201 ut

1099 1223 1151 1266 pie
1172 1227 1204 1256 et
1223 1222 1315 1262 iuste,
1340 1227 1370 1254 et
1387 1221 1521 1266 pacifice
1539 1222 1677 1266 populos
1698 1232 1772 1255 suos
1790 1233 1843 1255 re-

1100 1282 1163 1319 gat,
1186 1282 1216 1309 et
1240 1275 1407 1309 victoriam
1433 1280 1578 1319 reportet
1598 1275 1637 1308 de
1663 1275 1847 1309 infidelibus

1100 1336 1129 1363 et
1152 1329 1375 1363 infensissimis
1396 1329 1520 1362 nomini
1542 1328 1716 1361 christiano
1744 1328 1847 1362 hosti-

1100 1383 1176 1416 bus:
1191 1394 1224 1416 se
1236 1383 1321 1416 enim
1336 1393 1373 1416 eo
1384 1382 1492 1415 animo
1507 1393 1586 1422 esse,
1597 1387 1632 1415 ut
1644 1392 1702 1426 pro
1713 1381 1767 1415 Dei
1780 1382 1848 1424 glo-

1101 1437 1159 1478 ria,
1185 1437 1260 1470 fidei
1283 1436 1480 1477 defensione,
1499 1441 1530 1469 et
1548 1435 1730 1469 Catholicae
1751 1440 1847 1479 atque

1101 1491 1304 1535 Apostolicae
1325 1490 1484 1524 Ecclesiae
1505 1489 1709 1529 exaltatione,
1733 1500 1844 1532 regna,

1102 1556 1190 1590 opes
1215 1545 1323 1589 copias
1352 1550 1382 1578 et
1407 1555 1440 1577 se
1468 1544 1573 1588 ipsum
1601 1543 1789 1588 impendere
1809 1544 1849 1577 sit

1102 1605 1233 1644 paratus
1253 1599 1366 1632 eadem
1385 1599 1559 1639 voluntate,
1574 1598 1745 1632 devotione
1759 1604 1790 1632 et
1804 1599 1848 1632 as-

1102 1654 1203 1693 scctu,
1227 1660 1282 1686 aut
1310 1653 1405 1686 etiam
1428 1653 1560 1694 maiori,
1585 1653 1610 1686 si
1630 1653 1701 1686 fieri
1721 1653 1844 1697 possit,

1103 1718 1167 1752 quo
1197 1712 1298 1751 pater,
1327 1717 1414 1748 avus,
1439 1707 1644 1750 maioresque
1670 1706 1718 1739 sui
1740 1707 1848 1740 sortis-

1103 1761 1175 1795 simi
1200 1767 1231 1794 et
1251 1760 1399 1794 catholici
1420 1760 1583 1804 principes
1603 1760 1844 1804 impenderunt.

1149 1815 1165 1856 ἓ
1186 1813 1216 1846 ⁶2.
1240 1814 1303 1846 Nos
1324 1813 1443 1856 igitur,
1467 1813 1522 1857 qui
1548 1813 1698 1846 eumdem
1720 1813 1845 1857 Philip-

1104 1878 1180 1911 pum
1203 1867 1382 1910 1·egem,uti
1404 1866 1507 1899 silium
1529 1872 1676 1900 nostrum
1697 1866 1848 1899 charissi-

1105 1932 1204 1961 mum,
1226 1920 1368 1963 gerimus
1389 1920 1420 1953 in
1439 1920 1536 1953 corde
1557 1919 1726 1960 intimo,et
1746 1919 1778 1952 in
1797 1919 1846 1952 vi-

1104 1975 1248 2009 sceribus
1264 1975 1333 2008 Iesu
1354 1973 1481 2015 Christi,
1498 1979 1720 2016 agnoscentes,
1737 1979 1768 2007 et
1779 1973 1850 2017 plu-

1104 2029 1223 2063 rimum
1255 2029 1287 2062 in
1320 2028 1457 2062 Domino
1492 2028 1757 2061 commendantes
1788 2027 1850 2060 hoc

1105 2090 1169 2117 tam
1190 2083 1280 2128 pium
1302 2082 1511 2123 desiderium,
1529 2081 1689 2115 catholico
1711 2091 1786 2123 rege
1801 2081 1850 2114 di-

1105 2148 1216 2181 gnum,
1241 2137 1296 2181 qui
1318 2136 1351 2169 in
1372 2136 1441 2180 ipso
1462 2135 1552 2179 regni
1573 2135 1620 2168 sui
1635 2135 1778 2175 exordio,
1795 2145 1848 2168 ve-

1106 2191 1163 2224 luti
1193 2191 1274 2224 alter
1299 2191 1469 2230 Salamon,
1493 2200 1699 2233 nequaquam
1737 2199 1754 2221 a
1785 2189 1850 2222 Deo

1106 2244 1173 2277 dies
1194 2245 1333 2284 multos,
1362 2249 1393 2277 ct
1421 2243 1503 2276 vitae
1521 2242 1772 2284 longitudinem,
1796 2247 1852 2274 aut

1108 2303 1250 2331 terrenas
1271 2297 1396 2331 divitias
1416 2296 1505 2341 petit,
1526 2297 1581 2329 sed
1607 2305 1662 2328 cor
1683 2295 1798 2335 docile,
1822 2300 1853 2328 et

1105 2352 1296 2396 sapientiam
1318 2351 1459 2395 postulat
1477 2351 1517 2383 ad
1538 2349 1787 2383 discernendum
1803 2348 1852 2381 iu-

1107 2404 1238 2445 dicium,
1260 2410 1294 2437 ut
1312 2404 1393 2437 iuste
1414 2409 1445 2436 et
1466 2409 1562 2443 recte,
1586 2408 1615 2435 et
1635 2413 1672 2435 cx
1696 2402 1853 2446 praescri-

1107 2463 1161 2501 pto
1182 2457 1261 2499 legis
1280 2456 1335 2490 Dei
1356 2457 1512 2498 gubernet
1535 2456 1691 2499 populum
1711 2455 1770 2488 sibi
1785 2466 1853 2488 crc-

1107 2510 1221 2551 ditum‚
1242 2510 1398 2555 populum
1421 2510 1556 2542 inultum
1576 2509 1689 2549 niinis;
1713 2520 1853 2553 cumque

1109 2570 1171 2598 tam
1192 2564 1245 2608 pia
1262 2564 1374 2608 petitio
1399 2574 1463 2596 non
1485 2563 1589 2596 solum
1611 2563 1650 2595 ad
1672 2562 1854 2607 provincias

1108 2624 1138 2651 ct
1159 2629 1257 2661 regna
1278 2618 1336 2662 ipsi
1359 2618 1425 2661 regi
1443 2618 1592 2662 Philippo
1613 2618 1768 2658 subiecta,
1797 2619 1853 2652 scd

1108 2671 1204 2706 etiam
1237 2671 1277 2705 ad
1306 2671 1402 2705 totius
1430 2671 1624 2706 christianae
1655 2671 1853 2717 reipublicae

1746 253 1810 286 475
1857 263 1905 290 An.
1930 262 2043 291 (3.1599

1918 1818 2013 1839 Clemens
2029 1818 2050 1838 in

1864 1846 1909 1866 eius
1951 1845 2050 1866 dominiis

1864 1873 1969 1893 solemnes
2003 1878 2050 1898 pro-

1864 1900 2052 1924 cessionesetsup-

1865 1926 1990 1952 plicatioues
2019 1925 2051 1945 in-

1865 1953 1924 1976 dicit,
