2253 3195
57 253 106 282 An.
121 253 149 280 C.
173 252 239 279 1602

867 254 1015 278 CLEMENS

251 301 487 334 transferuntur
503 328 510 341 ,
537 301 636 334 solvat
661 301 738 334 alias
762 301 873 336 decem
899 302 995 335 libras

250 354 365 388 rectori
391 354 431 386 de
455 354 591 397 Soneja,
621 365 731 388 omnes
767 362 862 389 erunt
886 357 994 399 viginti

248 408 358 447 librae,
370 408 489 441 ratione
503 408 650 442 omnium
666 409 894 452 primitiarum,
916 420 995 453 quas

249 471 285 494 ex
310 461 357 494 his
382 461 486 494 tribus
511 462 637 505 oppidis
655 463 788 506 colligit,
805 474 885 506 quae
903 464 996 496 aesti-

250 521 351 548 matae
369 520 443 548 sunt
468 516 672 558 septuaginta
696 528 760 549 una
775 517 876 556 libris,
910 523 992 550 tres-

250 567 352 600 decim
376 567 484 600 solidis
515 574 543 601 et
576 579 687 602 novem
713 569 861 603 denariis.
890 570 994 603 Mensa

249 621 437 664 episcopalis
455 620 555 654 solvat
572 621 783 664 quadraginta
801 629 873 656 octo
889 623 995 663 libras,

250 683 362 707 novem
386 674 505 707 solidos
530 680 560 707 et
584 680 656 707 octo
683 676 843 716 denarios,
871 677 994 709 ratione

250 728 347 771 partis
373 727 586 767 decimarum,
613 740 710 771 quam
736 740 772 762 ex
798 730 923 773 oppidis
942 741 993 762 ea-

250 781 316 824 pit,
342 780 525 823 octuaginta
554 791 606 814 sex
631 781 739 821 libris,
768 783 992 826 septemdecim

250 833 358 866 solidis
394 839 424 866 et
460 833 570 867 decem
609 834 749 868 denariis
781 836 990 869 aestimatam.

249 887 354 920 Mensa
368 887 554 931 capitularis
571 889 670 921 solvat
688 888 796 931 viginti
812 899 864 922 sex
882 889 992 929 libras,
1011 896 1013 923 !

250 940 419 974 tresdecim
448 940 569 974 solidos
596 946 626 974 et
651 947 789 984 quatuor
819 942 990 983 denarios,

249 993 383 1039 ratione
411 994 509 1036 partis
549 994 735 1027 earumdem
777 994 990 1035 decimarum,

248 1056 345 1090 quam
371 1046 486 1090 recipit
507 1046 620 1080 valoris
637 1047 849 1090 quadraginta
870 1054 992 1091 septem

247 1099 414 1141 librarum,
431 1100 616 1144 quindecim
639 1101 815 1134 solidorum
836 1107 867 1134 et
881 1102 992 1134 decem

248 1153 465 1187 denariorum.
495 1154 748 1187 Archidiaeonus
768 1154 872 1187 maior
896 1155 993 1198 Sego-

246 1206 400 1239 bricensis
421 1207 522 1240 solvat
538 1213 678 1250 quatuor
693 1207 789 1240 libras
807 1214 835 1240 et
853 1213 993 1251 septem-

247 1260 350 1294 decim
376 1260 516 1300 solidos,
554 1261 679 1294 ratione
712 1263 861 1295 undenae
895 1263 993 1305 partis

248 1313 447 1347 deeimarum
462 1314 501 1347 ad
515 1324 604 1347 suam
620 1314 807 1357 dignitatem
833 1315 993 1358 pertinen·
1009 1329 1012 1353 t

249 1367 303 1407 tis;
329 1377 411 1410 quae
437 1378 548 1400 omnes
575 1378 719 1401 summae
737 1368 834 1401 libras
864 1374 992 1402 centum

248 1419 408 1461 efficiunt,
428 1426 459 1454 et
484 1431 541 1464 pro
566 1422 640 1454 dote
674 1421 777 1455 dietae
802 1422 993 1464 paroehialis

247 1473 401 1507 ecclesiae
421 1474 460 1507 de
484 1474 599 1517 Soneja
624 1475 756 1518 eiusque
776 1475 917 1516 rectoris,
936 1486 994 1519 per

247 1527 404 1569 praefatos
421 1527 663 1561 contribuentes
682 1528 857 1571 respective
879 1528 992 1572 quoli—

246 1580 300 1614 bet
312 1591 397 1614 anno
411 1587 566 1626 perpetuo
580 1582 764 1622 solvendae,
779 1582 991 1626 applicantur,

247 1640 277 1667 et
301 1634 332 1667 in
357 1634 416 1667 hae
437 1634 600 1668 dotatione
637 1635 761 1668 domini
799 1636 993 1678 temporales

247 1698 305 1731 pro
322 1698 380 1721 sua
405 1688 496 1720 tertia
514 1688 711 1721 deeimarum
731 1695 818 1731 parte
836 1699 899 1721 non
919 1700 993 1722 con-

247 1741 403 1774 tribuunt.
432 1742 471 1774 Et
496 1742 649 1785 quoniam
675 1742 706 1775 in
732 1742 852 1786 oppido
878 1743 993 1785 Soneja

248 1803 350 1830 terrae
361 1803 391 1830 et
400 1797 530 1830 arbores
540 1798 578 1831 ad
594 1799 785 1841 mesquitam
797 1799 993 1841 pertinentes

249 1856 321 1883 sunt
347 1851 516 1893 plurimae,
545 1857 575 1884 et
595 1851 628 1887 in
654 1862 746 1895 posse
771 1851 893 1884 domini
915 1858 993 1884 tem-

247 1903 365 1947 poralis
375 1903 590 1947 reperiuntur,
602 1904 657 1947 qui
676 1914 728 1937 eas
745 1903 819 1937 colit
830 1904 992 1937 etsructus

248 1956 383 1995 retinet,
411 1956 464 1999 qui
491 1957 602 2000 viginti
629 1957 727 1990 libras
753 1956 989 1996 aestimantur,

248 2010 425 2042 curandum
445 2015 491 2042 est
514 2016 547 2043 ut
567 2021 623 2053 per
643 2010 801 2050 iudicem,
823 2011 906 2053 regia
929 2021 989 2043 au-

247 2063 413 2104 ctoritate,
442 2065 480 2096 ad
508 2065 538 2097 id
572 2065 785 2108 deputatum,
820 2065 992 2098 summarie

246 2117 450 2151 elucidentur
473 2125 501 2151 et
530 2124 778 2162 recuperentur:
803 2118 890 2161 quod
920 2129 991 2151 eum

247 2171 345 2204 suerit
362 2172 492 2212 factum,
513 2171 638 2204 illarum
660 2172 748 2205 valor
769 2172 801 2204 in
819 2171 988 2212 reditibus,

245 2223 315 2268 ipso
335 2224 431 2265 sacto,
450 2225 606 2268 praesenti
626 2225 789 2258 dotatione
813 2225 991 2268 applicatus

246 2283 384 2318 maneat,
399 2284 430 2311 et
447 2289 463 2310 a
483 2278 685 2321 portionibus
703 2278 734 2310 in
749 2289 784 2311 ea
799 2278 991 2311 contibuen-

248 2330 339 2371 tium,
367 2331 491 2364 ratione
517 2331 713 2364 decimarum
733 2331 910 2370 dumtaxat,
933 2342 991 2374 pro

248 2389 314 2417 rata
339 2384 512 2418 minuatur.
531 2385 665 2428 Sintque
681 2385 726 2417 sie
752 2384 991 2417 contribuentes

247 2439 286 2471 ab
305 2437 389 2470 illius
413 2438 572 2471 solutione
590 2448 645 2480 pro
671 2448 728 2470 sua
754 2437 888 2481 quisque
910 2448 990 2480 por—

247 2491 333 2525 tione
358 2491 447 2524 liberi
473 2497 503 2524 et
520 2491 689 2524 immunes.
721 2492 753 2523 ln
779 2490 897 2533 oppido
927 2490 986 2522 So-

246 2545 318 2587 neja
350 2544 492 2577 sacristia
518 2544 703 2583 reficiatur,
731 2551 761 2577 et
795 2543 928 2583 domus,
958 2543 990 2575 in

247 2608 311 2641 qua
337 2603 440 2631 rector
465 2597 606 2631 residens
632 2597 769 2637 habitet,
797 2606 878 2639 quae
903 2596 992 2628 desi-

247 2656 341 2694 gnata
377 2655 425 2685 est
459 2650 611 2685 eeclesiae
651 2650 820 2694 contigua,
848 2649 991 2693 expensis

1035 254 1093 277 v1i1
1112 254 1163 277 PP.
1673 242 1731 276 821

1030 302 1246 336 universitatis
1272 308 1433 335 mercetur
1462 307 1491 335 et
1522 301 1703 342 reficiatur,
1739 306 1769 334 et

1029 355 1133 388 eidem
1158 355 1274 388 rectori
1300 355 1519 398 consignetur.

1363 435 1427 467 Sol.

1073 514 1231 558 Oppidum
1246 515 1300 548 Sor
1317 514 1449 547 dominii
1470 514 1656 558 temporalis
1673 514 1705 546 D.
1725 514 1771 546 la-

1012 568 1099 601 ›cobi
1137 569 1250 601 Ferrer
1284 568 1506 611 gubernatoris
1537 568 1770 601 Valentinensis

1029 621 1262 664 quinquaginta
1301 627 1439 665 quatuor
1479 621 1619 654 eontinet
1659 621 1771 654 domos

1028 674 1149 707 noviter
1163 674 1202 706 ad
1217 674 1311 707 fidem
1327 674 1514 707 catholicam
1533 684 1770 708 conversorum.

1032 729 1063 760 ln
1090 738 1125 761 eo
1162 728 1355 771 paroehialis
1392 728 1528 761 ecclesia
1558 733 1605 761 est
1640 727 1772 770 antiqua

1011 806 1013 812 ,
1028 781 1086 813 sub
1104 781 1305 814 invocatione
1320 781 1545 825 Conceptionis
1556 782 1589 814 B.
1606 781 1640 813 V.
1654 779 1770 813 Mariae

1029 835 1136 867 dotata
1162 834 1227 867 suis
1252 834 1422 876 primitiis,
1450 845 1531 877 quae
1555 835 1670 867 valoris
1698 839 1771 867 suntv

1029 887 1263 931 quinquaginta
1287 887 1445 920 librarum
1471 894 1616 921 monetae
1631 887 1771 920 Valenti-

1028 951 1099 979 nae,
1126 946 1156 973 et
1181 946 1347 983 praeterea
1372 941 1410 973 de
1435 940 1544 983 viginti
1570 940 1671 980 libris,
1690 951 1770 984 quas

1028 993 1177 1026 dominus
1184 994 1343 1037 praefatus
1352 993 1537 1038 temporalis
1547 994 1664 1027 rectori
1674 994 1769 1027 eliani

1028 1047 1226 1091 ‹onsignaxjit
1250 1047 1282 1080 in
1303 1048 1408 1081 dotem
1427 1058 1521 1092 super
1538 1048 1677 1091 quodam
1696 1059 1770 1082 een-

1028 1100 1124 1140 suali⁷
1152 1111 1234 1143 quae
1258 1111 1345 1133 nune
1369 1101 1465 1134 etiam
1494 1102 1663 1144 exiguntur
1696 1112 1768 1135 eum

1027 1153 1215 1197 obligationi
1234 1153 1427 1186 celebrandi.
1446 1181 1452 1186 .
1472 1181 1478 1186 .
1500 1181 1506 1187 .
1527 1155 1638 1187 missas
1662 1154 1767 1198 quali-

1027 1207 1080 1239 bet
1099 1206 1292 1250 septimana,
1319 1217 1377 1250 pro
1402 1206 1518 1249 quibus
1549 1207 1656 1250 viginti
1681 1207 1770 1240 libris

1028 1260 1058 1293 in
1084 1260 1259 1300 reditibus,
1282 1260 1475 1293 auctoritate
1497 1261 1687 1304 apostolica,
1713 1260 1772 1293 fuit

1028 1314 1070 1347 illi
1096 1324 1284 1347 concessum
1302 1314 1350 1346 ius
1374 1318 1562 1356 patronatus
1587 1313 1691 1347 dictae
1716 1325 1771 1347 re-

1027 1367 1166 1408 ctoriae,
1188 1374 1219 1400 et
1251 1378 1322 1399 cum
1348 1366 1542 1409 obligatione
1574 1367 1772 1401 distrahendi

1028 1421 1180 1454 ducentas
1204 1420 1301 1454 libras
1326 1420 1357 1452 in
1384 1421 1552 1466 utilitatem
1577 1421 1716 1454 fabricae
1741 1427 1771 1454 et

1028 1479 1289 1506 ornamentorum
1308 1473 1458 1507 eeclesiae
1480 1474 1650 1518 praefatae.
1671 1473 1771 1517 Opor-

1029 1532 1071 1560 tet
1095 1526 1182 1569 quod
1207 1528 1347 1570 praefata
1373 1527 1431 1560 dos
1451 1528 1490 1560 ad
1515 1532 1645 1560 centum
1670 1537 1772 1571 usque

1028 1580 1124 1612 libras
1135 1586 1300 1623 augeatur,
1312 1580 1537 1624 addanturque
1547 1580 1628 1613 aliae
1642 1580 1772 1623 triginta

1028 1634 1126 1667 librae
1149 1635 1178 1667 in
1204 1634 1370 1675 reditibus,
1405 1635 1465 1667 hoc
1486 1634 1633 1668 videlicet
1653 1634 1770 1673 modo·‚

1027 1689 1111 1731 quod
1127 1698 1234 1721 mensa
1252 1688 1443 1731 episcopalis
1460 1687 1697 1731 Segobrieensis
1710 1689 1772 1722 sol—

1027 1747 1075 1774 vat
1106 1747 1228 1784 septem
1261 1741 1381 1783 libras,
1417 1741 1560 1784 quinque
1588 1741 1706 1774 solidos
1742 1746 1772 1774 et

1027 1795 1169 1837 quinque
1194 1795 1362 1834 denarios,
1392 1795 1515 1828 ratione
1547 1794 1744 1827 deeimarum
1762 1822 1769 1834 ‚

1027 1858 1106 1890 quas
1131 1858 1167 1880 ex
1188 1858 1225 1880 eo
1251 1847 1369 1892 oppido
1395 1848 1527 1890 colligit,
1555 1857 1637 1890 quae
1657 1847 1771 1881 valoris

1027 1906 1099 1934 sunt
1119 1901 1352 1944 quinquaginta
1365 1901 1461 1935 unius
1476 1901 1642 1942 librarum,
1659 1901 1769 1935 decem

1027 1955 1202 1988 solidorum
1224 1962 1252 1988 et
1269 1961 1408 1998 quatuor
1428 1955 1647 1988 denariortim.
1665 1955 1771 1988 Mensa

1028 2008 1211 2051 capitularis
1247 2008 1346 2041 solvat
1377 2014 1516 2051 quatuor
1540 2007 1660 2047 libraS,
1688 2019 1770 2050 quae

1027 2062 1168 2095 decimas
1190 2062 1290 2106 capit,
1316 2062 1537 2095 aestimatione
1562 2061 1675 2104 viginti
1699 2066 1770 2095 octo

1027 2115 1191 2156 librarum,
1223 2126 1276 2148 sex
1305 2115 1481 2148 solidorum
1511 2120 1541 2148 et
1565 2121 1637 2148 octo
1664 2115 1766 2147 dena-

1027 2171 1158 2202 riorum.
1186 2168 1439 2202 Arcl‘iit‘liaeonus
1465 2168 1503 2201 de
1528 2169 1684 2212 Alpuente
1709 2168 1767 2201 Se-

1024 2223 1222 2266 gobricensis
1236 2222 1394 2255 Ecclesiae
1408 2221 1507 2255 solvat
1521 2221 1768 2265 quatuordecim

1025 2275 1144 2309 solidos
1169 2282 1199 2308 et
1224 2281 1344 2319 septem
1371 2275 1537 2315 denarios,
1561 2276 1684 2308 ratione
1710 2286 1770 2308 un-

1024 2329 1125 2362 denae
1158 2329 1255 2372 partis
1302 2328 1511 2361 decimarum.
1556 2329 1769 2371 Applicantur

1025 2388 1186 2427 praeterea
1207 2389 1278 2416 octo
1293 2382 1392 2415 librae
1410 2393 1446 2415 ex
1464 2381 1620 2415 reditibus
1638 2382 1715 2415 olim
1730 2382 1769 2414 ad

1024 2436 1215 2479 mesquitam
1251 2435 1509 2480 pertinentibus,
1545 2436 1600 2478 qui
1625 2435 1769 2468 eiusdem

1023 2494 1097 2522 sunt
1116 2489 1241 2529 valoris,
1267 2495 1297 2522 et
1322 2488 1433 2521 ‹let-em
1452 2488 1551 2521 librae
1572 2499 1607 2520 ex
1629 2487 1766 2521 oblatio-

1024 2542 1119 2575 nibus
1140 2548 1170 2575 et
1191 2541 1418 2575 emolumentis
1444 2541 1707 2585 provenientibus
1732 2552 1769 2575 ex

1025 2596 1103 2638 pede
1123 2595 1240 2628 altaris.
1271 2595 1356 2633 Quae
1377 2605 1487 2627 omnes
1507 2604 1651 2627 summae
1672 2594 1770 2627 libras

1025 2654 1154 2684 centum
1176 2648 1332 2689 elliciunt,
1360 2654 1390 2682 et
1412 2658 1469 2691 pro
1494 2647 1567 2681 dote
1587 2647 1690 2681 dictae
1716 2658 1770 2690 pa-

1784 251 1834 278 An.
1856 250 1968 280 (2160ss
