2253 3195
70 268 118 295 Λη,
134 267 164 293 C.
190 265 253 293 1597

884 263 1029 287 CLI-:MENS
1050 263 1106 286 vili
1128 263 1177 285 PP.

266 313 358 345 licam
382 323 505 345 reversa
532 318 559 344 et
582 312 752 350 devoluta,
780 323 814 344 ar·
845 313 1008 344 Romanae

265 366 435 403 Ecclesiae,
459 366 597 409 Scdique
617 371 646 397 ct
665 366 816 399 Gamerae
838 363 1009 408 praedictis

266 418 482 461 incorporata,
504 418 688 460 dictumque
709 418 875 451 Gaesarem
897 416 935 448 ab
957 426 1026 447 oc-,

266 465 438 515 cupatione
452 479 479 505 ct
497 471 682 504 detentione
696 470 843 509 civitatis,
861 471 1006 504 ducatus,

267 632 494 671 amovendum,
512 631 704 663 eiiciendum
725 635 752 661 et
772 628 1008 671 expellendum,

267 684 447 726 Sedemquc
465 690 492 716 et
514 683 678 716 Gameram
701 681 892 725 praedictas,
909 686 940 713 ct
954 690 1011 723 pro

268 736 313 768 eis
324 737 458 769 dilectos
472 736 554 769 filios
569 736 757 778 magistrum
772 735 904 768 Paulum
916 733 1013 766 AEmi-

268 789 345 822 lium
368 790 555 828 Zaccliiam,
579 795 725 822 nostrum
745 794 776 821 et
800 788 903 821 dietae
923 786 1030 821 Sedis
1046 787 1306 830 supradictorum
1330 787 1360 819 in
1386 787 1600 830 exequutione
1625 786 1789 829 liquidan-

266 843 430 876 notarium
452 844 491 876 de
511 853 647 876 numero
669 841 929 886 participantium
947 868 953 879 ,
977 851 1013 872 ac

268 895 371 929 dictae
392 896 544 930 Gamerae
570 895 840 935 commissarium,
864 905 923 927 nec
948 904 1012 926 non

267 949 457 993 Pompeium
479 949 830 992 Molellam,utriusque
851 948 929 980 iuris
950 947 1010 980 do-

269 1007 403 1043 ctorem,
417 1002 517 1035 nostri
538 1002 605 1035 fisci
627 1007 856 1045 procuratores
880 1010 1014 1043 genera-

269 1056 330 1095 les,
354 1067 411 1089 seu
431 1057 470 1088 ab
491 1056 552 1089 illis
573 1056 750 1099 respective
774 1054 1015 1088 substituendos

270 1110 302 1142 in
323 1110 559 1153 possessionem
581 1108 716 1141 civitatis
737 1115 768 1141 et
787 1109 921 1141 ducatus
941 1108 1015 1140 Fer-

270 1163 385 1203 rariae,
405 1158 612 1206 ‘aliarumque
630 1162 806 1199 civitatum,
830 1167 989 1194 terrarum
1005 1188 1012 1200 ,

271 1221 463 1257 castrorum,
488 1217 635 1249 locorum
656 1220 687 1248 et
707 1215 845 1248 aliorum
867 1214 1015 1258 supradi-

271 1274 397 1303 ctorum
419 1269 639 1302 immittendos
659 1274 690 1302 et
716 1269 936 1308 inducendos,
960 1279 1017 1301 seu

271 1323 477 1356 associandos
499 1323 567 1355 sore
599 1328 629 1355 et
658 1333 743 1362 esse,
772 1328 867 1366 prout
896 1321 1016 1355 dictum

1043 310 1181 353 desuper
1201 309 1380 342 necessaria
1401 314 1431 341 ct
1459 312 1642 352 opportuna
1673 307 1786 339 decer-

1043 363 1147 395 nenda
1169 368 1199 395 et.
1220 363 1391 395 relaxanda
1413 363 1497 401 sore,
1519 366 1616 404 prout
1644 360 1787 393 decrevi-

1045 426 1114 447 mus
1136 421 1162 448 et
1188 415 1409 452 relaxaviinus3
1434 415 1650 457 eumdemque
1671 413 1784 445 Caesa-

1025 501 1026 504 ,
1045 479 1112 500 rem
1135 469 1164 500 111
1184 469 1333 501 omnibus
1348 474 1378 501 et
1391 468 1524 509 singuli>v
1538 467 1703 504 fructibus,
1718 467 1790 499 red-

267 531 295 557 et
315 526 451 558 aliarum
473 525 636 557 civitatum
655 552 660 561 ,
686 530 867 560 terrarum,
892 516 1027 554 castro-'

267 589 349 617 rum,
366 579 512 611 locorum
527 584 555 611 ct
575 578 713 610 aliorum
734 576 1008 620 supradictorum,
1026 572 1027 582 ³

1045 521 1164 553 ditibus
1190 529 1216 554 et
1248 522 1459 565 proventilms
1491 533 1549 564 per
1579 532 1651 553 cum
1680 531 1790 563 perce-

1045 574 1117 616 ptis,
1136 579 1163 606 ct
1180 585 1280 617 usque
1300 575 1330 606 111
1346 575 1430 607 diem
1453 575 1572 607 liberae
1593 574 1786 614 traditionis,

1027 637 1101 663 ,seu
1124 628 1329 660 relaxationis
1350 628 1454 660 dictae
1475 627 1610 660 civitatis
1635 633 1666 660 et
1687 628 1787 659 duca-

1046 685 1094 712 tus
1113 681 1288 720 Ferrariae,
1312 681 1513 723 aliarumque
1535 680 1711 719 civitatum,
1730 686 1791 712 ter-

1048 743 1178 773 rarum,
1207 739 1386 766 castrorum
1404 761 1409 771 ,
1434 734 1580 766 locorum
1602 739 1629 766 et
1653 733 1790 766 alim‘um

1047 840 1106 879 dis,
1128 851 1164 873 ac
1185 841 1214 872 in
1236 841 1387 873 omnibus
1409 846 1437 873 et
1463 840 1597 882 singulis
1622 840 1789 883 expensis,

1047 894 1106 926 hac
1120 894 1158 927 de
1173 905 1267 927 causa
1284 905 1342 937 pro
1356 899 1447 937 parte
1461 894 1490 926 S.
1509 894 1544 926 R.
1559 894 1592 926 E.
1611 904 1647 926 ae
1660 893 1750 926 Sedis
1764 899 1795 926 et

1047 948 1199 980 Gamerae
1219 947 1422 990 Apostolicac
1452 946 1542 979 sactis
1574 947 1794 979 condemnan-

1049 1001 1124 1033 dum
1147 1000 1214 1033 sore
1233 1005 1264 1032 et
1277 1011 1359 1037 esse,
1377 1005 1473 1043 prout
1495 999 1791 1039 condemnavimus,

1030 1053 1276 1096 2dictorumque
1307 1053 1467 1085 fructuum
1496 1053 1744 1096 liquidationcm
1766 1058 1797 1085 et

1049 1116 1261 1149 expensarum
1288 1105 1480 1138 taxationem
1502 1105 1595 1138 nobis
1616 1106 1793 1138 reservavi-

1050 1171 1132 1197 mus,
1156 1165 1253 1203 prout
1274 1159 1305 1191 in
1326 1159 1486 1192 sententia
1503 1170 1561 1202 per
1588 1169 1647 1192 nos
1672 1160 1745 1199 lata,
1767 1165 1798 1191 et

1051 1224 1148 1246 manu
1169 1218 1278 1246 nostra
1298 1212 1489 1256 subscripta,
1513 1223 1550 1245 ac
1570 1222 1627 1255 per
1644 1212 1796 1245 dilectum

1050 1268 1153 1300 filium
1168 1266 1296 1300 Lutium
1317 1266 1523 1299 Galderinum
1542 1266 1695 1298 Gamerae
1709 1267 1794 1309 Apo-

1051 1320 1181 1354 stolicae
1202 1319 1364 1352 notarium
1386 1320 1469 1352 lecta
1489 1324 1520 1352 et
1544 1319 1717 1362 publicata.

1693 248 1758 281 393
1804 257 1852 283 An.
1869 256 1897 283 c.
1920 256 1986 283 1597

271 1376 439 1409 Gaesarem
460 1375 649 1416 amovimus,
673 1375 827 1408 eiecimus
858 1386 894 1408 ac
919 1386 1017 1418 expu-

273 1429 381 1470 limus,
405 1435 436 1462 et
452 1429 629 1472 respective
650 1428 769 1461 dictam
790 1428 905 1461 Sedem
922 1429 1018 1462 etGa-

274 1493 408 1523 meram,
432 1493 468 1515 ac
488 1493 547 1526 pro
572 1482 617 1515 eis
642 1482 743 1515 dictos
768 1482 902 1515 Paulum
928 1482 1016 1515 Emi-

1868 1380 1922 1410 Itata
1938 1385 2000 1410 ⁴coin-

1096 1373 1161 1417 37.
1186 1373 1223 1406 Et
1250 1372 1366 1405 deinde
1394 1372 1512 1405 dilecto
1544 1372 1612 1405 filio
1644 1372 1798 1415 magistro
1952 1407 1999 1426 ’,μ

1052 1427 1184 1460 Horatio
1216 1426 1378 1470 Spinulae,
1400 1426 1432 1458 in
1467 1431 1604 1469 utraque
1635 1426 1799 1468 signatura
1815 1413 2000 1459 ffliiss‘iiuuiiiissn‘si

1815 1460 1926 1486 praedit-ta
1952 1466 2000 1479 eve-

1053 1486 1162 1514 nostra
1176 1479 1408 1519 referendario,
1420 1479 1452 1511 in
1473 1478 1598 1512 civitate
1618 1484 1729 1512 nostra
1741 1479 1800 1511 Bo-
1816 1487 1901 1514 quemn.

274 1536 352 1569 lium
374 1541 405 1569 ct
429 1536 632 1579 Pompeium,
649 1546 705 1568 seu
725 1535 966 1569 substituendos
980 1536 1018 1568 ab

275 1591 319 1623 eis
339 1589 514 1633 respective
532 1589 736 1627 immisimus,
753 1588 948 1630 induximus,
964 1600 1020 1622 seu

275 1642 526 1683 associavimus,
559 1641 753 1685 inducique,
784 1641 933 1682 immitti,
964 1653 1020 1675 seu

275 1696 426 1730 associari
456 1695 691 1728 mandavimus.
715 1694 905 1728 lactationes
933 1705 1018 1739 quo-

275 1761 348 1793 que,
373 1749 625 1789 molestationes,
642 1748 873 1792 oppositiones,
894 1754 1022 1792 pertur-

275 1803 432 1843 bationes,
457 1802 650 1842 vexationes,
675 1802 903 1845 occupationes
917 1802 1022 1835 etim-

275 1856 462 1899 pedimenta
483 1866 708 1899 quaecumque
728 1866 785 1899 per
806 1855 928 1888 dictum
949 1856 1024 1889 Cae-

276 1920 380 1943 sarem
411 1910 575 1943 Romanae
612 1908 795 1949 Ecclesiae,
823 1909 961 1952 Sedique
995 1915 1025 1942 et

277 1963 427 1996 Gamerae
447 1962 632 2006 praedictis,
651 1962 682 1994 in
704 1967 735 1995 et
754 1973 851 2006 super
868 1963 1023 2006 praemis-

278 2016 319 2049 sis
340 2016 491 2049 omnibus
511 2021 542 2049 et
561 2016 706 2058 singulis,
730 2022 761 2049 et
781 2016 911 2049 illorum
933 2027 1025 2050 occa-

278 2069 368 2102 sione
389 2069 635 2112 quomodolibet
663 2069 777 2109 factas,
805 2069 975 2112 praestitas
995 2076 1024 2102 et

280 2123 393 2163 illatas,
418 2123 577 2165 factaque,
600 2121 753 2165 praestita
771 2127 801 2154 et
821 2122 908 2154 illata
929 2122 1025 2156 fuisse

280 2180 311 2207 et
331 2185 398 2207 esse
424 2173 622 2213 temerarias,
646 2173 793 2214 illicitas,
816 2174 976 2207 indebitas
996 2180 1027 2207 et

280 2228 428 2268 iniustas,
452 2238 488 2260 ac
511 2226 698 2267 temeraria,
727 2226 860 2267 illicita,
885 2227 1027 2260 indebita

281 2287 312 2314 et
340 2281 480 2321 iniuxta,
505 2291 542 2313 ac
570 2280 610 2313 de
640 2280 722 2312 sacto
753 2285 977 2323 praesumptas
997 2285 1028 2313 et

281 2339 488 2377 praesumpta
503 2361 510 2373 ‚
535 2333 670 2377 illasque
686 2360 693 2373 ,
717 2338 748 2365 et
768 2333 823 2365 illa
849 2332 934 2366 dicto
955 2333 1030 2366 Gae-

282 2387 344 2421 sari
363 2387 474 2421 secisse
495 2392 525 2420 et
545 2388 649 2420 facere
668 2385 800 2418 minime
820 2385 1030 2426 licuisse,nec

283 2441 395 2481 licere,
424 2446 455 2473 et
485 2446 658 2484 propterea
684 2439 788 2472 eidem
810 2439 913 2472 Gesari
934 2450 1031 2483 super

284 2493 436 2527 omnibus
449 2499 480 2527 et
492 2493 625 2536 singulis
638 2492 823 2536 praemissis
836 2498 1030 2536 perpetuum

284 2546 448 2580 silentium
466 2546 699 2590 imponendum
715 2546 783 2578 fore
798 2550 828 2578 et
841 2556 920 2585 esse,
935 2551 1031 2589 prout

286 2599 511 2644 imposuimus,
528 2610 565 2632 ae
579 2599 731 2632 mandata
752 2598 791 2631 de
812 2598 1029 2639 immittendo,

286 2663 342 2687 seu
367 2653 406 2686 de
427 2652 635 2692 associando,
664 2656 694 2684 et
726 2651 788 2685 alia
809 2661 1034 2696 quaecumque

371 2716 450 2744 Buzl.
467 2716 551 2744 Rom.
573 2715 632 2743 Vol.
654 2715 688 2743 Χ.
911 2715 946 2743 50

1053 1534 1200 1567 noniensi
1225 1533 1413 1575 vicelegato‚
1437 1532 1586 1566 dedimus
1607 1532 1639 1565 in
1661 1533 1797 1565 manda-

1054 1587 1103 1628 tis,
1124 1592 1159 1620 ut
1179 1587 1285 1620 statim
1307 1592 1402 1630 atque
1427 1596 1485 1630 per
1504 1586 1687 1630 praedictos
1707 1596 1798 1619 com-

1055 1641 1239 1675 missarium
1258 1646 1289 1674 et
1309 1646 1556 1684 procuratorem
1577 1640 1731 1681 fiscalem,
1746 1650 1802 1673 seu

1055 1695 1094 1727 ab
1120 1695 1165 1728 eis
1185 1694 1374 1727 substitutos
1393 1694 1442 1727 vel
1463 1693 1703 1726 substituendos
1721 1693 1804 1726 soret

1056 1748 1250 1792 requisitus,
1275 1758 1332 1790 per
1352 1758 1406 1787 se,
1430 1747 1479 1780 vel
1500 1747 1600 1780 alium
1615 1774 1622 1787 ,
1646 1757 1702 1780 seu
1723 1747 1804 1780 alios

1057 1802 1159 1835 dictos
1179 1800 1437 1835 commissarium
1461 1805 1492 1833 et
1508 1805 1755 1843 procuratorem
1768 1800 1805 1832 fi-

1057 1857 1186 1896 scalem,
1210 1866 1266 1888 seu
1287 1855 1327 1888 ab
1349 1855 1393 1888 eis
1414 1855 1603 1888 substitutos
1622 1855 1671 1888 vel
1688 1855 1806 1888 substi-

1060 1909 1206 1948 tuendos,
1238 1918 1297 1952 pro
1323 1908 1438 1941 Sancta
1466 1908 1611 1941 Romana
1642 1907 1803 1947 Ecclesia,

1058 1963 1205 2005 Sedequc
1220 1967 1251 1994 et
1264 1961 1396 1995 Gamera
1414 1961 1598 2005 Apostolica
1618 1961 1650 1993 111
1672 1961 1803 2001 realem,

1058 2015 1218 2049 actualem
1237 2020 1268 2047 et
1288 2014 1493 2058 corporalem
1513 2013 1750 2058 possessionem
1765 2013 1808 2046 ci-

1059 2068 1163 2102 vitatis
1181 2073 1212 2101 et
1233 2068 1368 2101 ducatus
1388 2067 1565 2113 Ferrariae,
1586 2067 1735 2110 illiusque
1756 2076 1808 2099 co-

1060 2122 1191 2155 mitatus
1212 2127 1243 2155 et
1263 2121 1439 2161 districtus,
1463 2121 1666 2164 aliarumque
1693 2119 1805 2152 civita-

1060 2181 1127 2209 tum
1143 2203 1150 2216 ,
1176 2181 1355 2215 terrarum,
1387 2180 1567 2207 castrorum
1600 2179 1630 2206 et
1662 2173 1808 2206 locorum

1061 2228 1316 2271 praedictorum,
1333 2238 1513 2271 eorumque
1535 2226 1806 2265 iurisdictionum,

1062 2281 1303 2320 fortalitiorum,
1329 2282 1569 2321 membrorum,
1594 2280 1806 2324 pertinentia-

1064 2345 1135 2367 rum
1167 2339 1198 2367 et
1230 2335 1352 2369 iurium
1389 2328 1672 2378 quorumcumilue
1688 2360 1695 2374 ,
1724 2333 1810 2366 iuxta

1065 2388 1201 2420 sormam
1223 2388 1406 2431 praedictae
1437 2386 1615 2421 sentcntiae
1644 2386 1813 2419 induceret

1065 2445 1096 2473 et
1116 2440 1317 2482 immitteret,
1345 2451 1401 2474 seu
1419 2440 1604 2480 associaret,
1628 2449 1747 2482 eosque
1767 2439 1812 2472 sic

1066 2493 1226 2527 immissos
1258 2499 1289 2526 et
1321 2493 1468 2526 inductos
1483 2520 1490 2533 ,
1523 2503 1578 2526 seu
1614 2492 1788 2525 associatos
1802 2519 1809 2532 ,

1067 2552 1273 2579 conservaret
1304 2552 1334 2579 et
1364 2546 1570 2587 defenderet,
1596 2545 1813 2589 eumdemque

1067 2600 1233 2633 Gaesarem
1255 2600 1294 2632 ab
1316 2599 1446 2633 illorum
1468 2599 1680 2643 occupatione
1701 2603 1733 2632 et
1753 2599 1811 2632 de-

1069 2653 1212 2686 tentione
1232 2658 1407 2695 amoveret,
1428 2652 1558 2687 eiiceret
1577 2658 1608 2686 et
1628 2652 1811 2696 expelleret,
