2253 3195
250 213 302 239 An.
319 213 348 240 c.
367 212 436 240 1596
481 204 545 238 260

270 2477 274 2488 Ι
302 2444 357 2488 ”Ι··”
377 2446 433 2487 mss
449 2455 485 2475 uc
508 2445 706 2482 iuratorum,
736 2451 762 2478 vt
785 2445 920 2485 sindiri,
942 2458 1037 2490 quam
1060 2447 1191 2480 dilccto-

251 2529 284 2540 ιω
303 2499 373 2540 inuita·
391 2528 417 2548 ἰιι

267 2556 277 2568 ²¹
315 2556 326 2567 ⁷·
342 2556 357 2567 ¹¹
376 2556 433 2569 ''¹⁴···
453 2550 615 2582 munitatis
637 2557 846 2593 patronorum
870 2554 1087 2595 praut'aunauu
1109 2563 1191 2585 assc-

448 262 663 307 Hieronymus
680 264 807 301 Bernat,
831 268 861 295 et
882 262 1044 305 reliquum
1065 273 1120 295 seu
1140 273 1191 295 re-

448 317 569 359 liquam
585 343 592 357 ,
627 317 713 359 quod
743 327 799 348 seu
828 326 924 359 quam
950 316 1071 349 Petrus*
1092 316 1192 349 Muler

449 369 556 402 clerici
593 369 700 401 dilecti
738 369 795 400 filii
831 368 1008 412 respective
1044 369 1192 402 obtinent

449 421 697 465 praestimonia,
721 432 777 454 seu
807 421 1085 464 praestimoniales
1108 432 1188 465 por-

450 475 560 513 tiones,
585 479 638 506 aut
657 480 813 517 perpetua
844 474 1003 518 simplicia
1033 474 1192 508 beneficia

448 527 672 563 ecclesiastica.
693 537 819 560 necnon
839 537 904 560 una
920 527 979 560 sub
993 527 1191 561 Sanctissimi

447 579 604 619 Crucifixi‚
628 590 664 613 ac
686 580 750 613 alia
765 580 825 613 sub
845 581 980 614 Sanctae
999 581 1127 621 Luciae,
1155 592 1191 614 ac

447 632 509 665 alia
536 633 595 665 sub
613 632 719 665 Sancti
739 633 926 677 Hieronymi
947 633 979 666 in
1004 634 1111 667 Sancti
1131 634 1188 667 Ni-

448 686 551 726 colai,
574 685 701 729 aliaque
729 687 788 719 sub
815 686 922 720 Sancti
953 687 1137 727 Michaelis,
1161 693 1191 720 et

448 739 510 772 alia
526 739 585 772 sub
603 739 710 772 Sancti
731 740 860 773 Antonii
881 740 920 773 de
940 741 1049 774 Padua
1067 751 1192 774 nuncu—

447 792 513 836 pati
544 792 800 826 invocationibus
836 794 867 826 in
904 793 1038 827 Sanctae
1075 794 1191 827 Mariae

445 845 617 889 praefatis,
651 856 791 889 quorum
825 847 994 887 omnium,
1024 847 1100 880 dum
1131 857 1191 891 pro

448 904 593 942 tempore
613 905 747 940 vacant,
771 901 900 934 collatio
913 928 920 939 ,
948 901 1090 945 provisio
1108 907 1146 934 et
1157 912 1192 935 o-

446 952 613 986 mnimoda
637 953 699 986 alia
719 953 886 997 dispositio
906 954 947 987 ad
966 965 1026 998 pro
1047 960 1192 998 tempore

447 1005 634 1039 existentem
668 1006 860 1050 Episcopum
889 1007 1101 1048 Oriolensem‚
1125 1018 1192 1041 ces-

446 1059 590 1092 santibus
610 1059 892 1101 reservationibus‚
916 1066 947 1093 et
966 1061 1192 1095 affectionibus

447 1113 643 1156 apostolicis,
671 1114 826 1147 asseritur
845 1114 1010 1158 pertinere
1025 1142 1032 1155 ,
1055 1120 1087 1148 et
1109 1125 1192 1158 quae

447 1167 486 1200 de
504 1167 765 1211 iurepatronatus
777 1167 929 1211 praerecti
943 1179 980 1201 ac
992 1168 1188 1209 iuratorum,

447 1225 478 1252 et
497 1219 611 1253 sindici
630 1220 848 1263 praefatorum
871 1232 905 1254 ex
928 1221 1127 1262 fundatione,
1144 1222 1192 1255 vel

448 1272 622 1306 donatione
648 1273 809 1313 existunt3
839 1274 983 1317 reliquae
1017 1281 1192 1318 perpetuae

447 1325 516 1359 sine
538 1336 614 1359 cura
635 1326 831 1370 capellaniae
864 1327 894 1359 in
925 1327 955 1360 S.
976 1328 1105 1361 loannis
1131 1328 1192 1362 loci

447 1378 591 1412 eiusdem
617 1379 646 1412 S.
671 1380 798 1413 loannis
827 1381 931 1414 dictae
961 1381 1116 1415 dioecesis
1140 1392 1192 1415 ec-

447 1433 552 1468 clesiis
569 1444 605 1466 ex
623 1443 718 1473 nunc,
735 1444 792 1477 pro
811 1439 843 1467 ut
866 1445 902 1467 ex
924 1440 1008 1472 tunc,
1021 1440 1191 1478 postquam

447 1486 639 1526 vacaverint,
655 1487 749 1519 ctiam
773 1493 930 1531 perpetuo
949 1488 1127 1528 unirentur,
1138 1499 1193 1522 an-

447 1544 653 1573 necterentur
672 1545 701 1572 et
724 1539 1025 1584 incorporarentur,
1049 1551 1107 1574 nec
1128 1552 1192 1575 non

447 1593 620 1636 praesecto,
644 1604 680 1626 ac
701 1593 822 1632 iuratis,
847 1600 874 1626 et
896 1594 1021 1627 sindico
1041 1595 1192 1638 praefatis

448 1655 533 1678 nunc
553 1651 584 1678 et
605 1655 662 1689 pro
684 1652 829 1689 tempore
856 1647 1066 1680 existentibus
1087 1647 1193 1691 inspa-

449 1703 593 1731 tronatus
618 1704 647 1731 ct
675 1700 900 1742 praesentandi
931 1700 1101 1734 Ordinario
1131 1702 1192 1735 loci

448 1761 602 1795 personas
617 1752 747 1785 idoneas
765 1753 804 1785 ad
822 1753 902 1785 duas
919 1764 956 1786 cx
969 1753 1188 1795 dignitatibus,

448 1815 484 1837 ac
505 1816 557 1838 sex
583 1816 619 1837 ex
644 1805 907 1845 canonicatibus,
938 1812 969 1839 et
1000 1807 1192 1851 praebendis

449 1858 633 1891 huiusmodi
654 1859 803 1892 similiter
825 1866 982 1903 perpetuo
1014 1872 1192 1894 reservare-

449 1917 500 1944 tur
528 1917 558 1944 et
578 1912 821 1952 concederetur,
846 1913 972 1956 aliaque
990 1913 1191 1958 infrascripta

448 1965 563 1998 tierent
584 1970 615 1998 et
643 1965 893 2003 ordinarentur,
914 1977 949 1999 ex
973 1967 1032 2000 lioc
1056 1974 1089 2000 ut
1113 1967 1192 2000 divi-

448 2029 507 2051 nus
527 2019 631 2051 rullus
664 2030 814 2059 magnum
843 2019 919 2052 inibi
950 2020 1113 2064 sust-ipera-
1143 2021 1190 2053 in-

447 2078 660 2109 crementum,
681 2084 716 2103 a«-
735 2072 877 2105 ciusdem
900 2072 1008 2116 oppidi
1031 2073 1138 2106 decori
1160 2079 1189 2106 ct

448 2124 614 2163 venustati,
640 2124 788 2168 illiusque
810 2125 919 2168 populi
951 2125 1043 2158 saluti
1074 2132 1104 2158 et
1128 2126 1191 2170 spi-

447 2178 551 2210 rituali
581 2179 794 2212 consolationi
823 2190 886 2211 non
916 2179 1041 2211 modice
1069 2190 1186 2213 consu-

447 2232 585 2271 leretur,
614 2243 649 2265 ac
671 2233 766 2265 etiam
788 2244 863 2265 cura
885 2233 1067 2266 animarum
1090 2246 1187 2277 paro-

447 2284 635 2318 chianorum
659 2285 688 2318 in
711 2286 817 2319 Sancti
834 2286 954 2319 Nirolai
977 2293 1004 2318 ct
1028 2288 1057 2319 S.
1076 2287 1190 2320 Mariae

448 2339 590 2371 ‹em-lesus
611 2339 761 2382 praefatis
783 2339 897 2372 melius
922 2345 1136 2373 exerceretur.

495 2397 520 2430 ξ..
546 2392 574 2424 2’.
599 2395 702 2431 Qum-n
733 2404 790 2436 pro
812 2399 901 2436 purte
928 2398 991 2425 tzun
1015 2394 1187 2437 pt·ael'ecti,

416 2499 435 2539 ’,ζ
453 2508 521 2529 rum
542 2498 571 2529 in
593 2498 716 2530 (iliristo
744 2499 883 2531 liliorum
917 2500 1024 2532 stoi-ivi
1046 2506 1073 2532 vt
1104 2511 1191 2532 ‹ioni-

1023 215 1207 239 BULLARIUM
1225 215 1380 239 ROMANUM

1224 273 1302 295 num
1331 268 1386 296 aut
1411 262 1644 296 beneficiorum
1679 263 1964 306 octingentorum,

1225 316 1477 360 capellaniarum
1507 326 1582 349 vero
1607 316 1814 357 huiusmodi,
1844 322 1876 349 et
1905 316 1968 349 illis

1225 370 1332 402 forsan
1354 380 1555 402 annexorum
1573 369 1757 412 octuaginta
1776 370 1967 403 ducatorum

1225 419 1294 455 auri
1315 423 1354 455 de
1374 422 1507 456 Camera
1527 423 1660 462 fructus,
1683 422 1828 455 redditus
1845 428 1875 456 et
1894 433 1968 466 pro-

1224 481 1347 513 ventus,
1371 476 1548 508 secundum
1569 485 1740 508 comunem
1769 474 1965 508 aestimatio-

1225 528 1463 567 nem,valorem
1477 539 1620 561 annuum
1641 538 1706 561 non
1727 528 1891 568 excedere,
1911 537 1969 560 no-

1226 581 1273 614 bis
1292 581 1351 614 suit
1371 582 1537 615 humiliter
1561 582 1788 626 supplicatum,
1816 587 1851 614 ut
1870 578 1966 625 prae-

1225 634 1328 668 missis
1357 640 1387 668 et
1412 635 1481 668 aliis
1501 635 1714 679 infrascriptis
1744 634 1884 677 benigne
1910 644 1968 667 an-

1224 698 1345 727 nuere,
1367 699 1404 721 ac
1424 688 1502 722 alias
1523 689 1660 733 desuper
1679 694 1862 732 opportune
1887 698 1965 731 pro-

1225 741 1333 774 videre
1354 741 1393 774 de
1421 741 1619 784 benignitate
1650 741 1827 785 apostolica
1858 740 1969 784 digna-

1225 804 1345 828 remur.

1271 849 1286 889 ἕ
1311 847 1342 880 3.
1366 844 1433 881 Nos*
1449 847 1559 890 igitur,
1580 847 1635 892 qui
1656 847 1779 881 dudum
1799 847 1885 881 inter
1906 847 1969 881 alia

1225 953 1352 987 siastica
1371 953 1442 986 aliis
1460 953 1547 987 uniri
1576 959 1763 987 tenerentur
1791 953 1970 998 exprimere

1227 1017 1336 1040 verum
1357 1017 1499 1040 annuum
1524 1007 1666 1040 valorem
1683 1007 1846 1040 fructuum
1872 1006 1969 1040 etiam
2019 1051 2022 1053 Δ

1226 1059 1385 1100 beneficii,
1409 1060 1460 1093 cui
1478 1060 1566 1093 aliud
1586 1059 1671 1093 uniri
1691 1065 1866 1104 peteretur,
1889 1060 1970 1093 alio-

1226 1114 1304 1157 quin
1324 1113 1401 1147 unio
1421 1124 1486 1147 non
1506 1114 1647 1154 valeret,
1676 1114 1796 1158 quique
1815 1113 1967 1147 ecclesia-

1227 1178 1299 1201 rum
1317 1167 1462 1201 omnium
1483 1168 1645 1208 decorem,
1663 1178 1700 1201 ac
1720 1177 1831 1200 earum
1854 1167 1886 1200 in
1904 1177 1971 1201 me-

1226 1221 1287 1254 lius
1307 1220 1530 1261 directionem,
1545 1220 1709 1265 divinique
1729 1221 1845 1260 cultus,
1859 1231 1896 1254 ac
1915 1220 1971 1254 be—

1226 1273 1418 1307 neficiorum
1439 1279 1470 1307 et
1487 1273 1712 1307 ministrorum
1733 1273 1967 1307 ecclesiastico-

1226 1337 1298 1360 rum
1320 1327 1555 1360 incrementum
1587 1327 1720 1360 sinceris
1749 1326 1970 1360 desideramus

1227 1380 1403 1420 affectibus,
1428 1380 1636 1424 praesectum,
1661 1391 1696 1413 ac
1717 1380 1838 1413 iuratos
1857 1385 1888 1414 et
1906 1380 1971 1414 sin-

1228 1434 1335 1467 dicum
1356 1434 1528 1478 praefatos,
1545 1444 1736 1477 eorumque,
1751 1443 1879 1467 necnon
1892 1433 1969 1467 cleri

1227 1498 1263 1519 ac
1295 1486 1536 1520 communitatis
1567 1486 1752 1520 huiusmodi
1790 1486 1970 1529 singulares

1227 1550 1381 1584 personas
1412 1550 1429 1572 a
1461 1539 1626 1584 quibusvis
1656 1539 1967 1574 excommunicatio-

1227 1594 1286 1634 nis,
1310 1598 1381 1633 θέα,
1405 1600 1582 1635 censentes,
1605 1593 1791 1628 huiusmodi
1810 1594 1971 1638 supplica-

1226 1647 1367 1681 tionibus
1377 1647 1530 1687 inclinati,
1541 1647 1724 1681 discretioni
1736 1653 1807 1682 tuae
1817 1658 1885 1692 per,
1895 1651 1951 1681 etc.
1959 1674 1967 1688 ,

1228 1701 1430 1740 mandamus,
1455 1706 1614 1744 quatenus
1631 1701 1762 1741 vocatis,
1777 1701 1831 1745 qui
1853 1701 1971 1734 suerint

1227 1753 1379 1793 vocandi,
1400 1753 1424 1786 si
1457 1759 1487 1786 et
1518 1759 1689 1797 postquam
1721 1754 1761 1787 de
1787 1753 1971 1797 praemissis

1226 1807 1318 1839 nobis
1339 1806 1490 1850 expositis
1511 1806 1565 1839 tibi
1595 1806 1736 1849 legitime
1767 1807 1966 1846 constiterit,

1226 1870 1263 1893 ac
1283 1861 1462 1904 praefectus
1475 1887 1482 1899 ,
1507 1859 1602 1892 iurati
1623 1865 1653 1893 et
1673 1860 1815 1893 sindicus
1834 1860 1970 1904 praefati

1227 1913 1370 1946 redditus
1390 1923 1514 1946 annuos
1532 1912 1627 1945 etiam
1647 1919 1819 1957 perpetuos
1840 1913 1970 1948 insimul

1225 1967 1265 2000 ad
1285 1977 1445 2000 summam
1468 1967 1555 1999 mille
1579 1973 1745 2000 scutorum
1767 1967 1870 2001 dictae
1895 1978 1967 2001 mo-

1226 2026 1318 2054 netae
1345 2015 1566 2061 ascendentes,
1600 2021 1639 2054 dc
1671 2021 1736 2054 suis
1766 2021 1904 2065 propriis
1934 2032 1971 2055 ac

1226 2085 1282 2117 per
1313 2085 1367 2107 cos
1395 2074 1560 2118 acquisitis
1580 2074 1692 2113 bonis,
1716 2080 1747 2108 et
1767 2075 1970 2109 facultatibus

1225 2133 1255 2160 et
1275 2127 1424 2160 effectum
1446 2129 1626 2171 praelatum
1648 2133 1804 2172 perpetuo
1825 2128 1967 2162 donave-

1227 2181 1288 2214 rint
1314 2187 1343 2214 ct
1371 2181 1623 2222 assignaverint,
1653 2192 1712 2214 nec
1731 2181 1829 2221 alias,
1853 2181 1966 2221 aliter,

1226 2245 1283 2267 nce
1304 2234 1368 2266 alio
1389 2234 1485 2267 modo
1497 2235 1673 2277 praefatam
1688 2233 1854 2267 ecclesiam
1868 2233 1899 2267 S.
1916 2233 1970 2267 Ni-

1225 2287 1305 2320 colai
1325 2287 1355 2319 in
1377 2287 1579 2327 collegiatam
1611 2297 1683 2319 cum
1712 2297 1821 2319 mensa
1841 2286 1967 2330 capitu-

1227 2340 1295 2379 lari,
1316 2340 1433 2380 sigillo,
1454 2351 1528 2373 arca
1549 2346 1576 2373 et
1599 2351 1692 2383 capsa
1714 2339 1966 2379 columinibus,

1225 2393 1360 2437 aliisque
1381 2393 1601 2434 eollegialibus
1619 2393 1807 2434 insignibus,
1823 2404 1859 2427 ac
1882 2393 1912 2427 in
1934 2404 1971 2427 ea

1227 2456 1325 2478 nuum
1344 2446 1535 2478 ‹lecuuatum
1551 2445 1738 2486 (lignitatem
1759 2445 1969 2490 principalem

1227 2510 1284 2542 pro
1305 2510 1370 2532 uno
1401 2499 1524 2532 ‹tecano
1551 2499 1702 2539 innuis-tro
1733 2499 1763 2532 in
1785 2493 1966 2541 theologia.

1226 2553 1272 2585 vet
1294 2553 1497 2585 ‹lei-retoriuu
1521 2553 1675 2591 doctore,
1699 2552 1752 2596 qui
1775 2551 1853 2585 inibi
1875 2557 1971 2596 caput,

453 2602 590 2634 rentium
627 2604 950 2646 praestimonioruiu,
977 2616 1032 2638 seu
1064 2604 1188 2649 portio·
1225 2605 1348 2645 existat,
1372 2611 1400 2638 et
1424 2611 1486 2638 tam
1518 2605 1548 2638 iu
1570 2605 1682 2646 clioro,
1705 2615 1801 2649 quam
1823 2604 1854 2638 in
1874 2604 1965 2649 capi-

2045 858 2168 884 Commissa:

1225 900 1396 940 voluimus,
1419 901 1507 944 quod
1526 906 1671 944 petentes
1689 900 1847 934 beneficia
1867 901 1969 934 eccle-
1983 887 2174 966 {H‹÷{g'ffd¹:{lfffgssme
