2253 3195
84 207 135 233 An.
153 205 182 233 C.
202 205 267 233 ¹596

119 316 224 341 Appositis
241 316 266 335 :inl

83 342 147 363 robur
168 344 268 363 constitu-

83 369 145 389 tinnis
168 369 267 390 clausulis

83 395 156 416 sotim.

114 1854 254 1875 Prooemium.

111 2014 188 2040 Oppidi
197 2015 222 2035 ite
233 2015 273 2036 ,itt-

90 2043 151 2062 cante
168 2044 188 2062 et
207 2042 274 2062 ecele-

89 2067 167 2089 siarum
180 2068 203 2089 S.
213 2068 274 2089 Nico-

89 2095 117 2116 lai
128 2097 149 2116 et
159 2095 180 2116 S.
192 2096 274 2119 Mariae

90 2125 188 2152 qualitas.

897 206 1044 229 CLEMENS
1065 206 1121 229 Vlll
1144 206 1192 229 Pr.

285 253 315 285 in
337 253 522 296 praemissis
535 263 593 297 per
610 253 805 286 Maiestatem
827 260 926 290 tuam,
944 264 1024 287 con-

283 307 426 345 cordata,
450 307 664 340 amicabiliter
694 308 872 351 composita
902 313 929 340 et
962 312 1026 339 ter-

284 360 404 392 minata
424 360 552 401 suerint,
583 361 716 393 omnino
738 361 860 399 teneri,
885 366 912 393 et
935 361 974 393 ad
995 360 1025 393 id

283 413 455 447 efficaciter
476 414 633 455 obligatos
652 415 729 451 sore,
743 425 801 447 nee
822 414 861 446 ab
882 414 943 446 illis
960 415 1026 446 ullo

283 477 425 510 unquam
448 472 594 510 tempore
616 467 739 500 resilire
760 477 875 510 posse:
899 477 1026 499 necnon

283 520 408 552 irritum
427 526 456 553 et
475 520 568 553 inane
589 520 745 563 quidquid
760 531 850 553 secus
864 531 961 563 super
978 519 1027 552 his
1043 533 1045 537 ·

282 585 298 605 a
320 585 500 617 quoquam,
525 574 636 617 quavis
657 574 860 614 auctoritate,
889 574 1027 606 scienter

283 627 331 659 vel
353 626 558 669 ignoranter,
580 626 752 669 eontigerit
772 627 933 659 attentari.
958 628 1026 660 Non

282 679 484 712 obstantibus
506 690 588 723 quae
609 680 640 712 in
662 680 795 721 singulis
809 680 922 713 litteris
936 691 1027 723 prae-

282 732 374 765 dictis
395 742 583 765 concessum
604 738 648 765 est
671 743 736 766 non
761 733 900 771 obstare,
925 731 1046 765 eaete-'

283 785 391 829 risque
412 786 582 819 contrariis
603 786 873 830 quibuscumque.

325 839 439 872 Datum
461 839 581 872 Romae
602 840 686 883 apud
708 839 737 872 S.
756 840 884 873 Petrum
899 840 957 872 sub
970 850 1027 872 an-

283 893 360 925 nulo
392 892 561 926 piscatoris
593 893 643 925 die
674 904 710 926 xx
745 893 850 926 martii
882 903 1000 927 MDXCVI
1017 921 1023 933 ‚

283 946 492 989 pontificatus
513 946 613 979 nostri
634 957 719 980 anno
745 947 868 990 quinto.

319 1008 376 1035 Dat..
393 1008 435 1035 die
446 1009 481 1036 20
496 1009 584 1035 martii
605 1010 684 1043 1596,
701 1009 798 1044 pontif.
816 1018 859 1036 an.
875 1016 898 1035 v.

591 1169 720 1203 CXXIX.

285 1269 410 1302 Erectio
430 1264 633 1312 parochialis
657 1267 806 1300 eeclesiae
827 1268 938 1301 Sancti
963 1268 1026 1301 Ni-

330 1330 415 1364 eolai
431 1331 544 1374 oppidi
563 1330 600 1363 de
619 1330 645 1364 Α
653 1330 772 1363 ticante
803 1331 839 1363 in
870 1330 1026 1373 colleqict-

331 1398 408 1434 tam,
432 1405 505 1427 eum
521 1394 747 1437 suppressione
772 1393 910 1426 alterius
929 1405 1027 1437 puro-

330 1456 460 1496 chialis,
483 1460 512 1488 et
532 1455 626 1488 illius
647 1456 768 1488 'unione
788 1466 916 1488 mensae
936 1457 1027 1499 capi-

332 1518 435 1551 tulari
454 1518 597 1552 eiusdem
617 1519 807 1562 celleyiatae
818 1519 850 1552 S.
866 1519 1027 1552 Nicolai¹.

305 1608 439 1635 Clemens
459 1608 628 1642 episcopus,
650 1615 756 1635 servus
785 1615 937 1636 servorum
952 1609 1014 1641 Dei,

357 1671 525 1699 Venerabili
540 1671 628 1698 fratri
643 1671 781 1705 episcopo
798 1671 960 1703 Oriolensi,

322 1725 452 1752 salutem
471 1726 503 1751 et.
525 1724 721 1758 apostolicam
744 1724 995 1752 benedictionem.

331 1805 418 1839 Sacri
439 1806 637 1849 apostolatus
651 1805 840 1845 ministerio,
858 1806 981 1839 meritis
995 1806 1032 1838 li-

287 1864 337 1894 cet
362 1859 550 1903 imparibus,
575 1859 681 1892 divina
701 1859 923 1903 dispositione,
953 1864 1028 1900 etc„

288 1913 450 1957 expedire.

333 1968 349 2008 ξ
379 1966 409 1999 1.
441 1966 588 2000 Exhibita
617 1966 775 2010 siquidem
806 1967 898 2000 nohis
929 1978 1033 2011 nuper

288 2030 348 2064 pro
370 2024 461 2063 parte
486 2019 677 2052 dilectorum
709 2019 852 2053 tiliorum
879 2021 1033 2064 praefecti

290 2073 430 2107 iustitiae
450 2078 481 2106 et
500 2073 697 2113 iuratorum,
721 2083 757 2105 ac
786 2073 901 2106 sindici
922 2073 1031 2117 oppidi

290 2126 425 2160 civitatis
445 2126 621 2169 nuncupati
639 2127 678 2159 de
697 2126 841 2160 Alieante
859 2126 1033 2160 Oriolensis

290 2180 463 2220 dioecesis,
487 2179 598 2223 petitio
621 2180 807 2212 continebat
821 2207 828 2220 ,
852 2181 939 2223 quod
960 2191 1033 2213 eum

290 2233 412 2268 dictum
433 2233 589 2277 oppidum
609 2232 696 2265 mille
717 2239 747 2265 et
769 2233 914 2266 ducentis
934 2234 1030 2266 fami-

289 2287 350 2328 liis,
374 2288 445 2332 plus
471 2287 627 2325 minusve,
652 2287 735 2320 ultra
755 2297 818 2327 eas,
843 2298 924 2330 quae
945 2293 1034 2320 extra

290 2341 376 2375 illius
411 2352 521 2374 muros
552 2341 584 2374 in
614 2340 779 2374 suburbiis
806 2346 837 2373 et
864 2351 920 2373 seu
952 2340 1034 2373 villis

290 2395 511 2429 adiacentibus
532 2396 664 2437 degunt,
681 2394 845 2434 refertum,
863 2399 894 2427 et
916 2400 978 2426 tam
997 2405 1033 2427 ex

291 2447 391 2492 ipsius
411 2448 524 2492 populi
545 2447 753 2481 multitudine
771 2458 807 2480 ac
829 2447 1010 2490 frequentia
1023 2475 1030 2488 ,

291 2511 387 2544 quam
408 2501 485 2534 alias
510 2502 601 2534 valde
627 2501 762 2543 insigne,
787 2506 817 2533 et
837 2501 868 2533 in
890 2511 927 2533 eo
945 2501 1034 2533 nulla

292 2554 462 2598 collegiata
482 2555 617 2588 ecclesia
637 2554 769 2595 existat,
792 2555 848 2588 sed
869 2555 951 2588 duae
970 2565 1030 2599 pa-

328 2619 340 2644 1
358 2617 396 2644 Ex
412 2617 521 2653 Regest.
542 2617 570 2644 in
589 2617 670 2645 Cane.
687 2618 779 2654 Apost.

1712 196 1775 228 *259

1062 253 1220 287 rochiales
1241 254 1411 290 eeclesiae,
1435 264 1497 286 una
1530 253 1675 286 videlieet
1698 254 1803 286 Sancti

1061 307 1193 347 Nieolai,
1211 308 1311 340 altera
1331 318 1407 339 vero
1427 308 1561 340 Sanctae
1578 307 1693 340 Mariae
1715 318 1803 339 vaca-

1061 360 1139 393 tioni
1169 360 1301 393 minime
1331 361 1512 401 subiectae,
1533 371 1590 393 nee
1616 361 1647 392 in
1677 360 1803 393 titulum

1061 414 1208 456 perpetui
1241 414 1390 446 beneficii
1419 414 1623 446 ecclesiastici
1652 419 1801 452 erectae,

1061 472 1116 499 aut
1140 468 1279 501 conferri
1300 468 1411 501 solitae
1432 469 1646 512 reperiantur.
1661 469 1804 512 Ipsarum

1061 526 1167 553 autem
1190 521 1398 554 ecelesiarum
1429 532 1529 554 onera
1550 532 1608 565 per
1634 522 1802 566 presbyte-

1043 584 1132 606 ‚rum
1154 574 1193 606 ab
1214 574 1382 607 Ordinario
1400 575 1461 607 loci
1483 575 1696 619 approbatum
1718 586 1806 609 exer-

1044 627 1125 675 ¹ceri
1147 628 1282 666 soleant,
1306 638 1483 671 earumque
1504 629 1637 668 fructus,
1661 628 1806 661 redditus

1062 686 1092 712 et
1122 687 1296 723 proventus
1327 681 1424 714 annui
1458 693 1493 714 ex
1525 681 1751 714 anniversariis
1776 687 1807 715 et

1063 734 1166 767 missis
1184 734 1411 777 provenientes
1432 734 1464 766 in
1490 745 1696 768 communem
1724 745 1806 768 inas-

1063 799 1128 820 sam
1158 788 1278 820 redacti
1300 793 1342 825 et,
1366 793 1398 820 ut
1421 793 1547 828 vocant,
1567 788 1698 827 mortui,
1723 788 1807 821 inter

1045 852 1121 885 ¹pro
1156 846 1303 885 tempore
1335 842 1504 874 existentes
1538 842 1743 886 presbyteros
1778 848 1808 875 et

1063 895 1197 927 elericos
1218 894 1293 927 dicti
1308 895 1430 938 oppidi,
1455 895 1575 927 eisdem
1597 895 1739 928 eeclesiis
1753 896 1808 928 de—

1044 947 1248 988 tservientes,
1270 953 1300 979 et
1320 948 1360 980 ad
1389 947 1475 990 ipsos
1496 948 1617 980 fruetus
1646 958 1705 991 pro
1726 953 1807 981 tem-

1044 995 1046 1033 ἶ
1063 1011 1141 1044 pore
1162 1000 1318 1033 admissos
1336 1000 1582 1033 distribuantur.
1606 1001 1637 1034 Si
1659 1001 1744 1034 dicta
1758 1012 1808 1035 ec-

1044 1054 1159 1087 .clesia
1184 1054 1289 1087 Sancti
1318 1054 1440 1086 Nieolai
1466 1054 1498 1086 in
1523 1054 1589 1087 suis
1618 1055 1806 1095 structuris,

1063 1112 1095 1141 et.
1115 1107 1249 1140 edificiis
1278 1108 1402 1151 ampla,
1425 1113 1455 1140 et
1474 1108 1556 1140 hene
1586 1108 1752 1149 instructa,
1777 1108 1808 1141 in

1064 1161 1265 1203 collegiatam
1288 1161 1456 1193 ecclesiam
1485 1172 1557 1194 cuin
1586 1172 1696 1194 mensa
1717 1161 1806 1205 capi-

1063 1215 1170 1255 tulari,
1194 1225 1278 1252 arca,
1296 1214 1413 1257 sigillo,
1434 1214 1568 1258 aliisque
1589 1215 1810 1257 collegialibus

1065 1268 1263 1311 insignibus,
1295 1274 1326 1301 et
1358 1268 1390 1300 in
1416 1279 1453 1301 ea
1482 1273 1548 1301 tres
1580 1268 1752 1311 dignitates
1780 1273 1811 1302 et

1064 1322 1215 1355 undecim
1244 1321 1462 1361 canonicatus,
1488 1321 1688 1365 totidemque
1709 1332 1807 1365 prae-

1064 1376 1200 1416 bendae,
1218 1380 1358 1419 quatuor
1375 1374 1649 1408 hebdomadariae
1666 1380 1808 1415 curatae,

1065 1436 1094 1463 et
1116 1430 1180 1462 duo
1200 1434 1356 1473 perpetua
1383 1428 1543 1472 simplicia
1572 1428 1730 1462 beneficia
1754 1440 1808 1462 ec-

1066 1483 1254 1522 clesiastiea3
1278 1492 1404 1515 necnon
1437 1482 1469 1514 in
1502 1482 1645 1525 praefata
1674 1482 1810 1515 ecclesia

1066 1538 1200 1571 Sanctae
1221 1536 1336 1569 Mariae
1358 1537 1441 1569 duae
1468 1541 1646 1580 perpetuae
1673 1536 1810 1569 vicariae

1066 1596 1223 1634 perpetuo
1254 1590 1455 1632 erigerentur
1487 1595 1519 1622 et
1548 1589 1808 1629 instituerentur,

1067 1654 1103 1676 ae
1124 1643 1259 1676 ecclesia
1284 1643 1393 1676 Sancti
1413 1642 1536 1676 Nicolai
1558 1643 1625 1686 ipsa
1655 1642 1811 1676 ecclesia¹

1066 1698 1201 1731 Sanctae
1221 1697 1348 1737 Mariae,
1364 1707 1493 1729 mensae
1507 1701 1614 1729 autern
1628 1696 1808 1739 capitulari,

1066 1750 1286 1793 dignitatibus,
1311 1746 1570 1789 canonicatibus,
1595 1749 1809 1793 praebendis,

1066 1803 1329 1837 hebdomadariis
1350 1808 1380 1835 et
1400 1802 1567 1835 beneficiis
1587 1802 1632 1835 sic
1652 1802 1813 1845 erigendis

1066 1857 1215 1902 praefatis
1240 1867 1299 1901 pro
1320 1867 1378 1889 sua
1398 1857 1472 1889 dote
1488 1883 1495 1896 ,
1520 1861 1550 1888 et
1579 1856 1633 1888 illa
1653 1866 1712 1899 pro
1733 1861 1813 1888 tem-

1066 1922 1145 1956 pore
1154 1910 1369 1944 obtinentium
1381 1909 1649 1949 substentatione,
1662 1919 1814 1942 onerum-

1067 1976 1129 2009 que
1150 1964 1194 1997 eis
1216 1963 1473 1997 incumbentium
1491 1962 1748 2006 supportatione,
1763 1962 1812 1995 ul-

1068 2024 1117 2052 tra
1137 2028 1261 2051 annuos
1285 2017 1430 2050 redditus
1451 2016 1539 2049 mille
1567 2016 1735 2055 librarum,
1758 2027 1813 2049 seu

1068 2072 1163 2105 aliam
1184 2081 1345 2104 summam
1366 2070 1500 2103 totidem
1518 2075 1683 2102 scutorum
1702 2080 1814 2103 mone-

1067 2132 1117 2160 tae
1146 2126 1275 2158 illarum
1296 2125 1436 2169 partium
1456 2123 1720 2157 constituentium
1738 2151 1744 2163 ,
1773 2124 1813 2156 ad

1068 2181 1099 2213 id
1120 2191 1178 2224 per
1196 2180 1393 2223 praesectum
1417 2178 1556 2211 iustitiae
1579 2183 1609 2210 et
1631 2177 1753 2210 iuratos
1784 2182 1815 2209 et

1068 2233 1227 2267 sindicum
1245 2234 1417 2276 praefatos,
1436 2237 1592 2275 perpetuo
1606 2236 1637 2264 et
1650 2231 1811 2263 irrevoca-

1068 2286 1176 2319 biliter
1203 2287 1339 2319 donatos
1369 2291 1399 2318 et
1423 2285 1600 2327 assignatos
1629 2294 1731 2316 unum
1758 2294 1815 2317 seu

1068 2351 1153 2379 una,
1177 2341 1264 2384 quod
1284 2351 1340 2372 seu
1372 2350 1468 2383 quam
1494 2338 1648 2381 Iosephus
1676 2338 1811 2377 Guerra,

1069 2399 1099 2427 et
1119 2393 1206 2426 aliud
1226 2404 1281 2426 seu
1303 2393 1385 2433 alia,
1410 2393 1496 2435 quod
1526 2402 1582 2425 seu
1607 2401 1704 2435 quam
1734 2391 1812 2424 Mel-

1069 2446 1160 2480 chior
1180 2447 1328 2489 Ipunter,
1353 2445 1506 2488 aliudque
1536 2455 1591 2477 seu
1621 2444 1703 2484 alia,
1728 2444 1815 2487 quod

1068 2511 1124 2533 seu
1153 2510 1249 2543 quam
1280 2500 1415 2533 Ioannes
1443 2498 1587 2531 Trevivio
1616 2498 1648 2530 in
1681 2498 1814 2531 Sanctae

1069 2554 1195 2594 Mariae,
1213 2564 1249 2586 ac
1263 2553 1350 2586 aliud
1367 2563 1424 2586 seu
1444 2552 1517 2591 alia,
1535 2552 1622 2596 quod
1635 2562 1692 2585 seu
1703 2562 1812 2595 quam,

1112 2618 1123 2643 1
1142 2616 1195 2643 Sic.

1822 206 1870 232 An.
1888 206 1916 233 G.
1936 206 2004 234 1596

1856 534 1936 555 Causae
1952 536 2005 555 Pun-

1821 561 1883 580 inivi<
1912 563 2003 582 animum

1822 590 1929 609 inurentes
1941 589 1966 609 ad
1985 595 2005 609 a·

1822 615 1937 635 reethnnnn
1953 617 1973 635 οἱ
1984 622 2005 635 n-

1822 641 1904 661 ninneni
1916 642 2005 662 ‹luaruin

1823 668 1968 689 ecclesiarum.
