2253 3195
243 239 293 266 An.
311 238 340 266 G.
362 237 430 266 ¹602
475 229 539 264 832

443 288 588 322 tuissent.
610 288 697 327 Quae
721 287 850 320 interim
871 286 948 320 dum
973 287 1103 330 cogito,
1135 297 1185 320 re-

443 342 571 381 cordor,
598 339 818 384 superioribus
837 339 963 381 diebus,
985 339 1184 373 licentiatum

445 395 644 428 Felicianum
684 393 723 426 de
754 392 913 436 Figueroa
942 398 1184 436 praecentorem

444 454 475 481 et
488 446 678 481 canonicum
694 445 854 480 Ecclesiae
868 446 1064 486 Valentinae,
1081 446 1185 478 virum

408 498 411 501 ’
444 501 656 540 industrium,
682 505 713 533 et
733 499 766 532 in
791 499 887 532 rebus
906 499 1054 543 gerendis
1077 509 1186 542 exper-

444 561 520 593 tem,
541 560 574 587 et
597 553 660 587 iam
680 553 757 586 alias
777 553 903 593 virtute,
922 552 1064 586 moribus
1081 557 1113 586 et
1132 553 1188 586 do-

443 608 544 642 ctrina
567 607 751 652 probatum,
777 612 812 640 ut
835 607 918 651 regis
943 606 1103 640 desiderio
1131 605 1188 640 ob-

443 660 644 705 sequeretur,
660 661 740 695 haec
760 660 850 704 prius
863 659 1009 704 diligenti
1023 671 1101 693 cura
1117 670 1188 704 per·
1202 657 1205 680 ²

445 714 633 758 vestigasse,
655 720 687 747 et
716 724 781 747 una
805 724 879 747 cum
904 714 1023 746 Ioanne
1047 713 1187 755 Baptista

1027 238 1213 263 BULLARIUM
1229 238 1384 262 Romanum

1218 286 1433 328 voluntatem,
1464 287 1569 320 zelum
1593 292 1624 320 et
1654 286 1863 337 directionem
1887 286 1962 320 Phi-

1219 339 1295 384 lippi
1306 340 1346 379 11,
1356 339 1583 383 Hispaniarum
1601 333 1693 384 regis⁸
1701 339 1847 373 catholici
1866 340 1958 374 facta.

1533 418 1656 453 Oriola.

1265 501 1301 534 In
1334 500 1458 534 civitate
1493 499 1648 534 Oriolensi
1687 510 1769 543 quae
1798 505 1896 544 caput
1932 505 1964 534 et

1202 573 1205 600 ᾗ
1221 554 1412 596 cathedralis
1431 553 1566 588 ecclesia
1578 553 1692 592 existit,
1702 553 1965 597 parochialesque

1223 613 1286 640 tres
1310 607 1395 640 alias
1410 607 1559 641 ecclesias
1587 607 1730 641 continet
1764 617 1837 640 cum
1863 606 1965 641 tribus

1222 660 1308 695 mille
1326 661 1492 702 domibus,
1515 666 1591 694 sunt
1614 659 1830 704 quadraginta
1849 659 1966 694 domus

1194 706 1205 756 ,l
1221 715 1346 748 noviter
1365 714 1405 747 ad
1429 714 1525 748 fidem
1551 724 1777 748 conversorum
1810 723 1867 758 per
1891 714 1966 748 civi-

1975 228 2159 268 An.c.1.s<·÷,³
2189 244 2198 256 „-

444 768 610 809 Fornerio‚
633 767 790 802 canonico
811 767 989 806 Oriolensi,
1015 777 1087 800 meo
1111 765 1188 800 offi-

444 820 515 853 ciali
541 826 572 854 et
595 820 713 854 vicario
734 820 888 864 generali,
909 826 940 854 et
955 820 996 854 ad
1015 820 1047 853 id
1068 819 1189 863 specia-

1203 773 1318 818 ,tatem
1345 768 1527 811 promiscue
1551 768 1728 813 dispersae,
1755 774 1892 812 quarum
1912 767 1966 800 ha-

1203 821 1375 867 {bitatores
1400 821 1521 855 nuttam
1549 822 1764 866 parochialem
1798 820 1967 855 ecclesiam

444 874 516 908 liter
540 873 706 919 deputato,
733 885 846 908 omnes
870 874 1006 914 reditus,
1020 875 1143 907 fructus
1159 877 1189 906 et
1204 871 1205 904 ἓ
1222 880 1277 907 aut
1301 875 1467 918 proprium
1501 875 1678 918 paroehum
1697 902 1704 915 ,
1733 874 1788 908 uhi
1823 873 1982 908 doetrina-

444 929 672 970 emolumenta,
693 939 774 972 quae
795 928 834 962 ad
851 928 1009 969 dictarum
1023 911 1206 975 parochia-i
1223 928 1394 961 christiana
1420 927 1539 961 erudiri
1565 933 1736 972 oporteret,
1757 933 1852 971 atque
1872 937 1967 970 pecu-

444 981 521 1016 lium
547 992 637 1016 meae
658 981 815 1016 dioecesis
840 981 947 1015 dotem·
973 988 1001 1014 et
1032 986 1189 1015 sustenta·
1204 987 1205 1022 ᾗ
1222 980 1343 1014 liariter
1359 981 1487 1015 edoceri
1508 981 1638 1021 habeut,
1655 992 1715 1015 nec
1734 980 1967 1025 parochialium

445 1036 564 1069 tionem
581 1035 760 1069 necessaria
784 1035 993 1076 videbantur,
1020 1034 1189 1078 diligenter
1204 1041 1206 1074 t
1224 1033 1325 1068 curati
1350 1045 1404 1067 eos
1428 1039 1610 1078 opportune
1636 1044 1843 1079 cognoscere,
1870 1039 1902 1067 et
1921 1033 1968 1066 in-

444 1089 642 1122 examinasse
666 1099 703 1122 ae
731 1094 879 1122 accurate
911 1088 1122 1132 expendisse,
1159 1083 1347 1135 cthtruere
1372 1088 1405 1120 in
1436 1088 1500 1121 side
1537 1088 1694 1122 catholica
1728 1092 1871 1131 possunt.
1913 1086 1969 1120 Est

444 1152 482 1175 ea
497 1142 604 1176 omnia
617 1141 650 1174 in
668 1141 817 1175 ordinem
835 1148 866 1175 et
879 1143 995 1176 seriem
1014 1140 1189 1180 reduxisse,
1205 1176 1207 1183 ¹
1224 1147 1330 1174 autem
1355 1141 1514 1184 quaedam
1547 1141 1681 1175 ecclesia
1706 1151 1760 1174 seu
1791 1139 1968 1174 oratorium

444 1207 527 1240 quae
550 1196 626 1229 huie
645 1196 774 1239 negotio
801 1196 936 1229 maxime
953 1194 1185 1229 conducebant.
1205 1187 1283 1228 ¹*sub
1307 1194 1508 1228 invocatione
1533 1194 1639 1228 Sancti
1665 1194 1753 1229 Pauli
1778 1193 1922 1238 Apostoli
1936 1190 1968 1226 in

445 1249 532 1290 Quae
562 1260 635 1284 eum
661 1250 814 1283 vidissent
839 1255 870 1283 et
889 1249 1125 1283 examinassent
1144 1247 1376 1292 di-iparoehia
1400 1248 1431 1282 S.
1460 1248 1563 1283 Irstae
1588 1248 1691 1282 eidem
1720 1247 1894 1293 parochiali
1926 1247 1970 1281 vi-

444 1302 599 1347 ligenter‚
633 1303 796 1346 aptissima
823 1313 892 1336 esse
923 1301 1060 1335 iudicavi
1106 1306 1142 1334 ut
1173 1293 1314 1339 aleina,
1339 1311 1421 1344 quae
1458 1301 1589 1335 alterius
1621 1300 1718 1334 officii
1759 1299 1969 1344 occupatione

445 1356 622 1390 Sanctitate
647 1357 776 1396 Vestra,
803 1355 978 1400 apostolico
1015 1354 1131 1389 robore
1159 1328 1333 1401 etivacat,
1359 1353 1391 1386 in
1417 1364 1513 1398 quam
1539 1354 1634 1387 iidem
1657 1353 1852 1387 habitatores
1880 1352 1969 1387 novi-

444 1409 607 1451 firmitate,
634 1409 844 1451 donarentur,
873 1409 1009 1442 maxime
1029 1419 1101 1442 cum
1123 1418 1191 1442 ere·
1206 1409 1209 1445 ἑ,
1224 1412 1272 1441 ter
1295 1407 1437 1441 conversi
1463 1407 1574 1441 diebus
1599 1406 1769 1441 dominicis
1786 1412 1817 1440 et
1849 1405 1968 1440 festivis

444 1463 586 1503 ctiones‚
612 1463 835 1503 fundationes,
863 1462 1052 1502 divisiones,
1081 1461 1192 1495 distin·
1206 1472 1209 1501 ί
1225 1461 1263 1494 ad
1278 1461 1471 1495 audiendam
1493 1461 1620 1494 missam
1639 1461 1807 1495 convenire
1823 1465 1966 1504 possunt.

445 1517 568 1550 ctiones
585 1516 774 1561 dotiumque
796 1517 1022 1550 attributarum
1048 1526 1085 1549 ac
1109 1515 1191 1549 redi-

446 1576 535 1604 tuum
550 1575 580 1604 et
590 1576 802 1615 proventuum
814 1569 1020 1604 adauctiones
1034 1569 1190 1603 dictarum

447 1624 677 1669 parochialium
699 1624 741 1658 ita
767 1624 938 1666 diligenter
955 1622 1190 1667 praescriptae,
1207 1625 1210 1632 ’

445 1678 598 1712 collectae
618 1683 649 1712 et
668 1677 846 1721 assignatae
872 1683 960 1718 sunt,
987 1681 1022 1710 ut
1046 1676 1126 1710 nihil
1143 1686 1193 1710 so-

447 1731 558 1765 lertius
582 1742 619 1765 ac
638 1731 820 1775 diligentius
852 1730 1003 1772 describi,
1031 1730 1193 1774 colligiae

447 1786 604 1830 designari
627 1787 792 1829 potuisset.
831 1785 936 1824 Quare
960 1784 1117 1828 quidquid
1137 1794 1195 1828 per

447 1840 548 1874 dictos
571 1839 767 1876 Felieianum
792 1838 949 1882 Figueroa
982 1843 1013 1871 et
1040 1838 1191 1871 loannem

448 1894 620 1937 Baptistam
659 1892 862 1931 Fornerium‚
895 1901 1001 1925 meum
1041 1890 1192 1924 vicarium

447 1947 640 1991 generalem,
654 1946 871 1989 designatum,
888 1944 1053 1984 collatum,
1075 1944 1194 1979 descri-

449 2007 537 2046 ptum
554 2007 586 2035 et
605 2000 804 2034 elaboratum
826 2005 894 2039 est,
925 1999 963 2031 ad
985 1999 1192 2033 Sanctitatem

448 2055 588 2088 Vestram
622 2054 826 2093 transmitto,
858 2060 890 2086 ut
928 2053 1062 2086 Sanctae
1103 2052 1194 2087 Sedis

449 2106 648 2151 Apostolicae
672 2106 862 2138 auctoritate
897 2105 1051 2137 roborare
1069 2109 1097 2137 et
1121 2114 1194 2136 con-

451 2160 578 2192 firmare
603 2158 716 2198 velitis,
739 2157 940 2201 iubeatisque
965 2157 1050 2202 quod
1077 2168 1093 2190 a
1109 2157 1194 2190 San-

450 2212 567 2246 ‹ztitatis
593 2212 718 2245 Vestrae
749 2211 886 2255 pedihus
924 2211 1113 2254 provolutus
1137 2211 1194 2244 hu-

452 2266 568 2299 militer
581 2265 730 2309 deposco.
745 2266 848 2300 'senor
866 2275 939 2298 vero
953 2275 1062 2297 earum
1075 2275 1193 2302 rerum,
1209 2300 1212 2308 Δ

450 2330 530 2362 quae
555 2329 572 2351 a
598 2318 768 2362 praedietis
786 2318 969 2360 designatae
983 2324 1070 2357 sunt,
1088 2317 1195 2360 sequi-

453 2378 514 2412 tur,
540 2377 568 2405 et
594 2377 641 2404 est
667 2371 746 2404 talis.
778 2371 891 2404 Forma
916 2371 1102 2410 erectionis,
1133 2370 1195 2403 dis-

452 2424 692 2458 rn·:r11t›r:uiouis
724 2431 754 2458 et
795 2423 968 2458 dotationis
1001 2424 1040 2456 de
1066 2429 1193 2458 rentum

453 2478 539 2510 lituis
553 2484 698 2511 monetae
709 2478 940 2511 Valentinensis
962 2478 1194 2521 parochialium

452 2531 658 2565 (ecelesiarum
684 2532 714 2565 iu
735 2531 863 2575 oppidis
884 2532 1067 2565 Maurorum
1094 2542 1197 2575 nuper

453 2584 491 2617 ad
513 2585 607 2617 fidem
633 2585 820 2618 catholicam
851 2595 1078 2619 conversorum
1109 2584 1195 2618 dioe-

453 2637 533 2672 cesis
554 2638 736 2678 Urioleusis,
760 2640 948 2672 auctoritate
969 2638 1130 2672 ordinaria
1156 2638 1194 2672 ad

1226 1514 1450 1558 Videturquod
1462 1515 1602 1559 praefata
1616 1515 1749 1549 ecclesia
1763 1513 1871 1548 Sancti
1880 1513 1970 1548 Pauli

1227 1569 1264 1603 ad
1275 1569 1460 1603 huiusmodi
1479 1575 1670 1603 conventum
1687 1569 1813 1603 noviter
1826 1567 1972 1612 designe-

1228 1629 1290 1662 tur,
1305 1628 1335 1656 et
1358 1621 1522 1666 designata
1540 1629 1678 1664 maneat,
1695 1621 1970 1666 quemadmodum

1226 1687 1283 1720 per
1306 1675 1493 1718 episcopum
1519 1675 1714 1708 Oriolensem
1734 1675 1768 1707 in
1786 1685 1842 1708 sua
1865 1673 1971 1707 visita-

1227 1729 1313 1762 tione
1338 1728 1401 1761 iam
1421 1727 1481 1762 fuit
1506 1728 1728 1769 constitutum,
1758 1732 1789 1762 et
1805 1727 1890 1771 quod
1909 1726 1971 1760 eis-

1227 1782 1300 1815 dem
1323 1781 1438 1815 diebus
1464 1792 1547 1815 unus
1564 1791 1600 1814 ex
1621 1781 1724 1814 tribus
1737 1780 1856 1814 curatis
1880 1789 1972 1824 paro-

1228 1835 1340 1869 chialis
1367 1835 1519 1869 ecelesiae
1543 1835 1574 1868 S.
1599 1835 1702 1869 iustae
1726 1834 1887 1879 praefatae
1916 1843 1973 1878 per

1228 1896 1358 1923 turnum
1381 1888 1410 1922 in
1436 1889 1549 1922 eodem
1571 1887 1713 1922 oratorio
1737 1887 1866 1921 missam
1892 1887 1973 1920 cele-

1229 1942 1321 1982 bret,
1349 1947 1380 1975 et
1405 1941 1584 1975 doctrinam
1611 1940 1815 1975 christianam
1841 1939 1972 1974 eosdem

1229 1996 1352 2029 noviter
1364 2005 1536 2030 conversos
1553 1994 1677 2034 doceat,
1695 1994 1734 2028 de
1757 1993 1873 2028 salario
1886 2002 1973 2027 com-

1229 2049 1348 2093 petenti
1374 2059 1431 2094 pro
1459 2048 1567 2082 labore
1592 2048 1791 2088 satisfactus,
1827 2047 1974 2091 expensis

1229 2102 1326 2136 trium
1366 2102 1629 2136 benetiriatorum
1656 2101 1758 2134 dictae
1783 2098 1974 2144 parochialis

1228 2156 1379 2189 ecelesiae
1405 2166 1461 2200 pro
1477 2161 1620 2199 tempore
1640 2153 1844 2189 existentium
1857 2154 1887 2187 in
1902 2163 1973 2197 per-

1229 2215 1372 2254 petuum,
1391 2210 1514 2243 ratione
1544 2210 1681 2242 fructum
1704 2206 1924 2252 primitialium
1942 2212 1975 2241 et

1229 2263 1445 2302 decimalium‚
1461 2272 1542 2305 quos
1570 2263 1601 2294 in
1623 2260 1798 2294 decimario
1818 2258 1973 2293 Oriotensi

1229 2315 1428 2362 peuipiunt,
1455 2315 1508 2359 qui
1528 2315 1566 2347 ad
1593 2315 1732 2348 valorem
1760 2317 1972 2347 trecentarum

1231 2370 1381 2403 librarum
1416 2379 1472 2413 pro
1497 2368 1639 2412 quolibet
1668 2366 1824 2400 beneficio
1845 2375 1973 2399 annu-‘t-

1230 2423 1285 2456 tim
1311 2422 1496 2455 ascendunt.
1525 2422 1559 2455 Et
1575 2421 1660 2465 quod
1683 2430 1768 2454 unus
1781 2418 1972 2463 alguasirius

1229 2478 1269 2510 al)
1286 2476 1438 2521 episcopo
1459 2475 1628 2515 creandus,
1648 2481 1764 2508 etrum
1783 2471 1972 2518 oportuerit.

1229 2530 1437 2571 amovendrm,
1453 2529 1583 2562 eosdem
1605 2528 1729 2562 noviter
1745 2535 1916 2561 conversos
1933 2524 1971 2558 ad

1229 2583 1274 2618 sie
1300 2582 1568 2622 conveniendum,
1600 2587 1631 2616 et
1656 2582 1784 2615 missam
1805 2577 1971 2623 etxdoctri-

1230 2648 1303 2670 nam
1329 2636 1534 2671 christianam
1559 2634 1757 2670 audiendum
1780 2634 1809 2667 in
1828 2634 1969 2677 praefato
