2253 3195
66 276 113 302 An.
136 273 163 300 C.
182 272 249 299 1590

101 2250 197 2273 racana<
212 2252 256 2273 Hu-

75 2282 107 2300 taoe
136 2280 155 2301 iu
184 2287 255 2307 prore*

76 2307 151 2331 dendo,

878 269 1024 292 CLEMENS
1046 269 1102 292 VllI
1121 269 1171 292 PP.

266 330 336 353 rum
366 320 542 352 secundum
572 324 679 352 tamen
700 318 943 362 dispositionem
979 317 1022 350 l.¹

267 374 387 407 Unicae
410 374 483 407 cod.
508 373 632 417 quand.
657 374 775 416 Impcr.
791 373 877 405 inter
894 371 1000 415 pupil.

264 432 368 459 etnon
380 426 489 465 aliter;
514 437 648 459 necnon
668 426 802 463 dotium,
824 430 851 457 ct
872 425 1005 457 alimen-

265 485 388 517 torum,
412 491 448 511 ac
469 485 636 523 praeterea
657 489 769 511 omncs
790 489 920 517 causas,
944 488 1002 509 cu—

266 533 417 565 mulative
439 538 544 565 tamen
586 533 692 576 quoad
731 532 1004 564 locumtenentem

265 587 448 629 generalem
470 597 639 619 causarum
661 585 801 618 civilium
823 585 931 627 legati,
955 584 1002 616 vi-

266 640 410 682 celegatL
428 645 482 672 aut
499 638 735 682 gubernatoris,
753 649 834 682 quae
855 649 890 670 ex
904 638 1007 670 sortna
1024 649 1025 665 t

266 699 470 732 statutorum,
488 692 638 725 ordinum
650 703 686 725 ac
700 691 918 735 provisionum
934 692 1007 724 Fer-

266 747 368 779 rariae
389 746 539 788 cognosci
562 746 690 785 debent,
715 756 750 778 ac
773 744 938 778 terminari
953 755 1006 788 ap-

265 801 438 844 pellatione
459 806 595 839 remota,
619 800 758 843 exeeptis
779 799 827 839 iis,
851 809 933 842 quae
959 809 1009 830 ra-

267 854 352 887 tione
366 864 521 898 personae
541 853 662 896 agentis
682 853 729 886 vel
749 859 936 893 conventae,
959 853 1007 885 vel

265 908 391 941 ratione
412 919 526 941 causae
545 918 579 940 ex
601 907 703 940 forma
729 907 919 940 corumdem
940 912 1005 939 sta-

267 968 423 1002 tutorum,
445 962 595 995 ordinum
613 990 620 1002 ,
642 973 678 995 ae
698 961 916 1006 provisionum
933 989 939 999 ,
961 961 1008 994 vel

267 1016 441 1060 privilegiis
466 1016 600 1049 alicuius
621 1016 725 1048 sorum
748 1015 888 1047 habeant
908 1014 1008 1058 parti-

267 1070 395 1109 culare,
421 1075 451 1102 et
477 1080 585 1102 eoram
608 1068 713 1101 iudice
731 1068 841 1112 aliquo
861 1068 1006 1111 particu-

266 1123 324 1155 lari
346 1123 475 1156 tractari
505 1128 535 1155 et
562 1122 689 1155 definiri
711 1122 839 1154 debent.
875 1122 1010 1165 Insuper

267 1177 475 1210 concedimus
507 1182 536 1209 et
558 1176 762 1218 indulgemus
784 1175 888 1208 eidem
911 1175 1009 1209 Rotae

266 1231 483 1273 cognitionem
506 1231 719 1263 secundarum
739 1230 1005 1274 appellationum,

263 1286 381 1319 nedum
397 1296 414 1318 a
427 1284 770 1328 sententiispraetoris,
787 1295 896 1317 verum
913 1284 1007 1317 etiam

267 1349 550 1382 quorumcumque
571 1338 714 1371 iudicum
730 1338 827 1371 totius
841 1338 1010 1380 legationis

266 1394 440 1426 etducatus
451 1392 635 1431 Ferrariae·,
659 1398 688 1425 et
700 1393 848 1425 volumus
868 1398 903 1425 ut
923 1392 1010 1436 ipsae

265 1446 429 1479 secundae
450 1445 697 1489 appellationes,
726 1445 820 1478 ctiam
842 1445 938 1479 totius
959 1446 1007 1479 le-

266 1499 404 1541 gationis
427 1499 560 1532 omnino
582 1500 620 1532 ad
646 1500 759 1532 Rotam
782 1500 1006 1540 devolvantur,

266 1553 454 1591 dummodo,
472 1553 579 1596 quoad
593 1563 645 1586 eas
663 1558 749 1585 extra
769 1552 941 1593 civitatem,
959 1564 1010 1586 va-

268 1607 317 1639 lor
337 1617 451 1639 causae
472 1606 602 1639 excedat
621 1617 736 1639 aureos
750 1612 878 1639 centum
894 1607 1010 1640 alibris

267 1665 415 1703 quatuor.
439 1660 502 1692 Nec
523 1670 586 1692 non
609 1659 731 1703 possint
752 1660 827 1692 dicti
849 1660 1010 1694 auditores

268 1724 463 1753 cognoscere
500 1724 720 1757 quascumque
750 1714 827 1747 alias
848 1725 958 1747 causas
979 1715 1010 1747 in

268 1767 351 1800 dict'a
371 1767 496 1800 civitate
511 1773 541 1800 et
561 1767 719 1809 legatione
738 1767 1007 1808 Ferrariensilms,

268 1827 365 1864 prout
386 1826 520 1864 possunt
549 1821 711 1853 auditores
741 1820 958 1854 Bononienses
980 1821 1010 1853 in

269 1874 394 1907 civitate
416 1880 446 1907 et
466 1874 629 1907 territorio
657 1875 923 1907 Bononiensibus.
947 1876 1008 1908 De-

269 1928 427 1961 elarantes
445 1938 555 1960 causas
568 1938 681 1961 omnes
700 1928 891 1971 praedictas,
916 1928 1009 1961 etiam

270 1991 342 2012 cuni
355 1986 429 2013 voto
442 1981 597 2024 praetoris
612 1982 806 2014 decidendas
820 1992 898 2020 csse,
920 1993 1011 2014 exce-

270 2033 331 2076 ptis
351 2034 603 2077 appellationum
625 2034 746 2074 causis,
775 2046 857 2078 quae
878 2035 917 2067 al)
943 2035 1011 2068 eius

271 2087 439 2119 sententiis
457 2087 720 2130 interponentur,
745 2094 780 2121 ut
799 2088 1012 2131 praemissum

272 2146 329 2173 est.

316 2195 331 2238 ξ
351 2194 403 2227 020.
428 2195 461 2227 ln
483 2195 655 2238 praedictis
673 2206 748 2227 vcro
778 2195 927 2228 omnibus
950 2202 1012 2228 tam

272 2253 475 2292 praetorem,
499 2259 594 2290 quam
618 2248 729 2280 notam
753 2248 783 2280 iu
810 2249 1014 2291 procedendo

272 2301 457 2340 summarie,
481 2301 671 2344 sinil‘iliciter
699 2307 726 2333 ct
750 2302 788 2334 de
811 2303 923 2345 plano,
947 2302 1014 2335 sine

274 2354 409 2397 strepitu
428 2359 458 2387 et
484 2354 587 2395 ligura
609 2354 728 2393 iudicii,
753 2355 820 2386 sola
843 2354 914 2386 l'acti
936 2354 1016 2387 veri-

275 2413 338 2440 tate
362 2408 515 2451 inspecta,
540 2408 716 2451 procedere
734 2418 843 2451 possc-v
867 2408 897 2440 in
921 2407 1010 2440 ‹leci-

274 2461 380 2494 dentlo
399 2472 472 2493 vero
488 2461 703 2504 provisiones,
722 2461 966 2494 constitutiones
987 2467 1017 2494 et

274 2522 391 2548 statuta
412 2515 574 2548 Ferrariae
590 2516 628 2547 ab
644 2515 756 2548 iisdem
779 2516 939 2547 observari
963 2516 1016 2548 tle-

274 2570 351 2601 bere
366 2568 592 2612 praecipimus-²
608 2569 859 2612 exceptiscausis
870 2569 1013 2601 locorum

275 2633 311 2655 ac
325 2622 487 2655 civitatum
510 2622 688 2664 legationis,
714 2622 744 2654 iu
763 2622 879 2665 quilius
900 2628 1015 2655 statuta

276 2682 306 2709 et
326 2676 525 2720 provisiones
543 2686 667 2716 eorum,
684 2686 861 2721 earumque
876 2675 1015 2720 particu-

1686 253 1750 286 515

1038 317 1118 349 laria
1145 316 1183 349 ad
1210 316 1368 349 decisoria
1400 314 1614 359 pertinentia,
1642 313 1667 345 si
1699 324 1781 356 quae

1040 370 1086 402 vel
1108 381 1187 413 quas
1207 369 1374 409 haberent,
1391 368 1510 401 servari
1531 367 1733 400 mandamus.

1084 422 1173 464 gat.
1204 423 1240 456 Et.
1271 422 1446 466 quoniam,
1485 427 1520 454 ut
1547 430 1781 464 saepenumero

1040 476 1160 509 (lictum
1179 482 1236 516 est,
1261 487 1473 520 properamus
1491 476 1530 508 ad
1552 486 1720 508 causarum
1743 474 1781 507 fi-

1040 540 1111 562 nem
1129 557 1135 567 ,
1160 536 1191 562 et
1210 530 1314 562 litium
1336 529 1590 573 amputationem
1612 529 1759 561 iubemus
1772 556 1779 568 ,

1040 588 1075 616 ut
1094 583 1202 615 statuti
1227 583 1392 616 Ferrariae
1422 583 1535 615 ordine
1556 583 1783 626 praetermisso

1042 641 1105 669 tam
1127 642 1266 680 praetor,
1288 647 1383 680 quam
1399 637 1489 676 Rota,
1508 636 1539 669 in
1557 636 1660 669 causis
1674 646 1783 669 coram

1042 689 1086 722 eis
1108 689 1304 722 vertentibus
1325 694 1489 722 curatores
1514 694 1544 722 et
1569 695 1690 722 tutores
1723 689 1781 721 de-

1042 742 1193 775 cernendi
1214 748 1403 786 potestatem
1430 742 1579 782 habeant,
1604 741 1786 775 haeredita-

1042 796 1190 840 tibusque
1206 796 1394 837 iacentibus,
1412 802 1443 830 et
1461 796 1655 836 vacantibus,
1672 796 1785 829 absen-

1042 849 1126 881 tibus
1141 876 1148 889 ,
1188 849 1368 882 minoribus
1399 854 1430 882 et
1462 849 1614 893 pupillis,
1650 855 1680 882 et
1716 848 1786 881 aliis

1043 903 1302 946 quibuscumque
1317 931 1324 943 ‚
1360 903 1414 946 qui
1437 908 1585 936 curatore
1605 913 1661 935 seu
1682 907 1787 936 tutore

1044 956 1237 999 indigerent,
1263 957 1306 989 ita
1326 962 1442 996 tamen,
1467 962 1501 989 ut
1521 956 1635 989 tutoris
1656 967 1712 989 seu
1733 967 1787 989 cu-

1043 1009 1158 1042 ratoris
1187 1009 1302 1043 electio
1347 1009 1571 1053 praesentibus
1602 1020 1659 1053 per
1694 1009 1787 1042 binas

1043 1064 1173 1096 cedulas
1193 1075 1267 1096 cum
1289 1064 1397 1097 debito
1418 1063 1513 1096 unius
1534 1063 1597 1096 diei
1620 1063 1787 1096 intervallo

1043 1116 1244 1157 notificetur,
1266 1122 1296 1149 et
1313 1117 1499 1150 absentibus
1512 1131 1526 1157 ς
1544 1127 1580 1149 ac
1600 1117 1784 1150 baeredita-

1045 1170 1128 1203 tibus
1150 1170 1327 1204 iacentibus
1346 1176 1376 1204 et
1396 1171 1581 1203 vacantibus
1608 1182 1704 1215 super
1724 1182 1785 1215 po-

1044 1224 1130 1257 diolo
1162 1225 1271 1268 palatii
1310 1225 1492 1258 communis
1528 1225 1693 1258 Ferrariae
1725 1225 1788 1257 alta

1043 1289 1120 1311 voce
1141 1283 1171 1311 et
1188 1289 1268 1311 sono
1287 1289 1389 1311 cornu
1411 1279 1600 1322 praemisso,
1614 1284 1642 1311 et
1655 1279 1789 1311 cedulae

1043 1338 1155 1376 postea
1176 1333 1347 1376 affigantur
1370 1333 1467 1366 valvis
1488 1333 1631 1366 eiusdem
1653 1332 1785 1376 palatii;

1044 1392 1075 1420 et
1095 1387 1120 1420 si
1142 1387 1174 1427 ii,
1195 1387 1312 1430 quiluis
1328 1392 1414 1420 tutor
1428 1387 1475 1420 vel
1491 1392 1621 1420 curator
1642 1387 1789 1419 decretus

1044 1441 1148 1479 suerit⁷
1166 1441 1418 1485 comparuerint,
1435 1446 1465 1474 et
1477 1446 1658 1473 curatorem
1674 1440 1785 1481 alium,

1044 1495 1091 1527 vel
1113 1500 1252 1528 tutorem
1274 1494 1443 1538 petierint,
1475 1495 1523 1527 vel
1545 1499 1702 1535 tutorem,
1732 1505 1789 1527 scu

1044 1555 1226 1581 curatorem
1248 1549 1307 1581 sibi
1328 1548 1471 1591 legitime
1493 1548 1701 1581 constitutum
1723 1559 1785 1581 no-

1046 1602 1258 1642 minaverint,
1292 1607 1440 1635 teneatur
1470 1603 1603 1635 Praetor
1633 1602 1682 1635 vel
1708 1602 1789 1635 Rota

1044 1656 1142 1689 alium
1164 1656 1251 1695 dare,
1277 1656 1324 1688 vel
1346 1656 1512 1693 mandare,
1536 1661 1570 1688 ut
1587 1666 1660 1688 cum
1682 1660 1787 1688 tutore

1045 1711 1091 1742 vel
1113 1716 1262 1743 curatore
1283 1709 1449 1742 nominato
1472 1709 1626 1742 iudicium
1647 1719 1785 1753 peraga-

1046 1769 1106 1796 tur.

1090 1819 1106 1859 g
1132 1816 1184 1850 022.
1208 1817 1245 1850 Et
1273 1827 1345 1849 cum
1387 1817 1560 1860 aliquando
1596 1828 1655 1849 usu
1684 1816 1789 1849 veniat

1045 1877 1090 1911 ut,
1109 1872 1149 1904 ob
1164 1871 1393 1913 negligentiam
1416 1871 1622 1913 litigantium,
1640 1871 1789 1904 instantia

1046 1924 1270 1968 appellationis
1291 1930 1411 1968 pereat,
1433 1924 1552 1967 fiatque
1565 1924 1633 1968 ipsa
1647 1924 1789 1967 appella-

1047 1979 1089 2011 tio
1111 1979 1235 2011 deserta
1257 1989 1373 2021 magna
1391 1989 1486 2022 saepe
1507 1989 1579 2011 cum
1599 1977 1791 2020 negligentis

1048 2033 1180 2073 iactura,
1197 2032 1250 2075 qui
1263 2032 1455 2076 plerumque
1470 2032 1500 2064 in
1514 2031 1636 2064 meritis
1648 2031 1696 2063 ius
1710 2031 1793 2063 fovet

1047 2087 1227 2131 optimum:
1267 2097 1325 2119 nos
1353 2086 1547 2130 aequitatem
1582 2097 1657 2129 prae
1689 2085 1791 2118 oculis

1047 2140 1202 2173 habentes
1229 2140 1433 2173 decernimus
1458 2145 1511 2179 ut,
1544 2140 1635 2181 lege,
1660 2144 1788 2179 statuto,

1048 2195 1095 2227 vel
1126 2194 1355 2227 constitutione
1387 2193 1495 2237 aliqua
1531 2204 1595 2225 non
1618 2193 1788 2231 obstante,

1049 2248 1129 2280 saeta
1155 2248 1244 2291 prius
1265 2247 1478 2290 exequutione
1493 2246 1681 2285 sentcntiae,
1699 2258 1714 2279 a
1730 2258 1793 2289 qua

1051 2302 1152 2333 suerat
1169 2301 1382 2344 appellatum,
1400 2306 1430 2333 et
1444 2300 1568 2332 refectis
1582 2299 1662 2343 parti
1676 2310 1793 2343 expen-

1049 2353 1090 2385 sis
1104 2365 1205 2397 nsque
1225 2354 1264 2386 ad
1286 2354 1512 2397 (mutuantem,
1538 2353 1562 2385 is
1578 2353 1668 2385 cuius
1684 2353 1794 2396 appel-

1051 2407 1126 2439 latio
1148 2408 1272 2439 deserta
1294 2407 1362 2445 suit,
1386 2417 1482 2449 super
1503 2406 1624 2439 meritis
1645 2406 1794 2439 audiatur

1051 2471 1108 2503 per
1132 2460 1214 2492 viam
1238 2460 1450 2493 restitutionis
1472 2460 1503 2492 in
1524 2460 1684 2500 integrunt
1707 2471 1795 2492 coni—

1052 2514 1225 2546 mittendae
1246 2525 1263 2546 a
1284 2514 1400 2555 legato,
1424 2513 1488 2545 sive
1510 2524 1527 2545 a
1548 2514 1714 2557 prolegato
1735 2525 1794 2557 pro

1053 2574 1206 2611 tempore.
1231 2568 1435 2600 Declarautcs
1454 2567 1484 2599 itl
1505 2568 1601 2600 semel
1622 2567 1795 2600 observan-

1051 2622 1144 2656 dum:
1167 2632 1239 2653 nam
1263 2621 1378 2654 iterum
1410 2621 1536 2653 deserta
1557 2620 1790 2664 appellatione,

1049 2675 1240 2708 sententiam
1260 2674 1480 2707 iniudicatum
1497 2674 1629 2708 omnino
1644 2674 1790 2715 transire,

1796 264 1843 291 An.

1835 433 1981 453 Cui-uteribus<

1813 467 1838 480 uo
1848 463 1865 480 et
1878 460 1982 480 tutoribus

1798 495 1804 507 t
1813 487 1879 507 audis.

1838 1823 1943 1844 Adversus
1954 1829 1991 1848 re-

1805 1853 1992 1876 temptati-tuisian-

1805 1880 1855 1898 tiam
1877 1878 1991 1899 restitutio,

1806 1905 1890 1930 quaudo
1906 1907 1924 1925 et
1939 1910 1991 1929 quo-

1806 1932 1868 1952 modo
1915 1937 1990 1951 conce-

1806 1958 1883 1978 ‹lt-uda.
