2253 3195
80 274 128 304 Λη.
150 275 178 303 C.
200 275 267 302 1599

900 277 1046 301 CLEMENS
1063 276 1121 301 VIII
1139 277 1189 301 PP.

277 323 383 362 etesia,
408 322 439 356 in
465 335 528 368 qua
557 330 663 358 erecta
693 330 761 365 est,
791 325 1022 358 dismembrata

276 377 407 417 suerint,
423 383 452 411 et
473 379 581 422 quoad
607 379 788 422 portionem
811 379 942 423 quidem
965 380 1020 412 de-

276 431 432 464 cimarum
450 432 649 476 praedictam
665 444 700 465 ex
715 444 814 469 nunc‘,
827 433 933 476 quoad
949 443 1021 466 cae-

275 491 342 518 tera
363 497 438 519 vero
452 486 667 530 proprietates
679 493 710 519 et
721 487 806 519 bona
820 486 1018 526 huiusmodi,

276 538 371 571 etiam
396 550 433 572 ex
462 550 558 580 nunc,
582 544 679 583 prout
699 544 870 583 postquam
892 539 969 571 unio
991 544 1022 571 et

276 592 395 625 erectio
432 593 618 626 lmiusmodi
646 593 796 626 effectum
824 603 918 626 suum
951 603 1021 625 sor-

275 646 351 680 titae
377 646 507 687 suerint,
536 646 726 679 auctoritate
745 652 775 679 et
794 652 903 679 tenore
932 646 1020 679 simi-

275 700 370 741 libus,
395 700 492 733 etiam
513 705 671 744 perpetuo
689 700 890 744 applicamus
916 705 947 733 et
966 710 1021 743 ap-

273 753 490 797 propriamus.
521 754 565 786 lta
587 754 674 797 quod
695 754 790 786 liceat
811 754 976 787 modernis
990 759 1021 786 et

272 819 332 852 pro
353 814 497 853 tempore
516 809 724 842 existentibus
738 810 837 853 ipsius
855 809 1020 843 seminarii

274 863 475 901 rectoribus,
509 873 565 896 seu
591 863 907 897 administratoribus
928 863 1018 907 prio-

274 922 363 949 ratus
390 922 423 950 et
454 916 691 960 parochialium
724 917 950 957 ecclesiarum,
985 928 1022 950 ac

273 970 432 1015 portionis
463 970 663 1004 decimarum
685 971 892 1015 iuriumque,
916 982 1018 1004 anne-

273 1034 400 1064 xorum,
431 1024 666 1065 membrorum,
690 1030 720 1058 et
749 1025 1021 1069 pertinentiarum

273 1087 419 1118 suorum,
443 1088 480 1110 ac
500 1077 626 1110 vicariis
640 1077 827 1121 praedictis,
845 1077 941 1110 etiam
962 1088 1021 1121 pro

274 1135 419 1174 tempore
450 1130 659 1164 existentibus
689 1131 852 1164 bonorum
885 1137 916 1164 et
943 1141 1021 1174 pro-

274 1184 448 1228 prietatum
470 1184 778 1218 dismembratorum
793 1190 824 1219 et
843 1185 1021 1229 applicato-

274 1249 346 1271 rum
368 1238 553 1272 huiusmodi
583 1239 810 1283 corporalem,
846 1239 965 1272 realem
992 1244 1020 1272 et

274 1293 434 1326 actualem
454 1293 691 1339 possessionem
703 1304 761 1337 per
777 1304 822 1333 se,
841 1294 889 1326 vel
907 1294 1018 1335 alium,

273 1357 329 1379 seu
347 1346 426 1379 alios
446 1336 580 1387 eorum,
595 1357 631 1379 ae
651 1346 816 1379 seminarii
838 1347 1018 1380 etvicario-

273 1411 346 1433 rum
360 1400 600 1444 praedictorum
613 1400 799 1433 nominihus
812 1401 945 1444 propria
959 1412 1019 1433 au-

276 1454 423 1487 ctoritate
444 1454 621 1498 respective
633 1454 745 1495 libere,
761 1455 856 1487 etiam
872 1467 907 1488 ex
922 1466 1018 1495 nunc,

275 1508 383 1551 quoad
404 1507 505 1551 ipsam
528 1507 728 1541 decimarum
754 1509 949 1552 portionem,
967 1520 1022 1553 ap-

274 1560 502 1604 prehendere,
538 1567 569 1594 et
599 1562 834 1605 apprehensam
864 1569 1022 1606 perpetuo

276 1614 428 1654 retinere,
450 1615 571 1648 fructus
596 1626 738 1659 quoque,
762 1615 917 1657 redditus,
941 1628 1019 1660 pro-

274 1674 400 1709 ventus,
418 1668 499 1707 iura,
525 1670 735 1703 obventiones
755 1675 786 1702 et
804 1671 1023 1704 emolumenta

275 1721 349 1755 inde
368 1722 590 1765 provenientia
608 1734 844 1767 quaecumque,
866 1730 963 1767 prout
982 1725 1021 1758 ad

275 1785 330 1809 eos
357 1781 388 1808 et
413 1786 526 1809 eorum
555 1776 700 1819 singulos
724 1777 927 1821 spectaverit,
950 1789 1023 1822 per-

275 1828 394 1872 cipere,
419 1829 556 1872 exigere,
591 1829 708 1870 levare,
733 1841 926 1874 recuperare
942 1858 949 1870 ,
973 1842 1024 1863 ar-

242 1890 245 1893 '
274 1883 412 1915 rendare
433 1888 464 1915 et.
483 1883 602 1921 locare,
626 1894 663 1916 ac
684 1883 874 1925 rectoribus,
898 1895 953 1917 seu
968 1885 1023 1917 ad-

101 2308 209 2331 Ctausutao
225 2317 262 2337 pro

82 2335 154 2358 harum
183 2338 263 2358 littera-

82 2368 125 2384 rum
140 2364 244 2386 firmitate.

275 1932 561 1974 ministratoribus,
584 1933 749 1974 videlieet,
778 1934 809 1967 in
831 1935 906 1968 dicti
927 1936 1023 1969 semi-

276 1986 370 2026 narii,
393 1986 521 2019 vicariis
542 1998 617 2020 vero
635 1987 820 2031 praedictis,
842 1993 873 2021 et
893 1989 1025 2023 cuilibet

277 2050 389 2073 eorum
412 2040 443 2072 in
456 2051 530 2074 suos
543 2041 692 2085 proprios
704 2053 780 2075 usus
800 2048 831 2075 et
851 2043 1022 2076 utilitatem

276 2094 454 2138 respective
469 2100 669 2135 convertere,
687 2095 955 2129 dioecesanorum
975 2097 1023 2130 lo-

276 2158 388 2181 corum
402 2148 450 2181 vel
464 2149 652 2192 quorumvis
665 2149 803 2182 aliorum
818 2149 948 2183 licentia
962 2151 1020 2184 de-

276 2212 374 2246 super
394 2201 528 2234 minime
549 2201 714 2245 requisita.

323 2258 339 2299 5
361 2255 391 2289 6.
423 2257 638 2289 Decerneutes
662 2261 847 2300 praesentes
871 2257 994 2291 litteras
1013 2286 1020 2299 ,

279 2310 375 2343 etiam
396 2321 432 2343 ex
453 2320 503 2350 eo,
524 2310 610 2353 quod
629 2310 777 2343 moderni
803 2310 976 2354 prioratus,
993 2317 1025 2345 et

279 2364 516 2408 parochialium
531 2364 740 2397 ecclesiarum
752 2364 938 2398 huiusmodi
952 2376 1025 2408 pos-

279 2428 430 2459 sessores,
455 2418 573 2462 aliique
595 2417 747 2451 interesse
779 2419 1025 2461 praetendentes

279 2471 465 2515 praemissis
495 2481 560 2503 non
592 2471 832 2511 consenserint,
861 2473 950 2505 etad
972 2472 1025 2505 illa

279 2523 393 2564 vocati,
415 2529 445 2556 et
462 2534 587 2563 causae,
605 2530 739 2567 propter
750 2535 829 2567 quas
846 2525 1024 2568 praemissa

280 2577 359 2610 fiant
382 2582 437 2609 aut
464 2577 545 2610 sacta
569 2576 632 2609 sint
661 2587 770 2610 coram
801 2578 946 2611 locorum
969 2578 1025 2612 Or-

281 2631 424 2672 dinariis,
442 2631 536 2664 etiam
553 2636 717 2674 tamquam
736 2631 845 2665 aSede
859 2632 1025 2676 praedicta

281 2684 446 2727 delegatis,
462 2685 510 2717 vel
524 2684 602 2718 alias
615 2684 826 2727 examinatae,
842 2686 1025 2721 verificatae

384 2748 460 2775 Bull.
478 2747 562 2775 Rom.
584 2747 645 2777 Vol.
663 2748 689 2775 Χ
881 2749 916 2776 63

1057 331 1085 358 et
1108 325 1296 359 iustificatae
1324 336 1389 358 non
1414 325 1551 366 suerint,
1583 336 1640 359 seu
1665 326 1744 359 alias
1764 337 1801 359 ex

1057 389 1263 422 quocumque
1284 379 1346 412 alio
1368 379 1471 423 capite
1492 390 1547 412 seu
1569 390 1675 420 causa,
1700 391 1801 424 quan-

1058 433 1171 465 tumvis
1192 433 1336 475 legitima
1348 439 1378 466 et
1392 433 1538 474 iuridica,
1560 434 1599 467 de
1618 433 1801 477 subreptio-

1056 486 1115 526 nis,
1140 487 1187 519 vel
1210 487 1429 530 obreptionis,
1452 498 1507 521 seu
1532 487 1690 521 nullitatis
1709 488 1797 527 vitio,

1056 545 1110 571 aut
1131 539 1317 573 intentionis
1337 547 1476 582 nostrae,
1491 552 1547 574 seu
1559 542 1621 574 alio
1644 552 1801 585 quocum-

1056 603 1118 636 que
1136 593 1263 626 desectu
1276 594 1392 634 notari,
1410 594 1605 638 impugnari,
1618 596 1798 635 retractari,

1055 645 1216 678 annullari
1244 646 1293 678 vel
1324 647 1512 688 invalidari,
1536 658 1593 681 seu
1619 648 1650 681 in
1677 648 1725 681 ius
1746 653 1801 681 aut

1055 699 1307 732 controversiam
1330 701 1448 741 vocari,
1472 701 1537 734 sive
1557 702 1709 735 adversus
1728 702 1798 735 illas

1055 753 1287 797 quodcumque
1308 753 1396 793 iuris,
1420 755 1553 797 gratiae,
1581 756 1627 788 vel
1651 755 1723 788 sacti
1745 766 1799 788 re-

1057 807 1199 839 medium
1232 807 1398 850 impetrari
1431 809 1616 842 nullatenus
1645 820 1800 853 umquam

1055 870 1160 904 posse,
1179 861 1313 905 illasque
1326 862 1385 894 sub
1399 862 1565 905 quibusvis
1585 862 1739 895 similium
1753 863 1802 895 vel

1056 914 1260 948 diSsimilium
1297 916 1475 958 gratiarum
1508 916 1768 949 revocationibus
1790 944 1796 957 ,

1056 968 1342 1012 suspensionibus,
1366 969 1635 1009 limitationibus,
1660 970 1799 1012 deroga-

1056 1022 1209 1060 tionibus,
1234 1027 1289 1055 aut
1302 1022 1372 1055 aliis
1393 1023 1564 1056 contrariis
1585 1023 1804 1067 dispositioni-

1056 1076 1115 1108 bus
1128 1086 1186 1119 per
1196 1085 1266 1116 nos,
1280 1081 1335 1108 aut
1350 1075 1430 1109 alios
1440 1077 1603 1109 Romanos
1616 1076 1799 1116 Pontifices,

1056 1140 1258 1163 successores
1272 1136 1409 1171 nostros
1427 1136 1458 1164 et
1470 1131 1585 1164 Sedem
1604 1131 1803 1175 praedictam

1055 1183 1114 1216 sub
1139 1183 1399 1228 quibuscumque
1421 1184 1595 1218 verborum
1617 1184 1800 1229 expressio-

1055 1237 1150 1270 nibus
1171 1243 1201 1270 et
1221 1237 1342 1277 formis,
1371 1237 1467 1270 etiam
1491 1243 1581 1271 motu
1602 1238 1748 1282 proprio,
1773 1243 1804 1271 et

1056 1301 1093 1324 ex
1113 1296 1200 1324 certa
1217 1291 1361 1332 scientia,
1386 1302 1423 1324 ac
1444 1292 1482 1324 de
1497 1291 1693 1336 apostolicae
1713 1297 1804 1336 pote-

1056 1345 1145 1379 statis
1156 1345 1375 1390 plenitudine,
1396 1357 1455 1390 pro
1474 1352 1622 1390 tempore
1636 1346 1726 1379 sactis
1742 1346 1802 1379 mi-

1057 1399 1143 1433 nime
1184 1400 1439 1443 comprehendi,
1470 1400 1518 1434 vel
1550 1400 1716 1440 confundi;
1745 1400 1802 1433 sed

1057 1454 1137 1494 illas,
1163 1459 1328 1497 tamquam
1351 1465 1409 1498 pro
1430 1454 1595 1487 dotatione
1612 1454 1687 1487 dicti
1707 1453 1802 1487 semi-

1057 1507 1138 1539 narii
1168 1508 1208 1540 ad
1240 1507 1405 1550 religionis
1434 1515 1465 1541 et
1501 1507 1631 1552 piorum
1664 1518 1801 1551 operum

1056 1567 1267 1604 augmentum
1282 1562 1380 1595 erecti
1395 1572 1573 1603 concessas,
1589 1562 1628 1595 ab
1643 1562 1705 1595 illis
1718 1572 1802 1595 sem-

1057 1626 1115 1659 per
1135 1615 1260 1659 excipi,
1293 1622 1323 1649 et.
1344 1615 1470 1659 quoties
1491 1616 1564 1649 illae
1590 1616 1798 1656 emanabunt,

1058 1669 1150 1702 toties
1170 1669 1202 1701 in
1222 1669 1409 1713 pristinum,
1431 1675 1462 1702 et
1482 1680 1556 1703 eum
1574 1670 1607 1702 in
1621 1680 1685 1713 quo
1706 1675 1801 1703 antea

1056 1723 1303 1766 quomodolibet
1340 1727 1432 1755 erant
1466 1728 1583 1756 statum
1622 1723 1797 1763 restitutaS,

1056 1776 1213 1820 repositas
1231 1782 1261 1809 et
1280 1776 1426 1820 plenarie
1446 1776 1670 1820 reintegratus,
1694 1787 1731 1810 ac
1761 1777 1801 1810 de

1057 1841 1139 1863 novo
1169 1830 1266 1863 etiam
1297 1830 1357 1864 sub
1387 1842 1594 1875 quacumque
1629 1831 1801 1875 posteriori

1058 1884 1131 1917 data
1155 1894 1213 1928 per
1239 1889 1400 1924 rectores,
1436 1895 1492 1918 seu
1524 1884 1802 1918 administratores

1058 1937 1132 1970 dicti
1146 1937 1322 1977 seminarii,
1339 1948 1425 1971 nunc
1445 1943 1549 1982 etpro
1568 1943 1714 1982 tempore
1735 1938 1802 1971 exi-

1057 1996 1186 2032 stentes,
1204 1991 1477 2035 quandocumque
1499 1991 1647 2034 eligenda
1665 2002 1800 2025 conces-

1057 2055 1107 2078 sas
1135 2055 1204 2078 esse
1229 2050 1260 2077 et
1283 2044 1369 2085 sore,
1398 2055 1537 2088 suosque
1565 2045 1727 2089 plenarios
1758 2045 1803 2078 es-

1057 2099 1157 2131 sectus
1169 2098 1277 2131 sortiri
1292 2103 1322 2131 et
1333 2098 1490 2131 obtinere.
1507 2099 1623 2142 Sicque
1636 2109 1695 2143 per
1706 2109 1803 2143 quos-

1058 2162 1198 2196 cumque
1227 2152 1349 2185 iudices
1370 2152 1552 2185 ordinarios
1572 2158 1603 2185 et
1623 2153 1800 2195 delegatos,

1058 2205 1154 2238 etiam
1177 2216 1346 2238 causarum
1368 2206 1479 2250 palatii
1511 2206 1681 2249 apostolici
1713 2206 1804 2240 audi-

1058 2265 1153 2299 tores,
1174 2270 1211 2293 ae
1235 2260 1265 2293 S.
1289 2260 1325 2292 R.
1349 2260 1382 2292 E.
1408 2259 1610 2300 cardinales,
1641 2260 1736 2293 etiam
1765 2261 1804 2294 de

1059 2313 1158 2346 latere
1178 2313 1301 2355 legatos
1321 2319 1352 2346 et
1375 2313 1578 2356 vicelegatos,
1602 2313 1728 2346 sublata
1760 2314 1804 2347 eis

1059 2371 1090 2399 et
1111 2376 1223 2399 eorum
1245 2366 1378 2399 cuilibet
1395 2367 1506 2410 quavis
1526 2367 1619 2399 aliter
1639 2367 1804 2401 iudicandi

1059 2425 1090 2452 et
1110 2419 1345 2463 interpretandi
1377 2420 1527 2452 facultate
1548 2426 1578 2453 et
1597 2421 1801 2462 auctoritate,

1060 2472 1195 2505 iudicari
1218 2478 1249 2505 et
1268 2473 1397 2506 definiri
1419 2474 1549 2513 debere,
1573 2484 1610 2507 ac
1628 2474 1753 2508 irritum
1775 2481 1806 2508 et

1061 2527 1153 2559 inane
1184 2526 1210 2560 si
1240 2538 1332 2560 secus
1363 2538 1460 2572 super
1489 2528 1538 2561 his
1572 2539 1590 2561 a
1618 2540 1801 2573 quoquam,

1060 2580 1170 2624 quavis
1191 2581 1393 2622 auctoritate,
1417 2582 1557 2616 scienter
1577 2584 1623 2616 vel
1646 2583 1802 2627 ignoran-

1062 2639 1119 2675 ter,
1144 2634 1317 2678 contigerit
1335 2636 1496 2669 attentari.

1105 2689 1121 2731 ς
1145 2688 1173 2722 7.
1202 2688 1357 2728 Quocirca
1378 2689 1504 2724 dilectis
1525 2690 1598 2725 tiliis
1620 2692 1805 2738 praeposito

1704 265 1768 301 497
1815 276 1867 305 An.
1882 275 1911 305 c.
1933 276 2002 305 1599
