2253 3195
38 302 83 329 An.
99 296 126 325 C.
149 294 217 324 1602

67 2385 183 2407 solutiones
197 2387 223 2407 ab

47 2411 77 2436 tis,
90 2414 165 2439 quibus
190 2415 225 2434 im-

47 2440 225 2469 opstiausunistie-

48 2470 63 2485 1-1
78 2468 188 2493 praecipit,

842 294 987 319 CLEuENs
1009 294 1065 318 vni
1088 294 1137 318 ΓΡ.

230 350 354 388 partem
376 348 503 376 nostrae
531 343 758 376 sollicitudinis
785 349 971 376 vocatorum

230 398 311 431 rotis
338 402 493 442 quantum
529 408 599 429 cmn
633 397 770 430 Domino
803 407 974 441 possumus

231 451 369 493 henigne
391 456 592 490 annuentes,
617 450 806 482 eorumdem
835 449 974 492 Philippi

231 505 325 547 regis,
350 516 385 537 ac
404 503 555 547 Gasparis
574 503 714 547 episcopi
733 502 975 547 supplicationi-

230 559 289 592 bus
311 558 403 590 nobis
424 568 521 601 super
541 557 602 590 hoc
623 557 789 589 humiliter
819 555 976 600 porrectis

231 611 386 648 inchnati‚
411 611 644 654 praeinsertam
671 610 926 652 designationem
946 614 974 641 et

231 666 379 705 sormam,
404 664 624 702 erectionum,
649 663 973 696 dismembrationum

231 727 261 752 et
282 719 485 751 dotationum
507 717 741 761 parochialium
764 716 973 749 ecelesiarum

231 783 249 805 a
277 772 444 816 praedicto
479 771 619 815 Gaspare
659 770 812 814 episcopo
846 770 972 809 saetam,

231 826 408 871 apostolica
429 826 643 867 auctoritate,
675 831 787 858 tenore
817 835 972 869 praesen-

232 881 324 921 tium,
344 886 501 925 perpetuo
523 880 742 924 approbamus
755 885 784 912 et
805 878 976 912 confirma—

232 946 314 975 mus,
338 946 374 968 ac
395 940 570 978 perpetuae
585 940 613 967 et
637 933 829 966 inviolabilis
849 937 978 976 aposto-

233 988 311 1021 lieae
334 987 495 1020 firmitatis
522 987 641 1020 robore
667 985 918 1023 communimus,
943 995 978 1017 ac

232 1051 344 1074 omnes
365 1047 395 1074 et
415 1041 559 1083 singulos
581 1040 659 1072 iuris
680 1046 710 1072 et.
732 1038 816 1078 sacti,
833 1038 977 1081 aliosque

233 1094 387 1134 desectus,
412 1094 436 1126 si
458 1093 513 1137 qui
534 1092 766 1126 intervenerint
791 1092 822 1124 in
843 1091 975 1131 eisdem,

232 1148 440 1191 supplemus,
476 1152 505 1179 et
527 1146 740 1178 nihilominus
762 1145 847 1177 iuxta
865 1144 977 1177 eadem

233 1201 434 1245 praeinserta
462 1201 501 1233 ab
528 1201 642 1233 eodem
665 1200 806 1242 Gaspare
827 1198 979 1241 episeopo

233 1254 284 1301 pie
306 1265 342 1287 ac
362 1254 539 1298 prudenter
555 1253 705 1296 cogitata,
729 1252 932 1286 considerata
950 1256 980 1283 01

234 1308 389 1352 disposita
404 1335 411 1349 ,
444 1308 636 1340 auctoritate
661 1313 692 1339 et
714 1312 823 1339 tenore
845 1305 976 1349 praedi-

236 1363 305 1403 ctis,
329 1367 487 1406 perpetuo
513 1361 718 1394 decernimus
736 1366 766 1393 et
785 1359 976 1399 statuimus,

238 1427 275 1449 ac
299 1415 476 1459 respective
501 1415 666 1457 erigimus,
691 1414 887 1451 dividimus,
911 1413 977 1445 dis-

234 1469 455 1502 membramus
480 1474 511 1502 et
524 1479 691 1510 augemus,
712 1478 748 1500 ac
771 1463 899 1499 mensae
915 1466 981 1510 epi-

234 1523 355 1567 scopali
383 1522 581 1562 Dertusensi,
605 1521 757 1560 fabricae,
784 1531 913 1553 mensae
932 1530 982 1552 ca-

233 1576 365 1620 pitulari
388 1575 543 1609 ecclesiae
554 1574 754 1608 Dertusensis
768 1585 804 1606 ac,
817 1573 982 1616 dignitati-

234 1631 304 1671 bus,
328 1629 503 1668 canonicis,
528 1628 708 1662 rectoribus
721 1633 751 1661 ct
770 1627 979 1667 beneficiatis,

234 1684 369 1727 aliisque
391 1682 585 1727 supradictis
607 1682 743 1715 civitatis
765 1688 795 1715 et
827 1681 983 1714 dioecesis

234 1737 446 1776 Dertusensis‚
479 1736 565 1769 iuxta
594 1735 827 1780 praeinsertam
856 1741 979 1775 taxant,

235 1802 335 1825 onera
357 1797 384 1824 et
416 1791 593 1824 solutiones
621 1800 744 1823 annuas
769 1800 827 1833 per
848 1790 979 1822 moder—

239 1856 297 1879 nos
319 1851 349 1878 et
369 1855 428 1889 pro
448 1850 592 1888 tempore
613 1844 783 1877 existentes
794 1843 982 1886 episcopum

236 1910 273 1932 ae
298 1899 474 1942 capitulum
491 1926 498 1937 ‚
522 1897 695 1931 canonicos
711 1925 718 1937 ,
743 1897 980 1953 rectoreshbe-

236 1953 404 1987 neticiatos
415 1959 445 1986 et
458 1953 538 1986 alios
547 1952 750 1996 supradictos
767 1952 797 1984 in
810 1951 895 1984 dicta
914 1957 983 1984 taxa

238 2006 492 2050 comprehensos
507 2033 514 2045 ,
547 2006 639 2038 annis
660 2005 794 2048 singulis
816 2004 983 2048 perpetuis

239 2061 354 2093 suturis
385 2060 605 2104 temporibus,
629 2059 658 2092 in
681 2059 759 2092 loeis
780 2065 808 2091 et
839 2058 984 2091 terminis

238 2113 431 2154 constitutis,
457 2113 580 2155 integre
602 2112 775 2153 faciendas,
794 2112 984 2144 auctoritate

239 2173 269 2201 et
295 2173 407 2200 tenore.
436 2167 619 2210 praedictis,
647 2165 865 2210 imponimus,
890 2176 925 2197 ac
946 2165 984 2197 ad

240 2221 294 2254 illa
320 2227 351 2254 et
376 2221 445 2254 illas
475 2221 608 2254 omnino
637 2220 736 2253 teneri
765 2225 796 2252 et
828 2219 985 2261 obligatos

240 2286 308 2308 esse
333 2275 493 2308 volumus.

285 2331 301 2371 g
323 2329 352 2362 Ξ».
376 2329 591 2361 Decernentes
611 2333 712 2360 laxam
727 2326 926 2370 praedictam
939 2326 987 2358 ul-

240 2383 271 2415 lo
292 2393 447 2425 umquam
469 2387 625 2425 tempore,
640 2381 736 2414 ctiam
759 2380 798 2413 ad
820 2389 986 2412 successo-

241 2447 312 2469 rum
332 2436 363 2468 in
385 2435 521 2469 ecclesia
541 2434 739 2472 Dertnsensi,
765 2445 801 2467 ac
822 2432 986 2475 dignitati-

242 2490 312 2529 hus,
325 2489 569 2522 canonicatibus
582 2493 609 2520 01
631 2487 799 2520 heneliciis
814 2486 988 2529 praedictis

244 2542 426 2575 instantiam
456 2541 566 2585 quavis
595 2540 764 2573 occasione
792 2539 838 2571 vel
868 2549 984 2576 causa,

243 2595 338 2628 etiam
360 2594 599 2637 urgentissima,
625 2593 797 2634 annullari,
820 2592 987 2625 invalidari

244 2649 363 2682 autad
399 2648 558 2680 minorem
592 2659 752 2680 summam
786 2645 897 2679 reduci
924 2656 986 2678 non

244 2713 355 2747 posse3
386 2713 455 2735 eam
486 2712 560 2734 vero
586 2701 795 2745 pecuniarmn
828 2711 986 2733 ι«1111111111111

239 2766 317 2793 null.
336 2766 418 2792 Rom.
440 2764 498 2792 Vol.
518 2765 550 2791 Χ.
769 2764 817 2791 ¹02

1654 281 1716 313 Son

1008 343 1051 375 sic
1072 349 1205 376 taxatam
1222 354 1280 386 pro
1296 343 1368 375 dote
1382 352 1524 382 congrua
1545 339 1750 373 uniuscuius-

1009 408 1071 440 (1110
1092 397 1245 429 eeclesiae
1263 408 1358 439 snpra
1382 396 1499 428 divisae
1514 401 1541 427 ct
1564 400 1690 428 erectae
1701 405 1752 426 su-

1008 450 1221 489 stentatiOne,
1255 461 1336 493 quae
1365 450 1403 482 ad
1437 459 1596 482 smmnam
1623 454 1750 481 centum

1011 503 1164 535 librarum
1195 504 1369 541 ascendat,
1399 509 1429 536 et
1462 508 1636 544 augmento
1669 501 1752 534 dotis

1010 557 1167 600 usquead
1190 557 1336 589 camdem
1363 556 1574 600 quantitatem
1594 555 1655 587 iam
1678 565 1749 587 ere-

993 615 1132 641 ciarum
1155 610 1381 648 eeclesiarum,
1407 615 1436 642 ut
1465 609 1655 652 praefertur,
1680 620 1752 651 per-

1010 669 1107 706 petuo
1125 663 1326 707 applicamus
1352 669 1380 695 et
1410 662 1680 706 appropriaimis‘,
1712 662 1754 693 ita

1010 717 1095 759 quod
1126 717 1219 749 liceat
1243 716 1424 749 rectoribus
1452 726 1510 759 pro
1534 721 1678 758 tempore
1700 714 1750 747 di-

993 776 1133 802 ι0111111111
1165 770 1374 802 ecclesiarum
1397 769 1645 813 parochialium,
1671 769 1754 800 inter

1011 835 1091 867 quos
1119 824 1276 867 pecuniae
1304 823 1489 856 huiusmodi
1512 822 1754 855 distribuendae

1011 883 1117 917 erunt,
1142 878 1330 910 earumdem
1360 877 1568 920 pecuniarum
1598 876 1751 909 collecto-

1013 940 1092 971 rem,
1116 936 1297 963 exactorem
1312 936 1339 963 et
1363 930 1602 962 distributorem
1622 929 1752 971 eligere,

1013 983 1261 1017 constituere‘et
1281 984 1448 1027 deputare,
1466 983 1586 1015 eisdem
1609 983 1706 1015 inodo
1726 987 1756 1013 01

1014 1038 1128 1077 forma,
1159 1037 1276 1080 quihus
1302 1037 1457 1070 hactenus
1486 1037 1606 1069 electus
1638 1035 1692 1068 fuit
1726 1042 1756 1067 et

1013 1091 1184 1134 deputatus
1204 1101 1263 1134 pro
1281 1091 1522 1134 parochialibus
1542 1090 1667 1134 pridem
1685 1100 1755 1122 ere-

1014 1145 1082 1183 ctis,
1106 1145 1153 1177 vel
1183 1156 1240 1188 per
1264 1150 1405 1177 rectores
1427 1144 1587 1177 d1ctarum
1614 1144 1754 1187 ipsarum

1014 1198 1262 1242 parochialium,
1280 1209 1315 1231 ac
1334 1198 1392 1242 ipsi
1415 1198 1580 1231 collectori
1602 1203 1631 1230 et
1652 1197 1758 1230 distri-

1014 1252 1120 1285 butori
1136 1252 1295 1285 dictarum
1310 1251 1520 1295 pecuniarum
1537 1251 1605 1284 illas
1618 1251 1755 1293 exigere;

1014 1306 1161 1349 personis
1182 1316 1269 1344 vero,
1287 1306 1403 1349 quibus
1424 1305 1463 1338 de
1484 1315 1588 1348 nuper
1609 1304 1716 1337 divisis
1730 1310 1760 1337 et

1015 1359 1128 1392 erectis
1149 1358 1389 1402 parochialibus
1407 1368 1466 1402 pro
1489 1363 1633 1401 tempore
1655 1357 1760 1400 provi-

1016 1413 1082 1445 deri
1105 1413 1286 1455 contigerit,
1308 1413 1355 1445 vel
1369 1412 1485 1456 quihus
1507 1412 1546 1444 de
1564 1412 1627 1444 iam
1650 1411 1758 1444 divisis

1017 1473 1045 1500 et
1073 1467 1186 1500 erectis
1210 1466 1374 1511 provisum
1403 1466 1518 1506 luerit,
1546 1466 1666 1498 fructus
1699 1465 1760 1497 illis

1017 1521 1213 1565 respective,
1237 1526 1272 1554 ut.
1296 1520 1489 1564 praefertur,
1515 1519 1703 1561 assignatos,
1729 1519 1760 1550 in

1017 1586 1090 1608 suos
1104 1586 1180 1608 usus
1194 1581 1222 1607 et
1238 1574 1409 1607 utilitatem
1432 1580 1631 1613 convertere,
1656 1573 1760 1606 euius-

1018 1629 1062 1661 ris
1089 1628 1219 1661 licentia
1250 1628 1390 1671 desuper
1420 1627 1553 1660 minime
1583 1626 1757 1669 requisita,

1018 1683 1130 1715 eadem
1156 1681 1347 1714 auctoritate
1368 1686 1554 1714 statuentes.

1062 1737 1076 1780 ᾗ
1097 1736 1127 1769 6.
1151 1736 1243 1775 Quod
1263 1735 1288 1767 si
1314 1735 1417 1768 dictus
1438 1735 1560 1778 Gaspar
1590 1734 1761 1777 episcopus
1778 1765 1797 1784 m

1018 1790 1150 1833 eiusque
1172 1789 1203 1821 in
1226 1789 1309 1822 dicta
1330 1789 1464 1822 ecclesia
1485 1787 1667 1821 Dertusensi
1689 1799 1760 1819 suc-

1018 1852 1172 1884 cessores,
1196 1849 1226 1875 et
1246 1842 1299 1875 aIii
1318 1842 1516 1886 quicumque
1532 1842 1562 1874 in
1589 1842 1671 1874 dieta
1692 1847 1760 1873 taxa

1018 1896 1186 1937 nominati,
1211 1902 1241 1929 et
1261 1896 1554 1934 archidiaconatus,
1577 1895 1759 1937 dignitates,

1018 1950 1269 1994 praeposituras,
1286 1950 1333 1982 vel
1355 1949 1514 1982 beneficia
1534 1948 1760 1986 ecclesiastiea,

1018 2014 1101 2047 quae
1122 2003 1154 2035 in
1175 2003 1259 2035 dicta
1282 2008 1352 2035 taxa
1373 2002 1490 2035 suerint
1512 2002 1759 2045 comprehensa,

1019 2056 1214 2095 obtinentes,
1237 2062 1267 2088 et
1288 2056 1318 2088 in
1345 2056 1465 2089 eisdem
1485 2066 1686 2088 successores
1706 2066 1760 2087 so-

1020 2110 1175 2143 lutionem
1204 2109 1390 2142 huiusmodi
1429 2110 1532 2142 facere
1568 2109 1759 2141 detrectare-

1020 2163 1094 2203 rint,
1112 2169 1142 2195 01
1161 2168 1261 2195 ratam
1278 2162 1487 2206 pecuniarum
1508 2172 1562 2194 eos
1581 2167 1763 2202 tangentem

1020 2216 1145 2249 statutis
1167 2216 1368 2259 temporibus
1390 2215 1530 2248 debitam
1552 2225 1615 2247 non
1638 2215 1761 2258 persol-

1021 2271 1124 2304 verint
1146 2282 1219 2303 curn
1244 2270 1369 2307 01100111,
1392 2270 1481 2313 lapso
1507 2275 1652 2312 tempore
1673 2269 1761 2301 solu-

1023 2325 1117 2357 tionis
1131 2324 1332 2368 praedictae,
1351 2324 1433 2356 idem
1448 2324 1570 2366 Gaspar
1581 2323 1761 2366 episcopus,

1022 2378 1155 2422 eiusque
1183 2388 1385 2411 successores
1408 2376 1574 2416 antistites,
1600 2376 1762 2409 interdicti

1024 2432 1186 2474 ingressus
1198 2431 1363 2467 ecclesiam
1378 2430 1545 2463 inferiores
1555 2440 1629 2463 vero
1639 2440 1765 2463 excom-

1023 2484 1252 2517 municationis
1279 2484 1456 2517 sententiae
1483 2494 1619 2527 poenam
1654 2483 1762 2516 incur—

1023 2546 1105 2579 rant,
1130 2539 1220 2571 cuius
1239 2538 1400 2571 interdicti
1424 2538 1653 2571 relaxationem
1678 2538 1762 2571 idem

1022 2594 1144 2636 (Iaspar
1156 2592 1327 2635 episcopus
1342 2598 1372 2624 ct
1385 2602 1586 2625 successores
1596 2591 1763 2629 antistites,

1023 2646 1195 2679 inferiores
1238 2657 1312 2679 vcro
1345 2646 1383 2679 ab
1423 2645 1766 2679 excoimnunicationis

1023 2700 1178 2732 sententia
1200 2700 1410 2732 absolutionis
1432 2699 1637 2736 beneficium,
1663 2699 1764 2731 110110(-

1766 291 1816 315 Λ11.
1834 289 1861 316 (ἶ.
1882 289 1949 316 11ἶ112

1829 1736 1872 1756 Sub
1888 1742 1962 1761 poenis

1802 1770 1811 1783 l*
1828 1769 1938 1789 l'thl‘k'ssaIS.
