2253 3195
270 236 319 264 An.
337 234 365 264 c.
387 235 455 264 1599
499 225 565 261 488

468 286 519 325 cii,
536 285 650 318 iisdem
670 284 812 318 ecclesiis
827 283 987 328 privandi,
1001 284 1211 328 ipsorumque

467 337 669 381 parochiales
694 335 843 369 ecelesias
869 335 939 368 aliis
965 335 1067 378 magis
1087 335 1212 368 idoneis

469 389 668 429 conserendi,
696 399 841 429 necnon,
866 394 986 422 attenta
1006 388 1210 422 sacerdotum

467 442 613 486 penuria,
638 453 710 474 eum
737 441 891 475 ecclesiae
914 441 1134 475 Gebennensis
1154 451 1209 474 ca-

468 495 591 528 nonicis
609 496 649 528 ad
663 495 845 528 animarum
868 506 978 528 curam
1000 494 1211 528 exercendam

467 549 593 582 idoneis
607 577 614 590 ‚
637 555 672 582 ut
691 549 785 583 simul
807 560 880 583 cum
902 560 1013 582 eorum
1036 548 1210 582 canonica-

468 602 551 636 tibus
571 609 601 636 et
621 603 814 646 praebendis
827 603 963 648 quisque
980 613 1094 636 eorum
1115 612 1212 635 unam

468 665 504 688 ex
524 656 766 699 parochialibus
790 656 934 689 ecclesiis
955 656 1059 689 dictae
1080 655 1210 688 dioece-

467 708 520 749 sis,
542 709 720 743 dummodo
737 709 867 753 utrique
888 709 1060 743 commode
1077 709 1214 742 interve-

467 762 537 795 nire
566 763 712 803 valeant‚
736 764 776 796 ad
804 773 917 796 eorum
947 763 1067 803 vitam,
1088 773 1145 796 seu
1174 763 1214 795 ad

469 822 596 860 tempus
614 816 670 850 tibi
687 817 888 857 benevisum,
905 817 1051 850 obtinere
1070 816 1211 856 valeant,

469 870 581 903 eadem
600 871 791 904 auctoritate
809 870 1027 914 dispensandi.
1042 870 1215 903 Praeterea

469 923 526 956 tibi
540 924 720 957 rectoribus
738 924 926 957 earumdem
941 930 996 957 aut
1009 924 1145 957 aliarum
1159 934 1215 967 pa-

469 977 660 1010 rochialium
672 977 880 1011 ecclesiarum
892 983 964 1011 tuae
974 977 1130 1010 dioecesis
1139 987 1215 1010 con-

469 1041 582 1072 gruam
597 1030 780 1074 portionem
792 1041 890 1075 super
907 1030 1040 1063 decimis
1054 1036 1084 1063 et
1096 1029 1211 1073 primi-

471 1084 533 1125 tiis,
558 1095 640 1128 quae
662 1084 694 1117 in
716 1095 830 1118 eorum
848 1084 1011 1128 parochiis
1030 1084 1213 1128 percipiun-

470 1144 522 1171 tur
541 1138 580 1171 ab
599 1138 770 1171 abbatibus
783 1144 813 1172 et
826 1138 1003 1182 prioribus,
1018 1138 1115 1171 etiam
1129 1142 1216 1171 extra

470 1191 699 1233 visitationem,
724 1192 812 1225 omni
833 1192 1038 1236 oppositione
1056 1197 1086 1224 et
1106 1191 1216 1235 appel-

471 1245 591 1279 latione
610 1246 752 1287 remotis,
770 1246 965 1289 assignandi,
988 1256 1115 1279 necnon
1136 1245 1216 1277 alios

472 1299 609 1332 aliarum
623 1299 859 1343 parochialium
881 1299 1090 1333 ecclesiarum
1111 1299 1216 1332 dietae

473 1352 628 1386 dioecesis
653 1359 794 1386 rectores
815 1353 915 1396 magis
935 1352 1058 1386 habiles
1087 1358 1118 1385 et
1146 1352 1216 1385 ido-

472 1417 560 1446 neos,
575 1407 615 1439 ad
633 1406 663 1439 id
683 1412 789 1439 tamen
803 1407 1012 1447 voluntarios,
1027 1406 1067 1439 ad
1081 1417 1213 1447 annum,

471 1471 527 1493 seu
548 1460 634 1493 aliud
656 1466 781 1504 tempus
799 1461 855 1493 tibi
876 1460 1075 1501 benevisum,
1092 1466 1216 1493 nonta-

473 1523 546 1546 men
567 1513 652 1546 ultra
669 1513 848 1554 biennium,
865 1513 920 1557 qui
941 1523 1052 1546 curam
1073 1513 1214 1556 ipsarum

472 1566 653 1599 animarum
675 1573 798 1609 gerant,
815 1567 854 1600 de
875 1577 986 1600 eorum
1008 1566 1149 1610 propriis
1163 1577 1215 1599 ec-

473 1620 576 1653 clesiis
601 1620 736 1661 relictis,
759 1631 815 1653 seu
837 1620 874 1653 iis
893 1620 1020 1653 vicariis
1044 1620 1083 1652 ad
1104 1630 1215 1653 curam

473 1673 683 1707 exercendam
718 1674 841 1707 idoneis
871 1680 902 1707 et
937 1673 1124 1718 approbatis
1158 1673 1216 1716 (ita

473 1725 558 1768 quod
584 1730 726 1758 rectores
757 1725 797 1758 ad
828 1725 923 1758 aliam
955 1725 1162 1758 residentiam
1184 1725 1215 1757 in

473 1778 564 1811 dictis
582 1789 693 1812 eorum
716 1778 858 1812 ecclesiis
871 1779 909 1812 ad
928 1789 1060 1818 annum,
1076 1789 1132 1812 seu
1153 1778 1216 1812 alio

475 1837 618 1875 tempore
640 1832 788 1873 durante,
814 1832 994 1865 faciendam
1013 1832 1146 1865 minime
1164 1837 1212 1865 teu

473 1885 623 1927 neantur)
644 1885 826 1925 amovendi,
841 1886 923 1919 etad
945 1885 1045 1918 dictas
1066 1885 1216 1918 ecelesias

473 1938 711 1981 praedictorum
743 1938 968 1980 lialliagiorum
999 1950 1056 1983 per
1086 1939 1215 1982 praedi-

473 1998 558 2025 ctum
579 1998 716 2036 tempus,
733 1998 853 2025 attenta
872 1993 1077 2026 sacerdotum
1098 1993 1138 2026 ad
1155 1993 1217 2026 lioe

473 2046 630 2079 habilium
660 2052 690 2079 et
716 2046 943 2079 sufficientium
970 2047 1104 2090 penuria
1126 2046 1156 2079 in
1178 2047 1215 2078 il-

474 2100 511 2133 tis
535 2100 679 2144 partibus
705 2100 842 2140 vigente,
871 2100 1092 2139 transferendi,
1117 2100 1215 2133 licen—

474 2153 549 2185 tiam
577 2153 697 2198 parjter
716 2154 925 2187 ‹ronvedinms
946 2160 975 2187 ct
997 2154 1212 2197 indulgemus.

518 2210 534 2249 ξ
555 2207 585 2240 Ιι.
603 2208 671 2241 Non
692 2207 894 2240 obstantibus
908 2208 1102 2251 praemissis,
1119 2220 1155 2242 ac
1170 2219 1217 2241 re-

474 2260 555 2300 gulis⁴
577 2261 694 2293 nostris
715 2261 753 2293 de
779 2261 952 2294 unionibus
978 2261 1217 2295 committendis

474 2314 512 2345 acl
534 2321 650 2357 partes,
669 2314 787 2347 vot-atis
807 2325 944 2357 (piorum
967 2314 1109 2354 interest,
1130 2315 1217 2347 arde

474 2368 682 2411 exprimendo
705 2379 778 2401 vcro
804 2369 929 2408 valore,
953 2375 982 2401 vt
1003 2369 1161 2411 generalis
1181 2380 1216 2401 av

475 2422 694 2455 lausannensis
730 2422 824 2455 etiam
859 2422 1030 2455 novissime
1065 2422 1216 2455 celebrati

473 2475 626 2514 ‹lom-ilii,
651 2475 798 2515 uniones,
827 2476 1022 2508 annexioncs
1051 2481 1082 2508 vt
1111 2475 1216 2508 incor-

475 2529 657 2571 porationes
686 2535 876 2573 perpetuas,
900 2529 959 2562 nisi
990 2529 1020 2562 in
1049 2529 1176 2562 casibus
1201 2541 1218 2561 a

475 2581 542 2613 iure
568 2582 731 2625 permissis
757 2583 825 2616 lieri
849 2582 1061 2627 prohibenti&
1086 2593 1121 2615 ae
1148 2582 1218 2625 qui-

476 2635 574 2668 lumi«
601 2637 669 2668 alii>
695 2637 901 2681 ,ἸΙιιιεΙυΙίι-ἰκι
927 2649 983 2669 nm·
1007 2649 1068 2670 non
1095 2637 1123 2669 in
1144 2648 1217 2679 pro-

1060 236 1243 261 BULLARIUM
1263 235 1416 261 ROMANUM

1244 283 1434 317 vincialibus
1455 289 1486 317 et
1509 285 1716 329 synodalibus
1735 285 1880 320 conciliis
1896 285 1989 320 editis

1245 337 1437 381 specialibus
1456 337 1506 370 vel
1526 338 1730 380 generalibus
1746 339 1985 373 constitutioni-

1245 390 1305 422 bus
1325 396 1355 423 et
1372 390 1648 432 ordinationibus,
1677 391 1874 436 caeterisque
1903 403 1983 426 eon-

1246 443 1351 476 trariis
1376 443 1645 488 quibuscumque.

1289 496 1404 529 Datum
1424 496 1545 530 Romae
1566 497 1653 541 apud
1672 497 1702 530 S.
1719 497 1850 530 Petrum
1864 498 1922 530 sub
1934 508 1989 530 an-

1246 549 1323 582 nulo
1343 549 1525 590 piscatoris,
1550 550 1602 583 die
1626 561 1701 584 xx1v
1725 550 1832 584 martii
1856 561 1987 592 nnxmx,

1246 603 1452 646 pontificatus
1471 603 1573 637 nostri
1594 614 1679 637 anno
1700 614 1770 638 v111.

1283 665 1340 693 Dat.
1359 665 1403 693 die
1418 666 1452 693 24
1467 666 1556 693 martii
1573 667 1652 701 1599,
1669 671 1744 702 pont.
1762 675 1806 694 an.
1824 673 1880 694 vttt.

1557 828 1643 863 CCllI
1667 829 1675 845 ¹

1247 924 1373 958 Erectio
1397 924 1511 958 <tomus
1545 926 1838 970 Alberqamentum
1865 937 1993 960 nuncu-

1288 982 1387 1021 patae
1406 979 1555 1011 omnium
1574 980 1788 1013 scientiarum
1809 991 1847 1012 ac
1866 981 1992 1013 artium

1292 1031 1329 1064 in
1342 1032 1459 1075 oppido
1476 1032 1654 1073 Thunonii,
1672 1033 1888 1067 Gebennensis
1907 1033 1993 1067 dioe-

1292 1085 1381 1126 cesis,
1408 1095 1481 1118 cnm
1498 1086 1752 1130 privilegiorum
1772 1091 1800 1120 et
1818 1087 1993 1130 indulyen-

1295 1139 1419 1172 tiaram
1443 1140 1643 1172 concessione
1659 1140 1680 1173 ².

1277 1227 1409 1255 Clemens
1426 1228 1598 1262 episcopus,
1622 1235 1728 1256 servus
1745 1235 1901 1256 servorum
1914 1228 1976 1262 Dei.

1376 1281 1413 1308 ad
1427 1284 1605 1315 perpetuam
1620 1281 1664 1309 rei
1680 1282 1863 1309 memoriam.

1294 1351 1518 1394 Redemptoris
1547 1357 1578 1384 et
1601 1351 1774 1385 Salvatoris
1793 1351 1895 1385 nostri
1921 1351 1991 1386 Iesu

1249 1404 1375 1445 Christi,
1397 1404 1451 1448 qui
1473 1410 1509 1438 ut
1533 1405 1668 1438 miseros
1689 1405 1842 1438 mortales
1861 1405 1894 1438 in
1918 1416 1993 1450 pro-

1250 1458 1349 1490 funda
1369 1468 1517 1491 errorum
1539 1457 1676 1501 caligine
1697 1459 1862 1492 demersos
1883 1459 1923 1492 ad
1945 1459 1994 1492 lu-

1250 1521 1324 1544 men
1344 1511 1486 1544 veritatis
1499 1511 1672 1553 attolleret,
1689 1522 1726 1545 ac
1739 1517 1903 1556 tamquam
1919 1522 1994 1546 oves

1250 1565 1455 1608 deperditas,
1479 1565 1519 1598 ad
1548 1565 1719 1598 beatorum
1740 1576 1871 1608 gregem
1898 1566 1994 1600 redu-

1250 1625 1347 1659 ceret,
1366 1620 1406 1653 ad
1423 1620 1502 1653 haec
1516 1619 1627 1653 intima
1641 1620 1850 1661 descendere,
1866 1626 1896 1654 et
1908 1631 1994 1654 mor-

1251 1673 1311 1706 tale
1332 1683 1450 1717 corpus
1481 1673 1616 1706 inducre
1649 1673 1800 1716 dignatus
1829 1679 1887 1715 est,
1911 1673 1994 1708 vices

1251 1726 1325 1759 licet
1345 1726 1498 1760 immeriti
1531 1733 1678 1768 gerentes
1706 1727 1738 1760 in
1774 1727 1879 1768 terris,
1911 1727 1994 1761 inter

1250 1779 1444 1824 multiplices
1475 1791 1579 1821 curas,
1609 1780 1727 1824 quibus
1757 1791 1794 1814 ex
1825 1781 1994 1825 pastoralis

1250 1833 1346 1866 officii
1384 1843 1518 1866 munere
1545 1833 1673 1867 assidue
1701 1834 1902 1878 premimur,
1940 1833 1995 1867 illa

1251 1898 1308 1920 nos
1339 1886 1541 1930 potissimum
1571 1893 1685 1929 urget,
1713 1893 1748 1920 ut
1768 1887 1808 1921 ad
1838 1898 1886 1928 ea,
1910 1897 1993 1931 quae

1250 1951 1308 1984 pro
1341 1939 1506 1973 militantis
1539 1940 1692 1973 ecclesiae
1723 1951 1802 1983 agro
1832 1941 1994 1974 fructuose

1251 1993 1399 2033 colendo,
1423 2004 1459 2026 ae
1480 1993 1631 2036 vepribus
1663 1999 1693 2026 et
1717 1993 1845 2027 zizaniis
1873 2004 1991 2038 expur-

1251 2047 1368 2089 gando,
1391 2047 1606 2091 salutarisque
1635 2047 1824 2092 disciplinae
1843 2047 1995 2081 sementis

1252 2100 1483 2141 instaurando,
1514 2106 1545 2134 et
1570 2111 1588 2134 a
1623 2101 1726 2134 noxiis
1757 2101 1994 2145 praeservando

1252 2154 1389 2187 maxime
1410 2155 1581 2198 profutura
1602 2160 1789 2195 noscuntur,
1807 2155 1907 2195 omni,
1931 2165 1995 2198 qua

1252 2218 1432 2252 possumus,
1456 2207 1592 2248 ratione,
1616 2219 1651 2241 ae
1664 2207 1829 2249 diligentia
1850 2207 1995 2241 intenda-

1253 2273 1344 2301 mus,
1376 2267 1405 2294 et
1433 2261 1515 2294 sicut
1545 2261 1677 2294 liumani
1714 2261 1840 2303 generis
1871 2260 1994 2304 antiqui

1253 2315 1351 2347 liostis
1372 2314 1493 2347 malitia
1518 2315 1557 2347 :ul
1590 2314 1840 2348 destructionem
1867 2325 1996 2358 semper

1253 2369 1363 2408 inliiat,
1400 2368 1443 2401 ita
1470 2368 1707 2412 reparationem
1740 2374 1848 2402 nostra
1880 2367 1995 2401 sedulo

1252 2428 1405 2466 opt-retur
1427 2421 1594 2455 industria.

1290 2514 1300 2539 1
1328 2512 1401 2539 llaec
1422 2512 1577 2539 constitutio
1599 2511 1625 2538 in
1648 2511 1769 2539 editione
1794 2510 1925 2539 Mainardi
1949 2518 1994 2538 re-

1254 2556 1361 2591 peritur
1384 2557 1410 2583 in
1432 2557 1594 2591 Appvndice
1622 2557 1655 2583 ad
1676 2556 1825 2583 Clementis
1844 2556 1905 2583 Vlll
1926 2564 1994 2591 pon-

1254 2601 1460 2635 titi‹rutu11›,sub
1476 2609 1592 2628 numero
1612 2609 1745 2628 uncrxxn.
1766 2604 1803 2635 (ιι.
1819 2600 1868 2634 aa).

1289 2647 1305 2671 2
1327 2645 1360 2672 tex
1384 2645 1488 2681 liegest.
1508 2646 1533 2673 in
1549 2646 1648 2673 Serret.
1661 2645 1792 2673 llrevium.

2003 235 2054 264 An.
2069 235 2097 263 C.
2117 235 2188 264 1599

2034 1364 2167 1385 Prooemium
