2253 3195
20 198 68 225 An.
85 197 114 224 C.
131 196 200 225 1595

39 835 102 856 Exem
119 836 144 856 tis
156 841 201 857 cre-

19 863 40 883 di
55 868 101 883 man
118 864 146 883 at.

836 197 982 221 CLEMENS
1001 197 1059 221 VIII
1079 197 1118 220 Pr
1125 214 1130 220 .

216 245 385 285 concessis,
400 246 608 287 confirmatis,
625 246 810 290 approbatis
824 252 852 278 et
866 247 957 279 inno-

215 298 303 330 vatis.
328 296 448 336 Quibus
460 299 610 331 omnibus
623 305 650 332 ct
671 299 814 341 singulis,
832 299 955 332 etiamsi

215 362 275 395 pro
304 353 434 386 illorum
465 352 635 385 sufficienti
664 352 887 394 derogatione,
918 353 956 385 de

215 405 277 438 illis
301 417 479 449 corumque
504 406 577 439 totis
604 406 769 439 tenoribus
796 406 953 449 specialis,

214 459 364 502 specifica
391 465 419 492 et
451 460 490 492 ad
519 459 652 491 verbum
685 459 804 491 inserta
834 458 955 491 mentio

214 511 364 545 habenda
384 518 475 553 esset,
498 518 625 546 tenores
652 512 839 544 huiusmodi
865 522 958 555 prae-

214 566 356 598 sentibus
393 576 453 609 pro
485 565 640 609 expressis
680 565 834 598 habentes
848 592 855 606 ,
898 564 958 598 hac

214 618 281 651 vice
300 619 461 651 dumtaxat
482 618 663 662 specialiter
684 623 711 650 et
734 628 881 662 expresse.
903 618 957 651 de-

215 681 377 713 rogamus,
402 671 601 715 caeterisque
622 671 791 704 contrariis
817 671 953 715 quibus-

215 735 365 768 cumque.

260 779 275 822 ἓ
297 777 326 811 7.
354 779 568 812 Decernentes
595 779 782 812 carumdem
804 789 957 822 praesen-

215 831 294 864 tium
321 831 486 875 exemplis,
519 831 614 865 etiam
643 832 817 876 impressis,
841 832 957 865 notarii

215 884 337 927 publici
358 895 455 917 manu
476 885 674 928 subscriptis,
693 890 723 918 et
743 885 848 927 sigillo
866 896 959 929 prae-

216 937 271 970 lati
292 937 427 970 alicuius
447 938 653 971 ecclesiastici
666 938 854 980 obsignatis,
872 949 959 971 eam-

217 991 290 1023 dem
311 991 422 1024 haberi
443 991 553 1031 fidem,
577 1002 658 1035 quae
689 991 864 1025 haberetur
883 992 959 1036 ipsis

216 1043 451 1087 praesentibus,
484 1044 510 1077 si
531 1044 637 1077 forent
657 1044 815 1078 exhibitae
836 1045 883 1078 vel
909 1055 959 1078 os-

218 1101 337 1129 tensae.

260 1149 375 1182 Datum
395 1149 534 1190 Tusculi,
558 1150 616 1183 sub
634 1150 754 1183 annulo
775 1150 955 1191 piscatoris,

217 1202 269 1236 die
292 1213 359 1236 xvn
380 1203 521 1236 octobris
541 1213 658 1244 mcxcv,
682 1203 889 1247 pontificatus
902 1215 960 1238 no-

217 1256 273 1290 stri
294 1267 379 1290 anno
399 1267 442 1290 1v.

253 1319 314 1346 Dat.
337 1318 379 1346 die
397 1320 428 1346 17
443 1318 562 1347 octobris
584 1319 662 1354 1595,
679 1319 775 1355 pontif.
787 1328 830 1347 an·
846 1298 882 1347 tv..

536 1480 634 1514 CXIX.

218 1560 406 1594 Commissz'o
437 1560 557 1592 nuncio
593 1559 838 1602 Hispaniarum
868 1565 905 1593 ut
931 1562 961 1594 si

262 1613 469 1646 concordiam
499 1613 586 1646 inter
617 1623 724 1656 reqem
764 1613 961 1647 catholicum

260 1677 297 1699 ac
313 1666 593 1710 archiepiscopum
612 1669 641 1699 et
666 1665 893 1700 ecclesiasticos
916 1669 960 1701 ci-

259 1720 372 1753 vitatis
385 1724 413 1753 el
425 1720 575 1753 dioecesis
590 1720 961 1764 Caesaranyustanensis

259 1773 382 1806 initam
394 1783 491 1816 super
502 1773 666 1816 primitiis
680 1777 709 1806 et
722 1773 868 1817 decimis,
881 1785 962 1818 qua-

259 1837 336 1859 rum
355 1827 581 1867 excrescentia,
599 1827 636 1859 ob
649 1827 881 1870 irriqationem
900 1829 962 1871 slu-

246 1881 362 1926 ‘minis
393 1891 413 1913 a
444 1880 552 1913 clarae
583 1881 759 1913 memoriae
795 1882 910 1915 Carolo
939 1881 965 1914 V

261 1933 457 1977 imperatore
469 1934 602 1977 factam,
626 1933 730 1966 eidem
748 1935 820 1978 reqi
838 1945 877 1968 ecc
890 1946 963 1969 con-

261 1987 400 2019 cessione
419 1986 596 2030 apostolica
616 1986 759 2027 debetur,
783 1988 887 2021 eidem
908 1999 962 2021 ar-

263 2039 462 2082 chiepiscopo
480 2043 509 2072 et
529 2039 753 2073 ecclesiasticis
770 2041 887 2074 utilem
900 2052 963 2075 esse

262 2093 462 2135 compererit,
486 2093 667 2136 apostolica
681 2095 874 2128 auctoritate
888 2105 964 2128 con-

263 2146 368 2189 firmet
381 2145 401 2178 ¹.

234 2216 350 2245 Dilecto
371 2216 434 2244 filio
457 2219 571 2251 nostro,
593 2220 624 2245 et
643 2218 832 2251 Apostolicae
859 2219 944 2248 Sedis

336 2261 368 2288 in
388 2261 489 2295 regnis
510 2261 720 2295 Hispaniarum
740 2263 850 2291 nuncio

397 2313 554 2344 Clemens
577 2314 671 2355 Papa
691 2315 784 2345 VIII.

288 2376 403 2404 Dilecto
418 2377 473 2411 fili,
489 2378 619 2405 salutem
644 2381 675 2405 et
697 2379 892 2412 apostolicam

468 2422 718 2450 benedictionem.

266 2483 281 2526 ᾖ
299 2482 330 2515 t.
354 2482 476 2526 Exponi
496 2484 589 2517 nobis
610 2495 713 2528 nuper
734 2487 878 2520 fecerunt
892 2488 966 2522 cha-

221 2535 369 2570 rissimus
389 2536 421 2569 in
434 2536 557 2570 Christo
571 2536 656 2571 filius
673 2544 781 2573 noster
800 2540 966 2587 Philippus

259 2600 270 2625 1
294 2598 332 2626 Ex
347 2599 455 2635 Regest.
473 2599 499 2626 in
514 2599 616 2627 Secret.
638 2600 771 2630 Brevium.

306 2653 385 2681 Bult.
406 2653 487 2682 Rom.
511 2653 569 2682 Vol.
591 2654 618 2682 X
842 2658 877 2687 30

992 299 1063 332 bilis
1089 301 1186 333 frater
1217 299 1478 343 archiepiscopus
1510 299 1730 341 Caesaraugu-

991 353 1159 393 stancnsis‚
1184 353 1303 396 aliique
1319 353 1348 385 in
1367 352 1570 396 infrascripta
1591 363 1730 385 concor-

992 405 1044 438 dia
1065 405 1216 439 interesse
1239 406 1410 445 habentes,
1434 406 1521 449 quod
1541 405 1618 438 alias
1634 405 1735 438 seticis

992 458 1225 491 reeordationis
1242 459 1395 491 Clementi
1407 459 1456 492 Vll
1472 465 1501 491 et
1520 459 1620 491 Paulo
1641 458 1692 495 ΙΙΙ,
1704 463 1735 490 et.

992 511 1169 544 successive
1191 511 1272 544 Iulio
1290 511 1436 544 etiamlll
1457 511 1610 544 Romanis
1624 511 1734 544 Ponti-

992 564 1106 597 ficibus
1119 565 1421 608 praedecessoribus
1434 565 1561 603 nostris,
1577 575 1636 609 pro
1645 570 1735 608 parte

992 618 1097 651 clarae
1130 618 1305 651 int-,inorme
1335 618 1437 652 Caroli
1466 619 1489 650 V
1514 619 1734 651 Romanorum

992 671 1206 714 inqweratoris,
1230 672 1284 715 qui
1306 672 1401 704 ctiam
1423 673 1607 714 Aragonum
1629 677 1659 704 ct
1676 672 1737 705 Na-

992 736 1102 758 varrae
1122 736 1176 758 rex
1191 725 1367 759 catholicus
1380 731 1459 765 erat,
1480 725 1636 769 exposito,
1649 725 1736 768 quod

992 779 1124 822 provide
1156 779 1364 812 considerans
1393 779 1532 822 'propter
1566 778 1736 821 penuriam

993 843 1163 876 aquarum,
1178 838 1209 865 et
1228 843 1310 875 quae
1329 832 1444 865 exinde
1465 832 1658 864 causabatur
1671 836 1735 864 ste-

993 885 1093 919 rilitas
1128 892 1307 926 terrarum,
1341 887 1528 928 Aragonum
1561 890 1592 918 et
1630 890 1735 918 certae

994 940 1092 982 partis
1127 940 1286 973 Navarrae
1328 950 1503 982 regnorum
1539 939 1737 971 habitatores

995 993 1093 1037 ipsius
1104 993 1194 1035 regni
1209 994 1393 1035 Aragonum
1408 993 1440 1026 in
1454 1003 1566 1027 eorum
1577 984 1737 1025 alimentis

994 1053 1026 1080 et
1050 1046 1120 1079 aliis
1140 1046 1237 1079 rebus
1257 1046 1418 1079 humanae
1437 1046 1520 1079 vitae
1548 1045 1738 1079 necessariis

995 1100 1167 1133 maximam
1189 1101 1253 1143 pati
1278 1105 1491 1142 aegestatem,
1516 1105 1546 1132 et
1572 1105 1737 1142 tamquam

995 1153 1136 1197 optimus
1162 1153 1367 1186 subditorum
1391 1163 1524 1186 suorum
1550 1158 1735 1196 protector,

994 1206 1145 1249 aegestati
1167 1206 1353 1239 huiusmodi
1373 1206 1544 1250 providere
1563 1206 1684 1246 volens,
1702 1215 1740 1238 ex

995 1261 1121 1294 duobus
1149 1259 1328 1302 insignibus
1348 1260 1557 1300 fluminibus,
1586 1259 1678 1292 Ibero
1695 1258 1740 1291 vi-

995 1314 1111 1347 delicet
1125 1314 1296 1354 etXalone,
1310 1323 1368 1357 per
1382 1313 1502 1346 dictum
1516 1323 1652 1355 regnum
1662 1313 1740 1345 Ara-

994 1378 1114 1410 gonum
1137 1367 1401 1407 decurrentibus,
1430 1377 1530 1411 aquas
1560 1377 1620 1410 pro
1646 1366 1740 1399 dictis

995 1421 1088 1454 terris
1109 1421 1282 1463 irrigandis
1308 1420 1425 1453 deduci
1450 1421 1679 1461 mandaverat,
1709 1425 1740 1453 et

994 1485 1067 1508 cum
1083 1485 1120 1507 ex
1131 1474 1327 1518 praemissis,
1340 1480 1405 1507 tam
1419 1480 1554 1518 propter
1573 1474 1738 1507 alveorum

995 1528 1156 1562 dictorum
1188 1528 1360 1561 fluminum
1390 1528 1616 1571 asperitatem,
1641 1537 1739 1571 quam

994 1582 1232 1624 longitudinem
1254 1582 1418 1615 fovearum
1445 1587 1475 1614 et
1487 1581 1665 1614 rivulorum
1679 1590 1739 1624 pro

995 1636 1184 1669 decursibus
1209 1646 1378 1679 aquarum,
1402 1645 1539 1677 magnae
1561 1634 1739 1667 admodum

996 1700 1154 1733 expensae
1186 1688 1384 1721 necessariae
1416 1693 1541 1728 essent,
1575 1693 1605 1720 et
1629 1688 1669 1720 ad
1688 1697 1741 1720 eas

996 1743 1209 1776 sublevandas
1238 1742 1328 1776 Sedis
1352 1741 1556 1785 Apostolicae
1586 1740 1741 1774 auxilium

997 1802 1027 1829 et
1044 1795 1229 1836 auctoritas,
1253 1801 1350 1839 prout
1363 1795 1395 1827 in
1409 1794 1568 1828 similibus
1581 1794 1651 1827 fieri
1666 1804 1741 1827 con-

996 1855 1153 1888 sueverat,
1185 1849 1363 1893 plurimum
1384 1848 1648 1892 requirerentur3
1680 1847 1741 1891 ipsi

996 1903 1152 1943 Clemens,
1169 1903 1286 1936 Paulus
1299 1908 1330 1935 et
1348 1902 1448 1935 Iulius
1462 1902 1738 1946 praedecessores,

997 1957 1037 1990 ad
1058 1957 1158 2000 ipsius
1170 1956 1274 1990 Caroli
1293 1955 1497 1999 imperatoris
1516 1961 1546 1988 et
1563 1955 1647 1997 regis
1667 1965 1742 1998 sup-

997 2010 1216 2054 plicationem,
1244 2020 1302 2054 per
1322 2009 1462 2042 diversas
1482 2019 1595 2042 eorum
1621 2008 1742 2041 litteras

998 2064 1094 2098 certis
1125 2063 1201 2096 viris
1232 2063 1344 2107 probis
1369 2063 1401 2095 in
1429 2062 1574 2106 partibus
1600 2061 1683 2102 illis,
1712 2066 1743 2094 et

998 2128 1112 2151 eorum
1133 2117 1265 2150 cuilibet
1293 2116 1470 2150 successive
1489 2143 1496 2157 ,
1530 2116 1690 2149 dederunt
1710 2114 1743 2147 in

998 2170 1169 2211 mandatis,
1193 2175 1228 2203 ut
1247 2169 1356 2203 habita
1376 2180 1435 2213 per
1454 2179 1521 2209 eos,
1549 2179 1605 2202 seu
1627 2178 1741 2201 eorum

998 2224 1149 2264 alterum,
1164 2223 1310 2266 diligenti
1324 2223 1562 2263 informatione,
1584 2226 1742 2265 quantum

999 2277 1144 2320 quolibet
1162 2287 1258 2318 anno,
1273 2287 1291 2309 a
1305 2282 1380 2309 tunc
1393 2275 1540 2320 proxime
1560 2274 1743 2318 praeteritis

1001 2330 1101 2363 tribus
1122 2330 1224 2371 annis,
1255 2330 1351 2363 sertili
1373 2340 1446 2363 cum
1471 2329 1571 2363 sterili
1589 2338 1744 2372 compen-

999 2389 1079 2424 sato,
1107 2394 1168 2427 pro
1192 2383 1326 2417 decimis
1347 2389 1378 2417 et
1398 2382 1549 2427 primitiis
1567 2393 1604 2415 ex
1625 2381 1739 2415 fructi-

1000 2437 1060 2470 bus
1085 2437 1117 2470 in
1139 2437 1232 2471 terris
1252 2437 1413 2471 dictorum
1435 2446 1610 2479 regnorum
1644 2435 1743 2468 colle-

1001 2490 1070 2531 ctis,
1097 2490 1251 2531 ecclesiis,
1287 2490 1490 2524 monasteriis
1522 2495 1554 2523 et
1581 2489 1652 2523 aliis
1683 2488 1744 2533 piis

1001 2544 1090 2585 locis,
1105 2550 1160 2578 aut
1173 2544 1300 2578 illarum
1321 2555 1377 2578 seu
1400 2544 1528 2577 illorum
1550 2542 1741 2583 rectoribus,

1001 2598 1051 2632 vel
1081 2597 1281 2632 beneficiatis
1315 2596 1676 2641 Caesaraugustanensis
1715 2601 1746 2629 et

1638 186 1703 219 ⁶233
1748 196 1797 222 An.
1816 195 1843 223 c.
1865 197 1937 225 1595

992 245 1218 289 Hispaniarum
1240 256 1294 278 rex
1314 245 1512 284 catholicus,
1537 256 1573 277 ac
1599 255 1733 278 venera·
1769 259 1828 280 raeti
1844 260 1917 279 series
