2253 3195
3 170 51 198 Αη.
68 170 94 198 C.
121 169 187 198 ¹593

16 1022 98 1052 Notarii
108 1022 187 1049 publici

4 1051 120 1071 attestatio.

818 170 965 195 canens
986 168 1043 194 vni
1065 170 1101 193 rr
1653 158 1694 191 543
1742 167 1790 194 An.
1808 168 1836 195 G.
1858 168 1924 196 1593

202 220 308 254 fratris
328 219 413 254 Petri
434 220 575 254 Barbara
599 219 851 265 praedictorum.
886 218 945 258 Qui

201 274 291 313 haec,
322 272 528 313 nominibus,
556 272 674 316 quibus
695 284 804 317 supra,
839 283 946 317 respe-

202 327 283 361 ctive
301 327 482 363 laudamus,
499 326 707 360 concedimus
727 331 758 359 ct
778 326 945 359 firmamus
961 334 963 356 t
978 325 1037 363 Ea,
1061 336 1145 369 quac
1165 336 1185 356 a
1207 326 1267 358 Pio
1279 325 1328 358 IV
1338 329 1366 358 el
1387 325 1479 359 Sixto
1505 324 1530 357 V
1546 329 1633 368 qesta
1649 329 1725 357 snm

202 381 233 414 in
269 380 355 414 dicto
387 379 524 413 concilio
549 379 760 424 provinciali,
794 385 825 413 ut
848 363 964 422 supra(
1020 389 1080 422 pro
1101 379 1296 421 confectione
1326 378 1445 411 indicis
1473 378 1631 411 librorum
1653 389 1725 421 pro-

202 439 394 471 convocato,
429 433 651 477 praesentibus
683 432 857 466 venerabili
882 432 944 465 llo·
1025 431 1220 467 hibitmvnm,
1238 431 1408 473 ronfirmal
1429 432 1447 464 ¹.

202 486 342 531 nuphrio
373 486 475 525 Soler,
508 486 716 530 presbytero,
741 491 767 518 et
791 486 963 531 ΜοιηΓιη--ξ

202 545 272 573 rato
293 540 446 580 Bonanat,
470 539 605 573 diacono
633 539 664 572 in
684 539 765 572 Sede
785 539 941 572 Tarraco-
961 578 962 582 Ἰ

202 604 263 627 nae
293 592 491 626 beneficiatis
520 603 578 636 pro
608 592 740 625 testibus
774 592 813 625 ad
851 586 962 636 prue-¹

203 647 299 680 missa
326 647 445 680 vocatis
473 646 657 690 specialiter
688 652 716 680 et
758 641 963 691 assumptis}
1022 645 1158 686 Gregem
1181 644 1382 677 Dominicum
1404 656 1462 689 pro
1483 645 1635 689 pastorali
1655 657 1724 679 mu-
1765 656 1905 677 Prooemium.

202 699 333 743 Signum
354 705 500 733 nostrum
519 700 587 733 Don
609 700 693 733 Petri
715 700 865 734 Ludovici
885 700 945 733 Ga·
961 711 963 737 1
979 707 1055 730 neri¹
1069 697 1142 730 fidei
1166 703 1293 730 nostrat·
1308 698 1479 738 creditum,
1503 699 1724 733 saluberrimis

1305 217 1396 251 LXII.

1191 521 1324 547 Clemens
1340 520 1420 554 Papa
1436 520 1514 552 vul,

1108 575 1143 601 ad
1159 578 1334 608 perpetuam
1349 575 1393 603 rei
1412 575 1593 603 memoriam.

202 753 337 786 lierandi
369 753 408 786 de
434 754 528 787 Bersa
553 753 709 797 praedi-cti
725 781 732 794 ,
765 753 819 797 qui
841 753 918 787 haec
935 781 941 793 ,
961 743 1155 814 icatholicae
1177 750 1342 783 doctrinae.
1363 751 1490 795 pabulis
1510 762 1654 795 pascere,
1678 758 1724 785 at-

201 806 340 850 praeviis
360 806 557 846 nominibus,
580 807 761 844 laudamus,
796 807 946 841 concedi-

203 870 274 893 mus
294 866 325 894 et
344 859 512 894 firmamus
533 867 619 894 extra
644 861 829 901 concilium,
853 861 944 894 dictis

203 912 254 946 die
275 918 306 947 et
325 923 421 953 anno,
445 914 668 958 praesentibus
687 914 879 958 supradictis
899 919 945 947 te-

202 966 304 1000 stibus
333 967 373 1000 ad
405 967 464 1000 ista
488 967 607 1001 vocatis
637 973 667 1000 et
693 968 875 1012 assumptis.
909 968 944 1001 Et

203 1030 262 1062 ego
283 1020 489 1054 Sebastianus
506 1021 678 1064 Lagostera
697 1021 944 1055 auctoritatibus

201 1074 377 1117 apostolica
396 1080 492 1119 atque
513 1075 611 1118 regia,
636 1086 673 1108 ac
693 1076 899 1109 illustrissimi
914 1081 943 1109 et
960 1070 963 1105 ἶ

201 1127 459 1160 reverendissimi
476 1128 711 1173 archiepiscopi
724 1129 944 1163 Tarraconen-

200 1179 242 1212 sis
261 1180 406 1213 notarius
426 1181 585 1224 publicus,
613 1187 644 1214 et
663 1181 791 1215 concilii
815 1183 945 1226 provin-

200 1232 289 1266 cialis
307 1234 553 1268 Tarraconensis
574 1235 760 1278 congregati
774 1246 811 1268 ex
831 1236 944 1269 scribis

200 1290 232 1318 et
251 1286 432 1320 secretariis
452 1287 543 1328 alter,
567 1278 817 1332 qui'praedictis
839 1290 943 1323 omni-

200 1338 259 1372 bus
280 1345 311 1372 et
331 1340 487 1383 singulis,
525 1352 589 1374 una
609 1353 682 1375 cum
704 1342 843 1376 discreto
871 1344 943 1377 Ale-

200 1393 322 1426 xandro
343 1393 461 1427 Cendia
474 1396 663 1429 connotario
685 1407 769 1437 meo,
794 1402 825 1429 et
841 1398 943 1431 altero

201 1445 278 1479 dicti
309 1447 438 1480 concilii
469 1448 574 1481 scriba
605 1454 636 1482 et
658 1450 791 1482 testibus
815 1451 944 1494 praedi-

201 1497 270 1539 ctis,
292 1509 445 1542 praesens
464 1500 606 1534 interfui.
627 1502 702 1535 Ideo
723 1503 755 1535 in
769 1508 844 1536 nota
857 1515 944 1537 sum-

200 1551 260 1595 psi,
284 1557 315 1585 et
335 1553 367 1586 in
390 1564 545 1597 processu
564 1555 640 1588 dicti
667 1557 794 1590 concilii
815 1558 944 1601 provin-

201 1604 290 1639 cialis
316 1612 347 1639 et
382 1608 511 1641 decreto
539 1608 638 1653 ipsius
667 1610 795 1643 concilii
824 1611 944 1644 descri-

198 1659 258 1702 psi,
282 1670 300 1692 a
320 1671 384 1704 quo
398 1661 459 1695 hoc
472 1672 624 1705 praesens
637 1663 803 1706 publicum
825 1664 943 1698 instru-

199 1717 354 1754 mentum,
379 1724 476 1747 manu
496 1715 600 1748 aliena
621 1715 760 1749 fideliter
786 1717 942 1761 scriptum

199 1767 328 1808 extraxi,
362 1766 519 1812 signoque
548 1774 578 1802 et
607 1769 739 1803 nomine
764 1770 854 1810 meis,
879 1781 942 1815 quo

198 1819 231 1853 in
251 1820 409 1854 similibus
432 1826 516 1862 utor,
547 1821 679 1864 signavi,
706 1822 881 1866 subscripsi
912 1828 943 1856 et

199 1873 314 1915 clausi,
348 1879 489 1918 rogatus.
530 1876 565 1908 In
603 1875 702 1908 fidem
742 1876 937 1920 praemisso-

199 1937 288 1968 rum,
311 1931 367 1960 etc.

243 2007 380 2041 Thomas
409 2008 578 2042 Gratianus
608 2009 786 2052 Dantiscus,
813 2017 942 2055 aposto-

201 2058 281 2092 licus
301 2059 473 2103 regiusque
492 2061 647 2095 notarius.

244 2139 359 2172 Datum
378 2140 499 2173 Romae
519 2141 605 2184 apud
621 2141 772 2175 Sanctum
785 2142 938 2184 Marcum,

200 2191 259 2225 sub
273 2192 393 2225 annulo
403 2193 584 2235 Piscatoris‚
597 2194 648 2228 die
673 2206 692 2228 v
709 2196 786 2228 maii
801 2206 938 2238 noxum,

198 2244 405 2288 pontificatus
426 2246 527 2279 nostri
547 2257 633 2280 anno
653 2258 688 2282 11.
824 2247 834 2257 “

234 2306 293 2335 Dat.
310 2307 353 2335 die
368 2308 384 2335 5
397 2308 462 2336 maii
481 2309 558 2344 1593,
574 2310 670 2346 pontif.
691 2319 736 2338 an.
753 2317 780 2338 11.

961 816 963 847 t
979 815 1069 849 quea
1082 804 1184 838 noxiis
1200 805 1346 839 illaesum
1360 805 1522 839 custodire
1543 806 1721 850 cupientesv

961 849 1072 901 fquae,
1089 858 1149 890 hac
1169 858 1208 891 de
1229 869 1335 898 eausa,
1350 870 1387 891 ex
1407 858 1489 892 sacri
1502 859 1634 892 Concilii
1657 860 1724 893 Tri-

961 902 1102 943 jdentini
1123 911 1261 944 decretis
1289 916 1319 944 et
1339 911 1429 945 Sedis
1449 912 1651 956 Apostolicac
1669 923 1724 945 au-

961 955 1126 999 {ctoritate
1158 964 1331 997 salubriter
1365 970 1481 998 statuta
1511 966 1655 1006 suerunt,
1688 976 1724 999 ea

979 1017 1127 1057 libenter,
1151 1018 1327 1062 apostolica
1347 1018 1512 1052 sanctione
1533 1019 1660 1063 saepius
1678 1019 1725 1052 in-

979 1072 1144 1115 terposita,
1166 1072 1405 1105 communimus
1430 1084 1477 1111 ac,
1510 1084 1550 1105 no
1569 1084 1724 1117 umquam

960 1110 1091 1159 'fraude
1113 1124 1219 1169 aliqua
1241 1130 1293 1158 aut
1308 1136 1534 1169 perversorum
1556 1125 1724 1159 hominum

961 1178 1218 1214 ‚machinatione
1244 1179 1292 1212 rel
1308 1184 1491 1223 temporum
1529 1179 1647 1212 iniuria
1674 1180 1722 1212 la-

978 1223 1192 1273 befactentur,
1217 1238 1401 1277 opportuna
1427 1243 1652 1278 quaecumque
1674 1245 1725 1267 re-

960 1285 1083 1326 {media
1115 1296 1296 1329 possunms,
1332 1286 1535 1327 adhibemus,
1571 1292 1668 1331 prout
1692 1287 1723 1320 in

960 1330 1115 1372 vDomino
1136 1339 1353 1383 conspicimus
1373 1340 1413 1373 ad
1433 1339 1615 1373 animarum
1634 1341 1721 1373 salu-

960 1391 962 1396 *
979 1397 1041 1425 tem
1064 1393 1227 1437 expedire.

1022 1447 1036 1489 ξ
1057 1446 1087 1479 l.
1111 1447 1237 1480 Dudum
1268 1447 1428 1491 siquidem
1452 1448 1552 1481 felicis
1573 1449 1725 1482 recorda-

978 1500 1072 1532 tionis
1092 1500 1166 1532 Pius
1183 1500 1268 1544 Papa
1281 1501 1329 1541 IV,
1345 1502 1577 1545 praedecessor
1598 1507 1718 1543 noster,

977 1552 1117 1586 indicem
1139 1559 1167 1586 et
1201 1554 1328 1596 regulas
1359 1565 1377 1586 a
1402 1555 1565 1598 deputatis
1596 1566 1655 1598 per
1674 1566 1724 1588 sa-

977 1616 1064 1639 cram
1095 1606 1316 1639 Tridentinam
1352 1607 1516 1652 Synodum
1545 1608 1669 1641 utiliter
1688 1619 1725 1641 ac

977 1659 1154 1702 prudenter
1185 1660 1400 1703 compositas,
1435 1672 1471 1694 ae
1500 1672 1558 1694 suo
1590 1661 1677 1696 iussu
1707 1672 1725 1694 a

976 1713 1129 1756 praelatis
1160 1713 1325 1761 nonnullis
1356 1724 1392 1748 ac
1424 1714 1493 1747 aliis
1512 1714 1588 1747 viris
1609 1715 1726 1748 doctis-

976 1766 1065 1799 simis
1085 1766 1299 1807 examinatas,
1323 1777 1449 1800 necnon
1463 1768 1725 1802 constitutionem

976 1819 1087 1859 edidit,
1111 1830 1146 1852 ex
1166 1819 1283 1863 quibus
1304 1820 1529 1854 christifideles
1556 1821 1649 1854 facile
1675 1821 1723 1854 in-

975 1877 1197 1905 ternoscerent
1225 1872 1426 1916 improbatos
1454 1879 1602 1907 auctores
1623 1879 1655 1907 et
1684 1874 1722 1907 li-

975 1925 1062 1966 bros,
1078 1935 1096 1958 a
1116 1925 1245 1969 quibus,
1263 1931 1429 1970 tamquam
1447 1927 1550 1960 noxiis
1567 1938 1603 1960 ac
1623 1927 1724 1961 letha-

975 1978 1069 2019 libus,
1091 1989 1203 2012 cavere
1223 1984 1320 2023 atque
1341 1980 1503 2014 abstinere
1521 1981 1688 2014 deberent.

1020 2033 1036 2073 g
1064 2031 1094 2064 2.
1126 2031 1258 2073 Verum,
1282 2032 1359 2076 quia
1378 2038 1451 2076 post
1471 2033 1503 2066 id
1522 2039 1649 2077 tempus
1669 2033 1721 2067 alii

974 2084 1048 2117 libri
1078 2084 1273 2129 perniciosi,
1297 2085 1424 2130 aliaque
1457 2096 1578 2130 opera,
1602 2087 1720 2130 partim

974 2137 1084 2182 impie,
1107 2138 1226 2181 partim
1247 2144 1439 2173 temerenut
1451 2140 1557 2173 minus
1574 2146 1722 2174 accurate

975 2191 1156 2235 conscripta
1183 2201 1220 2224 ac
1249 2192 1410 2235 divulgata
1443 2200 1655 2235 emanarunt,
1685 2205 1723 2228 ex

974 2255 1114 2288 quorum
1135 2245 1264 2289 impura
1281 2246 1418 2279 lectione
1439 2257 1505 2280 non
1527 2248 1624 2280 modo
1645 2248 1722 2281 sim-

975 2297 1125 2341 pliciores
1154 2298 1320 2339 homines,
1360 2299 1417 2332 sed
1446 2299 1608 2333 interdum
1637 2301 1723 2334 docti

975 2360 1105 2394 quoque
1123 2357 1154 2384 et
1173 2351 1292 2384 eruditi
1313 2351 1346 2384 in
1367 2362 1493 2392 errores
1518 2352 1627 2386 induci
1648 2364 1722 2397 pos-

974 2408 1054 2443 sent,
1066 2413 1130 2436 non
1144 2403 1308 2438 immerito
1329 2405 1396 2448 qui,
1412 2411 1485 2449 post
1496 2405 1600 2450 ipsum
1614 2407 1718 2448 Pium,

973 2454 1132 2489 Ecclesiae
1151 2456 1207 2490 Dei
1228 2457 1438 2501 praefuerunt
1462 2459 1564 2492 nostri
1584 2460 1720 2504 praede-

973 2519 1127 2549 cessores,
1162 2520 1199 2543 ac
1218 2511 1409 2554 praesertim
1435 2518 1564 2547 sanctae
1596 2523 1719 2548 memo-

1010 2573 1020 2597 1
1039 2570 1076 2597 Ex
1093 2571 1200 2608 Regest.
1218 2571 1246 2599 in
1255 2571 1358 2601 Secret.
1376 2572 1511 2601 Brevium.

1773 1455 1822 1474 l'tus
1845 1453 1871 1474 lv
1894 1454 1924 1474 in-

1739 1481 1807 1501 dicem
1840 1481 1926 1501 conticit

1737 1507 1840 1528 librorum
1854 1507 1925 1534 prohi-

1738 1534 1837 1555 bitot-um.

1756 2039 1826 2060 Sinus
1837 2039 1895 2066 Papa
1906 2040 1923 2060 V

1737 2067 1836 2087 nonnulla
1873 2067 1923 2087 huic

1736 2092 1802 2114 indici
1816 2093 1883 2114 addit.
