<?xml version="1.0" encoding="UTF-8"?>
<!DOCTYPE html PUBLIC "-//W3C//DTD XHTML 1.0 Transitional//EN"
    "http://www.w3.org/TR/xhtml1/DTD/xhtml1-transitional.dtd">
<html xmlns="http://www.w3.org/1999/xhtml" xml:lang="en" lang="en">
 <head>
  <title>
</title>
<meta http-equiv="Content-Type" content="text/html;charset=utf-8" />
  <meta name='ocr-system' content='tesseract 3.04.00' />
  <meta name='ocr-capabilities' content='ocr_page ocr_carea ocr_par ocr_line ocrx_word'/>
</head>
<body>
  <div class='ocr_page' id='page_1' title='image "./bullarumdiplomat10cath_0139.png"; bbox 0 0 2253 3195; ppageno 0'>
   <div class='ocr_carea' id='block_1_1' title="bbox 0 0 72 3195">
    <p class='ocr_par' dir='ltr' id='par_1_1' title="bbox 0 0 72 3195">
     <span class='ocr_line' id='line_1_1' title="bbox 0 0 72 3195; baseline 0 0"><span class='ocrx_word' id='word_1_1' title='bbox 0 0 72 3195; x_wconf 95' lang='lat' dir='ltr'> </span> 
     </span>
    </p>
   </div>
   <div class='ocr_carea' id='block_1_2' title="bbox 53 205 254 240">
    <p class='ocr_par' dir='ltr' id='par_1_2' title="bbox 53 205 254 240">
     <span class='ocr_line' id='line_1_2' title="bbox 53 205 254 240; baseline -0.005 0"><span class='ocrx_word' id='word_1_2' title='bbox 53 205 118 240; x_wconf 53' lang='lat' dir='ltr'>an.</span> <span class='ocrx_word' id='word_1_3' title='bbox 136 212 163 239; x_wconf 82' lang='lat' dir='ltr'>c.</span> <span class='ocrx_word' id='word_1_4' title='bbox 189 212 254 239; x_wconf 68' lang='lat'>¹504</span> 
     </span>
    </p>
   </div>
   <div class='ocr_carea' id='block_1_3' title="bbox 68 1279 255 1439">
    <p class='ocr_par' dir='ltr' id='par_1_3' title="bbox 68 1279 255 1439">
     <span class='ocr_line' id='line_1_3' title="bbox 92 1279 252 1305; baseline -0.006 -5"><span class='ocrx_word' id='word_1_5' title='bbox 92 1279 167 1300; x_wconf 68' lang='lat' dir='ltr'>forma</span> <span class='ocrx_word' id='word_1_6' title='bbox 177 1280 252 1305; x_wconf 69' lang='lat' dir='ltr'>eligen-</span> 
     </span>
     <span class='ocr_line' id='line_1_4' title="bbox 70 1305 253 1333; baseline -0.005 -7"><span class='ocrx_word' id='word_1_7' title='bbox 70 1306 91 1333; x_wconf 76' lang='lat' dir='ltr'>di</span> <span class='ocrx_word' id='word_1_8' title='bbox 119 1306 200 1327; x_wconf 77' lang='lat' dir='ltr'>iudices</span> <span class='ocrx_word' id='word_1_9' title='bbox 226 1305 253 1326; x_wconf 65' lang='lat' dir='ltr'>atl</span> 
     </span>
     <span class='ocr_line' id='line_1_5' title="bbox 71 1338 254 1359; baseline -0.005 -6"><span class='ocrx_word' id='word_1_10' title='bbox 71 1338 107 1354; x_wconf 72' lang='lat' dir='ltr'>aas</span> <span class='ocrx_word' id='word_1_11' title='bbox 127 1338 254 1359; x_wconf 68' lang='lat' dir='ltr'>coffwseen-</span> 
     </span>
     <span class='ocr_line' id='line_1_6' title="bbox 68 1358 255 1380; baseline 0 0"><span class='ocrx_word' id='word_1_12' title='bbox 68 1358 119 1380; x_wconf 63' lang='lat' dir='ltr'>,dum</span> <span class='ocrx_word' id='word_1_13' title='bbox 131 1365 178 1380; x_wconf 79' lang='lat' dir='ltr'>cuin</span> <span class='ocrx_word' id='word_1_14' title='bbox 190 1359 255 1380; x_wconf 77' lang='lat' dir='ltr'>facul-</span> 
     </span>
     <span class='ocr_line' id='line_1_7' title="bbox 72 1386 254 1408; baseline 0.005 -2"><span class='ocrx_word' id='word_1_15' title='bbox 72 1387 114 1407; x_wconf 75' lang='lat' dir='ltr'>tate</span> <span class='ocrx_word' id='word_1_16' title='bbox 134 1386 254 1408; x_wconf 78' lang='lat' dir='ltr'>summarie.</span> 
     </span>
     <span class='ocr_line' id='line_1_8' title="bbox 71 1412 255 1439; baseline 0 -6"><span class='ocrx_word' id='word_1_17' title='bbox 71 1414 112 1438; x_wconf 60' lang='lat' dir='ltr'>etc„</span> <span class='ocrx_word' id='word_1_18' title='bbox 119 1412 255 1439; x_wconf 67' lang='lat' dir='ltr'>precede-udi.</span> 
     </span>
    </p>
   </div>
   <div class='ocr_carea' id='block_1_4' title="bbox 890 210 1180 234">
    <p class='ocr_par' dir='ltr' id='par_1_4' title="bbox 890 210 1180 234">
     <span class='ocr_line' id='line_1_9' title="bbox 890 210 1180 234; baseline -0.007 0"><span class='ocrx_word' id='word_1_19' title='bbox 890 210 1037 234; x_wconf 81' lang='lat' dir='ltr'>CLEMENS</span> <span class='ocrx_word' id='word_1_20' title='bbox 1056 211 1111 234; x_wconf 91' lang='lat' dir='ltr'>VIII</span> <span class='ocrx_word' id='word_1_21' title='bbox 1132 211 1180 233; x_wconf 78' lang='lat' dir='ltr'>PF.</span> 
     </span>
    </p>
   </div>
   <div class='ocr_carea' id='block_1_5' title="bbox 266 258 1016 2174">
    <p class='ocr_par' dir='ltr' id='par_1_5' title="bbox 266 258 1012 1215">
     <span class='ocr_line' id='line_1_10' title="bbox 269 258 1012 301; baseline -0.003 -8"><span class='ocrx_word' id='word_1_22' title='bbox 269 266 364 297; x_wconf 81' lang='lat' dir='ltr'>toros.</span> <span class='ocrx_word' id='word_1_23' title='bbox 390 260 558 293; x_wconf 72' lang='lat' dir='ltr'>occasione</span> <span class='ocrx_word' id='word_1_24' title='bbox 586 265 786 293; x_wconf 78' lang='lat' dir='ltr'>mercaturae</span> <span class='ocrx_word' id='word_1_25' title='bbox 816 265 843 292; x_wconf 83' lang='lat' dir='ltr'>et</span> <span class='ocrx_word' id='word_1_26' title='bbox 867 258 1012 301; x_wconf 66' lang='lat' dir='ltr'>negotio-</span> 
     </span>
     <span class='ocr_line' id='line_1_11' title="bbox 269 312 1010 357; baseline -0.004 -11"><span class='ocrx_word' id='word_1_27' title='bbox 269 325 339 347; x_wconf 92' lang='lat' dir='ltr'>rum</span> <span class='ocrx_word' id='word_1_28' title='bbox 363 313 549 347; x_wconf 84' lang='lat' dir='ltr'>huiusmodi</span> <span class='ocrx_word' id='word_1_29' title='bbox 572 325 629 357; x_wconf 85' lang='lat' dir='ltr'>pro</span> <span class='ocrx_word' id='word_1_30' title='bbox 653 319 797 357; x_wconf 82' lang='lat' dir='ltr'>tempore</span> <span class='ocrx_word' id='word_1_31' title='bbox 820 312 925 351; x_wconf 79' lang='lat' dir='ltr'>motis,</span> <span class='ocrx_word' id='word_1_32' title='bbox 948 317 1010 345; x_wconf 84' lang='lat' dir='ltr'>tam</span> 
     </span>
     <span class='ocr_line' id='line_1_12' title="bbox 268 365 1012 410; baseline -0.003 -11"><span class='ocrx_word' id='word_1_33' title='bbox 268 367 298 399; x_wconf 87' lang='lat' dir='ltr'>in</span> <span class='ocrx_word' id='word_1_34' title='bbox 322 367 437 410; x_wconf 78' lang='lat' dir='ltr'>prima,</span> <span class='ocrx_word' id='word_1_35' title='bbox 462 378 558 410; x_wconf 81' lang='lat' dir='ltr'>quam</span> <span class='ocrx_word' id='word_1_36' title='bbox 579 367 608 399; x_wconf 87' lang='lat' dir='ltr'>in</span> <span class='ocrx_word' id='word_1_37' title='bbox 632 367 772 400; x_wconf 81' lang='lat' dir='ltr'>secunda</span> <span class='ocrx_word' id='word_1_38' title='bbox 787 365 947 404; x_wconf 76' lang='lat' dir='ltr'>instantia,</span> <span class='ocrx_word' id='word_1_39' title='bbox 965 365 1012 397; x_wconf 91' lang='lat' dir='ltr'>in-</span> 
     </span>
     <span class='ocr_line' id='line_1_13' title="bbox 267 419 1010 463; baseline -0.001 -11"><span class='ocrx_word' id='word_1_40' title='bbox 267 426 314 453; x_wconf 81' lang='lat' dir='ltr'>tra</span> <span class='ocrx_word' id='word_1_41' title='bbox 333 420 491 453; x_wconf 76' lang='lat' dir='ltr'>civitatem</span> <span class='ocrx_word' id='word_1_42' title='bbox 523 421 622 463; x_wconf 82' lang='lat' dir='ltr'>ipsam</span> <span class='ocrx_word' id='word_1_43' title='bbox 661 419 917 455; x_wconf 78' lang='lat' dir='ltr'>Anconitanaui,</span> <span class='ocrx_word' id='word_1_44' title='bbox 953 430 1010 451; x_wconf 81' lang='lat' dir='ltr'>ner</span> 
     </span>
     <span class='ocr_line' id='line_1_14' title="bbox 267 472 1012 517; baseline -0.003 -11"><span class='ocrx_word' id='word_1_45' title='bbox 267 474 361 514; x_wconf 82' lang='lat' dir='ltr'>alibi,</span> <span class='ocrx_word' id='word_1_46' title='bbox 386 473 618 517; x_wconf 66' lang='lat' dir='ltr'>cognoscendis</span> <span class='ocrx_word' id='word_1_47' title='bbox 647 479 677 506; x_wconf 85' lang='lat' dir='ltr'>et</span> <span class='ocrx_word' id='word_1_48' title='bbox 710 472 930 511; x_wconf 75' lang='lat' dir='ltr'>terminandis,</span> <span class='ocrx_word' id='word_1_49' title='bbox 955 484 1012 516; x_wconf 82' lang='lat' dir='ltr'>per</span> 
     </span>
     <span class='ocr_line' id='line_1_15' title="bbox 266 528 1012 572; baseline -0.003 -11"><span class='ocrx_word' id='word_1_50' title='bbox 266 538 488 572; x_wconf 80' lang='lat' dir='ltr'>quoscumque</span> <span class='ocrx_word' id='word_1_51' title='bbox 511 528 774 571; x_wconf 71' lang='lat' dir='ltr'>praedecessores</span> <span class='ocrx_word' id='word_1_52' title='bbox 788 532 914 559; x_wconf 83' lang='lat' dir='ltr'>nostros</span> <span class='ocrx_word' id='word_1_53' title='bbox 932 537 1012 570; x_wconf 83' lang='lat' dir='ltr'>quo-</span> 
     </span>
     <span class='ocr_line' id='line_1_16' title="bbox 266 579 1011 620; baseline -0.003 -6"><span class='ocrx_word' id='word_1_54' title='bbox 266 581 445 615; x_wconf 89' lang='lat' dir='ltr'>modolibet</span> <span class='ocrx_word' id='word_1_55' title='bbox 465 591 628 620; x_wconf 82' lang='lat' dir='ltr'>concessa,</span> <span class='ocrx_word' id='word_1_56' title='bbox 649 579 840 613; x_wconf 81' lang='lat' dir='ltr'>auctoritate</span> <span class='ocrx_word' id='word_1_57' title='bbox 855 585 882 612; x_wconf 80' lang='lat' dir='ltr'>et</span> <span class='ocrx_word' id='word_1_58' title='bbox 900 586 1011 612; x_wconf 78' lang='lat' dir='ltr'>tenore</span> 
     </span>
     <span class='ocr_line' id='line_1_17' title="bbox 266 634 1012 678; baseline 0 -12"><span class='ocrx_word' id='word_1_59' title='bbox 266 634 460 678; x_wconf 82' lang='lat' dir='ltr'>praemissis,</span> <span class='ocrx_word' id='word_1_60' title='bbox 477 640 636 678; x_wconf 84' lang='lat' dir='ltr'>perpetuo</span> <span class='ocrx_word' id='word_1_61' title='bbox 651 634 871 678; x_wconf 80' lang='lat' dir='ltr'>approbamus</span> <span class='ocrx_word' id='word_1_62' title='bbox 886 640 911 666; x_wconf 88' lang='lat' dir='ltr'>et</span> <span class='ocrx_word' id='word_1_63' title='bbox 936 645 1012 666; x_wconf 89' lang='lat' dir='ltr'>con-</span> 
     </span>
     <span class='ocr_line' id='line_1_18' title="bbox 266 687 1010 732; baseline 0 -12"><span class='ocrx_word' id='word_1_64' title='bbox 266 688 445 727; x_wconf 83' lang='lat' dir='ltr'>firmamus,</span> <span class='ocrx_word' id='word_1_65' title='bbox 470 693 500 720; x_wconf 87' lang='lat' dir='ltr'>et</span> <span class='ocrx_word' id='word_1_66' title='bbox 520 687 584 726; x_wconf 83' lang='lat' dir='ltr'>illa,</span> <span class='ocrx_word' id='word_1_67' title='bbox 618 693 776 732; x_wconf 86' lang='lat' dir='ltr'>quatenus</span> <span class='ocrx_word' id='word_1_68' title='bbox 797 698 878 731; x_wconf 88' lang='lat' dir='ltr'>opus</span> <span class='ocrx_word' id='word_1_69' title='bbox 898 687 947 725; x_wconf 74' lang='lat' dir='ltr'>sit,</span> <span class='ocrx_word' id='word_1_70' title='bbox 972 688 1010 720; x_wconf 88' lang='lat' dir='ltr'>de</span> 
     </span>
     <span class='ocr_line' id='line_1_19' title="bbox 267 741 1012 784; baseline 0 -11"><span class='ocrx_word' id='word_1_71' title='bbox 267 751 349 774; x_wconf 85' lang='lat' dir='ltr'>novo</span> <span class='ocrx_word' id='word_1_72' title='bbox 370 741 590 781; x_wconf 79' lang='lat' dir='ltr'>concedimus,</span> <span class='ocrx_word' id='word_1_73' title='bbox 614 741 694 774; x_wconf 87' lang='lat' dir='ltr'>itaut</span> <span class='ocrx_word' id='word_1_74' title='bbox 715 751 773 774; x_wconf 89' lang='lat' dir='ltr'>nec</span> <span class='ocrx_word' id='word_1_75' title='bbox 786 746 933 784; x_wconf 81' lang='lat' dir='ltr'>pretextu</span> <span class='ocrx_word' id='word_1_76' title='bbox 946 741 1012 784; x_wconf 83' lang='lat' dir='ltr'>pri—</span> 
     </span>
     <span class='ocr_line' id='line_1_20' title="bbox 267 794 1011 838; baseline 0.003 -12"><span class='ocrx_word' id='word_1_77' title='bbox 267 794 458 837; x_wconf 77' lang='lat' dir='ltr'>vilcgiorum</span> <span class='ocrx_word' id='word_1_78' title='bbox 495 795 593 828; x_wconf 86' lang='lat' dir='ltr'>Rotae</span> <span class='ocrx_word' id='word_1_79' title='bbox 613 794 859 833; x_wconf 76' lang='lat' dir='ltr'>Macerateusis,</span> <span class='ocrx_word' id='word_1_80' title='bbox 895 794 1011 838; x_wconf 65' lang='lat' dir='ltr'>quilius</span> 
     </span>
     <span class='ocr_line' id='line_1_21' title="bbox 267 847 1008 892; baseline 0 -11"><span class='ocrx_word' id='word_1_81' title='bbox 267 847 299 881; x_wconf 87' lang='lat' dir='ltr'>in</span> <span class='ocrx_word' id='word_1_82' title='bbox 321 848 379 882; x_wconf 84' lang='lat' dir='ltr'>hac</span> <span class='ocrx_word' id='word_1_83' title='bbox 399 855 489 892; x_wconf 86' lang='lat' dir='ltr'>parte</span> <span class='ocrx_word' id='word_1_84' title='bbox 517 853 547 881; x_wconf 89' lang='lat' dir='ltr'>et</span> <span class='ocrx_word' id='word_1_85' title='bbox 568 848 599 881; x_wconf 91' lang='lat' dir='ltr'>in</span> <span class='ocrx_word' id='word_1_86' title='bbox 626 853 782 892; x_wconf 88' lang='lat' dir='ltr'>quantum</span> <span class='ocrx_word' id='word_1_87' title='bbox 805 848 936 881; x_wconf 80' lang='lat' dir='ltr'>indultis</span> <span class='ocrx_word' id='word_1_88' title='bbox 961 849 1008 881; x_wconf 88' lang='lat' dir='ltr'>ci-</span> 
     </span>
     <span class='ocr_line' id='line_1_22' title="bbox 267 903 1012 947; baseline 0.001 -12"><span class='ocrx_word' id='word_1_89' title='bbox 267 903 372 936; x_wconf 75' lang='lat' dir='ltr'>vitatis</span> <span class='ocrx_word' id='word_1_90' title='bbox 407 904 558 936; x_wconf 80' lang='lat' dir='ltr'>Anconae</span> <span class='ocrx_word' id='word_1_91' title='bbox 578 903 825 947; x_wconf 81' lang='lat' dir='ltr'>quomodolibet</span> <span class='ocrx_word' id='word_1_92' title='bbox 850 903 1012 947; x_wconf 81' lang='lat' dir='ltr'>praeiudi—</span> 
     </span>
     <span class='ocr_line' id='line_1_23' title="bbox 268 955 1010 997; baseline -0.001 -8"><span class='ocrx_word' id='word_1_93' title='bbox 268 961 350 997; x_wconf 81' lang='lat' dir='ltr'>cent‚</span> <span class='ocrx_word' id='word_1_94' title='bbox 372 955 488 988; x_wconf 88' lang='lat' dir='ltr'>harum</span> <span class='ocrx_word' id='word_1_95' title='bbox 509 955 590 989; x_wconf 75' lang='lat' dir='ltr'>serIc</span> <span class='ocrx_word' id='word_1_96' title='bbox 612 967 646 989; x_wconf 80' lang='lat' dir='ltr'>ex</span> <span class='ocrx_word' id='word_1_97' title='bbox 665 961 752 988; x_wconf 82' lang='lat' dir='ltr'>certa</span> <span class='ocrx_word' id='word_1_98' title='bbox 773 961 883 989; x_wconf 87' lang='lat' dir='ltr'>nostra</span> <span class='ocrx_word' id='word_1_99' title='bbox 906 956 1010 989; x_wconf 88' lang='lat' dir='ltr'>scicn-</span> 
     </span>
     <span class='ocr_line' id='line_1_24' title="bbox 268 1008 1011 1053; baseline 0 -11"><span class='ocrx_word' id='word_1_100' title='bbox 268 1009 321 1050; x_wconf 87' lang='lat' dir='ltr'>tia,</span> <span class='ocrx_word' id='word_1_101' title='bbox 346 1009 551 1051; x_wconf 79' lang='lat' dir='ltr'>derogamus,</span> <span class='ocrx_word' id='word_1_102' title='bbox 585 1019 644 1042; x_wconf 89' lang='lat' dir='ltr'>nec</span> <span class='ocrx_word' id='word_1_103' title='bbox 671 1008 734 1042; x_wconf 90' lang='lat' dir='ltr'>alio</span> <span class='ocrx_word' id='word_1_104' title='bbox 763 1009 876 1053; x_wconf 55' lang='lat' dir='ltr'>quox‘is</span> <span class='ocrx_word' id='word_1_105' title='bbox 903 1009 1011 1042; x_wconf 85' lang='lat' dir='ltr'>colore</span> 
     </span>
     <span class='ocr_line' id='line_1_25' title="bbox 268 1062 1008 1102; baseline 0 -6"><span class='ocrx_word' id='word_1_106' title='bbox 268 1063 362 1102; x_wconf 87' lang='lat' dir='ltr'>alibi,</span> <span class='ocrx_word' id='word_1_107' title='bbox 391 1069 477 1096; x_wconf 85' lang='lat' dir='ltr'>extra</span> <span class='ocrx_word' id='word_1_108' title='bbox 509 1062 626 1096; x_wconf 90' lang='lat' dir='ltr'>dictam</span> <span class='ocrx_word' id='word_1_109' title='bbox 648 1062 808 1096; x_wconf 88' lang='lat' dir='ltr'>civitatem</span> <span class='ocrx_word' id='word_1_110' title='bbox 830 1063 1008 1096; x_wconf 75' lang='lat' dir='ltr'>Anconita-</span> 
     </span>
     <span class='ocr_line' id='line_1_26' title="bbox 268 1117 1012 1161; baseline 0.001 -11"><span class='ocrx_word' id='word_1_111' title='bbox 268 1127 362 1157; x_wconf 85' lang='lat' dir='ltr'>nam‚</span> <span class='ocrx_word' id='word_1_112' title='bbox 387 1117 418 1150; x_wconf 93' lang='lat' dir='ltr'>in</span> <span class='ocrx_word' id='word_1_113' title='bbox 446 1127 652 1161; x_wconf 85' lang='lat' dir='ltr'>quacumque</span> <span class='ocrx_word' id='word_1_114' title='bbox 680 1117 831 1150; x_wconf 82' lang='lat' dir='ltr'>instantia</span> <span class='ocrx_word' id='word_1_115' title='bbox 853 1117 934 1150; x_wconf 83' lang='lat' dir='ltr'>trahi</span> <span class='ocrx_word' id='word_1_116' title='bbox 956 1128 1012 1151; x_wconf 86' lang='lat' dir='ltr'>seu</span> 
     </span>
     <span class='ocr_line' id='line_1_27' title="bbox 269 1170 587 1215; baseline 0.006 -12"><span class='ocrx_word' id='word_1_117' title='bbox 269 1171 432 1205; x_wconf 80' lang='lat' dir='ltr'>conveniri</span> <span class='ocrx_word' id='word_1_118' title='bbox 453 1170 587 1215; x_wconf 83' lang='lat' dir='ltr'>possint.</span> 
     </span>
    </p>

    <p class='ocr_par' dir='ltr' id='par_1_6' title="bbox 269 1224 1016 2174">
     <span class='ocr_line' id='line_1_28' title="bbox 314 1224 1013 1267; baseline 0.003 -11"><span class='ocrx_word' id='word_1_119' title='bbox 314 1226 330 1267; x_wconf 66' lang='grc' dir='ltr'>ξ</span> <span class='ocrx_word' id='word_1_120' title='bbox 353 1224 404 1257; x_wconf 84' lang='lat' dir='ltr'>ll.</span> <span class='ocrx_word' id='word_1_121' title='bbox 433 1224 630 1264; x_wconf 81' lang='lat' dir='ltr'>Quinimmo,</span> <span class='ocrx_word' id='word_1_122' title='bbox 654 1232 688 1259; x_wconf 91' lang='lat' dir='ltr'>ut</span> <span class='ocrx_word' id='word_1_123' title='bbox 706 1225 955 1264; x_wconf 78' lang='lat' dir='ltr'>controversiae,</span> <span class='ocrx_word' id='word_1_124' title='bbox 984 1231 1013 1259; x_wconf 90' lang='lat' dir='ltr'>et</span> 
     </span>
     <span class='ocr_line' id='line_1_29' title="bbox 270 1277 1014 1323; baseline 0.001 -13"><span class='ocrx_word' id='word_1_125' title='bbox 270 1277 339 1311; x_wconf 87' lang='lat' dir='ltr'>lites</span> <span class='ocrx_word' id='word_1_126' title='bbox 359 1278 555 1316; x_wconf 81' lang='lat' dir='ltr'>huiusmodi,</span> <span class='ocrx_word' id='word_1_127' title='bbox 591 1279 843 1323; x_wconf 82' lang='lat' dir='ltr'>quamcitissime</span> <span class='ocrx_word' id='word_1_128' title='bbox 864 1285 894 1312; x_wconf 91' lang='lat' dir='ltr'>et</span> <span class='ocrx_word' id='word_1_129' title='bbox 921 1279 1014 1312; x_wconf 89' lang='lat' dir='ltr'>mini-</span> 
     </span>
     <span class='ocr_line' id='line_1_30' title="bbox 271 1331 1012 1375; baseline 0.003 -11"><span class='ocrx_word' id='word_1_130' title='bbox 271 1342 323 1364; x_wconf 93' lang='lat' dir='ltr'>mo</span> <span class='ocrx_word' id='word_1_131' title='bbox 344 1331 514 1375; x_wconf 87' lang='lat' dir='ltr'>dispendio</span> <span class='ocrx_word' id='word_1_132' title='bbox 534 1332 758 1369; x_wconf 73' lang='lat' dir='ltr'>terminentur,</span> <span class='ocrx_word' id='word_1_133' title='bbox 790 1333 959 1366; x_wconf 81' lang='lat' dir='ltr'>statuimus</span> <span class='ocrx_word' id='word_1_134' title='bbox 980 1338 1012 1366; x_wconf 92' lang='lat' dir='ltr'>ut</span> 
     </span>
     <span class='ocr_line' id='line_1_31' title="bbox 271 1385 1013 1430; baseline 0 -11"><span class='ocrx_word' id='word_1_135' title='bbox 271 1385 453 1430; x_wconf 82' lang='lat' dir='ltr'>quotannis,</span> <span class='ocrx_word' id='word_1_136' title='bbox 484 1398 520 1419; x_wconf 84' lang='lat' dir='ltr'>ex</span> <span class='ocrx_word' id='word_1_137' title='bbox 540 1397 677 1420; x_wconf 91' lang='lat' dir='ltr'>numero</span> <span class='ocrx_word' id='word_1_138' title='bbox 699 1393 916 1420; x_wconf 86' lang='lat' dir='ltr'>mercatorum</span> <span class='ocrx_word' id='word_1_139' title='bbox 936 1387 1013 1420; x_wconf 89' lang='lat' dir='ltr'>inibi</span> 
     </span>
     <span class='ocr_line' id='line_1_32' title="bbox 271 1440 1010 1483; baseline 0.003 -11"><span class='ocrx_word' id='word_1_140' title='bbox 271 1440 544 1473; x_wconf 79' lang='lat' dir='ltr'>commorantium</span> <span class='ocrx_word' id='word_1_141' title='bbox 577 1446 640 1473; x_wconf 83' lang='lat' dir='ltr'>tres</span> <span class='ocrx_word' id='word_1_142' title='bbox 667 1441 815 1474; x_wconf 84' lang='lat' dir='ltr'>consules</span> <span class='ocrx_word' id='word_1_143' title='bbox 840 1441 1010 1483; x_wconf 73' lang='lat' dir='ltr'>eligantur,</span> 
     </span>
     <span class='ocr_line' id='line_1_33' title="bbox 270 1490 1013 1532; baseline 0.001 -8"><span class='ocrx_word' id='word_1_144' title='bbox 270 1491 351 1524; x_wconf 85' lang='lat' dir='ltr'>alter</span> <span class='ocrx_word' id='word_1_145' title='bbox 371 1490 525 1524; x_wconf 91' lang='lat' dir='ltr'>nimirum</span> <span class='ocrx_word' id='word_1_146' title='bbox 547 1502 581 1524; x_wconf 74' lang='lat' dir='ltr'>cx</span> <span class='ocrx_word' id='word_1_147' title='bbox 603 1491 802 1532; x_wconf 86' lang='lat' dir='ltr'>Florentina,</span> <span class='ocrx_word' id='word_1_148' title='bbox 838 1493 918 1525; x_wconf 84' lang='lat' dir='ltr'>alter</span> <span class='ocrx_word' id='word_1_149' title='bbox 940 1503 1013 1526; x_wconf 57' lang='lat' dir='ltr'>vero</span> 
     </span>
     <span class='ocr_line' id='line_1_34' title="bbox 269 1545 1015 1590; baseline 0.003 -13"><span class='ocrx_word' id='word_1_150' title='bbox 269 1555 327 1589; x_wconf 88' lang='lat' dir='ltr'>per</span> <span class='ocrx_word' id='word_1_151' title='bbox 347 1545 585 1583; x_wconf 76' lang='lat' dir='ltr'>ultramarinos,</span> <span class='ocrx_word' id='word_1_152' title='bbox 610 1556 645 1578; x_wconf 88' lang='lat' dir='ltr'>ac</span> <span class='ocrx_word' id='word_1_153' title='bbox 672 1546 783 1579; x_wconf 85' lang='lat' dir='ltr'>tertius</span> <span class='ocrx_word' id='word_1_154' title='bbox 803 1557 839 1579; x_wconf 86' lang='lat' dir='ltr'>ex</span> <span class='ocrx_word' id='word_1_155' title='bbox 857 1545 919 1578; x_wconf 87' lang='lat' dir='ltr'>alia</span> <span class='ocrx_word' id='word_1_156' title='bbox 937 1558 1015 1590; x_wconf 86' lang='lat' dir='ltr'>qua-</span> 
     </span>
     <span class='ocr_line' id='line_1_35' title="bbox 270 1597 1014 1638; baseline 0.004 -8"><span class='ocrx_word' id='word_1_157' title='bbox 270 1597 314 1631; x_wconf 76' lang='lat' dir='ltr'>vis</span> <span class='ocrx_word' id='word_1_158' title='bbox 335 1597 476 1638; x_wconf 88' lang='lat' dir='ltr'>natione,</span> <span class='ocrx_word' id='word_1_159' title='bbox 500 1598 634 1632; x_wconf 82' lang='lat' dir='ltr'>arbitrio</span> <span class='ocrx_word' id='word_1_160' title='bbox 655 1599 872 1632; x_wconf 64' lang='lat' dir='ltr'>universitatis</span> <span class='ocrx_word' id='word_1_161' title='bbox 890 1611 1014 1633; x_wconf 81' lang='lat' dir='ltr'>merca—</span> 
     </span>
     <span class='ocr_line' id='line_1_36' title="bbox 270 1651 1013 1695; baseline 0 -10"><span class='ocrx_word' id='word_1_162' title='bbox 270 1657 376 1685; x_wconf 84' lang='lat' dir='ltr'>torum</span> <span class='ocrx_word' id='word_1_163' title='bbox 405 1651 437 1683; x_wconf 93' lang='lat' dir='ltr'>in</span> <span class='ocrx_word' id='word_1_164' title='bbox 476 1651 640 1695; x_wconf 88' lang='lat' dir='ltr'>praedicta</span> <span class='ocrx_word' id='word_1_165' title='bbox 673 1651 798 1685; x_wconf 65' lang='lat' dir='ltr'>cix-itate</span> <span class='ocrx_word' id='word_1_166' title='bbox 828 1652 1013 1695; x_wconf 86' lang='lat' dir='ltr'>degentium</span> 
     </span>
     <span class='ocr_line' id='line_1_37' title="bbox 269 1704 1015 1749; baseline 0.001 -11"><span class='ocrx_word' id='word_1_167' title='bbox 269 1704 447 1748; x_wconf 80' lang='lat' dir='ltr'>eligendus,</span> <span class='ocrx_word' id='word_1_168' title='bbox 483 1716 644 1749; x_wconf 89' lang='lat' dir='ltr'>quorum,</span> <span class='ocrx_word' id='word_1_169' title='bbox 684 1706 731 1738; x_wconf 92' lang='lat' dir='ltr'>vel</span> <span class='ocrx_word' id='word_1_170' title='bbox 752 1706 893 1740; x_wconf 88' lang='lat' dir='ltr'>duorum</span> <span class='ocrx_word' id='word_1_171' title='bbox 915 1718 951 1740; x_wconf 82' lang='lat' dir='ltr'>ex</span> <span class='ocrx_word' id='word_1_172' title='bbox 978 1707 1015 1740; x_wconf 90' lang='lat' dir='ltr'>iis</span> 
     </span>
     <span class='ocr_line' id='line_1_38' title="bbox 270 1759 1014 1803; baseline 0.004 -11"><span class='ocrx_word' id='word_1_173' title='bbox 270 1759 468 1793; x_wconf 88' lang='lat' dir='ltr'>coniunctim</span> <span class='ocrx_word' id='word_1_174' title='bbox 489 1759 735 1803; x_wconf 88' lang='lat' dir='ltr'>procedentium</span> <span class='ocrx_word' id='word_1_175' title='bbox 748 1759 879 1801; x_wconf 87' lang='lat' dir='ltr'>iudicio,</span> <span class='ocrx_word' id='word_1_176' title='bbox 901 1772 1014 1795; x_wconf 86' lang='lat' dir='ltr'>causae.</span> 
     </span>
     <span class='ocr_line' id='line_1_39' title="bbox 269 1813 1015 1854; baseline 0.003 -9"><span class='ocrx_word' id='word_1_177' title='bbox 269 1823 381 1846; x_wconf 88' lang='lat' dir='ltr'>omnes</span> <span class='ocrx_word' id='word_1_178' title='bbox 402 1813 486 1846; x_wconf 88' lang='lat' dir='ltr'>inter</span> <span class='ocrx_word' id='word_1_179' title='bbox 503 1819 699 1846; x_wconf 81' lang='lat' dir='ltr'>mercatores</span> <span class='ocrx_word' id='word_1_180' title='bbox 724 1813 872 1854; x_wconf 89' lang='lat' dir='ltr'>invicem,</span> <span class='ocrx_word' id='word_1_181' title='bbox 897 1825 953 1848; x_wconf 89' lang='lat' dir='ltr'>seu</span> <span class='ocrx_word' id='word_1_182' title='bbox 968 1815 1015 1847; x_wconf 92' lang='lat' dir='ltr'>in-</span> 
     </span>
     <span class='ocr_line' id='line_1_40' title="bbox 272 1866 1015 1910; baseline 0.003 -11"><span class='ocrx_word' id='word_1_183' title='bbox 272 1872 318 1899; x_wconf 80' lang='lat' dir='ltr'>ter</span> <span class='ocrx_word' id='word_1_184' title='bbox 339 1866 409 1899; x_wconf 89' lang='lat' dir='ltr'>illos</span> <span class='ocrx_word' id='word_1_185' title='bbox 431 1872 460 1899; x_wconf 86' lang='lat' dir='ltr'>et</span> <span class='ocrx_word' id='word_1_186' title='bbox 488 1866 566 1900; x_wconf 87' lang='lat' dir='ltr'>alias</span> <span class='ocrx_word' id='word_1_187' title='bbox 586 1877 752 1910; x_wconf 85' lang='lat' dir='ltr'>personas,</span> <span class='ocrx_word' id='word_1_188' title='bbox 777 1874 831 1900; x_wconf 87' lang='lat' dir='ltr'>aut</span> <span class='ocrx_word' id='word_1_189' title='bbox 851 1867 946 1901; x_wconf 85' lang='lat' dir='ltr'>etiam</span> <span class='ocrx_word' id='word_1_190' title='bbox 968 1868 1015 1901; x_wconf 89' lang='lat' dir='ltr'>in-</span> 
     </span>
     <span class='ocr_line' id='line_1_41' title="bbox 270 1917 1016 1961; baseline 0.001 -10"><span class='ocrx_word' id='word_1_191' title='bbox 270 1924 319 1951; x_wconf 87' lang='lat' dir='ltr'>ter</span> <span class='ocrx_word' id='word_1_192' title='bbox 339 1917 420 1951; x_wconf 89' lang='lat' dir='ltr'>alios</span> <span class='ocrx_word' id='word_1_193' title='bbox 448 1928 670 1961; x_wconf 88' lang='lat' dir='ltr'>quoscumque</span> <span class='ocrx_word' id='word_1_194' title='bbox 702 1918 871 1952; x_wconf 83' lang='lat' dir='ltr'>occasione</span> <span class='ocrx_word' id='word_1_195' title='bbox 893 1930 1016 1952; x_wconf 81' lang='lat' dir='ltr'>merca-</span> 
     </span>
     <span class='ocr_line' id='line_1_42' title="bbox 269 1970 1010 2013; baseline 0.003 -11"><span class='ocrx_word' id='word_1_196' title='bbox 269 1975 361 2004; x_wconf 81' lang='lat' dir='ltr'>turae</span> <span class='ocrx_word' id='word_1_197' title='bbox 379 1970 624 2013; x_wconf 78' lang='lat' dir='ltr'>quomodolibet</span> <span class='ocrx_word' id='word_1_198' title='bbox 646 1976 751 2003; x_wconf 87' lang='lat' dir='ltr'>motae</span> <span class='ocrx_word' id='word_1_199' title='bbox 772 1976 802 2004; x_wconf 89' lang='lat' dir='ltr'>et</span> <span class='ocrx_word' id='word_1_200' title='bbox 820 1971 1010 2011; x_wconf 63' lang='lat' dir='ltr'>metendae,</span> 
     </span>
     <span class='ocr_line' id='line_1_43' title="bbox 271 2023 1015 2067; baseline 0.001 -11"><span class='ocrx_word' id='word_1_201' title='bbox 271 2023 457 2063; x_wconf 84' lang='lat' dir='ltr'>summarie,</span> <span class='ocrx_word' id='word_1_202' title='bbox 489 2023 681 2067; x_wconf 83' lang='lat' dir='ltr'>simpliciter</span> <span class='ocrx_word' id='word_1_203' title='bbox 710 2030 739 2057; x_wconf 94' lang='lat' dir='ltr'>et</span> <span class='ocrx_word' id='word_1_204' title='bbox 765 2025 803 2058; x_wconf 89' lang='lat' dir='ltr'>de</span> <span class='ocrx_word' id='word_1_205' title='bbox 824 2025 931 2067; x_wconf 69' lang='lat' dir='ltr'>plano,</span> <span class='ocrx_word' id='word_1_206' title='bbox 947 2024 1015 2058; x_wconf 90' lang='lat' dir='ltr'>sine</span> 
     </span>
     <span class='ocr_line' id='line_1_44' title="bbox 270 2076 1015 2120; baseline 0.001 -11"><span class='ocrx_word' id='word_1_207' title='bbox 270 2076 405 2120; x_wconf 87' lang='lat' dir='ltr'>strepitu</span> <span class='ocrx_word' id='word_1_208' title='bbox 441 2082 471 2109; x_wconf 91' lang='lat' dir='ltr'>et</span> <span class='ocrx_word' id='word_1_209' title='bbox 491 2076 595 2119; x_wconf 77' lang='lat' dir='ltr'>figura</span> <span class='ocrx_word' id='word_1_210' title='bbox 623 2077 744 2117; x_wconf 84' lang='lat' dir='ltr'>iudicii,</span> <span class='ocrx_word' id='word_1_211' title='bbox 779 2078 847 2111; x_wconf 90' lang='lat' dir='ltr'>sola</span> <span class='ocrx_word' id='word_1_212' title='bbox 869 2078 942 2110; x_wconf 77' lang='lat' dir='ltr'>facti</span> <span class='ocrx_word' id='word_1_213' title='bbox 963 2088 1015 2111; x_wconf 89' lang='lat' dir='ltr'>ve-</span> 
     </span>
     <span class='ocr_line' id='line_1_45' title="bbox 271 2129 1015 2174; baseline 0.003 -11"><span class='ocrx_word' id='word_1_214' title='bbox 271 2129 363 2163; x_wconf 86' lang='lat' dir='ltr'>ritate</span> <span class='ocrx_word' id='word_1_215' title='bbox 384 2130 538 2174; x_wconf 84' lang='lat' dir='ltr'>inspecta,</span> <span class='ocrx_word' id='word_1_216' title='bbox 569 2137 816 2173; x_wconf 75' lang='lat' dir='ltr'>cognoscantur,</span> <span class='ocrx_word' id='word_1_217' title='bbox 842 2131 1015 2165; x_wconf 80' lang='lat' dir='ltr'>audiantur</span> 
     </span>
    </p>
   </div>
   <div class='ocr_carea' id='block_1_6' title="bbox 270 2237 1015 2598">
    <p class='ocr_par' dir='ltr' id='par_1_7' title="bbox 270 2237 1015 2598">
     <span class='ocr_line' id='line_1_46' title="bbox 270 2237 1015 2281; baseline 0.003 -12"><span class='ocrx_word' id='word_1_218' title='bbox 270 2247 463 2271; x_wconf 83' lang='lat' dir='ltr'>assessorem</span> <span class='ocrx_word' id='word_1_219' title='bbox 496 2237 636 2281; x_wconf 85' lang='lat' dir='ltr'>aliquem</span> <span class='ocrx_word' id='word_1_220' title='bbox 670 2237 746 2270; x_wconf 89' lang='lat' dir='ltr'>iuris</span> <span class='ocrx_word' id='word_1_221' title='bbox 785 2237 924 2281; x_wconf 89' lang='lat' dir='ltr'>peritum</span> <span class='ocrx_word' id='word_1_222' title='bbox 957 2248 1015 2271; x_wconf 87' lang='lat' dir='ltr'>suo</span> 
     </span>
     <span class='ocr_line' id='line_1_47' title="bbox 271 2290 1014 2331; baseline 0.001 -8"><span class='ocrx_word' id='word_1_223' title='bbox 271 2290 404 2324; x_wconf 81' lang='lat' dir='ltr'>arbitrio</span> <span class='ocrx_word' id='word_1_224' title='bbox 437 2296 622 2331; x_wconf 86' lang='lat' dir='ltr'>assumant,</span> <span class='ocrx_word' id='word_1_225' title='bbox 658 2290 748 2324; x_wconf 87' lang='lat' dir='ltr'>cuius</span> <span class='ocrx_word' id='word_1_226' title='bbox 781 2297 855 2324; x_wconf 84' lang='lat' dir='ltr'>voto</span> <span class='ocrx_word' id='word_1_227' title='bbox 877 2291 907 2323; x_wconf 91' lang='lat' dir='ltr'>in</span> <span class='ocrx_word' id='word_1_228' title='bbox 931 2291 1014 2324; x_wconf 89' lang='lat' dir='ltr'>eius-</span> 
     </span>
     <span class='ocr_line' id='line_1_48' title="bbox 272 2343 1014 2388; baseline 0 -11"><span class='ocrx_word' id='word_1_229' title='bbox 272 2343 360 2377; x_wconf 87' lang='lat' dir='ltr'>modi</span> <span class='ocrx_word' id='word_1_230' title='bbox 381 2344 484 2378; x_wconf 87' lang='lat' dir='ltr'>causis</span> <span class='ocrx_word' id='word_1_231' title='bbox 504 2344 696 2378; x_wconf 84' lang='lat' dir='ltr'>definiendis</span> <span class='ocrx_word' id='word_1_232' title='bbox 717 2344 761 2377; x_wconf 91' lang='lat' dir='ltr'>uti</span> <span class='ocrx_word' id='word_1_233' title='bbox 776 2344 907 2388; x_wconf 88' lang='lat' dir='ltr'>possint.</span> <span class='ocrx_word' id='word_1_234' title='bbox 924 2344 1014 2384; x_wconf 84' lang='lat' dir='ltr'>Quod</span> 
     </span>
     <span class='ocr_line' id='line_1_49' title="bbox 272 2397 1011 2442; baseline 0.001 -12"><span class='ocrx_word' id='word_1_235' title='bbox 272 2397 296 2431; x_wconf 95' lang='lat' dir='ltr'>si</span> <span class='ocrx_word' id='word_1_236' title='bbox 317 2408 378 2438; x_wconf 83' lang='lat' dir='ltr'>res,</span> <span class='ocrx_word' id='word_1_237' title='bbox 400 2398 438 2432; x_wconf 83' lang='lat' dir='ltr'>de</span> <span class='ocrx_word' id='word_1_238' title='bbox 459 2398 576 2442; x_wconf 84' lang='lat' dir='ltr'>quibus</span> <span class='ocrx_word' id='word_1_239' title='bbox 604 2403 737 2440; x_wconf 71' lang='lat' dir='ltr'>agetur,</span> <span class='ocrx_word' id='word_1_240' title='bbox 763 2399 903 2432; x_wconf 82' lang='lat' dir='ltr'>valorem</span> <span class='ocrx_word' id='word_1_241' title='bbox 930 2409 1011 2442; x_wconf 88' lang='lat' dir='ltr'>qua-</span> 
     </span>
     <span class='ocr_line' id='line_1_50' title="bbox 273 2451 1015 2494; baseline 0.001 -9"><span class='ocrx_word' id='word_1_242' title='bbox 273 2451 421 2494; x_wconf 80' lang='lat' dir='ltr'>draginta</span> <span class='ocrx_word' id='word_1_243' title='bbox 438 2457 600 2485; x_wconf 89' lang='lat' dir='ltr'>scutorum</span> <span class='ocrx_word' id='word_1_244' title='bbox 628 2463 692 2485; x_wconf 91' lang='lat' dir='ltr'>non</span> <span class='ocrx_word' id='word_1_245' title='bbox 714 2453 881 2490; x_wconf 79' lang='lat' dir='ltr'>excedunt,</span> <span class='ocrx_word' id='word_1_246' title='bbox 905 2463 920 2484; x_wconf 84' lang='lat' dir='ltr'>a</span> <span class='ocrx_word' id='word_1_247' title='bbox 943 2463 1015 2486; x_wconf 89' lang='lat' dir='ltr'>sen-</span> 
     </span>
     <span class='ocr_line' id='line_1_51' title="bbox 275 2505 1014 2539; baseline 0.001 -2"><span class='ocrx_word' id='word_1_248' title='bbox 275 2505 380 2538; x_wconf 83' lang='lat' dir='ltr'>tentiis</span> <span class='ocrx_word' id='word_1_249' title='bbox 420 2505 466 2538; x_wconf 86' lang='lat' dir='ltr'>vel</span> <span class='ocrx_word' id='word_1_250' title='bbox 499 2505 635 2539; x_wconf 83' lang='lat' dir='ltr'>decretis</span> <span class='ocrx_word' id='word_1_251' title='bbox 676 2505 736 2538; x_wconf 87' lang='lat' dir='ltr'>vim</span> <span class='ocrx_word' id='word_1_252' title='bbox 770 2505 932 2539; x_wconf 85' lang='lat' dir='ltr'>definitive</span> <span class='ocrx_word' id='word_1_253' title='bbox 958 2506 1014 2539; x_wconf 86' lang='lat' dir='ltr'>ha-</span> 
     </span>
     <span class='ocr_line' id='line_1_52' title="bbox 273 2557 1012 2598; baseline 0.001 -8"><span class='ocrx_word' id='word_1_254' title='bbox 273 2557 433 2598; x_wconf 83' lang='lat' dir='ltr'>bentibus,</span> <span class='ocrx_word' id='word_1_255' title='bbox 472 2559 660 2593; x_wconf 86' lang='lat' dir='ltr'>eorumdem</span> <span class='ocrx_word' id='word_1_256' title='bbox 690 2560 858 2593; x_wconf 84' lang='lat' dir='ltr'>consulum</span> <span class='ocrx_word' id='word_1_257' title='bbox 892 2570 956 2593; x_wconf 91' lang='lat' dir='ltr'>non</span> <span class='ocrx_word' id='word_1_258' title='bbox 977 2560 1012 2591; x_wconf 87' lang='lat' dir='ltr'>li-</span> 
     </span>
    </p>
   </div>
   <div class='ocr_carea' id='block_1_7' title="bbox 275 2612 1030 2657">
    <p class='ocr_par' dir='ltr' id='par_1_8' title="bbox 275 2612 1030 2657">
     <span class='ocr_line' id='line_1_53' title="bbox 275 2612 1030 2657; baseline 0.001 -12"><span class='ocrx_word' id='word_1_259' title='bbox 275 2616 559 2655; x_wconf 70' lang='lat' dir='ltr'>ceatprovocare.</span> <span class='ocrx_word' id='word_1_260' title='bbox 598 2612 629 2647; x_wconf 88' lang='lat' dir='ltr'>Si</span> <span class='ocrx_word' id='word_1_261' title='bbox 671 2618 778 2646; x_wconf 87' lang='lat' dir='ltr'>autem</span> <span class='ocrx_word' id='word_1_262' title='bbox 814 2613 1030 2657; x_wconf 61' lang='lat' dir='ltr'>praedictaur</span> 
     </span>
    </p>
   </div>
   <div class='ocr_carea' id='block_1_8' title="bbox 1025 316 1037 2576">
    <p class='ocr_par' dir='ltr' id='par_1_9' title="bbox 1025 316 1037 2576">
     <span class='ocr_line' id='line_1_54' title="bbox 1025 316 1037 2576; baseline 0 0"><span class='ocrx_word' id='word_1_263' title='bbox 1025 316 1037 2576; x_wconf 95' lang='lat' dir='ltr'> </span> 
     </span>
    </p>
   </div>
   <div class='ocr_carea' id='block_1_9' title="bbox 1696 199 1757 232">
    <p class='ocr_par' dir='ltr' id='par_1_10' title="bbox 1696 199 1757 232">
     <span class='ocr_line' id='line_1_55' title="bbox 1696 199 1757 232; baseline 0.016 -1"><span class='ocrx_word' id='word_1_264' title='bbox 1696 199 1757 232; x_wconf 79' lang='lat'>107</span> 
     </span>
    </p>
   </div>
   <div class='ocr_carea' id='block_1_10' title="bbox 1046 257 1797 2130">
    <p class='ocr_par' dir='ltr' id='par_1_11' title="bbox 1046 257 1792 1149">
     <span class='ocr_line' id='line_1_56' title="bbox 1047 257 1788 294; baseline 0.001 -5"><span class='ocrx_word' id='word_1_265' title='bbox 1047 268 1205 291; x_wconf 75' lang='lat' dir='ltr'>summam</span> <span class='ocrx_word' id='word_1_266' title='bbox 1228 258 1430 294; x_wconf 76' lang='lat' dir='ltr'>excesserint.</span> <span class='ocrx_word' id='word_1_267' title='bbox 1452 268 1516 290; x_wconf 91' lang='lat' dir='ltr'>non</span> <span class='ocrx_word' id='word_1_268' title='bbox 1531 258 1570 290; x_wconf 85' lang='lat' dir='ltr'>ad</span> <span class='ocrx_word' id='word_1_269' title='bbox 1585 257 1681 290; x_wconf 85' lang='lat' dir='ltr'>alium</span> <span class='ocrx_word' id='word_1_270' title='bbox 1704 257 1788 290; x_wconf 90' lang='lat' dir='ltr'>iudi-</span> 
     </span>
     <span class='ocr_line' id='line_1_57' title="bbox 1047 312 1791 356; baseline -0.001 -12"><span class='ocrx_word' id='word_1_271' title='bbox 1047 323 1115 345; x_wconf 83' lang='lat' dir='ltr'>cem</span> <span class='ocrx_word' id='word_1_272' title='bbox 1135 312 1179 345; x_wconf 81' lang='lat' dir='ltr'>fas</span> <span class='ocrx_word' id='word_1_273' title='bbox 1196 312 1234 345; x_wconf 89' lang='lat' dir='ltr'>sit</span> <span class='ocrx_word' id='word_1_274' title='bbox 1249 312 1423 356; x_wconf 80' lang='lat' dir='ltr'>appellare,</span> <span class='ocrx_word' id='word_1_275' title='bbox 1440 322 1537 354; x_wconf 81' lang='lat' dir='ltr'>quam</span> <span class='ocrx_word' id='word_1_276' title='bbox 1552 312 1591 344; x_wconf 83' lang='lat' dir='ltr'>ad</span> <span class='ocrx_word' id='word_1_277' title='bbox 1605 317 1728 355; x_wconf 83' lang='lat' dir='ltr'>septem</span> <span class='ocrx_word' id='word_1_278' title='bbox 1743 312 1791 344; x_wconf 90' lang='lat' dir='ltr'>vel</span> 
     </span>
     <span class='ocr_line' id='line_1_58' title="bbox 1046 364 1790 408; baseline -0.001 -10"><span class='ocrx_word' id='word_1_279' title='bbox 1046 371 1118 398; x_wconf 88' lang='lat' dir='ltr'>octo</span> <span class='ocrx_word' id='word_1_280' title='bbox 1145 371 1340 398; x_wconf 79' lang='lat' dir='ltr'>mercatores</span> <span class='ocrx_word' id='word_1_281' title='bbox 1367 370 1452 398; x_wconf 88' lang='lat' dir='ltr'>sorte</span> <span class='ocrx_word' id='word_1_282' title='bbox 1480 364 1704 403; x_wconf 60' lang='lat' dir='ltr'>extrahendos,</span> <span class='ocrx_word' id='word_1_283' title='bbox 1737 365 1790 408; x_wconf 86' lang='lat' dir='ltr'>qui</span> 
     </span>
     <span class='ocr_line' id='line_1_59' title="bbox 1047 418 1790 462; baseline 0 -12"><span class='ocrx_word' id='word_1_284' title='bbox 1047 418 1231 451; x_wconf 80' lang='lat' dir='ltr'>huiusmodi</span> <span class='ocrx_word' id='word_1_285' title='bbox 1270 429 1380 451; x_wconf 77' lang='lat' dir='ltr'>causas</span> <span class='ocrx_word' id='word_1_286' title='bbox 1412 418 1665 462; x_wconf 80' lang='lat' dir='ltr'>appellationum</span> <span class='ocrx_word' id='word_1_287' title='bbox 1695 418 1790 450; x_wconf 86' lang='lat' dir='ltr'>etiam</span> 
     </span>
     <span class='ocr_line' id='line_1_60' title="bbox 1046 471 1792 516; baseline 0.001 -13"><span class='ocrx_word' id='word_1_288' title='bbox 1046 472 1232 508; x_wconf 72' lang='lat' dir='ltr'>summarie„</span> <span class='ocrx_word' id='word_1_289' title='bbox 1266 472 1456 516; x_wconf 85' lang='lat' dir='ltr'>simpliciter</span> <span class='ocrx_word' id='word_1_290' title='bbox 1477 473 1558 505; x_wconf 88' lang='lat' dir='ltr'>etde</span> <span class='ocrx_word' id='word_1_291' title='bbox 1581 472 1688 516; x_wconf 80' lang='lat' dir='ltr'>plano,</span> <span class='ocrx_word' id='word_1_292' title='bbox 1724 471 1792 504; x_wconf 86' lang='lat' dir='ltr'>siue</span> 
     </span>
     <span class='ocr_line' id='line_1_61' title="bbox 1046 524 1790 569; baseline -0.001 -11"><span class='ocrx_word' id='word_1_293' title='bbox 1046 525 1178 569; x_wconf 82' lang='lat' dir='ltr'>strepitu</span> <span class='ocrx_word' id='word_1_294' title='bbox 1201 530 1228 557; x_wconf 85' lang='lat' dir='ltr'>et</span> <span class='ocrx_word' id='word_1_295' title='bbox 1248 526 1350 567; x_wconf 67' lang='lat' dir='ltr'>ligura</span> <span class='ocrx_word' id='word_1_296' title='bbox 1377 525 1497 565; x_wconf 87' lang='lat' dir='ltr'>iudicii,</span> <span class='ocrx_word' id='word_1_297' title='bbox 1521 525 1589 558; x_wconf 88' lang='lat' dir='ltr'>sola</span> <span class='ocrx_word' id='word_1_298' title='bbox 1610 524 1681 558; x_wconf 85' lang='lat' dir='ltr'>sacti</span> <span class='ocrx_word' id='word_1_299' title='bbox 1704 525 1790 558; x_wconf 83' lang='lat' dir='ltr'>veri-</span> 
     </span>
     <span class='ocr_line' id='line_1_62' title="bbox 1048 579 1788 622; baseline 0.001 -11"><span class='ocrx_word' id='word_1_300' title='bbox 1048 585 1109 612; x_wconf 85' lang='lat' dir='ltr'>tate</span> <span class='ocrx_word' id='word_1_301' title='bbox 1140 579 1292 622; x_wconf 68' lang='lat' dir='ltr'>inspcctzi,</span> <span class='ocrx_word' id='word_1_302' title='bbox 1323 579 1516 616; x_wconf 75' lang='lat' dir='ltr'>terminent,</span> <span class='ocrx_word' id='word_1_303' title='bbox 1551 590 1608 612; x_wconf 76' lang='lat' dir='ltr'>uer</span> <span class='ocrx_word' id='word_1_304' title='bbox 1634 579 1788 619; x_wconf 77' lang='lat' dir='ltr'>ulterius,</span> 
     </span>
     <span class='ocr_line' id='line_1_63' title="bbox 1046 633 1790 676; baseline 0.001 -13"><span class='ocrx_word' id='word_1_305' title='bbox 1046 643 1142 675; x_wconf 86' lang='lat' dir='ltr'>quam</span> <span class='ocrx_word' id='word_1_306' title='bbox 1165 633 1263 665; x_wconf 85' lang='lat' dir='ltr'>semel</span> <span class='ocrx_word' id='word_1_307' title='bbox 1287 637 1421 671; x_wconf 87' lang='lat' dir='ltr'>tantum,</span> <span class='ocrx_word' id='word_1_308' title='bbox 1455 637 1485 665; x_wconf 92' lang='lat' dir='ltr'>ut</span> <span class='ocrx_word' id='word_1_309' title='bbox 1509 634 1698 676; x_wconf 72' lang='lat' dir='ltr'>praefertur,</span> <span class='ocrx_word' id='word_1_310' title='bbox 1729 633 1790 665; x_wconf 89' lang='lat' dir='ltr'>ulla</span> 
     </span>
     <span class='ocr_line' id='line_1_64' title="bbox 1047 686 1792 730; baseline 0.001 -12"><span class='ocrx_word' id='word_1_311' title='bbox 1047 686 1179 719; x_wconf 90' lang='lat' dir='ltr'>omnino</span> <span class='ocrx_word' id='word_1_312' title='bbox 1194 686 1367 730; x_wconf 86' lang='lat' dir='ltr'>appellatio</span> <span class='ocrx_word' id='word_1_313' title='bbox 1377 686 1480 719; x_wconf 84' lang='lat' dir='ltr'>detur.</span> <span class='ocrx_word' id='word_1_314' title='bbox 1498 687 1601 729; x_wconf 79' lang='lat' dir='ltr'>Atque</span> <span class='ocrx_word' id='word_1_315' title='bbox 1620 686 1650 719; x_wconf 90' lang='lat' dir='ltr'>in</span> <span class='ocrx_word' id='word_1_316' title='bbox 1672 686 1792 729; x_wconf 80' lang='lat' dir='ltr'>eligen-</span> 
     </span>
     <span class='ocr_line' id='line_1_65' title="bbox 1047 739 1788 777; baseline 0 -5"><span class='ocrx_word' id='word_1_317' title='bbox 1047 739 1095 773; x_wconf 92' lang='lat' dir='ltr'>dis</span> <span class='ocrx_word' id='word_1_318' title='bbox 1119 739 1305 772; x_wconf 84' lang='lat' dir='ltr'>consulibus</span> <span class='ocrx_word' id='word_1_319' title='bbox 1320 740 1435 772; x_wconf 88' lang='lat' dir='ltr'>modus</span> <span class='ocrx_word' id='word_1_320' title='bbox 1450 745 1480 772; x_wconf 90' lang='lat' dir='ltr'>et</span> <span class='ocrx_word' id='word_1_321' title='bbox 1493 740 1595 773; x_wconf 81' lang='lat' dir='ltr'>torma</span> <span class='ocrx_word' id='word_1_322' title='bbox 1609 745 1788 777; x_wconf 79' lang='lat' dir='ltr'>serventur,</span> 
     </span>
     <span class='ocr_line' id='line_1_66' title="bbox 1046 792 1792 837; baseline 0.003 -12"><span class='ocrx_word' id='word_1_323' title='bbox 1046 804 1127 837; x_wconf 84' lang='lat' dir='ltr'>quae</span> <span class='ocrx_word' id='word_1_324' title='bbox 1137 793 1165 825; x_wconf 94' lang='lat' dir='ltr'>in</span> <span class='ocrx_word' id='word_1_325' title='bbox 1178 798 1271 826; x_wconf 87' lang='lat' dir='ltr'>statut</span> <span class='ocrx_word' id='word_1_326' title='bbox 1280 792 1369 836; x_wconf 86' lang='lat' dir='ltr'>ispcr</span> <span class='ocrx_word' id='word_1_327' title='bbox 1377 793 1576 836; x_wconf 84' lang='lat' dir='ltr'>praedictum</span> <span class='ocrx_word' id='word_1_328' title='bbox 1588 793 1792 827; x_wconf 84' lang='lat' dir='ltr'>SanctaeRo-</span> 
     </span>
     <span class='ocr_line' id='line_1_67' title="bbox 1047 846 1791 887; baseline 0 -8"><span class='ocrx_word' id='word_1_329' title='bbox 1047 858 1159 880; x_wconf 82' lang='lat' dir='ltr'>manae</span> <span class='ocrx_word' id='word_1_330' title='bbox 1174 846 1333 880; x_wconf 80' lang='lat' dir='ltr'>Ecclesiae</span> <span class='ocrx_word' id='word_1_331' title='bbox 1346 846 1573 887; x_wconf 85' lang='lat' dir='ltr'>camerarium,</span> <span class='ocrx_word' id='word_1_332' title='bbox 1588 858 1624 880; x_wconf 88' lang='lat' dir='ltr'>ac</span> <span class='ocrx_word' id='word_1_333' title='bbox 1638 847 1791 880; x_wconf 88' lang='lat' dir='ltr'>dilectum</span> 
     </span>
     <span class='ocr_line' id='line_1_68' title="bbox 1047 901 1792 945; baseline 0.001 -12"><span class='ocrx_word' id='word_1_334' title='bbox 1047 901 1149 933; x_wconf 88' lang='lat' dir='ltr'>tilium</span> <span class='ocrx_word' id='word_1_335' title='bbox 1172 907 1317 934; x_wconf 90' lang='lat' dir='ltr'>nostrum</span> <span class='ocrx_word' id='word_1_336' title='bbox 1349 907 1378 933; x_wconf 89' lang='lat' dir='ltr'>et</span> <span class='ocrx_word' id='word_1_337' title='bbox 1404 902 1557 935; x_wconf 78' lang='lat' dir='ltr'>Gamerae</span> <span class='ocrx_word' id='word_1_338' title='bbox 1590 901 1792 945; x_wconf 83' lang='lat' dir='ltr'>Apostolicae</span> 
     </span>
     <span class='ocr_line' id='line_1_69' title="bbox 1046 954 1787 999; baseline 0 -11"><span class='ocrx_word' id='word_1_339' title='bbox 1046 954 1282 988; x_wconf 87' lang='lat' dir='ltr'>thesaurarium</span> <span class='ocrx_word' id='word_1_340' title='bbox 1312 954 1496 996; x_wconf 73' lang='lat' dir='ltr'>generalem</span> <span class='ocrx_word' id='word_1_341' title='bbox 1529 955 1662 987; x_wconf 85' lang='lat' dir='ltr'>edendis</span> <span class='ocrx_word' id='word_1_342' title='bbox 1692 965 1787 999; x_wconf 82' lang='lat' dir='ltr'>prae-</span> 
     </span>
     <span class='ocr_line' id='line_1_70' title="bbox 1046 1007 1787 1052; baseline 0 -11"><span class='ocrx_word' id='word_1_343' title='bbox 1046 1007 1207 1045; x_wconf 79' lang='lat' dir='ltr'>scribitur,</span> <span class='ocrx_word' id='word_1_344' title='bbox 1247 1018 1426 1052; x_wconf 84' lang='lat' dir='ltr'>eorumque</span> <span class='ocrx_word' id='word_1_345' title='bbox 1459 1019 1575 1041; x_wconf 89' lang='lat' dir='ltr'>munus</span> <span class='ocrx_word' id='word_1_346' title='bbox 1606 1013 1637 1041; x_wconf 86' lang='lat' dir='ltr'>et</span> <span class='ocrx_word' id='word_1_347' title='bbox 1657 1008 1787 1041; x_wconf 88' lang='lat' dir='ltr'>iurisdi-</span> 
     </span>
     <span class='ocr_line' id='line_1_71' title="bbox 1047 1061 1787 1106; baseline 0.001 -11"><span class='ocrx_word' id='word_1_348' title='bbox 1047 1062 1109 1095; x_wconf 83' lang='lat' dir='ltr'>ctio</span> <span class='ocrx_word' id='word_1_349' title='bbox 1131 1061 1262 1105; x_wconf 78' lang='lat' dir='ltr'>expiret,</span> <span class='ocrx_word' id='word_1_350' title='bbox 1286 1068 1382 1106; x_wconf 89' lang='lat' dir='ltr'>prout</span> <span class='ocrx_word' id='word_1_351' title='bbox 1400 1062 1521 1096; x_wconf 90' lang='lat' dir='ltr'>eisdem</span> <span class='ocrx_word' id='word_1_352' title='bbox 1539 1063 1664 1095; x_wconf 88' lang='lat' dir='ltr'>statutis</span> <span class='ocrx_word' id='word_1_353' title='bbox 1686 1063 1787 1103; x_wconf 84' lang='lat' dir='ltr'>factis,</span> 
     </span>
     <span class='ocr_line' id='line_1_72' title="bbox 1047 1115 1751 1149; baseline 0 0"><span class='ocrx_word' id='word_1_354' title='bbox 1047 1115 1224 1149; x_wconf 82' lang='lat' dir='ltr'>camerario</span> <span class='ocrx_word' id='word_1_355' title='bbox 1250 1121 1278 1148; x_wconf 90' lang='lat' dir='ltr'>et</span> <span class='ocrx_word' id='word_1_356' title='bbox 1302 1116 1502 1149; x_wconf 85' lang='lat' dir='ltr'>thesaurario</span> <span class='ocrx_word' id='word_1_357' title='bbox 1525 1116 1751 1149; x_wconf 82' lang='lat' dir='ltr'>declarabitur.</span> 
     </span>
    </p>

    <p class='ocr_par' dir='ltr' id='par_1_12' title="bbox 1048 1169 1794 1590">
     <span class='ocr_line' id='line_1_73' title="bbox 1093 1169 1793 1212; baseline 0.003 -10"><span class='ocrx_word' id='word_1_358' title='bbox 1093 1172 1108 1212; x_wconf 64' lang='grc' dir='ltr'>ξ</span> <span class='ocrx_word' id='word_1_359' title='bbox 1131 1169 1182 1202; x_wconf 65' lang='grc'>12.</span> <span class='ocrx_word' id='word_1_360' title='bbox 1207 1170 1343 1204; x_wconf 84' lang='lat' dir='ltr'>Caveant</span> <span class='ocrx_word' id='word_1_361' title='bbox 1372 1176 1479 1204; x_wconf 89' lang='lat' dir='ltr'>autem</span> <span class='ocrx_word' id='word_1_362' title='bbox 1507 1170 1605 1204; x_wconf 91' lang='lat' dir='ltr'>iidem</span> <span class='ocrx_word' id='word_1_363' title='bbox 1645 1171 1793 1204; x_wconf 86' lang='lat' dir='ltr'>consules</span> 
     </span>
     <span class='ocr_line' id='line_1_74' title="bbox 1048 1224 1791 1266; baseline -0.001 -8"><span class='ocrx_word' id='word_1_364' title='bbox 1048 1230 1079 1258; x_wconf 88' lang='lat' dir='ltr'>et</span> <span class='ocrx_word' id='word_1_365' title='bbox 1098 1224 1318 1266; x_wconf 74' lang='lat' dir='ltr'>gubernator,</span> <span class='ocrx_word' id='word_1_366' title='bbox 1354 1235 1394 1257; x_wconf 90' lang='lat' dir='ltr'>ne</span> <span class='ocrx_word' id='word_1_367' title='bbox 1415 1235 1450 1257; x_wconf 80' lang='lat' dir='ltr'>cx</span> <span class='ocrx_word' id='word_1_368' title='bbox 1473 1224 1606 1257; x_wconf 86' lang='lat' dir='ltr'>navibus</span> <span class='ocrx_word' id='word_1_369' title='bbox 1627 1230 1657 1258; x_wconf 85' lang='lat' dir='ltr'>et</span> <span class='ocrx_word' id='word_1_370' title='bbox 1678 1225 1791 1258; x_wconf 91' lang='lat' dir='ltr'>merci-</span> 
     </span>
     <span class='ocr_line' id='line_1_75' title="bbox 1049 1277 1792 1322; baseline 0.001 -13"><span class='ocrx_word' id='word_1_371' title='bbox 1049 1278 1107 1311; x_wconf 87' lang='lat' dir='ltr'>bus</span> <span class='ocrx_word' id='word_1_372' title='bbox 1131 1277 1316 1311; x_wconf 87' lang='lat' dir='ltr'>huiusmodi</span> <span class='ocrx_word' id='word_1_373' title='bbox 1342 1278 1536 1321; x_wconf 85' lang='lat' dir='ltr'>quicquam,</span> <span class='ocrx_word' id='word_1_374' title='bbox 1569 1278 1633 1311; x_wconf 87' lang='lat' dir='ltr'>sive</span> <span class='ocrx_word' id='word_1_375' title='bbox 1658 1289 1792 1322; x_wconf 88' lang='lat' dir='ltr'>parvum</span> 
     </span>
     <span class='ocr_line' id='line_1_76' title="bbox 1048 1331 1793 1376; baseline 0.001 -12"><span class='ocrx_word' id='word_1_376' title='bbox 1048 1331 1112 1365; x_wconf 85' lang='lat' dir='ltr'>sive</span> <span class='ocrx_word' id='word_1_377' title='bbox 1133 1342 1298 1374; x_wconf 76' lang='lat' dir='ltr'>magnum.</span> <span class='ocrx_word' id='word_1_378' title='bbox 1323 1331 1418 1364; x_wconf 90' lang='lat' dir='ltr'>etiam</span> <span class='ocrx_word' id='word_1_379' title='bbox 1447 1331 1630 1376; x_wconf 87' lang='lat' dir='ltr'>emptionis,</span> <span class='ocrx_word' id='word_1_380' title='bbox 1655 1331 1718 1364; x_wconf 88' lang='lat' dir='ltr'>sive</span> <span class='ocrx_word' id='word_1_381' title='bbox 1731 1331 1793 1365; x_wconf 87' lang='lat' dir='ltr'>alio</span> 
     </span>
     <span class='ocr_line' id='line_1_77' title="bbox 1048 1386 1790 1430; baseline 0.001 -12"><span class='ocrx_word' id='word_1_382' title='bbox 1048 1386 1161 1430; x_wconf 82' lang='lat' dir='ltr'>quovis</span> <span class='ocrx_word' id='word_1_383' title='bbox 1182 1391 1365 1419; x_wconf 87' lang='lat' dir='ltr'>contractus</span> <span class='ocrx_word' id='word_1_384' title='bbox 1391 1391 1445 1419; x_wconf 84' lang='lat' dir='ltr'>aut</span> <span class='ocrx_word' id='word_1_385' title='bbox 1470 1386 1652 1419; x_wconf 89' lang='lat' dir='ltr'>donationis</span> <span class='ocrx_word' id='word_1_386' title='bbox 1686 1386 1790 1426; x_wconf 89' lang='lat' dir='ltr'>titulo,</span> 
     </span>
     <span class='ocr_line' id='line_1_78' title="bbox 1049 1439 1794 1484; baseline 0 -11"><span class='ocrx_word' id='word_1_387' title='bbox 1049 1439 1143 1473; x_wconf 88' lang='lat' dir='ltr'>etiam</span> <span class='ocrx_word' id='word_1_388' title='bbox 1174 1445 1288 1483; x_wconf 87' lang='lat' dir='ltr'>sponte</span> <span class='ocrx_word' id='word_1_389' title='bbox 1306 1440 1468 1480; x_wconf 83' lang='lat' dir='ltr'>oblatum,</span> <span class='ocrx_word' id='word_1_390' title='bbox 1493 1440 1638 1484; x_wconf 87' lang='lat' dir='ltr'>accipere</span> <span class='ocrx_word' id='word_1_391' title='bbox 1664 1450 1794 1484; x_wconf 86' lang='lat' dir='ltr'>quoque</span> 
     </span>
     <span class='ocr_line' id='line_1_79' title="bbox 1050 1494 1794 1538; baseline 0 -12"><span class='ocrx_word' id='word_1_392' title='bbox 1050 1495 1146 1527; x_wconf 90' lang='lat' dir='ltr'>modo</span> <span class='ocrx_word' id='word_1_393' title='bbox 1167 1500 1386 1538; x_wconf 86' lang='lat' dir='ltr'>praesumant,</span> <span class='ocrx_word' id='word_1_394' title='bbox 1410 1494 1554 1538; x_wconf 85' lang='lat' dir='ltr'>alioquin</span> <span class='ocrx_word' id='word_1_395' title='bbox 1581 1494 1737 1534; x_wconf 70' lang='lat' dir='ltr'>noverint,</span> <span class='ocrx_word' id='word_1_396' title='bbox 1762 1504 1794 1527; x_wconf 89' lang='lat' dir='ltr'>se</span> 
     </span>
     <span class='ocr_line' id='line_1_80' title="bbox 1049 1547 1790 1590; baseline 0 -10"><span class='ocrx_word' id='word_1_397' title='bbox 1049 1558 1159 1590; x_wconf 77' lang='lat' dir='ltr'>graves</span> <span class='ocrx_word' id='word_1_398' title='bbox 1180 1547 1314 1580; x_wconf 84' lang='lat' dir='ltr'>arbitrio</span> <span class='ocrx_word' id='word_1_399' title='bbox 1336 1553 1446 1580; x_wconf 88' lang='lat' dir='ltr'>nostro</span> <span class='ocrx_word' id='word_1_400' title='bbox 1460 1558 1579 1590; x_wconf 88' lang='lat' dir='ltr'>poenas</span> <span class='ocrx_word' id='word_1_401' title='bbox 1593 1547 1790 1580; x_wconf 87' lang='lat' dir='ltr'>incursuros.</span> 
     </span>
    </p>

    <p class='ocr_par' dir='ltr' id='par_1_13' title="bbox 1049 1601 1797 2130">
     <span class='ocr_line' id='line_1_81' title="bbox 1094 1601 1795 1645; baseline -0.001 -11"><span class='ocrx_word' id='word_1_402' title='bbox 1094 1603 1109 1643; x_wconf 67' lang='grc' dir='ltr'>ξ</span> <span class='ocrx_word' id='word_1_403' title='bbox 1132 1602 1183 1635; x_wconf 77' lang='lat'>13.</span> <span class='ocrx_word' id='word_1_404' title='bbox 1208 1602 1433 1643; x_wconf 75' lang='lat' dir='ltr'>Decernentes,</span> <span class='ocrx_word' id='word_1_405' title='bbox 1473 1602 1518 1635; x_wconf 91' lang='lat' dir='ltr'>sic</span> <span class='ocrx_word' id='word_1_406' title='bbox 1551 1602 1582 1634; x_wconf 86' lang='lat' dir='ltr'>in</span> <span class='ocrx_word' id='word_1_407' title='bbox 1610 1601 1795 1645; x_wconf 85' lang='lat' dir='ltr'>praemissis</span> 
     </span>
     <span class='ocr_line' id='line_1_82' title="bbox 1050 1655 1794 1699; baseline 0 -12"><span class='ocrx_word' id='word_1_408' title='bbox 1050 1655 1204 1688; x_wconf 66' lang='lat' dir='ltr'>universis</span> <span class='ocrx_word' id='word_1_409' title='bbox 1218 1661 1247 1688; x_wconf 86' lang='lat' dir='ltr'>et</span> <span class='ocrx_word' id='word_1_410' title='bbox 1268 1655 1402 1697; x_wconf 68' lang='lat' dir='ltr'>singulis</span> <span class='ocrx_word' id='word_1_411' title='bbox 1422 1666 1480 1699; x_wconf 90' lang='lat' dir='ltr'>per</span> <span class='ocrx_word' id='word_1_412' title='bbox 1501 1665 1724 1698; x_wconf 89' lang='lat' dir='ltr'>quoscumque</span> <span class='ocrx_word' id='word_1_413' title='bbox 1745 1655 1794 1687; x_wconf 91' lang='lat' dir='ltr'>iu-</span> 
     </span>
     <span class='ocr_line' id='line_1_83' title="bbox 1050 1708 1796 1752; baseline -0.001 -10"><span class='ocrx_word' id='word_1_414' title='bbox 1050 1708 1135 1742; x_wconf 81' lang='lat' dir='ltr'>dices</span> <span class='ocrx_word' id='word_1_415' title='bbox 1153 1714 1181 1742; x_wconf 85' lang='lat' dir='ltr'>et</span> <span class='ocrx_word' id='word_1_416' title='bbox 1203 1709 1442 1742; x_wconf 75' lang='lat' dir='ltr'>commissarios</span> <span class='ocrx_word' id='word_1_417' title='bbox 1467 1708 1577 1752; x_wconf 88' lang='lat' dir='ltr'>quavis</span> <span class='ocrx_word' id='word_1_418' title='bbox 1604 1708 1796 1741; x_wconf 84' lang='lat' dir='ltr'>auctoritate</span> 
     </span>
     <span class='ocr_line' id='line_1_84' title="bbox 1050 1762 1795 1805; baseline 0 -10"><span class='ocrx_word' id='word_1_419' title='bbox 1050 1762 1229 1805; x_wconf 74' lang='lat' dir='ltr'>fungentes,</span> <span class='ocrx_word' id='word_1_420' title='bbox 1272 1762 1367 1795; x_wconf 85' lang='lat' dir='ltr'>etiam</span> <span class='ocrx_word' id='word_1_421' title='bbox 1394 1763 1538 1796; x_wconf 87' lang='lat' dir='ltr'>eiusdem</span> <span class='ocrx_word' id='word_1_422' title='bbox 1572 1762 1706 1795; x_wconf 88' lang='lat' dir='ltr'>civitatis</span> <span class='ocrx_word' id='word_1_423' title='bbox 1736 1773 1795 1805; x_wconf 79' lang='lat' dir='ltr'>gu-</span> 
     </span>
     <span class='ocr_line' id='line_1_85' title="bbox 1049 1816 1795 1853; baseline 0.001 -5"><span class='ocrx_word' id='word_1_424' title='bbox 1049 1816 1276 1853; x_wconf 72' lang='lat' dir='ltr'>bernatorem,</span> <span class='ocrx_word' id='word_1_425' title='bbox 1310 1816 1435 1849; x_wconf 85' lang='lat' dir='ltr'>sublata</span> <span class='ocrx_word' id='word_1_426' title='bbox 1460 1816 1504 1849; x_wconf 90' lang='lat' dir='ltr'>eis</span> <span class='ocrx_word' id='word_1_427' title='bbox 1528 1822 1558 1849; x_wconf 90' lang='lat' dir='ltr'>et.</span> <span class='ocrx_word' id='word_1_428' title='bbox 1583 1827 1697 1849; x_wconf 86' lang='lat' dir='ltr'>eorum</span> <span class='ocrx_word' id='word_1_429' title='bbox 1729 1816 1795 1849; x_wconf 89' lang='lat' dir='ltr'>cui-</span> 
     </span>
     <span class='ocr_line' id='line_1_86' title="bbox 1049 1865 1795 1913; baseline 0.001 -12"><span class='ocrx_word' id='word_1_430' title='bbox 1049 1869 1126 1902; x_wconf 88' lang='lat' dir='ltr'>libet</span> <span class='ocrx_word' id='word_1_431' title='bbox 1151 1869 1261 1913; x_wconf 78' lang='lat' dir='ltr'>quavis</span> <span class='ocrx_word' id='word_1_432' title='bbox 1275 1869 1369 1902; x_wconf 86' lang='lat' dir='ltr'>aliter</span> <span class='ocrx_word' id='word_1_433' title='bbox 1398 1869 1561 1902; x_wconf 87' lang='lat' dir='ltr'>iudicandi</span> <span class='ocrx_word' id='word_1_434' title='bbox 1584 1875 1612 1913; x_wconf 89' lang='lat' dir='ltr'>et</span> <span class='ocrx_word' id='word_1_435' title='bbox 1635 1865 1795 1913; x_wconf 85' lang='lat' dir='ltr'>interpre-</span> 
     </span>
     <span class='ocr_line' id='line_1_87' title="bbox 1051 1923 1797 1966; baseline 0.001 -11"><span class='ocrx_word' id='word_1_436' title='bbox 1051 1923 1138 1955; x_wconf 89' lang='lat' dir='ltr'>tandi</span> <span class='ocrx_word' id='word_1_437' title='bbox 1159 1923 1309 1957; x_wconf 83' lang='lat' dir='ltr'>facultate</span> <span class='ocrx_word' id='word_1_438' title='bbox 1323 1929 1353 1956; x_wconf 86' lang='lat' dir='ltr'>et</span> <span class='ocrx_word' id='word_1_439' title='bbox 1378 1923 1580 1961; x_wconf 86' lang='lat' dir='ltr'>auctoritate,</span> <span class='ocrx_word' id='word_1_440' title='bbox 1605 1923 1725 1966; x_wconf 88' lang='lat' dir='ltr'>ubique</span> <span class='ocrx_word' id='word_1_441' title='bbox 1750 1923 1797 1956; x_wconf 92' lang='lat' dir='ltr'>iu-</span> 
     </span>
     <span class='ocr_line' id='line_1_88' title="bbox 1050 1976 1794 2017; baseline 0 -8"><span class='ocrx_word' id='word_1_442' title='bbox 1050 1976 1149 2009; x_wconf 85' lang='lat' dir='ltr'>dicari</span> <span class='ocrx_word' id='word_1_443' title='bbox 1171 1983 1199 2009; x_wconf 88' lang='lat' dir='ltr'>et</span> <span class='ocrx_word' id='word_1_444' title='bbox 1227 1977 1355 2010; x_wconf 79' lang='lat' dir='ltr'>definiri</span> <span class='ocrx_word' id='word_1_445' title='bbox 1377 1977 1506 2017; x_wconf 77' lang='lat' dir='ltr'>debere:</span> <span class='ocrx_word' id='word_1_446' title='bbox 1531 1977 1794 2010; x_wconf 86' lang='lat' dir='ltr'>necnonirritum</span> 
     </span>
     <span class='ocr_line' id='line_1_89' title="bbox 1050 2031 1792 2076; baseline 0 -11"><span class='ocrx_word' id='word_1_447' title='bbox 1050 2038 1079 2065; x_wconf 90' lang='lat' dir='ltr'>et</span> <span class='ocrx_word' id='word_1_448' title='bbox 1102 2032 1206 2073; x_wconf 91' lang='lat' dir='ltr'>inane,</span> <span class='ocrx_word' id='word_1_449' title='bbox 1231 2031 1255 2065; x_wconf 89' lang='lat' dir='ltr'>si</span> <span class='ocrx_word' id='word_1_450' title='bbox 1277 2043 1368 2066; x_wconf 84' lang='lat' dir='ltr'>secus</span> <span class='ocrx_word' id='word_1_451' title='bbox 1386 2043 1483 2076; x_wconf 90' lang='lat' dir='ltr'>super</span> <span class='ocrx_word' id='word_1_452' title='bbox 1508 2032 1557 2065; x_wconf 84' lang='lat' dir='ltr'>his</span> <span class='ocrx_word' id='word_1_453' title='bbox 1578 2043 1596 2065; x_wconf 90' lang='lat' dir='ltr'>a</span> <span class='ocrx_word' id='word_1_454' title='bbox 1617 2042 1792 2076; x_wconf 83' lang='lat' dir='ltr'>quoquam,</span> 
     </span>
     <span class='ocr_line' id='line_1_90' title="bbox 1050 2086 1792 2130; baseline 0 -11"><span class='ocrx_word' id='word_1_455' title='bbox 1050 2086 1159 2130; x_wconf 74' lang='lat' dir='ltr'>quavis·</span> <span class='ocrx_word' id='word_1_456' title='bbox 1180 2086 1381 2126; x_wconf 89' lang='lat' dir='ltr'>auctoritate,</span> <span class='ocrx_word' id='word_1_457' title='bbox 1405 2086 1543 2120; x_wconf 86' lang='lat' dir='ltr'>scienter</span> <span class='ocrx_word' id='word_1_458' title='bbox 1568 2087 1614 2119; x_wconf 88' lang='lat' dir='ltr'>vel</span> <span class='ocrx_word' id='word_1_459' title='bbox 1639 2086 1792 2129; x_wconf 78' lang='lat' dir='ltr'>ignoran-</span> 
     </span>
    </p>
   </div>
   <div class='ocr_carea' id='block_1_11' title="bbox 271 2139 1485 2228">
    <p class='ocr_par' dir='ltr' id='par_1_14' title="bbox 271 2139 1485 2228">
     <span class='ocr_line' id='line_1_91' title="bbox 1031 2139 1485 2184; baseline 0 -12"><span class='ocrx_word' id='word_1_460' title='bbox 1031 2175 1033 2184; x_wconf 46' lang='grc' dir='ltr'>Ι</span> <span class='ocrx_word' id='word_1_461' title='bbox 1052 2145 1109 2179; x_wconf 91' lang='lat' dir='ltr'>ter,</span> <span class='ocrx_word' id='word_1_462' title='bbox 1134 2139 1305 2181; x_wconf 76' lang='lat' dir='ltr'>contigerit</span> <span class='ocrx_word' id='word_1_463' title='bbox 1325 2139 1485 2172; x_wconf 87' lang='lat' dir='ltr'>attentari.</span> 
     </span>
     <span class='ocr_line' id='line_1_92' title="bbox 271 2184 1033 2228; baseline 0.001 -11"><span class='ocrx_word' id='word_1_464' title='bbox 271 2189 300 2217; x_wconf 91' lang='lat' dir='ltr'>et</span> <span class='ocrx_word' id='word_1_465' title='bbox 328 2184 528 2217; x_wconf 85' lang='lat' dir='ltr'>decidantur.</span> <span class='ocrx_word' id='word_1_466' title='bbox 565 2184 717 2217; x_wconf 86' lang='lat' dir='ltr'>Consules</span> <span class='ocrx_word' id='word_1_467' title='bbox 745 2195 821 2218; x_wconf 87' lang='lat' dir='ltr'>vero</span> <span class='ocrx_word' id='word_1_468' title='bbox 857 2185 1033 2228; x_wconf 60' lang='lat' dir='ltr'>praedicti1</span> 
     </span>
    </p>
   </div>
   <div class='ocr_carea' id='block_1_12' title="bbox 1050 2189 1796 2339">
    <p class='ocr_par' dir='ltr' id='par_1_15' title="bbox 1050 2189 1796 2339">
     <span class='ocr_line' id='line_1_93' title="bbox 1095 2189 1794 2234; baseline 0.003 -13"><span class='ocrx_word' id='word_1_469' title='bbox 1095 2189 1181 2231; x_wconf 53' lang='lat' dir='ltr'>§lle</span> <span class='ocrx_word' id='word_1_470' title='bbox 1206 2189 1361 2229; x_wconf 84' lang='lat' dir='ltr'>Quocirca</span> <span class='ocrx_word' id='word_1_471' title='bbox 1389 2196 1451 2223; x_wconf 89' lang='lat' dir='ltr'>tam</span> <span class='ocrx_word' id='word_1_472' title='bbox 1485 2190 1657 2234; x_wconf 83' lang='lat' dir='ltr'>praedietis</span> <span class='ocrx_word' id='word_1_473' title='bbox 1687 2201 1794 2223; x_wconf 87' lang='lat' dir='ltr'>came-</span> 
     </span>
     <span class='ocr_line' id='line_1_94' title="bbox 1050 2241 1796 2286; baseline 0.001 -12"><span class='ocrx_word' id='word_1_474' title='bbox 1050 2241 1134 2275; x_wconf 87' lang='lat' dir='ltr'>rario</span> <span class='ocrx_word' id='word_1_475' title='bbox 1156 2247 1186 2274; x_wconf 88' lang='lat' dir='ltr'>et</span> <span class='ocrx_word' id='word_1_476' title='bbox 1213 2241 1412 2275; x_wconf 81' lang='lat' dir='ltr'>thesaurario</span> <span class='ocrx_word' id='word_1_477' title='bbox 1444 2241 1598 2284; x_wconf 79' lang='lat' dir='ltr'>generali,</span> <span class='ocrx_word' id='word_1_478' title='bbox 1627 2253 1723 2286; x_wconf 86' lang='lat' dir='ltr'>quam</span> <span class='ocrx_word' id='word_1_479' title='bbox 1748 2242 1796 2275; x_wconf 94' lang='lat' dir='ltr'>di-</span> 
     </span>
     <span class='ocr_line' id='line_1_95' title="bbox 1050 2294 1792 2339; baseline 0.001 -12"><span class='ocrx_word' id='word_1_480' title='bbox 1050 2294 1138 2328; x_wconf 87' lang='lat' dir='ltr'>lectis</span> <span class='ocrx_word' id='word_1_481' title='bbox 1163 2295 1237 2328; x_wconf 84' lang='lat' dir='ltr'>filiis</span> <span class='ocrx_word' id='word_1_482' title='bbox 1259 2295 1409 2328; x_wconf 78' lang='lat' dir='ltr'>Gamerae</span> <span class='ocrx_word' id='word_1_483' title='bbox 1439 2295 1642 2339; x_wconf 81' lang='lat' dir='ltr'>Apostolicae</span> <span class='ocrx_word' id='word_1_484' title='bbox 1667 2296 1792 2339; x_wconf 86' lang='lat' dir='ltr'>praesi-</span> 
     </span>
    </p>
   </div>
   <div class='ocr_carea' id='block_1_13' title="bbox 1030 2348 1796 2394">
    <p class='ocr_par' dir='ltr' id='par_1_16' title="bbox 1030 2348 1796 2394">
     <span class='ocr_line' id='line_1_96' title="bbox 1030 2348 1796 2394; baseline 0.004 -14"><span class='ocrx_word' id='word_1_485' title='bbox 1030 2378 1032 2385; x_wconf 46' lang='lat'>&lt;</span> <span class='ocrx_word' id='word_1_486' title='bbox 1051 2348 1211 2389; x_wconf 88' lang='lat' dir='ltr'>dentibus,</span> <span class='ocrx_word' id='word_1_487' title='bbox 1236 2349 1362 2382; x_wconf 81' lang='lat' dir='ltr'>clericis</span> <span class='ocrx_word' id='word_1_488' title='bbox 1383 2354 1413 2382; x_wconf 89' lang='lat' dir='ltr'>et</span> <span class='ocrx_word' id='word_1_489' title='bbox 1431 2360 1542 2381; x_wconf 90' lang='lat' dir='ltr'>eorum</span> <span class='ocrx_word' id='word_1_490' title='bbox 1566 2349 1708 2390; x_wconf 82' lang='lat' dir='ltr'>cuilibet,</span> <span class='ocrx_word' id='word_1_491' title='bbox 1738 2360 1796 2394; x_wconf 90' lang='lat' dir='ltr'>per</span> 
     </span>
    </p>
   </div>
   <div class='ocr_carea' id='block_1_14' title="bbox 1049 2399 1796 2659">
    <p class='ocr_par' dir='ltr' id='par_1_17' title="bbox 1049 2399 1796 2659">
     <span class='ocr_line' id='line_1_97' title="bbox 1050 2399 1795 2444; baseline 0.003 -12"><span class='ocrx_word' id='word_1_492' title='bbox 1050 2399 1225 2443; x_wconf 87' lang='lat' dir='ltr'>apostolica</span> <span class='ocrx_word' id='word_1_493' title='bbox 1245 2399 1364 2443; x_wconf 82' lang='lat' dir='ltr'>scripta</span> <span class='ocrx_word' id='word_1_494' title='bbox 1385 2400 1576 2433; x_wconf 81' lang='lat' dir='ltr'>mandamus</span> <span class='ocrx_word' id='word_1_495' title='bbox 1596 2427 1602 2436; x_wconf 84' lang='grc'>,</span> <span class='ocrx_word' id='word_1_496' title='bbox 1626 2400 1795 2444; x_wconf 45' lang='lat' dir='ltr'>‚quatenus</span> 
     </span>
     <span class='ocr_line' id='line_1_98' title="bbox 1049 2453 1794 2498; baseline 0.003 -12"><span class='ocrx_word' id='word_1_497' title='bbox 1049 2453 1120 2497; x_wconf 84' lang='lat' dir='ltr'>ipsi,</span> <span class='ocrx_word' id='word_1_498' title='bbox 1145 2454 1192 2486; x_wconf 82' lang='lat' dir='ltr'>vel</span> <span class='ocrx_word' id='word_1_499' title='bbox 1214 2454 1300 2490; x_wconf 82' lang='lat' dir='ltr'>duo,</span> <span class='ocrx_word' id='word_1_500' title='bbox 1333 2459 1385 2486; x_wconf 86' lang='lat' dir='ltr'>aut</span> <span class='ocrx_word' id='word_1_501' title='bbox 1407 2464 1490 2486; x_wconf 88' lang='lat' dir='ltr'>unus</span> <span class='ocrx_word' id='word_1_502' title='bbox 1510 2464 1623 2487; x_wconf 80' lang='lat' dir='ltr'>eorum</span> <span class='ocrx_word' id='word_1_503' title='bbox 1640 2465 1794 2498; x_wconf 86' lang='lat' dir='ltr'>praesen-</span> 
     </span>
     <span class='ocr_line' id='line_1_99' title="bbox 1051 2506 1796 2551; baseline 0.001 -11"><span class='ocrx_word' id='word_1_504' title='bbox 1051 2512 1095 2540; x_wconf 84' lang='lat' dir='ltr'>tes</span> <span class='ocrx_word' id='word_1_505' title='bbox 1116 2506 1248 2545; x_wconf 87' lang='lat' dir='ltr'>litteras,</span> <span class='ocrx_word' id='word_1_506' title='bbox 1273 2506 1326 2539; x_wconf 88' lang='lat' dir='ltr'>ubi</span> <span class='ocrx_word' id='word_1_507' title='bbox 1348 2512 1376 2539; x_wconf 90' lang='lat' dir='ltr'>et</span> <span class='ocrx_word' id='word_1_508' title='bbox 1408 2507 1538 2550; x_wconf 85' lang='lat' dir='ltr'>quando</span> <span class='ocrx_word' id='word_1_509' title='bbox 1564 2518 1645 2551; x_wconf 87' lang='lat' dir='ltr'>opus</span> <span class='ocrx_word' id='word_1_510' title='bbox 1665 2507 1736 2549; x_wconf 91' lang='lat' dir='ltr'>erit,</span> <span class='ocrx_word' id='word_1_511' title='bbox 1765 2514 1796 2541; x_wconf 89' lang='lat' dir='ltr'>et</span> 
     </span>
     <span class='ocr_line' id='line_1_100' title="bbox 1050 2561 1795 2605; baseline 0.003 -13"><span class='ocrx_word' id='word_1_512' title='bbox 1050 2565 1209 2601; x_wconf 71' lang='lat' dir='ltr'>quatenus</span> <span class='ocrx_word' id='word_1_513' title='bbox 1229 2570 1288 2604; x_wconf 88' lang='lat' dir='ltr'>pro</span> <span class='ocrx_word' id='word_1_514' title='bbox 1309 2565 1399 2604; x_wconf 87' lang='lat' dir='ltr'>parte</span> <span class='ocrx_word' id='word_1_515' title='bbox 1436 2570 1561 2601; x_wconf 85' lang='lat' dir='ltr'>eorum,</span> <span class='ocrx_word' id='word_1_516' title='bbox 1586 2571 1723 2605; x_wconf 92' lang='lat' dir='ltr'>quorum</span> <span class='ocrx_word' id='word_1_517' title='bbox 1747 2561 1795 2594; x_wconf 92' lang='lat' dir='ltr'>in-</span> 
     </span>
     <span class='ocr_line' id='line_1_101' title="bbox 1051 2612 1794 2659; baseline 0.005 -14"><span class='ocrx_word' id='word_1_518' title='bbox 1051 2622 1054 2645; x_wconf 72' lang='lat' dir='ltr'>t</span> <span class='ocrx_word' id='word_1_519' title='bbox 1074 2613 1169 2654; x_wconf 68' lang='lat' dir='ltr'>rerit,</span> <span class='ocrx_word' id='word_1_520' title='bbox 1195 2612 1338 2657; x_wconf 87' lang='lat' dir='ltr'>requisiti</span> <span class='ocrx_word' id='word_1_521' title='bbox 1357 2613 1495 2655; x_wconf 87' lang='lat' dir='ltr'>suerint,</span> <span class='ocrx_word' id='word_1_522' title='bbox 1525 2614 1713 2649; x_wconf 89' lang='lat' dir='ltr'>solemniter</span> <span class='ocrx_word' id='word_1_523' title='bbox 1735 2626 1794 2659; x_wconf 91' lang='lat' dir='ltr'>pu-</span> 
     </span>
    </p>
   </div>
   <div class='ocr_carea' id='block_1_15' title="bbox 1805 209 1990 237">
    <p class='ocr_par' dir='ltr' id='par_1_18' title="bbox 1805 209 1990 237">
     <span class='ocr_line' id='line_1_102' title="bbox 1805 209 1990 237; baseline 0.005 -2"><span class='ocrx_word' id='word_1_524' title='bbox 1805 209 1852 235; x_wconf 77' lang='grc' dir='ltr'>Αιι,</span> <span class='ocrx_word' id='word_1_525' title='bbox 1875 211 1905 236; x_wconf 81' lang='lat' dir='ltr'>C.</span> <span class='ocrx_word' id='word_1_526' title='bbox 1926 209 1990 237; x_wconf 71' lang='lat'>1594</span> 
     </span>
    </p>
   </div>
   <div class='ocr_carea' id='block_1_16' title="bbox 1808 1178 1993 1333">
    <p class='ocr_par' dir='ltr' id='par_1_19' title="bbox 1808 1178 1993 1333">
     <span class='ocr_line' id='line_1_103' title="bbox 1848 1178 1993 1204; baseline 0.007 -6"><span class='ocrx_word' id='word_1_527' title='bbox 1848 1179 1890 1204; x_wconf 79' lang='lat' dir='ltr'>Ipsi</span> <span class='ocrx_word' id='word_1_528' title='bbox 1910 1178 1993 1199; x_wconf 71' lang='lat' dir='ltr'>iudice.-</span> 
     </span>
     <span class='ocr_line' id='line_1_104' title="bbox 1809 1205 1992 1229; baseline -0.005 -3"><span class='ocrx_word' id='word_1_529' title='bbox 1809 1208 1827 1226; x_wconf 65' lang='grc' dir='ltr'>εἰ</span> <span class='ocrx_word' id='word_1_530' title='bbox 1852 1205 1992 1229; x_wconf 65' lang='lat' dir='ltr'>gubernator.</span> 
     </span>
     <span class='ocr_line' id='line_1_105' title="bbox 1808 1231 1993 1258; baseline -0.005 -6"><span class='ocrx_word' id='word_1_531' title='bbox 1808 1232 1860 1252; x_wconf 83' lang='lat' dir='ltr'>nihil</span> <span class='ocrx_word' id='word_1_532' title='bbox 1888 1231 1993 1258; x_wconf 82' lang='lat' dir='ltr'>recipiant</span> 
     </span>
     <span class='ocr_line' id='line_1_106' title="bbox 1808 1259 1993 1279; baseline 0 -1"><span class='ocrx_word' id='word_1_533' title='bbox 1808 1259 1834 1279; x_wconf 76' lang='lat' dir='ltr'>sle</span> <span class='ocrx_word' id='word_1_534' title='bbox 1844 1259 1948 1279; x_wconf 75' lang='lat' dir='ltr'>mercibus</span> <span class='ocrx_word' id='word_1_535' title='bbox 1956 1264 1993 1279; x_wconf 72' lang='lat' dir='ltr'>na-</span> 
     </span>
     <span class='ocr_line' id='line_1_107' title="bbox 1810 1286 1993 1312; baseline 0.005 -7"><span class='ocrx_word' id='word_1_536' title='bbox 1810 1286 1871 1308; x_wconf 78' lang='lat' dir='ltr'>vium.</span> <span class='ocrx_word' id='word_1_537' title='bbox 1886 1291 1956 1312; x_wconf 76' lang='lat' dir='ltr'>neque</span> <span class='ocrx_word' id='word_1_538' title='bbox 1973 1291 1993 1306; x_wconf 77' lang='lat' dir='ltr'>e-</span> 
     </span>
     <span class='ocr_line' id='line_1_108' title="bbox 1809 1314 1873 1333; baseline -0.016 0"><span class='ocrx_word' id='word_1_539' title='bbox 1809 1314 1873 1333; x_wconf 76' lang='lat' dir='ltr'>mant.</span> 
     </span>
    </p>
   </div>
   <div class='ocr_carea' id='block_1_17' title="bbox 1810 1606 1995 1680">
    <p class='ocr_par' dir='ltr' id='par_1_20' title="bbox 1810 1606 1995 1680">
     <span class='ocr_line' id='line_1_109' title="bbox 1837 1606 1995 1626; baseline 0 0"><span class='ocrx_word' id='word_1_540' title='bbox 1837 1606 1949 1626; x_wconf 75' lang='lat' dir='ltr'>Decretum</span> <span class='ocrx_word' id='word_1_541' title='bbox 1969 1606 1995 1626; x_wconf 84' lang='lat' dir='ltr'>ir·</span> 
     </span>
     <span class='ocr_line' id='line_1_110' title="bbox 1811 1632 1995 1653; baseline 0 0"><span class='ocrx_word' id='word_1_542' title='bbox 1811 1632 1877 1653; x_wconf 78' lang='lat' dir='ltr'>ritans</span> <span class='ocrx_word' id='word_1_543' title='bbox 1898 1634 1919 1653; x_wconf 85' lang='lat' dir='ltr'>et</span> <span class='ocrx_word' id='word_1_544' title='bbox 1938 1632 1995 1653; x_wconf 71' lang='lat' dir='ltr'>clau-</span> 
     </span>
     <span class='ocr_line' id='line_1_111' title="bbox 1810 1659 1961 1680; baseline 0 -1"><span class='ocrx_word' id='word_1_545' title='bbox 1810 1660 1856 1679; x_wconf 80' lang='lat' dir='ltr'>sula</span> <span class='ocrx_word' id='word_1_546' title='bbox 1871 1659 1961 1680; x_wconf 81' lang='lat' dir='ltr'>sublata.</span> 
     </span>
    </p>
   </div>
   <div class='ocr_carea' id='block_1_18' title="bbox 1811 2193 1997 2267">
    <p class='ocr_par' dir='ltr' id='par_1_21' title="bbox 1811 2193 1997 2267">
     <span class='ocr_line' id='line_1_112' title="bbox 1839 2193 1997 2220; baseline -0.006 -6"><span class='ocrx_word' id='word_1_547' title='bbox 1839 2193 1997 2220; x_wconf 63' lang='lat' dir='ltr'>Exequutorum</span> 
     </span>
     <span class='ocr_line' id='line_1_113' title="bbox 1812 2220 1995 2246; baseline 0 -6"><span class='ocrx_word' id='word_1_548' title='bbox 1812 2220 1922 2246; x_wconf 80' lang='lat' dir='ltr'>deputatio</span> <span class='ocrx_word' id='word_1_549' title='bbox 1936 2221 1956 2240; x_wconf 80' lang='lat' dir='ltr'>et</span> <span class='ocrx_word' id='word_1_550' title='bbox 1967 2220 1995 2241; x_wconf 80' lang='lat' dir='ltr'>ta-</span> 
     </span>
     <span class='ocr_line' id='line_1_114' title="bbox 1811 2247 1909 2267; baseline 0 0"><span class='ocrx_word' id='word_1_551' title='bbox 1811 2247 1909 2267; x_wconf 74' lang='lat' dir='ltr'>cuttates.</span> 
     </span>
    </p>
   </div>
  </div>
 </body>
</html>
