2253 3195
0 191 7 235 i
23 217 47 236 n.
69 209 96 233 r..
112 207 178 235 ¹600

0 375 7 466 zzsssa„
0 319 7 357 ,κ
5 239 7 299 „bst-

23 479 128 501 Generalis
140 484 178 504 per

19 513 31 527 x
45 511 177 531 annosprue-

17 536 94 555 cturain
103 534 168 558 geret.

45 1058 178 1080 eonsutiores

17 1087 103 1107 merulas
120 1089 177 1106 sexto

17 1118 79 1139 ioque
90 1119 144 1133 annu
156 1118 177 1133 e·

17 1142 97 1165 gantur.

56 1642 179 1669 Eteciioqua

17 1674 80 1694 impei-
101 1669 136 1689 fiat
159 1670 179 1689 in

8 1695 89 1723 ,npituto
116 1701 180 1721 geue-

31 1852 131 1883 Defuncto
146 1860 180 1880 ge·

17 1880 76 1904 erati,
103 1882 180 1906 primus

5 1928 7 1930 ,
18 1907 102 1928 insultor-
108 1907 181 1928 eritvi-

17 1934 68 1953 Arius
95 1939 180 1960 genera.

17 1965 34 1984 s,
46 1961 81 1980 m.

806 205 953 230 CLEMENS
974 206 1031 230 vm
1052 206 1102 229 PF.

192 255 224 287 in
246 254 306 287 illis
327 254 483 297 eligendis
505 254 619 287 modus
637 255 854 298 praescriptus
868 255 928 287 ob·
948 255 950 288 i

191 308 366 340 servandus
399 313 464 347 est,
500 308 581 340 idest
612 318 693 340 unus
728 309 876 340 sacerdos
903 308 950 350 et]

192 372 275 394 unus
294 361 401 393 frater.

237 416 253 456 g
274 414 326 447 ⁹28.
351 415 533 447 Praefectus
565 415 725 457 generalis
747 420 820 458 post
841 424 928 447 mor-

193 473 255 501 tem
277 468 383 507 huius,
408 468 461 511 qui
483 474 658 511 perpetuus
677 473 734 504 est,
759 479 810 500 sex
832 462 950 516 annosi

192 521 425 564 praefecturam
447 527 547 563 geret,
569 531 651 564 quae
680 521 810 564 quidem
834 531 930 563 prae-
949 541 950 571 i

193 574 314 606 fertura
327 574 436 614 semel,
454 584 517 606 una
538 580 660 606 tantum
683 574 760 612 viee,
782 584 854 605 cum
876 579 950 618 ati-j

192 627 337 660 ctoritate
365 627 489 660 Summi
518 626 691 665 Pontificis,
713 625 880 670 prorogari
901 625 931 657 in
949 623 950 660 Ῐ

191 681 328 713 alterum
358 680 547 713 sexennium
567 680 688 723 possit·,
718 679 796 723 qui,
821 669 950 722 exacto}

192 734 396 776 generalatus
424 733 566 766 sexennii
599 739 772 777 tempore,
807 733 867 765 nisi
893 733 951 765 ad,

192 787 279 819 aliud
304 786 399 819 officii
432 797 549 819 munus
580 787 717 829 eligatur
736 814 743 825 ,
772 787 810 819 ad
839 792 951 818 suum:

191 840 305 884 privati
337 840 522 883 subditique
548 841 654 873 locum
678 840 817 879 redibit,
846 840 933 872 nulla

191 893 424 937 praerogativa,
445 893 599 937 nulloque
617 893 709 926 titulo
729 892 860 926 honoris
880 899 934 925 aut

192 946 333 979 nominis
354 946 532 988 insignitus.
950 935 951 945 η

238 1000 254 1041 ξ
275 998 327 1032 29.
351 1000 393 1032 Ex
413 1005 553 1043 quatuor
577 999 815 1032 consultoribus
836 998 951 1042 patris¹

193 1052 361 1095 generalis,
386 1053 449 1086 duo
481 1053 665 1085 sacerdotes
686 1058 798 1091 erunt,
820 1058 850 1084 et
870 1052 933 1084 duo

194 1106 320 1146 fratres,
344 1106 398 1149 qui
432 1106 561 1149 quidem
588 1106 787 1138 consultores
808 1105 838 1138 id
860 1104 951 1138 ossi-¹

193 1159 277 1191 cium
293 1158 569 1202 quemadmodum
582 1159 741 1201 generalis
754 1158 933 1202 praefectus

191 1212 442 1256 persexennium
453 1212 656 1245 obtinebunt.
666 1212 933 1251 Similiteretiam,
950 1215 951 1237 l

191 1271 341 1309 utsupra
367 1265 535 1298 definitum
557 1272 620 1306 est,
645 1266 752 1309 quoad
773 1263 951 1309 superstesE

193 1318 254 1351 erit
270 1318 448 1362 praesentis
469 1319 624 1362 temporis
637 1319 818 1362 praefectus
839 1329 935 1361 gene-

192 1371 279 1413 ralis,
303 1372 394 1405 cuius
414 1372 490 1405 item
520 1373 723 1415 generalatus
757 1378 934 1416 perpetuus

193 1431 250 1466 est,
267 1430 332 1458 tam
355 1425 475 1459 dictum
497 1426 685 1469 capitulum,
707 1436 804 1469 quarn
819 1426 933 1459 electio

194 1478 354 1511 dictorum
367 1478 587 1511 consultorum
606 1484 694 1511 sexto
706 1488 835 1521 quoque
850 1488 934 1511 anno

195 1531 342 1564 facienda
363 1536 419 1563 est.

240 1585 256 1626 ξ
277 1582 329 1617 30.
353 1584 430 1617 Item
451 1584 616 1617 decretum
632 1589 688 1624 est,
705 1589 741 1617 ut
760 1585 934 1628 supradicti

194 1642 286 1681 pater
314 1637 495 1679 generalis,
530 1637 731 1670 consultores
758 1643 788 1670 et
815 1637 936 1670 arbiter

195 1691 359 1724 consultae
391 1701 519 1735 semper
551 1691 583 1724 in
615 1692 758 1734 generali
794 1691 935 1735 capitulo

196 1744 367 1787 eligantur.

240 1798 256 1840 ς
288 1796 340 1831 31.
376 1797 467 1837 Quod
500 1797 524 1830 si
554 1798 713 1840 generalis
738 1798 822 1831 intra
849 1798 937 1842 prius

196 1851 369 1884 triennium
391 1862 467 1884 suae
480 1852 701 1895 praefecturae
716 1857 852 1884 mortem
868 1851 937 1884 obi-

195 1904 252 1945 bit,
276 1905 330 1948 qui
361 1904 484 1948 primus
508 1905 674 1938 consultor
700 1905 858 1948 generalis
879 1905 938 1938 erit

196 1967 234 1991 eo
254 1963 420 2001 tempore,
454 1959 605 1991 succedat
637 1958 667 1990 in
690 1958 757 1992 eius
778 1959 884 1992 locum
906 1959 955 1991 in*

196 2016 261 2043 tres
285 2010 357 2043 illos
382 2011 506 2054 priores
534 2021 657 2052 annos,
692 2012 786 2045 unius
815 2017 936 2044 tantum

195 2063 339 2105 suffragii
360 2063 429 2096 iure
447 2069 478 2097 et
495 2064 604 2097 vicarii
626 2065 786 2108 generalis
806 2065 937 2098 nomine

195 2122 374 2150 contentus.
410 2117 444 2150 ln
472 2119 666 2151 consultoris
694 2125 801 2151 autem
823 2130 935 2152 suece-

196 2170 299 2203 dentis
319 2170 425 2203 locum
447 2171 659 2204 substituatur
678 2171 808 2211 arbiter,
833 2172 886 2214 qui
907 2172 938 2204 in

196 2223 308 2256 ordine
337 2233 413 2256 suae
431 2224 646 2267 proferendae
669 2224 846 2261 sententiae
860 2235 937 2256 con·

195 2285 298 2308 sessus
321 2275 469 2308 ultimum
492 2276 610 2315 locum,
634 2277 717 2309 inter
737 2277 938 2310 consultores

195 2329 394 2369 sacerdotes,
424 2329 553 2362 tenebit.
589 2329 795 2362 Circumactis
831 2335 936 2362 autem

195 2381 358 2424 prioribus
379 2381 480 2414 tribus
493 2381 586 2414 annis
600 2382 776 2425 capitulum
789 2383 938 2424 generale

198 2435 379 2476 cogendum
402 2440 459 2474 est,
484 2445 548 2478 quo
570 2434 601 2467 in
628 2435 768 2478 capitulo
790 2436 863 2467 novi
878 2446 935 2477 ge-

196 2486 314 2519 neralis
343 2487 456 2520 electio
485 2487 630 2520 facienda
662 2493 719 2520 est.
754 2488 793 2520 At
818 2498 893 2521 vero
913 2488 938 2521 si

197 2539 280 2572 intra
300 2540 646 2583 posteriustriennium
668 2541 826 2583 generalis
847 2552 939 2585 prae-

199 2592 299 2626 fectus
319 2603 336 2626 e
366 2593 427 2626 vita
459 2594 652 2635 decesserit,
681 2594 885 2628 decernimus
905 2602 939 2628 ut

288 2668 366 2695 Bull.
390 2670 464 2696 Rom.
489 2669 549 2696 Vol.
566 2671 598 2697 X.
797 2670 828 2697 81

1611 192 1668 226 641

968 253 1051 286 idem
1084 253 1207 297 primus
1232 253 1391 295 generalis
1412 252 1576 285 consultor
1596 251 1705 283 vicarii

967 306 1125 348 generalis
1153 316 1269 338 nomen
1300 311 1328 338 et
1358 315 1530 349 personam
1557 310 1645 346 gerat
1674 303 1705 335 in

948 371 1018 392 sex
1040 366 1163 392 tantum
1182 370 1324 392 menses:
1351 369 1414 402 quo
1436 364 1580 401 tempore
1601 364 1707 390 tenea·

969 419 1019 445 tur
1040 413 1181 446 indicere
1203 419 1231 445 et
1257 423 1371 454 cogere
1397 412 1548 453 generale
1578 410 1704 454 capitu-

968 466 1055 505 lum,
1080 466 1111 498 iu
1133 477 1196 508 quo
1218 465 1377 507 generalis
1398 465 1579 507 praefectus
1597 473 1708 496 crean-

968 519 1027 551 ‹lus
1047 525 1103 551 est.
1132 519 1233 551 Simul
1264 518 1341 551 illud
1377 518 1497 550 adverti
1525 517 1642 555 debet,
1673 522 1708 549 ut

968 571 1234 614 quotiescumque
1246 571 1316 603 novi
1332 571 1490 613 generalis
1505 570 1560 602 fiet
1579 570 1704 608 electio,

968 624 1068 656 creari
1083 624 1203 667 pariter
1228 624 1363 656 debeant
1386 624 1553 666 generales
1572 622 1704 655 consul-

968 683 1053 710 tores
1074 683 1103 710 et
1131 678 1295 710 consultae
1324 677 1484 719 generalis
1505 676 1627 709 arbiter
1641 703 1648 715 ‚
1672 686 1708 708 ex

968 731 1084 774 quibus
1109 731 1133 763 si
1160 731 1277 774 aliquis
1303 731 1384 763 intra
1410 730 1631 774 supradictum
1661 740 1708 762 se-

968 785 1117 817 xennium
1150 783 1321 823 deficeret,
1354 784 1541 816 observetur
1563 782 1650 826 quod
1676 782 1707 814 in

969 837 1116 881 capitulis
1148 837 1353 879 generalibus
1384 843 1538 870 statutum
1563 836 1611 868 vel
1640 841 1705 868 sta-

969 891 1123 924 tuendum
1145 891 1214 923 erit.

1013 946 1028 986 ξ
1050 944 1101 977 32.
1137 945 1306 977 Praeterea
1328 944 1358 976 in
1384 943 1531 986 capitulis
1552 942 1709 985 generali-

968 998 1027 1030 bus
1045 1005 1184 1041 quatuor
1198 997 1385 1030 definitores
1418 1007 1453 1029 ex
1474 995 1710 1039 antiquioribus

969 1056 999 1084 et
1019 1051 1254 1094 expertioribus
1275 1050 1421 1093 patribus
1446 1056 1475 1082 et
1494 1049 1644 1082 fratribus
1658 1059 1710 1081 ca-

969 1104 1060 1147 pituli
1090 1104 1270 1145 eligantur3
1302 1115 1338 1136 ex
1363 1103 1509 1146 patribus
1529 1103 1712 1135 sacerdotes

969 1158 1044 1197 duo,
1070 1157 1268 1200 totidemque
1290 1168 1325 1190 ex
1353 1157 1516 1195 fratribus,
1541 1156 1594 1199 qui
1617 1156 1709 1188 simul

969 1221 1081 1244 omnes
1112 1221 1176 1243 una
1207 1221 1280 1243 cum
1312 1216 1404 1254 patre
1442 1209 1583 1252 generali
1616 1207 1712 1241 veluti

968 1264 1184 1308 praesidente,
1204 1264 1322 1296 delient
1347 1263 1542 1303 examinare,
1566 1272 1709 1306 perpen-

969 1318 1056 1358 dere,
1073 1318 1254 1361 approbare
1274 1317 1321 1350 vel
1340 1317 1527 1360 improbare
1548 1326 1611 1355 res,
1630 1327 1713 1359 quae

968 1377 1192 1414 suggerentur,
1220 1377 1255 1404 ut
1276 1371 1314 1404 ad
1336 1370 1514 1414 capitulum
1536 1369 1648 1402 referri
1660 1370 1714 1402 de-

969 1425 1079 1464 beant3
1108 1430 1138 1458 et
1163 1424 1283 1458 nemini
1308 1424 1424 1464 liceat,
1454 1434 1514 1456 nec
1542 1423 1712 1466 quisquam

969 1478 1068 1521 possit
1098 1477 1275 1521 quidquam
1304 1477 1344 1510 ad
1375 1476 1553 1520 capitulum
1580 1476 1710 1515 referre,

970 1531 1057 1574 quod
1077 1541 1142 1563 non
1163 1536 1236 1563 ante
1257 1530 1434 1572 cognitum,
1451 1528 1670 1562 examinatum
1684 1534 1714 1561 et

971 1585 1184 1628 approbatum
1207 1595 1225 1617 a
1245 1583 1438 1628 supradictis
1459 1589 1550 1626 patre
1571 1583 1714 1625 generali

971 1644 1001 1671 et
1014 1639 1240 1672 definitoribus
1255 1638 1360 1671 fuerit.
1385 1637 1541 1676 Quocirca
1562 1642 1633 1681 post
1646 1637 1715 1670 obi-

971 1699 1037 1726 tum
1053 1692 1149 1725 huius
1166 1691 1266 1735 patris
1287 1691 1458 1733 generalis,
1487 1696 1615 1734 praeter
1635 1701 1714 1734 qua-

972 1752 1045 1778 tuor
1075 1744 1279 1788 supradictos
1311 1743 1521 1783 definitores,
1546 1743 1714 1785 eligendus

972 1798 1033 1831 erit
1057 1797 1154 1831 etiam
1188 1797 1376 1841 praesidens
1396 1796 1548 1840 capituli,
1573 1796 1626 1839 qui
1652 1806 1715 1828 una

973 1862 1045 1884 cum
1067 1851 1294 1884 definitoribus
1318 1856 1512 1893 cognoscet,
1545 1850 1712 1893 expendet,

973 1905 1168 1949 approbabit
1194 1905 1242 1938 vel
1272 1904 1469 1948 improbabit
1499 1914 1550 1936 res
1570 1904 1610 1936 ad
1631 1903 1716 1947 capi-

973 1959 1074 1991 tulum
1094 1965 1148 1991 aut
1166 1959 1352 1991 referendas
1372 1964 1427 1990 aut
1456 1968 1558 1997 secus,
1578 1957 1617 1989 ad
1638 1966 1716 1999 quas

973 2012 1199 2055 approbandas
1217 2012 1264 2044 vel
1285 2011 1470 2044 refutandas
1496 2020 1532 2043 ea
1552 2009 1632 2042 ratio
1653 2009 1717 2042 suf-

974 2065 1150 2107 fragiorum
1171 2065 1319 2098 habenda
1344 2070 1401 2103 est,
1425 2070 1460 2097 utv
1480 2063 1511 2096 id
1536 2063 1602 2103 fiat,
1627 2063 1715 2105 quod

974 2118 1078 2151 maior
1097 2128 1251 2151 numerus
1271 2117 1497 2159 suffragiorum
1532 2115 1714 2148 faciendum

973 2182 1041 2205 esse
1062 2171 1233 2204 censuerit.

1028 2226 1044 2266 S
1077 2223 1129 2257 33.
1159 2224 1308 2257 Sancitur
1339 2224 1435 2257 etiam
1466 2229 1501 2256 ut
1534 2222 1716 2266 praefectus

973 2277 1142 2320 generalis,
1170 2278 1291 2310 arbiter
1311 2277 1497 2317 consultae,
1526 2281 1717 2320 procurator

973 2330 1154 2372 generalis,
1179 2330 1370 2363 secretarius
1397 2329 1501 2362 dictae
1537 2329 1714 2369 consultae,

974 2383 1198 2426 provinciales,
1214 2383 1405 2421 visitatores,
1430 2382 1583 2425 praefecti
1598 2382 1718 2414 domo-

975 2446 1044 2468 rum
1068 2436 1285 2480 professarum
1308 2441 1338 2468 et
1363 2435 1589 2473 novitiatuum,
1614 2441 1643 2468 et
1664 2446 1718 2477 ge-

974 2489 1133 2521 neralium
1147 2489 1467 2529 valetudinariorum,
1485 2493 1516 2521 et
1533 2488 1718 2532 praesidens

973 2542 1105 2586 capituli
1134 2542 1295 2585 generalis
1316 2542 1449 2575 omnino
1477 2547 1668 2586 cooptentur
1688 2548 1719 2575 et

973 2596 1134 2639 eligantur
1165 2607 1200 2629 ex
1232 2607 1368 2640 corpore
1398 2602 1428 2629 et
1459 2606 1595 2630 numero
1627 2606 1719 2630 voca-

1721 203 1770 230 Λη.
1791 203 1819 229 (ἶ.
1838 202 1905 229 1600

1739 952 1864 972 bennit-ms
1875 956 1909 970 ra-

1725 979 1784 1003 pitult
1799 978 1910 1002 aenei-atis,

1725 1011 1839 1031 earumque
1867 1010 1909 1024 tuu-

1725 1038 1770 1052 nus.

1790 2225 1916 2252 Superiores

1732 2253 1848 2278 Religionis
1870 2255 1917 2273 sunt

1733 2281 1822 2306 eligendi
1839 2287 1862 2300 ex
1879 2286 1917 2299 mi·

1733 2314 1789 2327 utero
1814 2307 1916 2326 voi-alium

1733 2334 1875 2354 sacuiwlotuui.
