2253 3195
232 229 280 254 Au.
299 227 327 254 C.
348 227 418 255 ¹595

254 498 336 518 Cum-nc
334 497 416 543 ‘'linsa-

233 531 317 551 l¹'·¹'¹'t
377 533 416 540 ““

244 552 302 572 eteull
304 532 343 570 dit:
348 530 417 570 ΙῃιΙιινῐι·

232 579 298 598 armti.
294 584 345 602 -ιιιι
348 584 415 623 „pun

232 604 322 630 dCattZl
327 606 367 624 utttl

266 2094 332 2114 Quan-
348 2094 405 2116 ιιιιιιΙι

233 2126 350 2165 ι.ιι;ιῆιἰιιι,ιιι
380 2152 414 2170 ιιι»-

462 213 527 251 192

429 282 505 309 tunc
518 276 754 320 inperpetuum
768 274 888 308 eisdem
902 274 1000 307 modo
1012 280 1043 307 et
1055 274 1169 315 forma,

430 329 611 373 talibusque
637 328 802 373 personis,
826 333 857 361 et
883 328 942 360 sub
968 327 1023 360 tali
1049 337 1169 368 onere,

431 382 547 426 quibus
567 382 642 415 dicti
663 387 785 426 septem
807 381 1014 414 canonicatus
1032 386 1060 414 et
1082 391 1174 425 prae-

431 435 555 469 bendae
574 435 711 468 conferri
728 434 812 468 soliti
825 440 928 475 erant,
945 440 976 467 et
988 434 1066 467 alias
1078 440 1175 478 prout

431 489 463 521 in
483 488 657 522 concordia
676 487 881 527 huiusmodi,
904 498 940 520 ac
961 487 1101 531 desuper
1123 498 1175 520 ce-

431 541 554 574 lebrato
576 541 789 574 instrumento
817 551 872 573 seu
901 540 963 573 alia
993 540 1170 584 scriptura,

431 594 526 627 etiam
548 594 642 627 latius
663 594 780 627 dicitur
804 594 975 627 contineri.
999 594 1173 638 Postquam

431 647 656 688 concordiam,
683 653 717 680 ut
749 648 951 691 praefertur,
975 647 1106 688 initam,
1135 648 1174 681 de

431 712 539 734 mense
567 701 709 735 octobris
740 707 815 735 tunc
841 702 988 746 proxime
1011 702 1174 746 sequentis

429 754 504 786 anni
524 754 652 787 Domini
680 765 849 796 uanxm,
872 765 956 788 nnus
987 761 1017 788 et
1043 765 1108 787 una
1127 755 1175 788 di-

429 813 498 840 ctae
519 808 674 841 ecclesiae⁴
693 808 901 842 canonicatus
929 814 960 842 et
989 809 1174 852 praebenda

429 871 464 893 ex
483 861 576 894 dictis
595 862 850 895 sacerdotalibus
863 873 921 905 per
934 862 1058 895 obitum
1072 872 1175 906 quon-

429 914 502 946 dam
532 914 660 947 Henrici
687 915 726 947 de
754 915 783 947 la
814 915 974 948 llamarde
1001 920 1171 955 vacantes,

430 978 487 1011 per
505 967 785 1012 archiepiscopum
817 968 934 1001 dilecto
962 968 1030 1001 silio
1058 968 1174 1001 lacobo

428 1021 562 1065 Sapido,
586 1031 695 1054 sacrae
724 1021 906 1064 theologiae
936 1021 1115 1062 licentiato,
1145 1028 1175 1054 et

429 1075 509 1108 alius
529 1086 566 1108 ac
586 1075 648 1107 alia
669 1075 700 1107 in
722 1074 868 1119 sequenti
902 1085 1012 1108 mense
1036 1085 1171 1108 novem-

429 1128 494 1161 bris
507 1138 565 1172 per
584 1127 708 1161 obitum
729 1128 894 1171 quondam
909 1127 1027 1161 Valerii
1047 1127 1170 1168 Sereni,

429 1181 523 1214 etiam
549 1191 675 1221 vacans,
699 1181 795 1214 etiam
828 1191 863 1214 ex
895 1181 1170 1221 sacerdotalibus,

429 1235 546 1269 dilecto
567 1235 635 1269 filio
661 1235 755 1269 Petro
776 1235 1036 1275 Prendltomme,
1061 1235 1173 1269 decre-

431 1295 536 1322 tomm
557 1289 653 1322 etiam
669 1288 850 1328 licentiato,
872 1299 931 1333 per
950 1289 1102 1322 eumdem
1124 1299 1174 1322 ar-

429 1342 671 1386 cbiepiscopum
687 1342 851 1386 provisum
874 1342 942 1375 suit.
967 1343 1009 1375 Ac
1027 1343 1170 1383 demum,

429 1402 498 1439 post
518 1395 638 1428 dictum
660 1395 829 1428 denarium
844 1406 1017 1428 numerum
1032 1396 1171 1439 comple-

431 1455 509 1489 tum,
533 1460 570 1482 ex
591 1449 690 1482 libere
715 1450 754 1483 ad
777 1449 982 1482 collationem
1009 1450 1170 1494 archiepi-

429 1502 524 1546 scopi·
537 1502 755 1546 spectantibus
775 1502 919 1536 ciusdem
941 1503 1095 1536 ecclesiae
1115 1513 1170 1536 ca-

430 1555 633 1589 nonicatibus
657 1560 688 1588 et
716 1556 927 1599 praebendis,
951 1567 1034 1590 unus
1060 1562 1088 1590 et
1110 1567 1173 1590 una

430 1609 469 1642 de
491 1619 599 1642 mense
620 1609 704 1642 maio
722 1609 797 1642 anni
819 1620 960 1643 nanxtv
974 1620 1031 1653 per
1048 1610 1172 1643 obitum

431 1662 594 1705 quondam
621 1662 763 1695 Thomae
786 1662 937 1704 Pacault,
962 1662 1080 1696 dilecto
1107 1662 1173 1695 lilio

432 1715 600 1749 Francisco
621 1715 798 1755 [hussen-et,
828 1727 864 1749 ac
891 1716 973 1748 alius
1000 1722 1028 1749 et
1051 1716 1114 1749 alia
1135 1717 1173 1750 de

432 1780 540 1802 tuense
561 1769 687 1811 augusti
709 1769 852 1802 eiusdem
867 1769 954 1809 anni,
971 1780 1029 1813 por
1049 1770 1172 1803 obitum

430 1822 593 1865 quondam
609 1821 775 1864 Augustini
800 1821 929 1865 Leporis
942 1827 1090 1855 vat-antes
1101 1849 1108 1861 ‚
1125 1822 1173 1855 di-

431 1876 513 1908 lecto
535 1875 601 1908 lilio
621 1876 771 1919 Philippo
791 1876 830 1908 de
850 1876 955 1909 Monte
975 1886 1032 1920 per
1053 1875 1172 1909 dictum

430 1929 611 1973 Capitulum
628 1956 635 1969 ,
652 1929 737 1962 iuxta
759 1929 965 1962 concordiam
989 1929 1172 1963 lutiusutodi

432 1982 595 2026 provisum
618 1982 684 2015 t'uit.

475 2038 490 2078 ,ξ
506 2036 536 2069 lt.
554 2037 630 2069 Cum
649 2043 768 2075 autem,
782 2037 860 2070 sicut
884 2035 995 2069 callem
1018 2036 1174 2080 expositio

355 2102 414 2137 ..2ss
431 2090 656 2129 subiungebat.
683 2096 744 2122 tatu
775 2090 1048 2133 archiepisc-opus,
1077 2100 1192 2133 quant

432 2143 643 2188 praepositus,
667 2143 807 2175 ‹let-anus
827 2149 855 2175 et
881 2143 1060 2187 Capitulum
1084 2154 1175 2186 prae-

431 2196 504 2229 ‹lirti
535 2196 684 2240 rupiaut,
715 2196 921 2229 cont-ordiam
953 2196 1170 2240 praedictam

430 2260 502 2282 vum
531 2249 681 2282 omnibus
711 2249 784 2282 inde
813 2249 971 2293 sequufis,
999 2250 1039 2282 ad
1060 2260 1172 2282 eorum

431 2309 617 2347 perpetuant
640 2303 847 2340 validitatem,
865 2302 1042 2347 apostoliea
1063 2309 1174 2336 aucto-

432 2357 534 2397 ritate,
547 2357 743 2395 ronliruuu‘iv
757 2357 913 2401 uobis-qu«-
932 2363 1102 2401 proptvr«.·a
1117 2358 1174 2390 bu-

432 2410 549 2443 tuililvr
569 2411 740 2455 supplicari
769 2413 931 2449 lecerunt,
957 2416 986 2442 ιιΙ
1016 2410 1076 2443 illis
1097 2416 1192 2455 apo-v

431 2464 560 2496 stolicac
581 2463 839 2496 confirmationis
853 2464 952 2496 robur
966 2463 1118 2500 adiicere,
1135 2465 1173 2497 de

433 2517 629 2556 benignitate
649 2518 836 2561 apostolica,
861 2518 1081 2561 dignaremur.

477 2569 540 2611 §Tr
571 2571 632 2603 Nos
659 2571 754 2610 initur
785 2571 964 2604 litterarum
997 2570 1084 2605 Pauli
1113 2570 1170 2611 Ν,

435 2623 477 2656 Ι”ιι
501 2623 535 2656 tt'
557 2630 583 2654 vt
609 2624 651 2655 l'ii
675 2624 715 2660 Υ,
740 2625 1021 2667 ιιιιιιτιίιηιηεςοιιιιιι
1049 2630 1173 2657 unstro-
1210 2623 1334 2656 statutis
1369 2629 1398 2656 vt
1440 2623 1746 2662 vtmsuvtudintlms,

1015 226 1198 250 mmmmm!
1219 226 1372 251 ROMANUM

1207 284 1279 307 rum
1291 274 1543 318 praedictorum,
1553 280 1649 319 atque
1657 274 1850 309 concordiae
1859 285 1950 319 prae-

1209 327 1312 361 dictae
1333 333 1365 361 et
1390 327 1609 369 instrumenti,
1640 339 1696 362 seu
1717 329 1848 362 alterius
1868 328 1950 362 scri-

1208 386 1322 424 pturae
1342 382 1480 425 desuper
1500 381 1652 415 celebrati
1665 382 1714 415 vel
1727 382 1891 415 consectae
1909 387 1954 414 te-

1208 445 1303 468 nores
1323 441 1351 468 et
1375 435 1475 476 datas,
1497 436 1720 480 praesentibus
1739 446 1800 480 pro
1821 446 1952 479 expres-

1208 488 1251 521 sis
1268 489 1433 529 habentes,
1454 489 1903 533 ipsosque·archiepiscopum
1924 494 1954 521 et

1209 541 1387 585 Capitulum
1408 542 1601 586 specialibus
1617 542 1781 576 favoribus
1797 547 1828 575 et
1847 541 1956 585 gratiis

1209 596 1361 639 prosequi
1391 596 1551 633 volentes,
1582 595 1768 629 huiusmodi
1796 595 1956 639 supplica-

1210 647 1351 680 tionibus
1364 647 1520 689 inclinati,
1536 649 1710 692 praefatam
1732 648 1952 686 concordiam,

1210 701 1459 735 instrumentum
1479 702 1526 734 vel
1547 702 1738 746 scripturam
1753 702 1893 745 desuper
1905 699 1955 735 ce-

1210 754 1365 787 lebratam
1401 755 1448 788 vel
1476 755 1677 795 conlectam,
1701 765 1774 788 cum
1805 755 1956 788 omnibus

1210 807 1284 840 inde
1304 807 1447 851 sequutis
1463 807 1666 852 supradictis,
1677 807 1866 841 auctoritate
1879 818 1956 852 apo-

1209 861 1343 901 stolica,
1378 867 1490 894 tenore
1526 861 1763 904 praesentium,
1795 867 1954 905 perpetuo

1210 914 1441 948 confirmamus
1465 921 1496 948 et
1516 915 1746 959 approbamus,
1769 925 1805 948 ac
1828 920 1955 958 aposto·

1211 967 1290 1001 licae
1311 968 1472 1002 firmitatis
1493 969 1610 1002 robore
1631 968 1888 1007 communimus,
1912 969 1952 1001 il-

1210 1021 1312 1065 lisque
1332 1021 1488 1055 unirersis
1509 1027 1540 1055 et
1564 1022 1698 1065 singulis
1725 1027 1900 1066 perpetuae
1926 1027 1957 1054 et

1211 1075 1403 1108 inviolabilis
1423 1075 1618 1120 apostolicae
1632 1075 1890 1109 confirmationis
1901 1085 1955 1109 ro-

1210 1128 1272 1161 bur
1290 1129 1471 1167 adiicimus,
1488 1140 1524 1162 a(-
1545 1139 1657 1162 omnes
1678 1135 1706 1162 et
1726 1129 1871 1172 singulos
1890 1135 1954 1163 tam

1210 1182 1288 1215 iuris
1316 1193 1411 1226 quam
1445 1183 1517 1216 sacti
1553 1183 1694 1216 desectus
1709 1210 1716 1222 ‚
1751 1182 1775 1215 si
1811 1182 1866 1226 qui
1900 1183 1952 1215 in-

1209 1235 1402 1269 tervenerint
1435 1236 1466 1268 in
1498 1236 1618 1269 eisdem
1634 1263 1641 1277 ‚
1665 1236 1863 1280 supplemus.
1887 1236 1950 1270 De-

1210 1295 1378 1323 cernentes
1398 1289 1605 1323 concordiam
1632 1289 1733 1333 ipsam
1764 1300 1800 1322 ac
1830 1289 1952 1323 instru-

1210 1349 1353 1377 mentum
1381 1354 1437 1377 seu
1468 1343 1660 1387 scripturam
1688 1343 1894 1384 huiusmodi,
1917 1353 1955 1376 ac

1209 1396 1317 1430 onmia
1337 1402 1367 1429 et
1391 1396 1516 1439 singula
1542 1396 1616 1430 inde
1637 1402 1789 1440 sequuta,
1809 1402 1843 1428 ut
1863 1405 1955 1440 prae-

1209 1451 1319 1490 fertur,
1335 1455 1492 1494 perpetuo
1513 1450 1618 1491 firma,
1634 1450 1739 1483 valida
1760 1455 1792 1483 et
1811 1449 1955 1482 efficacia

1209 1503 1359 1541 existere,
1391 1513 1530 1546 suosque
1560 1503 1722 1546 plenarios
1752 1509 1783 1536 et
1813 1503 1955 1546 integros

1209 1556 1340 1589 effectus
1359 1556 1466 1589 sortiri
1487 1562 1515 1590 et
1539 1556 1698 1597 obtinere,
1721 1562 1749 1590 et
1771 1567 1830 1600 per
1849 1556 1955 1590 archi-

1209 1609 1394 1655 episcopum
1426 1615 1456 1643 et
1484 1610 1665 1654 Capitulum
1698 1608 1879 1654 praedictos
1904 1609 1954 1642 in-

1209 1663 1324 1697 violate
1365 1663 1526 1697 observari
1566 1664 1696 1697 debere.
1739 1663 1856 1707 Sicque
1896 1673 1956 1708 per

1209 1727 1432 1761 quoscumque
1461 1716 1583 1750 iudices
1606 1716 1790 1750 ordinarios
1811 1722 1841 1749 et
1861 1716 1952 1750 dele-

1209 1776 1310 1813 gatos,
1332 1771 1428 1804 etiam
1456 1781 1626 1803 causarum
1652 1769 1762 1814 palatii
1787 1769 1955 1814 apostolici

1191 1858 1192 1862 ,
1209 1823 1393 1863 auditores,
1417 1823 1545 1856 sublata
1566 1823 1610 1857 eis
1631 1829 1661 1856 et
1681 1834 1794 1856 eorum
1822 1823 1956 1856 cuilibet

1209 1877 1320 1921 quavis
1349 1877 1441 1910 aliter
1468 1877 1630 1910 iudicandi
1659 1883 1686 1910 et
1719 1876 1953 1920 interpretandi

1210 1931 1358 1963 facultate
1383 1936 1412 1963 et
1431 1930 1633 1969 auctoritate,
1657 1930 1792 1963 iudicari
1821 1935 1851 1963 et
1872 1929 1955 1963 desi-

1210 1984 1270 2017 niri
1292 1984 1469 2021 debere‚ac
1488 1984 1615 2018 irritum
1637 1990 1667 2017 et
1687 1984 1783 2017 inane
1796 1983 1954 2028 quidquid

1209 2048 1300 2071 secus
1320 2049 1417 2082 super
1437 2037 1485 2071 liis
1512 2050 1529 2071 a
1555 2048 1738 2082 quoquam,
1762 2037 1873 2082 quavis
1898 2048 1954 2071 au-

1210 2091 1371 2130 ctoritate,
1398 2090 1535 2124 scitnter
1556 2092 1601 2124 rel
1625 2091 1832 2133 ignoranter,
1855 2090 1956 2125 conti-

1210 2144 1291 2186 gwuit
1312 2145 1472 2177 atttntati.

1255 2199 1310 2241 gli.
1325 2198 1392 2231 Nou
1403 2198 1605 2231 obstantibus
1618 2209 1665 2243 pr
1659 2197 1748 2231 aedit·
1754 2197 1791 2231 tis
1801 2197 1889 2232 Pauli
1901 2197 1950 2239 lV,

1211 2251 1254 2285 l'ii
1276 2252 1311 2284 ll'
1332 2257 1359 2284 et
1385 2251 1428 2284 Pii
1451 2252 1472 2283 V
1494 2251 1616 2290 littctffis
1634 2262 1670 2285 ac
1690 2251 1854 2296 quibusvis
1874 2261 1952 2295 apo-

1190 2303 1340 2346 {stolii-is,
1365 2316 1421 2339 ner
1443 2317 1506 2338 nun
1529 2306 1558 2338 in
1586 2305 1834 2350 provincialibus
1851 2311 1881 2338 et
1901 2316 1952 2350 sy-

1211 2359 1381 2391 nodalibus
1401 2358 1545 2392 conciliis
1565 2358 1659 2392 editis
1678 2357 1885 2399 generalibus
1904 2354 1952 2391 vel

1209 2411 1400 2455 specialibus
1421 2411 1704 2445 constitutioniluts
1725 2417 1756 2445 ct
1775 2410 1954 2445 ordinatio-

1210 2465 1314 2502 nibus,
1343 2477 1378 2497 ac
1408 2465 1511 2499 (lictae
1536 2465 1689 2498 ecclesiae
1717 2464 1954 2499 Catueracensis

1190 2518 1305 2551 ⁴etiam
1333 2518 1525 2557 itu-amento,
1549 2517 1795 2551 contii-nuatione
1825 2523 1953 2562 aposto-

1211 2570 1282 2609 lira,
1307 2570 1352 2603 vot
1379 2570 1489 2614 quavis
1516 2570 1666 2604 liruiitate
1691 2569 1753 2603 alia
1778 2569 1949 2611 roboratis,

1779 2623 1952 2668 privilegiis

2004 2201 2095 2227 Det-out
2109 2212 2112 2217 -
2121 2205 2143 2234 -J

1969 2230 1994 2249 tr
1995 2228 2047 2249 trus.
