2253 3195
272 224 320 250 An.
342 223 369 250 c.
388 223 449 250 tssot
502 213 564 247 748

328 1718 472 1744 t-:uquuiom

288 1746 382 1771 deputat.

472 271 625 316 tipliciter
645 269 872 304 commendato
886 268 1002 301 horum
1017 265 1134 299 intuitu
1146 274 1217 309 spe-

473 325 586 358 cialem
605 323 738 366 gratiam
760 322 863 354 facere
877 321 1029 360 volentes,
1047 319 1217 363 ipsumque

473 389 491 410 a
511 376 675 420 quibusvis
700 372 1053 413 exconmumicafionis,
1077 382 1214 415 suspen-

474 430 571 463 sionis
592 435 623 462 et
643 427 815 468 interdicti,
839 427 974 470 aliisque
995 422 1217 458 ecclesiasticis

474 482 651 522 sententiis,
675 481 819 514 censuris
839 485 870 513 et
895 478 1018 523 poenis,
1042 489 1060 511 a
1081 478 1150 510 iure
1169 477 1217 509 vel

475 537 514 569 ab
542 534 674 568 homine
705 534 816 578 quavis
847 532 1016 566 occasione
1044 532 1093 565 vel
1124 541 1219 564 causa

476 589 547 622 latis
562 617 569 629 ,
592 589 617 621 si
639 588 757 632 quibus
777 586 1023 630 quomodolibet
1048 585 1220 618 innodatus

477 642 591 682 existit,
608 642 648 675 ad
661 641 810 674 effectum
824 639 1042 684 praesentium
1055 639 1221 671 dumtaxat

477 695 741 738 consequendum
770 694 884 727 harum
909 692 992 727 serie
1021 691 1221 725 absolventes

478 755 507 782 et
528 749 709 782 absolutum
731 748 800 781 sore
821 752 997 786 censentes,
1021 745 1221 778 archidiaco-

478 809 587 836 natum
603 802 814 846 praedictum,
825 801 926 842 cuius,
939 806 970 833 et
982 799 1125 833 eiusdem
1136 798 1224 843 prio-

480 862 568 890 ratus
599 867 653 889 seu
686 855 838 889 ecclesiae
869 859 1053 888 sanctorum
1083 852 1168 886 Petri
1193 858 1224 885 et

479 910 581 951 Pauli,
604 921 640 942 ac
665 910 772 943 forsan
796 908 935 941 aliorum
960 906 1004 939 illi
1025 916 1224 940 annexorum

481 964 612 1003 fructus,
631 962 752 995 reditus
771 967 803 995 et
821 966 994 1005 proventus
1015 965 1143 993 centum
1165 959 1225 992 du-

482 1021 628 1050 catorum
649 1015 720 1048 auri
741 1014 895 1048 similium
921 1013 1099 1047 secundum
1125 1012 1222 1046 aesti-

483 1070 657 1102 mationem
679 1068 888 1113 praedictam,
905 1067 1046 1100 valorem
1067 1076 1222 1107 annuum,

483 1129 515 1156 ut
546 1123 657 1156 itidem
690 1122 892 1165 accepimus,
920 1131 985 1153 non
1017 1120 1185 1160 excedunt,
1209 1130 1226 1152 a

483 1177 646 1220 primaeva
671 1175 755 1208 illius
787 1174 948 1207 erectione
975 1179 1006 1206 et
1026 1173 1226 1206 institutione

482 1229 668 1262 huiusmodi
682 1228 765 1272 apud
781 1228 898 1260 dictam
916 1227 1030 1261 Sedem
1046 1233 1223 1266 vacantem,

484 1289 515 1316 et
532 1284 571 1316 de
591 1293 656 1326 quo
673 1281 781 1319 etiam,
799 1281 885 1325 quod
899 1281 1006 1314 nullus
1026 1287 1156 1324 praeter
1170 1291 1227 1314 nos

484 1336 542 1369 hac
573 1336 640 1369 vice
662 1335 833 1379 disponere
860 1334 981 1379 potuit,
1005 1334 1068 1367 sive
1100 1339 1224 1377 potest,

483 1388 699 1429 reservatione
720 1393 750 1421 et
771 1388 901 1421 decreto
919 1387 1146 1420 obsistentibus
1166 1398 1225 1420 an-

486 1443 630 1482 tedictis,
652 1453 724 1475 cum
747 1441 877 1474 annexis
905 1441 1111 1481 huiusmodi,
1136 1452 1172 1474 ac
1193 1452 1228 1474 o-

485 1496 614 1529 mnibus
628 1495 752 1528 iuribus
773 1506 807 1527 ac
829 1494 1032 1538 pertinentiis
1045 1494 1111 1527 suis
1124 1494 1228 1527 eidem

485 1550 665 1590 Francisco,
690 1549 774 1583 dicta
795 1549 997 1589 auctoritate,
1021 1548 1226 1590 conferimus,

487 1610 514 1636 ct
542 1605 580 1637 de
602 1604 656 1636 illo
678 1603 772 1636 etiam
792 1602 1009 1646 providemus,

533 1659 549 1698 ξ
584 1656 630 1689 ¹7.
667 1656 822 1695 Quocirca
853 1655 976 1689 dilectis
1009 1655 1083 1688 siliis
1118 1655 1230 1689 Curiae

489 1721 658 1743 causarum
679 1710 830 1743 Gamerae
859 1708 1062 1752 Apostolicae
1089 1709 1230 1751 generali

488 1763 639 1803 auditori,
655 1769 683 1796 et
703 1762 828 1795 vicariis
845 1761 1074 1795 venerabilium
1099 1763 1230 1795 fratrum

489 1823 670 1850 nostrorum
697 1815 962 1850 L'rbcvetauensis
987 1821 1014 1848 et
1035 1815 1229 1849 Perusinen-

488 1871 530 1904 sis
561 1871 788 1915 cpiscoporum
819 1870 848 1902 iu
879 1869 1098 1913 spiritualibus
1131 1880 1229 1912 genc-

491 1924 624 1963 ratibus,
650 1934 706 1967 per
727 1922 901 1967 apostolica
929 1922 1046 1966 scripta
1075 1929 1162 1956 motu
1193 1923 1233 1955 si-

491 1978 569 2018 mili,
595 1977 785 2010 mandamus
805 1982 964 2021 quatenus
990 1976 1061 2020 ipsi,
1085 1976 1132 2009 vel
1155 1976 1230 2018 duo,

490 2037 542 2065 aut
570 2042 652 2070 unus
673 2041 784 2063 eorum
812 2041 870 2074 per
890 2041 942 2069 se,
971 2029 1017 2062 vel
1039 2029 1154 2068 alium,
1178 2040 1232 2062 seu

491 2084 569 2118 alios
591 2089 775 2128 praesentes
797 2083 937 2122 litteras,
959 2088 987 2116 et
1020 2082 1049 2114 in
1076 2082 1120 2115 eis
1152 2093 1231 2115 con-

493 2143 577 2170 tenta
599 2147 834 2180 quaecumque,
855 2135 906 2167 ubi
940 2141 966 2168 et
995 2136 1124 2178 quando
1155 2146 1236 2179 opus

493 2190 597 2230 suerit,
622 2201 657 2223 ac
678 2189 804 2233 quoties
826 2200 882 2232 pro
905 2195 993 2233 parte
1015 2188 1155 2232 cius-:opi
1178 2199 1236 2232 pro

495 2251 639 2288 tempore
657 2243 830 2281 existentis,
852 2247 881 2275 vt
903 2242 1034 2286 capituli
1055 2242 1153 2275 Casiri
1169 2242 1236 2275 1³10-

495 2297 552 2335 bis,
577 2307 702 2330 necnon
732 2295 962 2335 archidiaconi,
988 2300 1162 2335 rectorum,
1187 2295 1233 2327 vi-

495 2350 581 2386 carii,
599 2350 754 2394 capellani
777 2355 806 2381 et
829 2349 1124 2381 :nlministratorum
1143 2348 1236 2382 senii-

496 2416 544 2436 nai
557 2404 575 2435 ii
591 2404 684 2436 etiam
701 2414 758 2447 pro
774 2409 919 2446 tempore
930 2401 1132 2434 existentium
1145 2411 1236 2445 prae-

496 2457 676 2496 ‹tisun-um,
709 2468 763 2488 scu
796 2455 931 2488 alicuius
957 2466 1068 2487 mirum
1101 2455 1239 2498 desuper

498 2510 612 2541 suerint
637 2510 793 2553 requisiti,
817 2509 1004 2542 solemniter
1024 2508 1235 2552 publicantes,

498 2562 606 2604 eisquc»
629 2562 657 2594 iu
680 2562 862 2606 praemissis
887 2561 1024 2594 cllicacis
1045 2560 1238 2593 defensionis

500 2615 660 2658 praesidio
678 2615 881 2655 assistentes,
904 2614 1016 2648 saciant
1048 2614 1238 2647 auctoritate

1052 217 1237 242 BULLARIUM
1256 215 1410 240 ROMANUM

1251 268 1371 304 nostra,
1392 268 1576 307 praesentes
1595 261 1717 295 litteras
1737 267 1768 294 et
1787 261 1819 294 in
1839 261 1884 294 eis
1908 270 1987 294 con·

1252 322 1338 350 tenta
1369 315 1556 350 huiusmodi
1585 315 1624 348 ab
1656 314 1829 354 omnibus,
1853 314 1892 347 ad
1912 324 1992 358 quos

1251 375 1383 414 spectat,
1407 375 1438 403 et
1457 379 1515 413 pro
1538 375 1683 412 tempore
1702 367 1868 411 spectabit,
1893 367 1993 400 invio-

1251 423 1391 456 labiliter
1403 423 1577 463 observari,
1592 433 1630 456 ac
1641 422 1785 465 singulos
1794 449 1801 462 ,
1813 431 1894 465 quos
1907 421 1994 464 ipsae

1253 483 1438 520 praesentes
1444 477 1451 508 l
1458 476 1569 509 itterae
1577 479 1785 516 concernunt,
1793 473 1854 507 illis
1861 473 1995 518 pacifice

1254 531 1315 563 frui
1337 535 1369 563 et
1388 531 1546 573 gaudere3
1569 540 1634 563 non
1662 528 1886 573 permittentes
1910 527 1996 571 ipsos

1253 594 1309 617 seu
1334 594 1446 617 eorum
1473 583 1658 628 quempiam
1690 592 1748 626 per
1773 591 1997 626 quoscumque

1255 637 1393 681 desuper
1406 635 1649 680 quomodolibet
1664 635 1807 669 indebite
1821 635 1994 675 molestari;

1255 701 1379 723 necnon
1396 690 1518 723 dictum
1531 689 1737 723 Franciscum
1751 689 1895 732 (recepto
1908 687 1998 732 prius

1255 743 1294 776 ab
1316 754 1353 777 eo
1373 749 1512 784 nostrae,
1535 748 1567 776 et
1584 742 1687 776 dictae
1706 743 1872 775 Romanae
1890 741 1999 775 Eccle-

1256 797 1321 830 siae
1342 796 1474 830 nomine
1500 795 1663 830 fidelitatis
1687 794 1814 828 debitae
1834 794 1929 828 solito
1949 794 1998 828 iu-

1259 855 1416 890 ramento,
1440 849 1525 882 iuxta
1549 849 1685 882 sormam
1714 858 1811 892 quam
1831 848 1890 881 'sub
1910 847 2000 881 Bulla

1258 909 1368 937 nostra
1388 902 1545 935 mittimus
1564 901 1800 944 introclusam),
1815 900 1862 934 vel
1882 911 2001 944 procu-

1259 963 1399 991 ratorem
1413 966 1506 990 suum
1522 955 1590 988 eius
1601 955 1732 988 nomine
1749 954 1781 987 in
1799 954 2000 998 corporalem

1259 1010 1494 1055 possessionem
1514 1008 1794 1042 archidiaconatus
1814 1013 1845 1042 et
1863 1018 2003 1042 annexo-

1259 1075 1343 1104 rum,
1367 1063 1551 1106 iuriumque
1568 1068 1598 1095 et
1617 1061 1847 1106 pertinentium
1869 1071 2003 1095 suorum

1259 1117 1498 1162 praedictorum
1514 1115 1874 1157 inducant,auctoritate
1882 1115 2003 1156 nostra,

1261 1176 1292 1204 et
1323 1170 1498 1204 defendant
1529 1169 1696 1202 inductum
1713 1195 1720 1208 ,
1749 1173 1858 1201 amoto
1889 1167 2003 1201 exinde

1261 1223 1407 1268 quolibet
1424 1223 1602 1262 detentore,
1626 1221 1778 1255 facientes
1797 1220 2003 1255 Franciscum

1261 1278 1308 1310 vel
1330 1282 1576 1321 procuratorem
1597 1274 1797 1319 praedictum
1830 1274 1870 1307 ad
1900 1273 2005 1308 archi-

1263 1330 1468 1364 diaconatum
1484 1327 1683 1368 huiusmodi,
1706 1332 1739 1360 ut
1757 1332 1803 1360 est
1824 1327 1934 1368 moris,
1951 1327 2005 1360 ad-

1263 1383 1366 1424 mitti,
1400 1383 1526 1426 sibique
1558 1382 1597 1415 de
1623 1381 1707 1414 illius
1739 1391 1775 1414 ac
1806 1391 2004 1415 annexorum

1263 1437 1451 1471 eorumdem
1485 1435 1661 1475 fructibus,
1684 1433 1843 1468 reditibus
1870 1440 1901 1468 et
1925 1444 2002 1478 pro-

1263 1490 1428 1530 ventibus,
1452 1489 1575 1522 iuribus
1600 1494 1631 1522 et
1661 1487 1908 1521 obventionibus
1933 1487 2005 1521 uni-

1263 1544 1361 1578 versis
1382 1544 1505 1586 integre
1527 1541 1715 1586 responderi
1727 1553 1735 1582 ;
1755 1541 2007 1575 contradictores

1264 1598 1425 1643 quoslibet
1444 1603 1472 1630 et
1487 1596 1635 1637 rebelles,
1659 1606 1717 1640 per
1736 1595 1921 1636 sententias,
1934 1605 2008 1641 censs

1264 1663 1354 1686 suras
1367 1657 1397 1685 et
1414 1660 1535 1695 poenas
1555 1649 1795 1690 ecclesiasticas,
1811 1648 1938 1693 aliaque
1951 1659 2008 1693 op-

1266 1710 1416 1750 portuna,
1440 1703 1518 1736 iuris
1535 1709 1563 1737 et
1590 1702 1662 1735 sacti
1684 1701 1839 1742 remedia,
1860 1701 2005 1746 appella-

1267 1759 1352 1792 tione
1370 1756 1564 1802 postposita,
1588 1754 1824 1799 compescendo
1837 1781 1844 1795 ,
1871 1765 1908 1787 ac
1928 1754 2007 1797 legi-

1268 1811 1352 1845 timis
1369 1821 1466 1854 super
1485 1809 1535 1842 liis
1555 1807 1711 1841 habendis
1730 1807 1861 1840 servatis
1881 1817 2005 1851 proces-

1266 1865 1364 1905 sibim,
1376 1862 1561 1902 sententias,
1573 1871 1724 1895 censuras
1737 1866 1764 1893 et
1780 1870 1901 1904 poenas
1912 1860 2005 1904 ipsas,

1268 1918 1363 1950 etiam
1386 1916 1507 1949 iteratis
1532 1914 1654 1948 vicibus
1673 1914 1894 1957 aggravando,
1919 1913 2008 1947 invo-

1267 1977 1337 2005 cato
1358 1969 1452 2003 etiam
1475 1969 1513 2002 ad
1535 1968 1607 2008 boc,
1631 1967 1656 2000 si
1673 1977 1754 2011 opus
1775 1966 2009 2009 suerit,auxili0

1269 2023 1390 2058 bracbii
1411 2022 1597 2056 saecularis.

1313 2079 1329 2119 ς
1356 2075 1402 2109 18.
1424 2075 1492 2108 Non
1520 2074 1722 2107 obstantibus
1746 2073 1951 2117 praemissis,
1975 2084 2012 2108 ac
2026 2080 2137 2105 oti-unu·

1270 2130 1368 2164 felicis
1401 2127 1634 2162 recordationis
1663 2126 1816 2161 Bonisacii
1841 2127 1898 2160 PP.
1924 2126 2008 2169 Vlll,

1271 2181 1526 2229 praedecessoris
1543 2181 1656 2220 nostri,
1680 2180 1776 2213 etiam
1799 2179 1851 2212 illa
1869 2190 1932 2224 qua
1958 2190 2012 2214 ca-

1271 2244 1379 2271 veatur
1400 2246 1559 2280 expresse,
1585 2246 1624 2269 ue
1645 2235 1719 2279 quis
1740 2240 1825 2267 extra
1858 2245 1948 2268 suam
1969 2234 2013 2268 ci-

1272 2291 1399 2324 vitatem
1425 2290 1472 2322 vel
1494 2288 1686 2324 dioecesim,
1708 2287 1767 2320 nisi
1790 2287 1819 2319 in
1845 2287 1940 2320 certis
1959 2297 2012 2321 ex-

1271 2344 1372 2388 ceptis
1405 2342 1549 2380 casibus,
1582 2347 1609 2373 et
1642 2341 1672 2373 in
1711 2340 1772 2373 illis
1804 2340 1887 2374 ultra
1915 2350 2011 2374 unam

1272 2398 1409 2430 diaetam
1429 2407 1445 2429 a
1460 2396 1522 2429 sinc
1535 2406 1610 2428 suae
1623 2394 1779 2428 dioecesis
1799 2394 1838 2427 ad
1860 2393 2013 2428 iudicium

1272 2456 1432 2489 evocetur,
1447 2460 1502 2482 seu
1521 2459 1559 2481 ue
1575 2448 1695 2481 iudices
1711 2458 1728 2481 a
1749 2447 1829 2481 Sede
1850 2447 2015 2491 praedicta

1273 2505 1415 2550 ‹lt-putati
1441 2510 1528 2537 extra
1555 2503 1713 2536 civitatem
1740 2503 1786 2535 vel
1816 2501 2011 2544 dioecesim,

1274 2559 1303 2592 iu
1326 2559 1442 2603 quibus
1462 2557 1607 2602 deputati
1630 2557 1762 2597 suerint,
1787 2562 1897 2590 contra
1919 2566 2014 2600 quos-

1273 2623 1411 2657 cumque
1425 2611 1612 2656 procederc,
1630 2610 1677 2643 vel
1695 2609 1760 2651 alii,
1778 2615 1831 2643 aut
1844 2608 1914 2643 aliis
1930 2608 2014 2642 vices

2002 209 2051 236 An.
2068 209 2096 237 C.
2117 208 2185 255 Ιβψ

2143 268 2177 302 ἢ.
