2253 3195
223 211 276 239 An.
292 210 321 238 C.

249 965 364 991 nepotatio
374 965 406 986 .de

223 999 264 1019 qua
280 993 300 1013 in
315 992 407 1013 rubrica.

394 1070 396 1072 ’
422 1063 478 1096 filii
512 1065 630 1098 nobilis
661 1065 719 1098 viri
750 1066 935 1107 vincentii,

344 210 410 238 1602
456 201 520 235 856

729 260 858 294 CCXCV.

423 367 598 411 Depulatio
618 367 837 400 commissarii
852 377 913 410 pro
940 367 1169 411 componendis

467 428 844 472 differentiisconfinium
859 429 1080 463 interSlalum
1091 430 1170 462 Fer-

465 492 576 524 rariae
596 495 624 524 el
644 491 774 525 Statum
795 492 952 525 Mantuae
965 493 984 525 ¹.

485 584 599 612 Dilecto
614 585 676 612 filio
692 585 844 613 Dominico
859 586 968 613 Blando
985 587 1017 613 U.
1031 587 1053 614 1.
1071 588 1102 614 D.

637 639 842 666 commissario
858 643 962 667 nostro

593 700 749 731 Clemens
782 701 877 742 Papa
905 701 999 732 VIII.

701 769 814 797 Dilecto
833 770 887 803 fili,

458 824 589 850 salutem
612 826 643 850 et:
666 824 863 857 apostoticam
882 824 1132 852 benedictionem.

467 903 543 936 Cum
557 904 597 938 ad
610 905 852 949 componendas
866 904 1075 947 differentias,
1087 915 1169 949 quae

422 967 520 1000 snper
540 957 659 991 finibus
680 958 762 992 inter
775 958 899 992 Statum
920 965 1066 992 nostrum
1087 959 1166 992 Fer-

422 1011 527 1044 rariae
549 1017 579 1045 et
610 1012 694 1045 inter
724 1012 847 1046 Statum
880 1013 1028 1046 Mantuae
1060 1013 1167 1047 dilecti

971 1067 1118 1100 Mantuae
1139 1072 1169 1100 et

421 1117 648 1151 Montist'errati
681 1119 793 1160 ducis,
819 1120 990 1164 temporali
1022 1119 1167 1153 dominio

421 1171 601 1204 subiectum
619 1178 807 1214 vertuntur,
831 1173 973 1218 aliquam
994 1184 1166 1218 personam

421 1225 496 1265 tide,
520 1226 711 1269 prudentia,
736 1227 894 1268 doctrina,
928 1227 1112 1271 integritate
1137 1233 1168 1261 et

421 1279 616 1322 experientia
643 1286 859 1324 praestantem
875 1309 882 1322 ‚
906 1292 989 1325 quae
1011 1292 1083 1315 cum
1105 1281 1168 1315 alia

421 1342 560 1375 persona
574 1333 614 1366 ad
631 1333 717 1366 hunc
731 1333 879 1367 effectum
890 1335 1082 1378 apraedicto
1094 1335 1168 1368 Vin-

422 1386 528 1429 centio
550 1386 631 1419 duce
656 1387 840 1431 deputanda
859 1398 915 1421 seu
937 1389 1044 1422 forsan
1066 1389 1167 1433 depu-

422 1444 486 1472 tata
504 1440 684 1481 conveniat,
708 1446 739 1473 et
759 1441 799 1474 ad
817 1442 887 1475 loca
909 1442 1166 1476 differentiarum

422 1493 563 1533 accedat,
587 1493 736 1538 ipsasque
754 1494 951 1528 differentias
968 1497 1167 1530 concordare

422 1552 525 1588 curet,
546 1547 701 1594 deputare
720 1548 972 1589 decreverimus
995 1550 1034 1583 ad
1049 1556 1088 1590 te,
1113 1550 1165 1594 qui

421 1609 507 1632 nunc
528 1600 686 1634 auditoris
714 1602 874 1644 generalis
895 1613 1065 1636 causarum
1091 1603 1166 1637 civi-

422 1653 499 1685 lium
513 1659 640 1688 nostrae
655 1655 791 1688 civitatis
804 1656 1016 1690 Bononiensis
1031 1668 1166 1691 munere

423 1707 564 1749 fungeris
579 1735 586 1748 ,
621 1718 658 1741 ac
687 1709 726 1741 de
747 1708 839 1741 cuius
860 1709 923 1743 fide
938 1737 945 1750 ‚
970 1710 1163 1753 integritate,

423 1760 570 1793 doctrina
589 1771 626 1794 ac
648 1761 679 1794 in
710 1762 807 1795 rebus
834 1763 966 1805 agendis
987 1764 1117 1798 solertia
1137 1769 1168 1797 et

421 1813 612 1847 dexteritate
634 1815 812 1858 plurimum
828 1816 859 1849 in
874 1817 1011 1850 Domino
1032 1818 1168 1851 contidi-

422 1877 512 1907 mus,
541 1867 716 1901 direximus
748 1869 859 1902 oculos
889 1876 1018 1904 nostrae
1036 1871 1163 1905 mentis.

422 1920 532 1964 ltaque
551 1926 579 1954 te
593 1927 739 1954 nostrum
758 1927 789 1955 ct
807 1924 1003 1967 apostolicae
1024 1925 1114 1958 Sedis
1128 1926 1167 1959 ad

422 1974 597 2017 praemissa
618 1976 802 2020 peragenda
816 1977 1074 2011 commissarium
1095 1990 1166 2012 cum

422 2028 570 2061 laenitate
584 2035 615 2062 ct
635 2030 837 2070 auctoritate,
855 2031 964 2064 onmia
979 2038 1008 2065 et
1028 2032 1164 2075 singula,

422 2093 504 2125 qnae
529 2082 568 2114 ad
598 2082 783 2117 huiusmodi
816 2084 1014 2118 ditl'erentias
1034 2096 1168 2119 roncor-

423 2135 543 2168 ‹landas
569 2147 628 2180 pro
654 2143 764 2170 nostro
783 2143 810 2171 et
837 2138 981 2171 eiusdem
1003 2139 1094 2173 Sedis
1112 2139 1168 2172 lio-

423 2199 512 2228 nore,
533 2200 569 2222 a(-
580 2190 737 2233 praedicti
752 2191 857 2224 Status
870 2192 969 2224 nostri
990 2192 1164 2230 Fert-ariae,

422 2247 517 2285 atque
549 2243 654 2276 Status
688 2244 784 2277 etiam
824 2245 970 2278 Mantua(-
1002 2246 1166 2279 communi

423 2296 528 2338 quiete
549 2302 577 2331 et
600 2298 773 2331 commodo
795 2299 946 2342 expedire
964 2300 1164 2340 cognoveris,

424 2349 572 2389 tavieudi,
596 2351 727 2390 uerendi
758 2358 788 2385 et
808 2353 998 2396 exequendi,
1023 2365 1081 2386 nec:
1104 2364 1166 2386 non

422 2414 480 2444 pro
502 2403 705 2437 distinetione
726 2417 878 2445 agrorum
901 2407 1057 2440 tertninos
1078 2413 1108 2440 et
1124 2413 1167 2440 te-

422 2462 484 2488 stes
507 2458 649 2500 lapideos
663 2458 745 2491 inter
758 2459 926 2503 utriusque
947 2461 1054 2493 Status
1074 2461 1163 2501 lines,

425 2509 453 2541 in
477 2511 553 2543 tucis
575 2512 629 2544 tibi
658 2518 688 2545 et
713 2514 865 2557 ‹leputato
891 2514 966 2547 dieti
1000 2515 1090 2548 (lucis
1111 2515 1165 2547 lie-

423 2563 548 2602 nevisis,
573 2566 800 2606 constituendi,
825 2567 1016 2600 anctoritate
1037 2574 1166 2612 aposto-

462 2628 468 2652 Ι
491 2626 523 2652 lix
539 2627 643 2661 lle-gest.
658 2637 682 2654 in
701 2630 802 2656 sem-vt.
823 2630 956 2658 llrevium.

1000 212 1185 237 BULLARIUM
1205 212 1358 238 ROMANUM

1203 261 1286 302 lica,
1325 267 1437 295 tenore
1467 262 1699 306 praesentium,
1723 263 1948 297 constituimus

1203 320 1234 347 et
1255 315 1459 359 deputamus.
1481 316 1514 349 In
1536 316 1736 349 contrarium
1758 317 1948 351 facientibus

1203 378 1267 401 non
1289 369 1492 402 obstantibus
1512 369 1783 414 quibuscumque.

1247 422 1361 455 Datum
1388 423 1509 456 Romae
1538 424 1624 467 apud
1655 424 1685 457 S.
1721 424 1861 458 Marcum
1890 425 1948 458 sub

1205 476 1324 509 annulo
1352 475 1546 517 Piscatoris,
1571 477 1621 510 die
1646 488 1721 511 xxiv
1749 477 1817 510 iulii
1843 488 1945 519 moen,

1203 529 1411 573 pontificatus
1431 530 1531 563 nostri
1553 541 1638 564 anno
1659 531 1844 565 undecimo.

1240 591 1299 618 Dat.
1317 591 1360 618 die
1376 591 1410 618 24
1431 591 1488 619 iulii
1505 593 1583 627 1602,
1601 593 1697 629 pontif.
1720 601 1765 620 ani
1782 601 1818 620 xi.

1503 757 1635 792 CCXCVI
1641 785 1646 791 .

1204 853 1330 887 Erectio
1347 856 1516 898 prioratus
1533 855 1565 889 S.
1589 856 1727 899 Aynelis
1747 861 1839 890 ecco-a
1858 868 1945 890 moe-

1247 908 1307 940 m‘a
1329 908 1424 941 Urbis
1444 909 1480 941 in
1502 909 1638 942 titulum
1658 910 1808 943 abbatiae
1817 921 1879 954 pro
1891 911 1949 944 ab-

1249 961 1319 994 bate
1349 962 1496 1005 eliyendo
1517 973 1555 995 em
1581 963 1835 1007 Conqreqatione
1855 975 1950 997 cano-

1247 1015 1397 1048 nicorum
1414 1016 1622 1059 regularium
1643 1017 1675 1050 S.
1704 1017 1886 1051 Salvatoris
1903 1018 1922 1052 ¹.

1408 1107 1541 1133 Clemens
1561 1107 1641 1140 Papa
1663 1107 1742 1137 v111,

1327 1161 1361 1187 ad
1378 1162 1555 1194 perpetuam
1574 1160 1618 1188 rei
1638 1161 1822 1188 memoriam.

1245 1230 1332 1269 Quae
1360 1230 1399 1263 ad
1429 1230 1639 1264 ecclesiarum
1676 1231 1883 1276 antiquarum
1918 1238 1949 1265 et

1202 1283 1376 1328 insignium
1395 1283 1568 1327 pristinum
1583 1285 1734 1318 decorem
1755 1291 1787 1318 et
1807 1285 1948 1328 dignita-

1202 1343 1264 1370 tem
1280 1337 1510 1370 restituendam
1524 1338 1706 1372 conducere
1717 1339 1948 1382 dignoscimus,

1202 1401 1238 1423 ea
1259 1390 1396 1424 libenter
1417 1391 1636 1433 concedimus,
1661 1403 1734 1425 cum
1755 1393 1947 1436 praesertim

1201 1443 1230 1477 S.
1252 1443 1288 1477 R.
1310 1444 1342 1477 E.
1365 1444 1579 1478 cardinalium
1600 1451 1673 1479 vota
1698 1445 1729 1479 id
1751 1452 1944 1491 exposcunt,

1202 1509 1237 1531 ac
1262 1497 1340 1531 alias
1369 1498 1400 1530 in
1422 1498 1559 1532 Domino
1580 1499 1754 1533 salubriter
1782 1500 1945 1545 conspici-

1202 1562 1272 1585 mus
1293 1551 1455 1595 expedire.

1245 1603 1259 1646 ἓ
1280 1602 1310 1635 l.
1334 1602 1631 1646 Supplicationibus
1652 1603 1759 1648 itaque
1779 1603 1946 1638 venerabi-

1202 1656 1239 1689 lis
1254 1656 1359 1689 fratris
1378 1657 1478 1690 nostri
1500 1657 1671 1690 Alexandri
1687 1657 1829 1702 episcopi
1851 1658 1947 1691 Prae-

1201 1709 1403 1750 nestinensis‚
1427 1710 1457 1743 S.
1482 1711 1517 1743 R.
1540 1711 1572 1743 tl.
1589 1711 1761 1756 cardinalis
1783 1711 1945 1744 Florenti-

1202 1763 1308 1797 nensis
1342 1763 1540 1807 nuncupati,
1564 1764 1658 1797 nobis
1679 1764 1846 1798 humiliter
1867 1774 1945 1809 por-

1203 1817 1296 1851 rectis
1328 1817 1471 1851 inclinati
1494 1845 1501 1857 ‚
1540 1817 1719 1862 prioratum
1758 1818 1947 1851 monasterii

1201 1871 1336 1904 Sanctae
1368 1871 1499 1912 Agnetis
1529 1862 1616 1905 extra
1647 1881 1757 1904 muros
1788 1871 1883 1904 Urbis
1916 1871 1947 1904 in

1203 1925 1250 1958 via
1281 1925 1480 1958 Nomentana
1499 1925 1599 1969 (qnod
1618 1925 1848 1958 monasterium
1870 1925 1948 1958 alias

1202 1990 1219 2012 a
1241 1979 1340 2012 felicis
1360 1979 1593 2013 recordationis
1613 1980 1699 2013 Sixto
1715 1981 1799 2024 l‘apa
1820 1979 1868 2019 lv,
1885 1989 1944 2013 an-

1203 2044 1244 2066 no
1269 2033 1397 2066 Domini
1418 2043 1579 2067 nctmxxtx
1602 2033 1799 2067 monasterio
1813 2035 1844 2066 S.
1862 2033 1945 2066 Petri

1202 2087 1241 2119 ad
1263 2086 1396 2119 Vincula
1426 2087 1465 2119 de
1489 2087 1575 2120 Urbe
1604 2086 1868 2129 congregationis
1885 2097 1942 2120 ea—

1203 2140 1394 2173 nonicorum
1417 2140 1614 2181 regularium
1641 2140 1748 2173 Sancti
1774 2139 1948 2174 Salvatoris

1184 2194 1241 2244 ¹de
1267 2194 1430 2230 Bononia.
1455 2194 1584 2228 Ordinis
1616 2193 1721 2227 Sancti
1754 2193 1944 2236 Augustini,

1203 2254 1359 2291 perpetuo
1380 2247 1505 2280 nnitnm
1528 2254 1554 2280 et
1579 2258 1755 2288 annexum,
1780 2252 1810 2280 et
1831 2258 1848 2280 a
1877 2246 1948 2291 piae

1203 2302 1378 2335 memoriae
1400 2302 1587 2335 tunm-ontio
1608 2302 1692 2345 Papa
1714 2302 1788 2341 Vlll,
1815 2300 1948 2345 praede-

1202 2355 1382 2388 cessoribus
1412 2355 1551 2395 nostris,
1584 2355 1622 2388 de
1654 2366 1739 2388 anno
1766 2363 1947 2388 btanxxmx

1201 2410 1428 2442 contii-matum
1451 2409 1566 2446 extitit)
1582 2409 1612 2441 in
1637 2409 1762 2442 titulum
1785 2407 1944 2447 abbatiae,

1201 2473 1283 2506 qnae
1305 2462 1437 2506 posthac
1453 2462 1482 2494 in
1505 2467 1694 2506 perpetium}
1718 2461 1772 2494 nni
1794 2473 1828 2494 ex
1845 2460 1947 2494 dictae

1201 2515 1466 2557 Ct›11g1·‹÷g„rationis
1497 2515 1654 2548 canonico
1691 2514 1798 2548 abbati
1829 2524 1943 2547 mona-

1200 2569 1289 2602 sterii
1317 2570 1452 2602 Sam-tae
1481 2568 1610 2609 Afflictis
1639 2569 1881 2612 nuncupando,
1906 2567 1945 2600 ad

1241 2634 1246 2657 Ι
1269 2631 1303 2658 tex
1321 2632 1428 2668 lli-gest.
1447 2632 1472 2658 in
1489 2632 1590 2659 Sem-et.
1607 2631 1738 2658 llrerium.

1991 1234 2112 1256 Exordium.

1963 1641 2004 1662 qna
2020 1636 2040 1656 in
2056 1635 2141 1658 runi-tu
