2253 3195
11 255 35 274 n.
53 247 82 273 C.
104 245 164 272 1601

36 730 171 752 Pi‘occssibus

14 763 61 784 ique
71 758 90 777 in
101 757 173 777 «Μυου-

17 784 111 810 egatinno
124 789 172 804 exa-

14 810 74 831 inatis
97 812 117 830 ct
136 815 172 836 ap<

14 836 94 859 *obatiffi

795 249 941 272 CLEMENS
962 248 1019 271 VlII
1040 248 1089 271 1¹1².

185 294 232 327 bis
246 295 446 338 supplicavit,
465 302 495 328 ut
519 296 549 328 in
571 296 630 329 hac
649 307 742 329 causa
776 296 925 340 progredi

185 348 349 380 vellemus.
372 348 493 381 Idcirco
503 350 709 382 vehementer
727 351 927 383 laetabamur

185 407 215 434 ct
235 402 506 436 benedicebamus
525 404 673 443 Domino,
686 404 740 447 qui
756 404 825 447 pios
839 415 928 446 reges

185 460 340 498 perpetuo
358 456 505 497 suscitat,
523 457 562 489 ad
580 457 713 490 Sam-tos
735 457 799 490 suis
819 457 905 490 hono
918 477 925 481 -

187 508 273 541 ribus
286 510 540 553 prosequendos,
565 520 646 553 quos
664 510 755 551 clegit
779 510 809 542 in
843 511 929 543 aedi-

186 561 369 595 ticationem
391 563 537 606 corporis
557 563 682 603 Christi,
700 563 786 606 quod
801 569 845 596 cst
866 564 926 596 Ec-

186 615 292 648 clesia.

231 669 247 710 g
266 667 317 701 63.
339 669 415 702 Cum
438 668 536 711 igitur
550 669 704 713 praedicti
724 670 886 703 atulitores
898 669 929 702 in

187 721 396 754 discutiendis
421 722 499 755 actis
528 722 559 754 in
594 722 743 755 universo
778 733 929 766 processu

188 773 373 807 diuturnam
387 781 415 807 et
426 774 586 808 assiduam
602 781 770 809 navassent
782 786 927 819 operam,

188 827 333 870 nihilque
347 838 459 860 eorum
480 839 561 871 quae
587 829 626 861 ad
645 829 726 862 hanc
748 839 815 861 rem
838 839 930 873 pera-

189 881 326 924 gendam
345 881 506 925 pertinent
524 883 828 926 praetermisissent,
856 893 928 915 om-

188 945 261 968 nen]
278 935 324 968 rei
335 941 442 977 gestae
457 935 572 968 seriem
591 946 750 980 suumque
776 935 931 969 iudicium

188 988 307 1032 scripto
328 989 421 1022 nobis
447 989 659 1030 tradiderunt,
688 1000 826 1034 quorum
853 990 932 1022 inte-

188 1053 280 1084 gram
300 1042 490 1076 relationem
503 1053 561 1076 nos
575 1043 694 1076 eisdem
714 1043 932 1076 cardinalibus

188 1096 451 1138 congregationis
460 1096 631 1130 Sacrorum
647 1097 778 1130 Rituum
798 1107 933 1141 percos-

189 1150 261 1182 dem
284 1149 447 1183 auditores
466 1150 548 1183 tradi
578 1150 749 1191 iussimus,
778 1156 873 1194 atque
899 1155 933 1183 ut

190 1203 331 1247 plurium
365 1203 485 1237 iudicio
504 1209 568 1237 tota
586 1204 665 1237 haec
696 1215 792 1237 causa
812 1204 931 1237 exami-

191 1262 333 1297 naretur,
355 1257 434 1290 alios
455 1257 549 1290 etiam
569 1257 749 1291 cardinales
769 1257 932 1301 prioribus

189 1309 403 1351 adiunximus,
427 1310 580 1343 nimirum
611 1310 745 1344 dilectos
760 1310 843 1344 filios
868 1321 929 1344 no-

190 1371 272 1398 stros
290 1364 480 1398 chericum
506 1364 640 1398 Sanctae
660 1364 777 1398 Mariae
795 1365 933 1407 Angelo-

190 1429 261 1451 rum
281 1418 313 1450 in
326 1417 471 1451 Thermis
492 1418 735 1457 Borromaeum,
756 1417 931 1451 Antonium

189 1471 321 1504 Mariam
335 1471 365 1504 S.
383 1470 513 1513 Agnetis
531 1470 562 1503 in
580 1472 690 1513 Agone
704 1471 842 1511 Gallum,
859 1471 934 1504 Cae-

190 1535 293 1558 sarem
312 1525 502 1558 Sanctorum
525 1524 617 1558 Nerei
636 1530 667 1558 et
681 1524 815 1558 Achillei
837 1526 934 1558 Baro-

190 1578 292 1619 nium,
315 1578 456 1622 Sylvium
471 1578 577 1612 Sancti
593 1578 765 1612 Salvatoris
779 1578 810 1610 in
829 1579 933 1611 Lauro

191 1631 357 1665 titulorum
372 1631 576 1675 presbyteros
587 1631 817 1671 Antonianum,
839 1637 934 1676 atquc

190 1685 351 1718 Andream
374 1684 480 1718 Sancti
508 1684 621 1727 Angeli
650 1685 680 1717 in
704 1685 773 1718 soro
794 1685 932 1719 Piscium

191 1739 352 1772 Perettum
365 1738 537 1772 diaconum
551 1739 686 1772 Sanctae
700 1740 864 1773 Romanae
877 1740 934 1773 Ec-

192 1793 307 1826 clesiae
327 1792 528 1833 cardinales,
557 1803 637 1836 quos
663 1803 776 1825 omncs
805 1793 934 1826 monui-

192 1858 273 1887 mus,
290 1852 326 1879 ut
342 1851 412 1879 acta
437 1846 545 1879 omnia
570 1847 609 1880 de
633 1846 716 1879 beati
754 1847 934 1891 Raymundi

191 1900 330 1944 puritate
344 1900 430 1940 fidei,
451 1911 577 1933 morum
596 1900 793 1943 integritate,
811 1911 847 1934 ac
868 1901 930 1937 mi-

192 1954 376 1987 raculorum
402 1953 583 1994 evidentia,
612 1958 700 1986 tanto
725 1954 831 1987 studio
863 1965 935 1998 per-

191 2008 382 2052 penderent,
411 2012 569 2050 quantum
600 2012 631 2040 et
654 2007 701 2039 rei
723 2007 861 2050 gravitas
878 2019 931 2041 re-

192 2061 362 2105 quirebat,
389 2066 419 2093 et
443 2071 501 2093 nos
523 2060 641 2094 merito
662 2061 932 2105 expectabamus;

192 2115 245 2159 qui
267 2125 339 2148 cum
369 2114 529 2158 privatim,
551 2114 724 2158 multisque
753 2126 932 2158 congrega-

194 2168 333 2201 tionibus
344 2168 428 2201 inter
440 2178 473 2201 se
487 2167 614 2208 habitis,
629 2167 746 2201 dilecto
756 2168 823 2202 filio
835 2169 932 2202 Pom-

193 2232 254 2266 peo
271 2222 407 2263 Motella,
426 2221 493 2255 sisci
514 2221 613 2254 nostri
634 2227 846 2265 procuratore
857 2233 936 2255 sem-

193 2286 251 2319 per
264 2275 371 2315 citato,
396 2280 427 2307 et
445 2279 551 2318 partes
564 2285 638 2307 suas
649 2274 821 2317 diligenter
841 2285 935 2319 prae-

194 2335 307 2370 stante,
327 2329 454 2372 singula
474 2339 583 2362 rerum
606 2328 711 2373 capita
732 2334 763 2362 et
777 2334 845 2362 acta
867 2339 936 2362 om-

195 2382 246 2415 nia
263 2383 376 2416 sedulo
396 2382 650 2422 examinassent,
671 2392 708 2414 ac
734 2392 933 2425 precessam,

196 2442 309 2477 testes,
334 2436 546 2469 instrumenta
564 2441 595 2468 et
616 2435 710 2468 huius
733 2445 847 2468 causac
869 2446 937 2468 mo-

196 2495 351 2523 numenta
371 2499 443 2522 cum
474 2488 658 2521 auditorum
680 2488 845 2521 sententiis
866 2488 937 2521 dili-

196 2549 307 2585 genter
324 2542 546 2582 contulissent,
563 2552 666 2585 eoque
677 2542 815 2575 adducta
833 2548 938 2576 essent

197 2597 316 2637 omnia,
337 2601 371 2629 ut
390 2596 429 2629 ad
451 2606 508 2628 nos
529 2595 642 2628 rel'erri
663 2600 844 2639 oporteret:

241 2650 327 2694 §64-
355 2650 418 2684 Nos
439 2649 663 2683 consistorium
691 2655 850 2683 secretum
876 2660 936 2693 pro

1609 234 1664 268 701

1719 246 1901 272 An.t:.1601

964 306 1054 328 more
1069 295 1239 328 convocari
1256 295 1416 331 iussimus,
1447 294 1477 327 in
1492 305 1556 338 quo
1573 294 1701 338 praefa-
1729 307 1793 328 rat-ia
1805 308 1830 328 110
1840 308 1905 327 omm-

1719 334 1759 355 bus
1770 334 1789 354 iu
1803 335 1905 354 consisto-

963 354 1011 381 tus
1025 349 1208 392 Alplionsus
1235 348 1408 381 cardinalis
1428 348 1622 387 Gesualdus,
1647 358 1704 380 suo
1720 361 1906 382 mammonam<

963 407 991 434 et
1014 401 1382 443 totiusCongrcgationis
1400 401 1542 441 nominc,
1564 401 1704 445 primum

963 455 1072 487 retulit
1098 454 1292 498 scripturas,
1321 465 1508 498 processum
1531 454 1707 497 omniaque

964 507 1058 541 huius
1072 518 1187 541 causae
1208 515 1278 541 acta
1297 508 1441 550 legitime
1459 508 1605 541 confecta
1625 519 1704 549 esse,

965 571 1001 593 ac
1022 561 1179 594 maximae
1201 561 1400 594 auctoritatis
1417 561 1636 605 probataeque
1657 572 1708 595 ve-

965 614 1067 647 ritatis
1089 615 1151 647 vim
1185 615 1346 652 obtinerc;
1382 615 1499 649 deinde
1533 621 1598 648 tota
1623 616 1707 649 beati

965 667 1144 712 Raymundi
1159 668 1231 709 rita,
1249 669 1422 712 multisque
1437 669 1601 702 miraculis
1619 680 1709 702 enar-

965 721 1052 760 ratis,
1069 731 1101 753 se
1121 727 1148 753 et
1164 727 1308 755 caeteros
1321 721 1424 755 dictae
1445 722 1709 765 Congregationis

966 774 1163 813 cardinales,
1193 785 1256 807 una
1283 785 1359 808 voce
1380 786 1508 819 unaque
1546 781 1654 808 mcnte
1676 775 1708 808 in

967 837 1037 860 eam
1065 828 1256 861 sententiam
1291 828 1413 861 venisse
1445 828 1544 869 dixit,
1577 829 1708 861 beatum

966 881 1189 924 Raymundum
1206 881 1244 923 (si
1260 881 1302 913 ita
1320 881 1412 914 nobis
1427 881 1601 924 videretur)
1616 892 1709 925 posse

967 934 1113 975 catalogo
1144 933 1333 966 Sanctorum
1357 934 1535 976 aggregari.
1565 935 1598 967 ln
1623 945 1706 977 quo-

968 998 1037 1020 rum
1066 988 1257 1021 sententiam
1286 999 1358 1021 eum
1383 988 1498 1033 reliqui
1530 988 1710 1022 cardinales

968 1052 1025 1074 suo
1044 1042 1180 1085 quisque
1194 1042 1347 1085 suffragio
1372 1053 1407 1075 cx
1431 1042 1546 1075 ordine
1567 1042 1707 1083 ivissent,

969 1106 1119 1139 magnam
1143 1096 1243 1129 animi
1269 1097 1466 1141 voluptatem
1488 1096 1706 1140 capiebamus,

968 1150 1055 1193 quod
1076 1150 1161 1182 beati
1182 1150 1277 1183 huius
1298 1150 1356 1183 viri
1377 1149 1579 1183 sanctitatem
1598 1149 1629 1182 in
1643 1150 1711 1183 dies

968 1203 1069 1245 magis
1087 1203 1213 1236 elucere
1228 1203 1421 1237 rideremus.
1441 1204 1543 1247 Atque
1561 1209 1592 1236 ut
1608 1203 1711 1236 inhoc

967 1256 1155 1298 gravissimo
1180 1256 1315 1299 negocio
1334 1256 1413 1289 nihil
1442 1257 1480 1289 de
1500 1255 1634 1300 pristina
1654 1267 1712 1290 no-

967 1316 1030 1342 stra
1062 1309 1295 1343 consuetudine
1330 1320 1366 1342 ac
1398 1309 1506 1342 debita
1545 1308 1712 1351 diligentia

967 1363 1223 1404 remitteremus,
1247 1374 1306 1396 nos
1327 1363 1385 1407 ipsi
1407 1363 1490 1396 sacta
1521 1362 1663 1396 studiose
1681 1368 1712 1395 ct

968 1423 1115 1451 accurate
1146 1417 1370 1461 perlegimus,
1399 1422 1495 1460 atque
1520 1417 1710 1450 eorumdem

968 1472 1066 1504 Rotae
1092 1471 1305 1509 Auditorum,
1327 1476 1355 1504 et
1382 1470 1614 1504 venerabilium
1647 1470 1710 1503 sra-

967 1531 1051 1558 trum
1087 1530 1275 1558 nostrorum
1299 1524 1329 1558 S.
1357 1525 1393 1557 R.
1422 1524 1454 1557 E.
1495 1523 1710 1557 cardinalium

968 1578 1158 1612 relationem
1172 1577 1372 1611 verissimam
1388 1588 1456 1611 esse
1477 1577 1706 1622 comperimus.

1012 1632 1027 1675 ἓ
1052 1631 1104 1664 65.
1126 1631 1241 1671 Quare,
1256 1631 1352 1675 lapsis
1367 1626 1562 1676 paucispost
1583 1631 1706 1671 diebus,

968 1697 1005 1720 ex
1018 1687 1240 1720 Romanorum
1259 1686 1453 1719 Pontificum
1480 1686 1709 1730 praedecesso-

969 1751 1040 1773 rum
1075 1746 1264 1773 nostrorum
1291 1740 1446 1780 instituto,
1483 1739 1710 1773 consistorium

968 1794 1135 1838 publicum
1157 1793 1341 1832 indiximus,
1366 1793 1396 1826 in
1419 1804 1483 1837 quo
1501 1798 1629 1837 praeter
1642 1804 1712 1826 ear-

969 1847 1104 1887 dinales‚
1127 1846 1342 1891 patriarchae,
1364 1846 1620 1890 archicpiscopi,
1646 1845 1712 1890 epi-

968 1902 1068 1946 scopi,
1087 1901 1222 1945 praelati
1246 1901 1411 1945 nostrique
1429 1900 1603 1934 familiares
1620 1901 1713 1933 nobis

969 1955 1151 1993 adsuerunt,
1175 1954 1254 1988 acin
1273 1964 1310 1987 eo
1325 1953 1461 1987 dilectus
1475 1953 1559 1987 filius
1579 1954 1713 1987 Bernar-

969 2008 1124 2042 nardinus
1145 2008 1273 2041 Scottus
1293 2007 1525 2041 consistorialis
1546 2007 1709 2040 aulaeno-

969 2067 1053 2096 strae
1073 2062 1258 2102 advocatus,
1284 2060 1399 2094 eximia
1420 2061 1505 2094 beati
1531 2060 1712 2104 Raymundi

969 2115 1147 2155 charitate,
1182 2114 1265 2148 vitae
1294 2114 1478 2148 innocentia
1499 2119 1529 2147 et
1550 2113 1713 2147 miraculis

970 2169 1101 2213 copiosa
1119 2169 1264 2201 oratione
1283 2168 1458 2212 explicatis,
1483 2167 1663 2200 charissimi
1681 2167 1711 2199 in

969 2222 1093 2256 Christo
1115 2222 1172 2254 tilii
1193 2222 1295 2255 nostri
1309 2221 1479 2266 Rodulphi
1492 2222 1711 2254 Romanorum

970 2275 1053 2318 regis
1074 2275 1206 2308 illustris
1234 2275 1266 2307 in
1292 2275 1520 2318 imperatorem
1543 2273 1659 2314 electi,
1683 2279 1714 2306 et

970 2328 1114 2361 eiusdem
1143 2327 1282 2371 Philippi
1309 2328 1347 2361 lll
1380 2327 1463 2369 regis
1488 2326 1712 2370 Hispaniarum

970 2381 1131 2421 catholici,
1149 2387 1179 2414 et
1192 2380 1392 2424 principatus
1405 2379 1586 2414 Cataloniae
1601 2379 1712 2413 totius-

970 2445 1032 2479 que
1056 2434 1183 2468 Ordinis
1207 2434 1472 2467 Praedicatorum
1501 2433 1655 2471 nomine,
1679 2439 1710 2466 ut

971 2489 1099 2521 beatum
1126 2488 1351 2532 Raymundum
1383 2487 1506 2521 Sanctis
1537 2487 1714 2529 adiungere

971 2543 1135 2583 vellemus,
1163 2552 1181 2575 a
1201 2541 1294 2575 nobis
1312 2541 1500 2585 suppliciter
1524 2541 1686 2584 flagitavit.

1016 2598 1032 2638 g
1051 2597 1102 2629 (26.
1120 2596 1207 2635 Quae
1228 2607 1300 2629 cum
1323 2595 1521 2635 audiremus,
1542 2595 1713 2629 benedice-

972 2650 1085 2683 bamus
1110 2649 1267 2689 Domino,
1300 2655 1330 2683 ct
1350 2649 1468 2692 gratias
1493 2650 1557 2683 Deo
1583 2655 1712 2692 agentes

1721 393 1761 413 quc
1777 393 1789 407 a
1806 387 1905 407 Ponant-v,

1721 420 1808 443 seorsim
1830 419 1906 434 exarm-

1721 443 1783 461 natus.

1767 1634 1874 1660 Factaque
1891 1635 1911 1655 iu

1726 1662 1851 1681 (ἰηιςίειιῃηο
1875 1667 1912 1686 pu·

1726 1688 1781 1709 blico
1791 1689 1898 1708 instantia.

1741 2624 1836 2646 Clemens
1845 2623 1914 2649 puhli-

1728 2657 1770 2675 cas,
1776 2653 1913 2678 privatasque
