2253 3195
0 63 68 108 ’Λη.
88 81 115 108 c.
134 81 200 108 1597

53 1198 174 1219 Exordium.

35 1570 206 1597 EpiscopusCas-

24 1597 116 1618 sartensis
134 1602 206 1617 nume-

23 1623 206 1644 rumsacerdotum

24 1649 131 1671 Ecclesiae
141 1650 206 1670 inscr-

25 1676 123 1697 vientium
139 1676 167 1696 ad
179 1677 206 1696 »i-

25 1703 74 1728 ginti
85 1704 204 1723 reduxerat.

194 2078 195 2081 ,
225 2044 364 2077 tualibus
384 2043 520 2076 vicarius
545 2042 703 2085 generalis
724 2043 756 2075 in
780 2044 967 2086 exequutio-

829 82 975 106 tILHMENS
995 82 1051 105 vill
1073 83 1122 105 Pr.

214 130 383 167 attentari,
404 131 617 163 dect-ruinius.
636 131 668 163 ln
688 131 884 163 contrarium
909 133 951 162 i'a-

214 183 371 215 cientibus
388 194 451 216 non
471 185 671 217 obstantibus
686 185 951 228 quil›tisrumspie

256 237 368 269 Datum
390 238 510 269 Romae
531 239 615 281 apud
633 240 662 270 S.
681 239 807 270 Petrum
827 238 884 269 sub
899 248 953 268 an-

214 289 289 322 nulo
310 290 492 329 Piscatoris,
517 291 568 323 die
595 302 646 323 xXI
667 291 776 334 aprilis
800 300 950 329 mnxevu,

215 343 418 384 pontificatus
443 344 542 376 nostri
569 354 653 375 anno
680 354 718 376 vt.

251 405 307 432 Dat.
326 406 369 433 die
384 407 412 433 ⁶21
436 407 528 441 aprilis
551 407 626 440 1597,
644 406 739 442 pontif.
757 415 800 433 an.
815 415 849 433 vi,

540 576 633 608 CLVI.

218 681 426 724 Confirmatio
447 682 563 714 decreti
588 682 854 724 Conqreqationsis
878 682 975 727 Con-3

260 743 331 775 cilis
351 748 379 776 et
399 744 538 786 episcopi
560 744 766 777 cassanensis
786 754 882 786 super
902 754 953 776 re.-

260 806 409 838 ductione.
439 807 639 839 sacerdotum
670 807 815 849 Capituli
845 807 958 840 Sancti

260 868 390 901 Iuliani
418 869 455 901 de
481 873 583 901 castro
608 869 731 901 Villare
752 869 959 903 Cassanensis

261 931 412 963 dioecesis
432 931 451 963 ¹.

429 1012 561 1039 Clemens
578 1013 656 1045 Papa
667 1013 745 1045 VIII,

341 1065 378 1092 ad
396 1069 572 1099 perpetuam
591 1066 638 1093 rei
652 1067 834 1093 memoriam.

261 1138 424 1171 Romanus
443 1138 587 1171 Pontifex
613 1148 651 1171 ea
681 1148 757 1171 suae
789 1137 960 1171 ronfirma-

221 1191 313 1224 tionis
343 1192 460 1224 robore
485 1192 686 1224 communire
715 1191 852 1224 libenter
882 1202 959 1225 con-

219 1244 338 1285 suevit,
369 1255 450 1288 quae
475 1255 492 1277 a
516 1245 663 1277 locorum
696 1244 871 1277 Ordinariis
901 1255 960 1288 pro

220 1297 428 1330 ecclesiarum
456 1298 594 1335 decore,
616 1303 646 1330 et
674 1298 960 1331 ecclesiasticarum

220 1361 429 1394 personarum
457 1351 685 1384 commoditate
716 1351 848 1394 provide
873 1351 961 1384 ordi-

219 1410 293 1437 nata
318 1411 407 1445 sunt,
440 1410 536 1448 prout
566 1405 597 1437 in
626 1404 762 1437 Domino
792 1405 963 1437 salubriter

221 1458 418 1501 conspicitur
438 1457 600 1501 expedire.

265 1512 281 1552 g
302 1510 332 1543 «1.
356 1510 540 1554 Expositum
565 1511 724 1554 siquidem
745 1511 837 1544 nobis
859 1522 963 1555 nuper

222 1565 281 1598 fuit
300 1575 359 1608 pro
379 1569 468 1608 parte
489 1564 680 1597 dilectorum
701 1564 844 1597 tiliorum
865 1565 959 1608 Capi-

221 1618 291 1658 tuli,
319 1623 351 1650 et
370 1618 446 1650 cleri
472 1617 625 1651 ecclesiae
645 1617 750 1651 Sancti
768 1618 880 1651 Iuliani
900 1624 963 1651 ter-

222 1682 276 1704 rae
303 1671 395 1704 castri
426 1670 551 1703 Villaris
578 1670 780 1704 Cassanensis
810 1671 964 1705 dioecesis

222 1725 308 1769 quod
329 1735 402 1757 cum
423 1724 455 1756 in
473 1724 638 1768 praedicta
658 1724 792 1757 ecclesia
809 1735 964 1757 numerus

221 1778 424 1811 sacerdotum
438 1788 475 1810 ex
487 1778 652 1811 communi
671 1788 774 1811 massa
791 1778 964 1811 viventium

222 1831 358 1864 nimium
379 1836 490 1864 auctus
511 1837 613 1871 esset,
637 1837 672 1864 ut
697 1831 823 1864 modica
849 1831 964 1875 cuique

223 1896 260 1918 ex
285 1884 369 1917 dieta
389 1895 492 1917 massa
521 1884 627 1927 portio
653 1884 803 1917 obvenire
834 1890 961 1928 posset,

223 1938 327 1970 bonae
342 1937 517 1970 memoriae
529 1937 702 1970 Audoenus
714 1937 882 1981 episcopus
895 1938 966 1970 Cas-

224 1991 367 2024 sanensis
387 2001 443 2023 seu
465 1990 549 2023 illius
569 1995 645 2023 tunc
665 1990 802 2023 existens
821 1990 853 2022 in
873 1990 966 2034 spiri-

224 2107 297 2130 nem
307 2097 485 2130 litterarum
498 2096 756 2138 congregationis
764 2096 896 2129 Sanctae
906 2097 967 2130 Ro-

226 2161 339 2183 manae
363 2150 522 2183 Ecclesiae
547 2149 759 2182 cardinalium
793 2149 874 2181 sacri
899 2150 967 2181 Tri-

225 2203 346 2236 dentini
373 2203 504 2236 Concilii
538 2202 770 2245 interpretum,
795 2212 967 2235 numerum

225 2257 429 2290 sacerdotum
449 2256 480 2288 in
506 2255 649 2289 ecclesiis
666 2254 837 2298 receptivis
858 2255 968 2288 mode-

225 2309 289 2342 rari
319 2314 349 2341 et
376 2308 541 2352 praefiniri
571 2308 772 2348 iubentium,
796 2318 967 2341 numerum

225 2362 428 2396 sacerdotum
460 2362 642 2405 praedictae
679 2361 832 2395 ecclesiae
861 2362 967 2395 Sancti

226 2415 337 2449 iuliani
360 2421 434 2448 tunc
455 2416 494 2448 ad
512 2415 640 2457 triginta
665 2415 907 2448 ascendentium
928 2415 968 2448 ad
985 2405 986 2410 ¹

263 2481 272 2505 1
293 2479 329 2505 Ex
354 2478 459 2514 Regest.
477 2478 505 2505 in
520 2477 621 2505 Secret.
644 2477 778 2505 Brevium.

312 2532 390 2560 Bull.
411 2533 487 2561 Rom.
512 2533 572 2560 Vol.
588 2533 622 2560 X.
831 2531 864 2558 44

1634 66 1698 100 :345

969 141 1156 162 liutitiorum
1177 129 1297 169 viginti,
1322 129 1389 161 sine
1408 133 1512 160 tamen
1531 125 1729 170 praeiudicio

987 184 1189 216 sacerdotum
1213 188 1288 215 tuns*v
1309 181 1501 221 vivrmssum,
1526 185 1556 213 et
1580 190 1615 212 ex
1647 179 1729 211 dicta

989 247 1091 268 massa
1104 235 1375 279 participantium,
1392 233 1527 273 reduxit,
1545 233 1731 275 dictumque

988 300 1159 321 numerum
1175 288 1283 328 viginti
1302 288 1503 320 sacerdotum
1519 286 1730 319 sufficientem

989 347 1019 373 et
1040 341 1255 373 net-essarium
1278 351 1346 373 osse
1365 351 1424 384 pro
1453 340 1605 372 ecelesiae
1635 349 1729 382 prac-

989 394 1091 426 dictae
1123 393 1270 436 illiusque
1299 393 1569 436 parochianorum
1598 391 1733 424 necessi-

989 452 1051 479 tate
1073 452 1101 479 et
1123 446 1352 479 commoditate
1374 446 1556 486 declaravit,
1574 451 1604 478 et
1624 445 1730 488 quoad

989 511 1090 544 usque
1108 501 1213 533 clerus
1234 500 1335 533 dietae
1354 500 1506 533 eeclesiae
1526 500 1566 532 ad
1584 510 1656 531 eum
1676 509 1735 531 nu-

990 564 1115 586 merum
1136 553 1342 597 praefinitum
1369 553 1520 586 reductus
1545 563 1609 585 non
1631 557 1732 591 esset,

990 607 1115 639 nullum
1137 607 1168 640 in
1191 607 1407 646 consortium,
1437 617 1473 639 ac
1494 607 1533 638 ad
1553 605 1735 649 praedictae

991 671 1120 694 mensae
1140 660 1420 704 participationem
1442 659 1677 702 recipiendum,
1701 669 1736 690 ac

973 729 975 735 ·
991 720 1155 757 receptum
1174 714 1367 747 eiiciendum
1382 724 1449 746 esse
1463 712 1559 745 veluti
1577 712 1734 744 intrusum

993 768 1024 799 in
1045 767 1129 799 dicta
1149 767 1296 810 portione
1318 766 1469 806 decrevit,
1486 770 1583 809 prout
1603 775 1639 797 ex
1661 770 1734 796 tunc

992 820 1086 853 eiecit
1106 826 1136 853 et
1153 820 1311 853 intrusum
1331 819 1514 859 declaravit,
1529 829 1565 851 ac
1585 818 1668 850 inter
1688 817 1736 850 di-

993 879 1079 906 ctum
1115 883 1287 905 numerum
1329 872 1533 905 sacerdotum
1571 870 1738 914 portiones

994 937 1116 959 massae
1136 925 1319 959 eommunis
1339 925 1437 958 dividi
1466 924 1639 957 mandavit.
1661 923 1737 957 Cum

993 991 1068 1013 vero
1080 979 1155 1012 dicti
1176 979 1359 1012 sacerdotes
1377 979 1417 1011 ad
1437 988 1609 1011 numerum
1627 977 1737 1019 viginti

993 1032 1200 1077 praefinitum
1234 1032 1358 1065 reducti
1389 1031 1539 1071 fuissent,
1568 1030 1593 1063 si
1623 1030 1739 1063 deinde

994 1097 1095 1119 unum
1122 1086 1170 1118 vel
1200 1086 1308 1129 plures
1329 1084 1412 1117 mori
1433 1084 1644 1125 contingeret,
1665 1088 1741 1116 tunc

994 1140 1026 1171 in
1048 1144 1252 1171 mortuorum
1282 1139 1353 1171 loca
1373 1137 1454 1170 alius
1478 1137 1527 1169 vel
1559 1136 1611 1170 alii
1636 1146 1741 1169 sacer-

995 1193 1085 1226 dotes
1116 1197 1340 1236 expectantes,
1369 1196 1404 1224 ut
1436 1189 1736 1234 supranumerarii,

995 1247 1049 1290 qui
1075 1246 1228 1279 ecclesiae
1253 1245 1438 1290 praedictae
1459 1245 1491 1277 in
1512 1244 1691 1277 minoribus
1712 1249 1742 1276 et

996 1301 1027 1333 in
1052 1300 1151 1333 sacris
1179 1299 1348 1333 ordinibus
1376 1298 1614 1338 inserviissent,
1643 1303 1674 1330 et
1702 1297 1741 1330 ab

996 1363 1109 1387 eorum
1140 1352 1265 1395 origine
1295 1351 1483 1396 parochiani
1513 1351 1617 1384 dictae
1646 1360 1741 1393 paro-

997 1407 1087 1440 chiae
1108 1405 1295 1445 extitissent,
1319 1404 1489 1448 dictaeque
1511 1403 1663 1437 ecclesiae
1680 1413 1739 1446 pa-

996 1459 1131 1493 rochiali
1152 1459 1192 1492 ab
1214 1457 1385 1491 Ordinario
1410 1457 1563 1500 adscripti
1583 1456 1739 1497 fuissent,

997 1513 1117 1557 quique
1149 1512 1181 1544 in
1209 1511 1323 1544 ordine
1350 1510 1494 1544 seniores
1523 1515 1649 1550 essent,
1673 1509 1742 1553 ipso

998 1566 1067 1598 iure
1084 1566 1219 1609 ipsoque
1239 1565 1334 1605 facto,
1358 1564 1398 1597 ad
1418 1563 1602 1607 portionem
1622 1573 1739 1595 vacan-

999 1625 1060 1652 tem
1089 1629 1144 1651 seu
1173 1617 1337 1661 portiones
1356 1622 1506 1650 vacantes
1527 1616 1743 1649 admittendos

999 1679 1029 1705 et
1057 1671 1260 1715 recipiendos
1293 1681 1361 1704 esse
1393 1669 1577 1709 mandavit,
1605 1674 1636 1702 et
1666 1669 1744 1702 alias

998 1730 1094 1769 prout
1131 1724 1163 1756 in
1203 1723 1303 1767 ipsius
1334 1722 1480 1756 Audoeni
1510 1721 1651 1766 episcopi
1687 1732 1744 1755 seu

999 1778 1067 1811 eius
1086 1777 1195 1810 vicarii
1223 1777 1352 1809 decreto
1372 1776 1499 1820 plenius
1523 1775 1642 1809 dicitur
1662 1785 1741 1808 con-

999 1831 1103 1864 tineri.

1044 1884 1105 1927 §2
1130 1884 1207 1918 Cum
1232 1889 1340 1916 autem
1363 1883 1545 1926 Capitulum
1575 1888 1606 1916 et
1636 1883 1742 1916 clerus

1000 1938 1153 1982 praedicti
1174 1948 1233 1981 pro
1259 1937 1373 1970 maiori
1394 1936 1469 1969 dicti
1499 1936 1619 1969 decreti
1641 1935 1743 1968 firmi-

1001 1997 1074 2032 tate,
1098 1996 1128 2023 et
1154 1990 1354 2023 limitationis
1383 2000 1439 2022 seu
1464 1988 1660 2022 reductionis
1686 1999 1744 2021 nu-

1001 2044 1082 2078 meri
1102 2044 1307 2077 sacerdotum
1327 2043 1513 2076 huiusmodi
1534 2043 1663 2081 robore,
1688 2053 1743 2074 cu-

1001 2097 1090 2140 piant
1120 2096 1174 2128 illa
1211 2101 1340 2129 nostrae
1374 2094 1630 2128 confirmationis
1661 2105 1741 2138 apo-

1002 2148 1132 2181 stolicae
1160 2148 1322 2191 praesidio
1352 2147 1567 2187 communiri,
1588 2146 1745 2190 nobisque

1002 2201 1167 2234 humiliter
1187 2202 1361 2245 supplicari
1381 2201 1526 2241 fecerint,
1550 2206 1585 2233 ut
1602 2200 1634 2233 in
1654 2210 1746 2244 prae—

1003 2254 1105 2287 missis
1130 2260 1313 2298 opportune
1333 2254 1503 2297 providere
1528 2254 1567 2286 de
1593 2253 1742 2295 benigni-

1002 2312 1064 2340 tate
1085 2306 1263 2350 apostolica
1280 2307 1499 2349 dignaremur.

1047 2362 1061 2404 ξ
1081 2360 1111 2394 3.
1135 2361 1198 2394 Nos
1219 2361 1318 2403 igitur
1337 2360 1518 2394 litterarum
1540 2359 1643 2393 dictae
1664 2369 1744 2392 con-

1003 2414 1208 2457 gregationis,
1224 2425 1350 2448 necnon
1367 2414 1487 2447 decreti
1507 2413 1746 2458 praedictorum

1005 2474 1132 2502 tenores
1158 2468 1382 2513 praesentibus
1409 2478 1468 2512 pro
1495 2467 1652 2511 expressis
1684 2467 1743 2501 ha-

1745 77 1794 103 An.
1812 77 1839 102 C.
1861 77 1927 104 1597

1779 1884 1897 1910 Capitulum
1906 1884 1943 1904 liu·

1759 1910 1850 1931 iusmodi
1882 1910 1943 1930 redu-

1759 1940 1850 1958 ctionem
1869 1937 1943 1957 contir-

1760 1964 1811 1985 mari
1826 1964 1885 1988 petit.

1775 2362 1889 2383 Confirmat
1901 2362 1945 2382 Cle-

1761 2396 1826 2412 mens.
