2253 3195
462 227 526 262 928
1016 241 1192 267 autunum
1216 242 1368 268 Romanu

416 298 547 343 Tyberis
571 299 739 333 inundatio
758 300 896 333 maxima
917 307 947 335 et
966 302 1112 336 luctuosa
1129 303 1294 338 Pontificis
1314 305 1417 338 zelum
1436 305 1693 351 charitatemque
1706 306 1824 341 mirum
1844 307 1877 342 in
1897 319 1967 343 mo-

505 352 582 385 dum
608 353 734 394 excitat,
757 352 821 386 467
843 353 879 394 b;
901 355 941 388 ad
963 355 1085 399 optima
1109 357 1243 390 consilia
1263 358 1450 402 praebenda
1469 364 1565 403 atque
1585 360 1626 393 ad
1649 361 1806 404 populum
1825 361 1964 396 incitan-

507 405 582 438 dum
615 411 649 438 ut
679 405 779 439 Deum
807 417 888 450 puro
913 408 1010 441 eorde
1047 409 1250 453 deprecetur,
1278 417 1374 455 atque
1403 422 1422 444 a
1454 411 1535 446 vitiis
1559 423 1592 446 se
1627 412 1809 455 abstinens,
1834 414 1968 449 virtutes

505 463 669 501 sequatur,
697 457 761 492 468
791 470 812 492 a
840 466 871 493 et
900 461 927 493 b.
967 461 1226 506 Supplicationes
1255 463 1388 505 indicit,
1421 471 1517 509 atque
1552 465 1768 509 indulgentias
1801 467 1964 510 elargitur,

505 510 570 544 469
589 522 609 544 α
629 517 660 545 et
679 513 708 545 b.

416 564 639 608 Typographia
659 565 821 599 Vaticana.
843 566 947 601 Sixtus
968 568 990 601 V
1011 569 1251 603 correctoribus
1278 571 1510 616 typographiae
1536 572 1706 606 Vaticanae
1727 573 1884 607 nonnulla
1911 573 1967 607 bc-

504 616 620 651 neficia
645 619 862 652 ecclesiastica
899 620 1077 663 addixerat,
1101 621 1139 655 81
1168 633 1198 655 a.
1229 623 1403 666 Gregorius
1430 625 1495 658 x1v
1515 625 1555 658 de
1572 625 1665 659 dictis
1689 625 1855 660 beneficiis
1875 627 1968 660 aliter

505 670 673 715 disposuit,
697 672 784 715 quod
806 683 923 716 magno
944 674 1064 708 damno
1094 675 1154 709 fuit
1179 681 1292 720 t3p0g1
1294 677 1420 721 iphme
1444 678 1525 711 ibid.
1549 679 1578 712 b
1601 678 1746 713 Clemens
1762 689 1838 713 vero
1861 679 1967 713 eidem

506 724 674 758 restituere
695 731 895 760 correctores
915 728 1027 768 voluit,
1051 734 1082 762 et
1101 728 1317 764 bibliothecae
1332 730 1502 765 Vaticanae
1518 732 1599 765 alios
1619 732 1708 774 dare,
1722 733 1763 766 ib.
1781 733 1968 777 Suppressis

507 777 614 822 itaque
634 772 799 812 nonnullis
820 780 945 821 officiis
969 781 1113 826 quinque
1137 789 1302 816 coiiectoi
1305 795 1338 816 es
1357 795 1415 828 pro
1436 790 1574 829 utraque
1595 792 1694 825 creat,
1723 785 1766 819 82
1785 796 1819 827 a;
1840 786 1964 830 stipen-

505 831 593 864 dium
615 832 791 876 unicuique
827 833 906 866 assio
891 840 978 886 t,23n1t
1014 835 1277 877 2'b1d.,·noiuina
1307 844 1526 871 υοινεεῑοιυη]
1560 839 1758 879 refe1··,untui
1785 839 1866 872 ituci.
1890 839 1963 873 etb.

504 883 675 918 Praefectis
695 885 912 919 bibliothecae
933 893 964 921 et
986 889 1216 933 typographiae
1230 890 1457 931 subiiciuntur,
1473 891 1514 924 ib.

1183 1040 1207 1073 U

417 1151 536 1185 Urbani
555 1153 616 1196 (S.)
639 1153 870 1186 monasterium
894 1153 924 1187 in
945 1154 1040 1188 Urbe.
1058 1155 1169 1189 Erecta
1192 1157 1289 1191 domo
1317 1168 1376 1202 pro
1397 1157 1576 1201 virginibus
1601 1159 1710 1202 egenis
1730 1160 1770 1194 ad
1795 1160 1965 1195 ecelesiam

504 1205 638 1239 Sanctae
658 1206 867 1250 Euphemiae,
885 1208 1062 1242 nonnullae
1083 1209 1254 1253 cupiebant
1277 1210 1346 1244 fieri
1369 1211 1536 1252 moniales,
1552 1211 1617 1245 562
1627 1213 1655 1246 b.
1679 1213 1856 1248 Cardinalis
1869 1214 1967 1247 Baro-

503 1259 576 1292 nius
597 1259 831 1293 monasterium
849 1271 909 1304 pro
930 1261 975 1294 eis
995 1262 1073 1304 erigi
1095 1263 1174 1306 petit
1195 1264 1232 1297 ad
1255 1264 1423 1298 eeclesiam
1445 1265 1475 1298 S.
1490 1265 1622 1305 Urbani,
1639 1265 1715 1300 ibid.
1737 1266 1829 1301 Card.
1850 1267 1967 1301 Sfortia

504 1313 801 1347 commendatarius
826 1313 1013 1348 huiusmodi
1052 1316 1220 1349 eeclesiam
1255 1317 1412 1359 erigendo
1439 1319 1635 1352 monasterio
1672 1319 1756 1353 uniri
1781 1319 1963 1361 assentitur,

506 1364 570 1398 363
584 1377 614 1398 α.
636 1365 894 1410 Cappucinarum
917 1369 1160 1410 monasterium,
1178 1370 1301 1404 ordinis
1318 1371 1348 1405 S.
1367 1371 1488 1412 Clarae,
1509 1371 1587 1405 inibi
1606 1372 1797 1416 erigendum
1819 1373 1966 1416 designa-

505 1424 567 1459 tur,
595 1419 674 1452 ibid.
707 1420 792 1464 Papa
823 1421 973 1454 omnibus
1005 1422 1139 1464 annuit,
1168 1423 1244 1457 ibid.
1269 1424 1303 1463 b,·
1330 1425 1628 1470 monasteriumque
1654 1426 1748 1469 erigit
1775 1426 1834 1460 sub
1856 1427 1965 1470 regula

503 1472 533 1505 S.
562 1472 684 1513 Clarae,
711 1472 776 1506 504
799 1485 829 1507 a.
855 1474 1028 1509 Redituum
1051 1476 1235 1519 assignatio,
1265 1478 1341 1511 ibid.
1371 1479 1398 1511 1).
1424 1479 1639 1513 lurisdictioni
1661 1479 1833 1514 cardinalis
1857 1480 1964 1514 vicarii

502 1531 533 1559 et
552 1526 850 1561 administratorum
876 1528 1057 1569 subiicitur,
1085 1529 1150 1564 565
1179 1531 1207 1564 b.
1243 1531 1548 1566 administratorum
1579 1533 1744 1567 facultates
1775 1539 1806 1567 et
1835 1533 1899 1567 alia
1923 1534 1962 1567 ad

503 1579 687 1613 monasterii
709 1580 865 1623 regimen,
881 1580 946 1615 566
959 1592 980 1615 α
993 1593 1095 1628 usque
1116 1584 1154 1617 ad
1177 1583 1240 1617 568
1260 1596 1290 1618 α.
1308 1585 1583 1628 indulgentiarum
1599 1587 1862 1628 communicatio,
1882 1587 1961 1620 ibid.

414 1631 608 1675 Urgellensis
628 1633 795 1668 dioecesis.
826 1634 858 1668 V.
883 1635 1049 1670 Celsonae.

1164 1745 1204 1778 ,V

415 1847 565 1882 Vaticana
587 1849 809 1894 typographia.
839 1849 871 1883 V.
895 1849 1120 1895 Typographia
1141 1851 1302 1885 Vaticana.

415 1901 618 1936 Venaissinus
631 1902 817 1937 Comitatus.
834 1903 980 1938 Clemens
1005 1904 1141 1938 iusserat
1162 1905 1426 1940 constitutionem
1444 1907 1483 1940 de
1508 1907 1594 1941 hono
1619 1907 1776 1951 regimine
1802 1908 1963 1943 redituum

501 1955 771 1990 communitatum
797 1956 903 1990 Status
928 1957 1134 1992 ecclesiastici
1160 1958 1323 1992 observari
1350 1959 1380 1992 in
1407 1959 1561 1994 comitatu
1587 1961 1816 2003 Avenionensi,
1844 1960 1907 1996 722
1932 1962 1961 1996 b.

502 2008 654 2043 Eamdem
682 2009 846 2043 observari
873 2011 1030 2055 praecipit
1055 2011 1086 2044 in
1112 2012 1266 2046 comitatu
1291 2013 1489 2053 Venaissino,
1513 2014 1556 2048 ib.

414 2062 617 2096 venetiarum
639 2063 670 2098 S.
695 2063 790 2097 Marci
812 2063 966 2098 ecclesiae
987 2065 1176 2108 collegiatae
1201 2066 1388 2110 primicerio
1410 2067 1543 2101 facultas
1563 2068 1752 2103 conceditur
1772 2069 1884 2114 Qndi
1906 2069 1965 2102 mi-

503 2121 550 2149 tra
571 2122 601 2149 et
623 2116 750 2157 baculo,
775 2117 988 2151 benedicendi
1011 2125 1200 2162 paramenta
1221 2125 1251 2153 et
1265 2126 1456 2154 ornamenta
1477 2121 1704 2162 ecclesiastica,
1722 2132 1847 2156 necnon
1868 2122 1965 2156 benc-

504 2169 630 2203 dicendi
654 2170 786 2214 populo,
807 2170 871 2204 3¹8
892 2170 918 2204 b.

413 2222 593 2256 Veronense
612 2223 794 2267 Capitulum
821 2224 904 2258 inter
924 2230 955 2258 et
978 2225 1121 2260 eiusdem
1156 2226 1244 2259 urbis
1271 2227 1486 2270 magistratus,
1515 2228 1685 2273 episcopus
1705 2229 1870 2263 decretum
1893 2230 1964 2264 tulit

501 2287 599 2320 super
620 2277 717 2310 modo
737 2277 880 2322 seipsum
899 2278 1085 2318 comitandi,
1103 2285 1133 2313 et
1155 2279 1361 2314 thurificandi
1382 2281 1562 2326 Capitulum
1581 2293 1619 2315 ae
1632 2282 1862 2325 Magistratum,
1877 2282 1920 2317 90
1931 2294 1962 2318 α..

502 2329 548 2362 ΑΙ)
570 2329 630 2362 hoc
656 2330 785 2363 decreto
813 2330 986 2374 appellavit
1011 2331 1200 2376 capitulum,
1217 2332 1296 2366 ibid.
1317 2333 1344 2366 b.
1368 2333 1514 2367 Clemens
1527 2333 1592 2368 Vlll
1619 2335 1808 2378 praescribit
1826 2335 1962 2369 formam

499 2382 673 2416 comitandi
696 2383 883 2427 episcopum
905 2389 936 2417 et
957 2384 1180 2427 magistratum
1204 2385 1402 2427 incensandi,
1425 2387 1505 2421 ibid.
1527 2393 1557 2421 et
1578 2387 1614 2422 91
1639 2398 1670 2422 α.
1691 2388 1815 2422 Nuncio
1836 2395 1964 2433 aposto-

501 2435 562 2468 lico
583 2436 796 2470 demandatur
816 2437 1000 2481 exequutio,
1024 2438 1104 2472 ibid.
1122 2439 1194 2472 lura
1214 2439 1350 2484 Capituli
1372 2440 1479 2484 quoad
1500 2441 1623 2485 reliqua
1647 2446 1861 2483 reservantur,
1881 2441 1960 2477 ibid.

500 2488 583 2521 Alias
603 2500 823 2535 quascumque
845 2501 956 2524 causas
974 2492 1013 2524 ad
1027 2502 1060 2525 se
1072 2498 1182 2526 avocat
1203 2492 1358 2533 Pontifex,
1380 2499 1410 2527 et
1431 2494 1634 2528 auditoribus
1655 2505 1827 2529 causarum
1847 2495 1960 2530 Palatii

502 2542 676 2584 Apostolici
698 2543 882 2585 committit,
911 2543 991 2577 ibid.
