<?xml version="1.0" encoding="UTF-8"?>
<!DOCTYPE html PUBLIC "-//W3C//DTD XHTML 1.0 Transitional//EN"
    "http://www.w3.org/TR/xhtml1/DTD/xhtml1-transitional.dtd">
<html xmlns="http://www.w3.org/1999/xhtml" xml:lang="en" lang="en">
 <head>
  <title>
</title>
<meta http-equiv="Content-Type" content="text/html;charset=utf-8" />
  <meta name='ocr-system' content='tesseract 3.04.00' />
  <meta name='ocr-capabilities' content='ocr_page ocr_carea ocr_par ocr_line ocrx_word'/>
</head>
<body>
  <div class='ocr_page' id='page_1' title='image "./bullarumdiplomat10cath_0187.png"; bbox 0 0 2253 3195; ppageno 0'>
   <div class='ocr_carea' id='block_1_1' title="bbox 10 218 207 246">
    <p class='ocr_par' dir='ltr' id='par_1_1' title="bbox 10 218 207 246">
     <span class='ocr_line' id='line_1_1' title="bbox 10 218 207 246; baseline -0.005 0"><span class='ocrx_word' id='word_1_1' title='bbox 10 219 70 246; x_wconf 83' lang='grc' dir='ltr'>Αη.</span> <span class='ocrx_word' id='word_1_2' title='bbox 87 219 113 246; x_wconf 92' lang='lat' dir='ltr'>C.</span> <span class='ocrx_word' id='word_1_3' title='bbox 140 218 207 246; x_wconf 79' lang='lat'>¹594</span> 
     </span>
    </p>
   </div>
   <div class='ocr_carea' id='block_1_2' title="bbox 0 260 68 3195">
    <p class='ocr_par' dir='ltr' id='par_1_2' title="bbox 0 260 68 3195">
     <span class='ocr_line' id='line_1_2' title="bbox 0 260 68 3195; baseline 0 0"><span class='ocrx_word' id='word_1_4' title='bbox 0 260 68 3195; x_wconf 95' lang='lat' dir='ltr'> </span> 
     </span>
    </p>
   </div>
   <div class='ocr_carea' id='block_1_3' title="bbox 0 1816 228 1931">
    <p class='ocr_par' dir='ltr' id='par_1_3' title="bbox 0 1816 228 1931">
     <span class='ocr_line' id='line_1_3' title="bbox 82 1816 226 1841; baseline -0.042 0"><span class='ocrx_word' id='word_1_5' title='bbox 82 1820 121 1841; x_wconf 73' lang='lat' dir='ltr'>Dat</span> <span class='ocrx_word' id='word_1_6' title='bbox 137 1816 226 1841; x_wconf 71' lang='lat' dir='ltr'>collegio</span> 
     </span>
     <span class='ocr_line' id='line_1_4' title="bbox 0 1843 227 1868; baseline -0.035 2"><span class='ocrx_word' id='word_1_7' title='bbox 0 1853 2 1861; x_wconf 88' lang='lat'><strong>¹</strong></span> <span class='ocrx_word' id='word_1_8' title='bbox 43 1846 162 1868; x_wconf 74' lang='lat' dir='ltr'>facultatem</span> <span class='ocrx_word' id='word_1_9' title='bbox 177 1843 227 1864; x_wconf 76' lang='lat' dir='ltr'>hae-</span> 
     </span>
     <span class='ocr_line' id='line_1_5' title="bbox 44 1871 226 1896; baseline -0.033 0"><span class='ocrx_word' id='word_1_10' title='bbox 44 1873 144 1896; x_wconf 74' lang='lat' dir='ltr'>reditates</span> <span class='ocrx_word' id='word_1_11' title='bbox 164 1874 185 1892; x_wconf 78' lang='lat' dir='ltr'>ct</span> <span class='ocrx_word' id='word_1_12' title='bbox 198 1871 226 1891; x_wconf 78' lang='lat' dir='ltr'>le-</span> 
     </span>
     <span class='ocr_line' id='line_1_6' title="bbox 45 1899 228 1931; baseline -0.044 -5"><span class='ocrx_word' id='word_1_13' title='bbox 45 1906 92 1931; x_wconf 68' lang='lat' dir='ltr'>gata</span> <span class='ocrx_word' id='word_1_14' title='bbox 103 1899 228 1927; x_wconf 57' lang='lat' dir='ltr'>reeipiendi.</span> 
     </span>
    </p>
   </div>
   <div class='ocr_carea' id='block_1_4' title="bbox 19 2408 237 2484">
    <p class='ocr_par' dir='ltr' id='par_1_4' title="bbox 19 2408 237 2484">
     <span class='ocr_line' id='line_1_7' title="bbox 93 2408 236 2433; baseline -0.021 -3"><span class='ocrx_word' id='word_1_15' title='bbox 93 2408 236 2433; x_wconf 77' lang='lat' dir='ltr'>Nonnullaque</span> 
     </span>
     <span class='ocr_line' id='line_1_8' title="bbox 19 2434 237 2462; baseline -0.028 -4"><span class='ocrx_word' id='word_1_16' title='bbox 19 2440 23 2442; x_wconf 73' lang='grc'>’</span> <span class='ocrx_word' id='word_1_17' title='bbox 55 2435 97 2457; x_wconf 74' lang='lat' dir='ltr'>atta</span> <span class='ocrx_word' id='word_1_18' title='bbox 127 2434 237 2462; x_wconf 71' lang='lat' dir='ltr'>privilegia</span> 
     </span>
     <span class='ocr_line' id='line_1_9' title="bbox 57 2463 158 2484; baseline -0.01 -1"><span class='ocrx_word' id='word_1_19' title='bbox 57 2463 158 2484; x_wconf 75' lang='lat' dir='ltr'>concedit.</span> 
     </span>
    </p>
   </div>
   <div class='ocr_carea' id='block_1_5' title="bbox 839 217 1123 242">
    <p class='ocr_par' dir='ltr' id='par_1_5' title="bbox 839 217 1123 242">
     <span class='ocr_line' id='line_1_10' title="bbox 839 217 1123 242; baseline -0.007 0"><span class='ocrx_word' id='word_1_20' title='bbox 839 218 986 242; x_wconf 86' lang='lat' dir='ltr'>CLEMENS</span> <span class='ocrx_word' id='word_1_21' title='bbox 1007 217 1065 241; x_wconf 84' lang='lat' dir='ltr'>VIII</span> <span class='ocrx_word' id='word_1_22' title='bbox 1085 217 1123 241; x_wconf 86' lang='lat' dir='ltr'>PI‘</span> 
     </span>
    </p>
   </div>
   <div class='ocr_carea' id='block_1_6' title="bbox 219 266 981 1542">
    <p class='ocr_par' dir='ltr' id='par_1_6' title="bbox 219 266 981 1542">
     <span class='ocr_line' id='line_1_11' title="bbox 220 266 966 310; baseline -0.001 -11"><span class='ocrx_word' id='word_1_23' title='bbox 220 268 267 300; x_wconf 84' lang='lat' dir='ltr'>vel</span> <span class='ocrx_word' id='word_1_24' title='bbox 288 267 384 299; x_wconf 85' lang='lat' dir='ltr'>etiam</span> <span class='ocrx_word' id='word_1_25' title='bbox 415 267 525 300; x_wconf 83' lang='lat' dir='ltr'>deesse</span> <span class='ocrx_word' id='word_1_26' title='bbox 554 273 812 310; x_wconf 82' lang='lat' dir='ltr'>praesumerent,</span> <span class='ocrx_word' id='word_1_27' title='bbox 837 267 923 310; x_wconf 91' lang='lat' dir='ltr'>quod</span> <span class='ocrx_word' id='word_1_28' title='bbox 941 266 966 299; x_wconf 89' lang='lat' dir='ltr'>si</span> 
     </span>
     <span class='ocr_line' id='line_1_12' title="bbox 219 319 968 363; baseline -0.001 -10"><span class='ocrx_word' id='word_1_29' title='bbox 219 331 311 354; x_wconf 79' lang='lat' dir='ltr'>secus</span> <span class='ocrx_word' id='word_1_30' title='bbox 332 320 409 363; x_wconf 89' lang='lat' dir='ltr'>quid</span> <span class='ocrx_word' id='word_1_31' title='bbox 430 320 577 353; x_wconf 78' lang='lat' dir='ltr'>accidere</span> <span class='ocrx_word' id='word_1_32' title='bbox 602 320 816 362; x_wconf 74' lang='lat' dir='ltr'>contingeret,</span> <span class='ocrx_word' id='word_1_33' title='bbox 841 325 871 352; x_wconf 91' lang='lat' dir='ltr'>et</span> <span class='ocrx_word' id='word_1_34' title='bbox 892 319 968 363; x_wconf 85' lang='lat' dir='ltr'>ipsis</span> 
     </span>
     <span class='ocr_line' id='line_1_13' title="bbox 221 373 967 417; baseline -0.003 -11"><span class='ocrx_word' id='word_1_35' title='bbox 221 374 337 407; x_wconf 79' lang='lat' dir='ltr'>rectori</span> <span class='ocrx_word' id='word_1_36' title='bbox 352 379 381 407; x_wconf 85' lang='lat' dir='ltr'>ct</span> <span class='ocrx_word' id='word_1_37' title='bbox 395 373 618 416; x_wconf 67' lang='lat' dir='ltr'>collegialibus</span> <span class='ocrx_word' id='word_1_38' title='bbox 630 374 717 407; x_wconf 82' lang='lat' dir='ltr'>iuxta</span> <span class='ocrx_word' id='word_1_39' title='bbox 730 373 967 417; x_wconf 81' lang='lat' dir='ltr'>praescriptum</span> 
     </span>
     <span class='ocr_line' id='line_1_14' title="bbox 221 427 968 471; baseline -0.003 -11"><span class='ocrx_word' id='word_1_40' title='bbox 221 438 334 460; x_wconf 83' lang='lat' dir='ltr'>census</span> <span class='ocrx_word' id='word_1_41' title='bbox 353 427 396 461; x_wconf 71' lang='lat' dir='ltr'>sic</span> <span class='ocrx_word' id='word_1_42' title='bbox 421 428 530 461; x_wconf 83' lang='lat' dir='ltr'>donati</span> <span class='ocrx_word' id='word_1_43' title='bbox 549 428 588 460; x_wconf 88' lang='lat' dir='ltr'>ab</span> <span class='ocrx_word' id='word_1_44' title='bbox 606 428 656 465; x_wconf 78' lang='lat' dir='ltr'>iis,</span> <span class='ocrx_word' id='word_1_45' title='bbox 680 438 697 460; x_wconf 90' lang='lat' dir='ltr'>a</span> <span class='ocrx_word' id='word_1_46' title='bbox 718 427 835 471; x_wconf 88' lang='lat' dir='ltr'>quibus</span> <span class='ocrx_word' id='word_1_47' title='bbox 855 437 968 459; x_wconf 88' lang='lat' dir='ltr'>nume-</span> 
     </span>
     <span class='ocr_line' id='line_1_15' title="bbox 222 480 967 524; baseline -0.003 -11"><span class='ocrx_word' id='word_1_48' title='bbox 222 481 285 513; x_wconf 87' lang='lat' dir='ltr'>rari</span> <span class='ocrx_word' id='word_1_49' title='bbox 306 481 421 514; x_wconf 82' lang='lat' dir='ltr'>debent</span> <span class='ocrx_word' id='word_1_50' title='bbox 439 509 446 517; x_wconf 83' lang='lat'><strong>‚</strong></span> <span class='ocrx_word' id='word_1_51' title='bbox 470 491 534 513; x_wconf 89' lang='lat' dir='ltr'>non</span> <span class='ocrx_word' id='word_1_52' title='bbox 567 481 845 524; x_wconf 68' lang='lat' dir='ltr'>persolverentur,</span> <span class='ocrx_word' id='word_1_53' title='bbox 871 480 967 512; x_wconf 85' lang='lat' dir='ltr'>iidem</span> 
     </span>
     <span class='ocr_line' id='line_1_16' title="bbox 222 533 965 577; baseline -0.003 -10"><span class='ocrx_word' id='word_1_54' title='bbox 222 539 327 567; x_wconf 85' lang='lat' dir='ltr'>rector</span> <span class='ocrx_word' id='word_1_55' title='bbox 346 540 376 567; x_wconf 84' lang='lat' dir='ltr'>et</span> <span class='ocrx_word' id='word_1_56' title='bbox 397 534 581 576; x_wconf 68' lang='lat' dir='ltr'>collegiales</span> <span class='ocrx_word' id='word_1_57' title='bbox 600 535 694 577; x_wconf 88' lang='lat' dir='ltr'>plene</span> <span class='ocrx_word' id='word_1_58' title='bbox 716 539 746 566; x_wconf 81' lang='lat' dir='ltr'>et</span> <span class='ocrx_word' id='word_1_59' title='bbox 767 534 806 567; x_wconf 86' lang='lat' dir='ltr'>de</span> <span class='ocrx_word' id='word_1_60' title='bbox 828 533 965 575; x_wconf 72' lang='lat' dir='ltr'>integro,</span> 
     </span>
     <span class='ocr_line' id='line_1_17' title="bbox 223 587 969 631; baseline -0.001 -11"><span class='ocrx_word' id='word_1_61' title='bbox 223 587 454 621; x_wconf 80' lang='lat' dir='ltr'>interveniente</span> <span class='ocrx_word' id='word_1_62' title='bbox 474 587 666 620; x_wconf 85' lang='lat' dir='ltr'>auctoritate</span> <span class='ocrx_word' id='word_1_63' title='bbox 688 592 718 620; x_wconf 87' lang='lat' dir='ltr'>et</span> <span class='ocrx_word' id='word_1_64' title='bbox 735 587 969 631; x_wconf 71' lang='lat' dir='ltr'>approbatione</span> 
     </span>
     <span class='ocr_line' id='line_1_18' title="bbox 223 640 968 684; baseline -0.003 -10"><span class='ocrx_word' id='word_1_65' title='bbox 223 641 321 683; x_wconf 71' lang='lat' dir='ltr'>regia,</span> <span class='ocrx_word' id='word_1_66' title='bbox 334 641 448 673; x_wconf 86' lang='lat' dir='ltr'>tabulis</span> <span class='ocrx_word' id='word_1_67' title='bbox 457 641 546 683; x_wconf 71' lang='lat' dir='ltr'>regni</span> <span class='ocrx_word' id='word_1_68' title='bbox 557 640 771 682; x_wconf 84' lang='lat' dir='ltr'>constabilita,</span> <span class='ocrx_word' id='word_1_69' title='bbox 781 646 968 684; x_wconf 83' lang='lat' dir='ltr'>potestatem</span> 
     </span>
     <span class='ocr_line' id='line_1_19' title="bbox 223 694 970 737; baseline 0.001 -11"><span class='ocrx_word' id='word_1_70' title='bbox 223 694 394 731; x_wconf 81' lang='lat' dir='ltr'>haberent,</span> <span class='ocrx_word' id='word_1_71' title='bbox 419 699 548 737; x_wconf 85' lang='lat' dir='ltr'>accepta</span> <span class='ocrx_word' id='word_1_72' title='bbox 573 705 590 726; x_wconf 84' lang='lat' dir='ltr'>a</span> <span class='ocrx_word' id='word_1_73' title='bbox 612 694 728 727; x_wconf 86' lang='lat' dir='ltr'>tabulis</span> <span class='ocrx_word' id='word_1_74' title='bbox 749 694 839 736; x_wconf 73' lang='lat' dir='ltr'>regni</span> <span class='ocrx_word' id='word_1_75' title='bbox 866 705 970 727; x_wconf 87' lang='lat' dir='ltr'>came-</span> 
     </span>
     <span class='ocr_line' id='line_1_20' title="bbox 225 747 970 792; baseline 0.001 -13"><span class='ocrx_word' id='word_1_76' title='bbox 225 747 310 780; x_wconf 90' lang='lat' dir='ltr'>rario</span> <span class='ocrx_word' id='word_1_77' title='bbox 329 758 393 780; x_wconf 89' lang='lat' dir='ltr'>uno</span> <span class='ocrx_word' id='word_1_78' title='bbox 416 747 586 780; x_wconf 84' lang='lat' dir='ltr'>invadendi</span> <span class='ocrx_word' id='word_1_79' title='bbox 604 759 640 780; x_wconf 82' lang='lat' dir='ltr'>ac</span> <span class='ocrx_word' id='word_1_80' title='bbox 662 748 842 792; x_wconf 71' lang='lat' dir='ltr'>occupandi</span> <span class='ocrx_word' id='word_1_81' title='bbox 865 748 970 791; x_wconf 85' lang='lat' dir='ltr'>ipsum</span> 
     </span>
     <span class='ocr_line' id='line_1_21' title="bbox 227 800 972 844; baseline 0.004 -12"><span class='ocrx_word' id='word_1_82' title='bbox 227 800 382 844; x_wconf 88' lang='lat' dir='ltr'>oppidum</span> <span class='ocrx_word' id='word_1_83' title='bbox 401 800 643 834; x_wconf 83' lang='lat' dir='ltr'>Comutaviense</span> <span class='ocrx_word' id='word_1_84' title='bbox 657 812 729 834; x_wconf 83' lang='lat' dir='ltr'>eum</span> <span class='ocrx_word' id='word_1_85' title='bbox 749 802 902 835; x_wconf 79' lang='lat' dir='ltr'>omnibus</span> <span class='ocrx_word' id='word_1_86' title='bbox 917 802 972 835; x_wconf 83' lang='lat' dir='ltr'>ad-</span> 
     </span>
     <span class='ocr_line' id='line_1_22' title="bbox 228 853 972 898; baseline 0.003 -13"><span class='ocrx_word' id='word_1_87' title='bbox 228 853 406 886; x_wconf 85' lang='lat' dir='ltr'>iacentibus</span> <span class='ocrx_word' id='word_1_88' title='bbox 427 854 565 897; x_wconf 73' lang='lat' dir='ltr'>oppidis,</span> <span class='ocrx_word' id='word_1_89' title='bbox 589 854 679 898; x_wconf 76' lang='lat' dir='ltr'>pagis</span> <span class='ocrx_word' id='word_1_90' title='bbox 693 865 728 887; x_wconf 87' lang='lat' dir='ltr'>ac</span> <span class='ocrx_word' id='word_1_91' title='bbox 749 854 842 893; x_wconf 84' lang='lat' dir='ltr'>villis,</span> <span class='ocrx_word' id='word_1_92' title='bbox 860 860 890 887; x_wconf 88' lang='lat' dir='ltr'>et</span> <span class='ocrx_word' id='word_1_93' title='bbox 903 854 972 898; x_wconf 89' lang='lat' dir='ltr'>qui-</span> 
     </span>
     <span class='ocr_line' id='line_1_23' title="bbox 229 906 973 951; baseline 0.004 -13"><span class='ocrx_word' id='word_1_94' title='bbox 229 907 287 939; x_wconf 86' lang='lat' dir='ltr'>bus</span> <span class='ocrx_word' id='word_1_95' title='bbox 319 906 381 939; x_wconf 81' lang='lat' dir='ltr'>illis</span> <span class='ocrx_word' id='word_1_96' title='bbox 413 918 527 940; x_wconf 86' lang='lat' dir='ltr'>census</span> <span class='ocrx_word' id='word_1_97' title='bbox 558 908 742 951; x_wconf 85' lang='lat' dir='ltr'>praedictus</span> <span class='ocrx_word' id='word_1_98' title='bbox 767 908 973 951; x_wconf 68' lang='lat' dir='ltr'>consignatus</span> 
     </span>
     <span class='ocr_line' id='line_1_24' title="bbox 228 960 973 1006; baseline 0.004 -14"><span class='ocrx_word' id='word_1_99' title='bbox 228 965 284 998; x_wconf 85' lang='lat' dir='ltr'>est,</span> <span class='ocrx_word' id='word_1_100' title='bbox 302 960 399 1003; x_wconf 84' lang='lat' dir='ltr'>idque</span> <span class='ocrx_word' id='word_1_101' title='bbox 419 966 481 993; x_wconf 83' lang='lat' dir='ltr'>tam</span> <span class='ocrx_word' id='word_1_102' title='bbox 496 971 555 1004; x_wconf 89' lang='lat' dir='ltr'>pro</span> <span class='ocrx_word' id='word_1_103' title='bbox 573 967 663 1004; x_wconf 90' lang='lat' dir='ltr'>parte</span> <span class='ocrx_word' id='word_1_104' title='bbox 678 972 792 995; x_wconf 84' lang='lat' dir='ltr'>census</span> <span class='ocrx_word' id='word_1_105' title='bbox 804 973 900 1006; x_wconf 86' lang='lat' dir='ltr'>quam</span> <span class='ocrx_word' id='word_1_106' title='bbox 915 973 973 1005; x_wconf 89' lang='lat' dir='ltr'>pro</span> 
     </span>
     <span class='ocr_line' id='line_1_25' title="bbox 229 1013 970 1059; baseline 0.004 -14"><span class='ocrx_word' id='word_1_107' title='bbox 229 1018 307 1052; x_wconf 86' lang='lat' dir='ltr'>toto,</span> <span class='ocrx_word' id='word_1_108' title='bbox 324 1013 434 1057; x_wconf 80' lang='lat' dir='ltr'>sicque</span> <span class='ocrx_word' id='word_1_109' title='bbox 455 1013 571 1047; x_wconf 81' lang='lat' dir='ltr'>invasis</span> <span class='ocrx_word' id='word_1_110' title='bbox 591 1021 618 1047; x_wconf 92' lang='lat' dir='ltr'>et</span> <span class='ocrx_word' id='word_1_111' title='bbox 643 1015 807 1059; x_wconf 85' lang='lat' dir='ltr'>occupatis</span> <span class='ocrx_word' id='word_1_112' title='bbox 822 1016 899 1048; x_wconf 87' lang='lat' dir='ltr'>locis</span> <span class='ocrx_word' id='word_1_113' title='bbox 913 1015 970 1053; x_wconf 85' lang='lat' dir='ltr'>uti,</span> 
     </span>
     <span class='ocr_line' id='line_1_26' title="bbox 229 1067 972 1110; baseline 0.004 -11"><span class='ocrx_word' id='word_1_114' title='bbox 229 1067 303 1107; x_wconf 69' lang='lat' dir='ltr'>frui,</span> <span class='ocrx_word' id='word_1_115' title='bbox 326 1067 423 1110; x_wconf 91' lang='lat' dir='ltr'>potiri</span> <span class='ocrx_word' id='word_1_116' title='bbox 444 1073 473 1100; x_wconf 87' lang='lat' dir='ltr'>et</span> <span class='ocrx_word' id='word_1_117' title='bbox 494 1068 647 1109; x_wconf 74' lang='lat' dir='ltr'>gaudere,</span> <span class='ocrx_word' id='word_1_118' title='bbox 669 1080 705 1102; x_wconf 80' lang='lat' dir='ltr'>ac</span> <span class='ocrx_word' id='word_1_119' title='bbox 726 1079 838 1102; x_wconf 89' lang='lat' dir='ltr'>eorum</span> <span class='ocrx_word' id='word_1_120' title='bbox 859 1081 972 1102; x_wconf 89' lang='lat' dir='ltr'>usum-</span> 
     </span>
     <span class='ocr_line' id='line_1_27' title="bbox 229 1119 972 1166; baseline 0.008 -15"><span class='ocrx_word' id='word_1_121' title='bbox 229 1119 366 1152; x_wconf 78' lang='lat' dir='ltr'><strong>fructum</strong></span> <span class='ocrx_word' id='word_1_122' title='bbox 389 1121 641 1166; x_wconf 61' lang='lat' dir='ltr'>qualescumque</span> <span class='ocrx_word' id='word_1_123' title='bbox 667 1129 771 1156; x_wconf 85' lang='lat' dir='ltr'>esseut</span> <span class='ocrx_word' id='word_1_124' title='bbox 793 1123 868 1157; x_wconf 88' lang='lat' dir='ltr'>inde</span> <span class='ocrx_word' id='word_1_125' title='bbox 888 1124 972 1157; x_wconf 86' lang='lat' dir='ltr'>reci-</span> 
     </span>
     <span class='ocr_line' id='line_1_28' title="bbox 230 1173 977 1221; baseline 0.007 -16"><span class='ocrx_word' id='word_1_126' title='bbox 230 1183 318 1216; x_wconf 88' lang='lat' dir='ltr'>pere,</span> <span class='ocrx_word' id='word_1_127' title='bbox 341 1173 409 1206; x_wconf 87' lang='lat' dir='ltr'>sine</span> <span class='ocrx_word' id='word_1_128' title='bbox 430 1174 633 1209; x_wconf 65' lang='lat' dir='ltr'>restitutione</span> <span class='ocrx_word' id='word_1_129' title='bbox 658 1176 738 1213; x_wconf 75' lang='lat' dir='ltr'>ulla,</span> <span class='ocrx_word' id='word_1_130' title='bbox 763 1188 868 1220; x_wconf 81' lang='lat' dir='ltr'>neque</span> <span class='ocrx_word' id='word_1_131' title='bbox 887 1177 977 1221; x_wconf 88' lang='lat' dir='ltr'>prius</span> 
     </span>
     <span class='ocr_line' id='line_1_29' title="bbox 232 1226 974 1273; baseline 0.007 -15"><span class='ocrx_word' id='word_1_132' title='bbox 232 1226 272 1258; x_wconf 90' lang='lat' dir='ltr'>ad</span> <span class='ocrx_word' id='word_1_133' title='bbox 293 1226 471 1260; x_wconf 74' lang='lat' dir='ltr'>cessionem</span> <span class='ocrx_word' id='word_1_134' title='bbox 487 1227 564 1260; x_wconf 85' lang='lat' dir='ltr'>iuris</span> <span class='ocrx_word' id='word_1_135' title='bbox 584 1228 629 1262; x_wconf 84' lang='lat' dir='ltr'>sic</span> <span class='ocrx_word' id='word_1_136' title='bbox 649 1229 756 1273; x_wconf 86' lang='lat' dir='ltr'>adepti</span> <span class='ocrx_word' id='word_1_137' title='bbox 778 1235 974 1268; x_wconf 84' lang='lat' dir='ltr'>tenerentur,</span> 
     </span>
     <span class='ocr_line' id='line_1_30' title="bbox 233 1279 978 1326; baseline 0.008 -15"><span class='ocrx_word' id='word_1_138' title='bbox 233 1279 341 1322; x_wconf 85' lang='lat' dir='ltr'>quoad</span> <span class='ocrx_word' id='word_1_139' title='bbox 353 1289 467 1313; x_wconf 86' lang='lat' dir='ltr'>census</span> <span class='ocrx_word' id='word_1_140' title='bbox 484 1281 598 1314; x_wconf 85' lang='lat' dir='ltr'>retenti</span> <span class='ocrx_word' id='word_1_141' title='bbox 620 1282 673 1324; x_wconf 86' lang='lat' dir='ltr'>(ob</span> <span class='ocrx_word' id='word_1_142' title='bbox 686 1293 766 1326; x_wconf 85' lang='lat' dir='ltr'>quos</span> <span class='ocrx_word' id='word_1_143' title='bbox 780 1294 845 1316; x_wconf 89' lang='lat' dir='ltr'>non</span> <span class='ocrx_word' id='word_1_144' title='bbox 858 1284 978 1317; x_wconf 88' lang='lat' dir='ltr'>solutos</span> 
     </span>
     <span class='ocr_line' id='line_1_31' title="bbox 234 1332 979 1381; baseline 0.009 -17"><span class='ocrx_word' id='word_1_145' title='bbox 234 1332 356 1365; x_wconf 84' lang='lat' dir='ltr'>invasio</span> <span class='ocrx_word' id='word_1_146' title='bbox 377 1334 459 1367; x_wconf 84' lang='lat' dir='ltr'>sacta</span> <span class='ocrx_word' id='word_1_147' title='bbox 484 1335 588 1378; x_wconf 86' lang='lat' dir='ltr'>soret)</span> <span class='ocrx_word' id='word_1_148' title='bbox 610 1337 704 1379; x_wconf 89' lang='lat' dir='ltr'>plene</span> <span class='ocrx_word' id='word_1_149' title='bbox 731 1343 759 1369; x_wconf 89' lang='lat' dir='ltr'>et</span> <span class='ocrx_word' id='word_1_150' title='bbox 787 1338 825 1370; x_wconf 85' lang='lat' dir='ltr'>dc</span> <span class='ocrx_word' id='word_1_151' title='bbox 854 1337 979 1381; x_wconf 76' lang='lat' dir='ltr'>integro</span> 
     </span>
     <span class='ocr_line' id='line_1_32' title="bbox 235 1386 979 1431; baseline 0.008 -13"><span class='ocrx_word' id='word_1_152' title='bbox 235 1397 307 1419; x_wconf 88' lang='lat' dir='ltr'>cum</span> <span class='ocrx_word' id='word_1_153' title='bbox 329 1386 483 1431; x_wconf 81' lang='lat' dir='ltr'>impensis</span> <span class='ocrx_word' id='word_1_154' title='bbox 509 1389 659 1422; x_wconf 90' lang='lat' dir='ltr'>omnibus</span> <span class='ocrx_word' id='word_1_155' title='bbox 684 1390 715 1423; x_wconf 90' lang='lat' dir='ltr'>in</span> <span class='ocrx_word' id='word_1_156' title='bbox 742 1401 873 1424; x_wconf 89' lang='lat' dir='ltr'>omnem</span> <span class='ocrx_word' id='word_1_157' title='bbox 895 1392 979 1425; x_wconf 92' lang='lat' dir='ltr'>iudi-</span> 
     </span>
     <span class='ocr_line' id='line_1_33' title="bbox 236 1445 981 1484; baseline 0.008 -11"><span class='ocrx_word' id='word_1_158' title='bbox 236 1451 307 1474; x_wconf 87' lang='lat' dir='ltr'>cum</span> <span class='ocrx_word' id='word_1_159' title='bbox 329 1451 528 1484; x_wconf 76' lang='lat' dir='ltr'>processum,</span> <span class='ocrx_word' id='word_1_160' title='bbox 552 1448 583 1476; x_wconf 91' lang='lat' dir='ltr'>et</span> <span class='ocrx_word' id='word_1_161' title='bbox 602 1445 781 1477; x_wconf 84' lang='lat' dir='ltr'>camerario</span> <span class='ocrx_word' id='word_1_162' title='bbox 800 1445 899 1483; x_wconf 85' lang='lat' dir='ltr'>sactis,</span> <span class='ocrx_word' id='word_1_163' title='bbox 921 1446 981 1479; x_wconf 87' lang='lat' dir='ltr'>eis-</span> 
     </span>
     <span class='ocr_line' id='line_1_34' title="bbox 237 1495 980 1542; baseline 0.008 -16"><span class='ocrx_word' id='word_1_164' title='bbox 237 1504 300 1537; x_wconf 87' lang='lat' dir='ltr'>que</span> <span class='ocrx_word' id='word_1_165' title='bbox 325 1495 364 1527; x_wconf 88' lang='lat' dir='ltr'>ad</span> <span class='ocrx_word' id='word_1_166' title='bbox 394 1495 544 1528; x_wconf 86' lang='lat' dir='ltr'>ultimum</span> <span class='ocrx_word' id='word_1_167' title='bbox 578 1497 791 1541; x_wconf 77' lang='lat' dir='ltr'>quadrantem</span> <span class='ocrx_word' id='word_1_168' title='bbox 825 1499 980 1542; x_wconf 86' lang='lat' dir='ltr'>persoluti</span> 
     </span>
    </p>
   </div>
   <div class='ocr_carea' id='block_1_7' title="bbox 238 1600 1001 2668">
    <p class='ocr_par' dir='ltr' id='par_1_7' title="bbox 238 1600 983 1700">
     <span class='ocr_line' id='line_1_35' title="bbox 238 1600 983 1646; baseline 0.008 -13"><span class='ocrx_word' id='word_1_169' title='bbox 238 1600 328 1634; x_wconf 88' lang='lat' dir='ltr'>sione</span> <span class='ocrx_word' id='word_1_170' title='bbox 356 1601 464 1635; x_wconf 81' lang='lat' dir='ltr'>debita</span> <span class='ocrx_word' id='word_1_171' title='bbox 490 1603 554 1636; x_wconf 77' lang='lat' dir='ltr'>sive</span> <span class='ocrx_word' id='word_1_172' title='bbox 581 1614 599 1636; x_wconf 86' lang='lat' dir='ltr'>a</span> <span class='ocrx_word' id='word_1_173' title='bbox 626 1605 845 1646; x_wconf 84' lang='lat' dir='ltr'>censualibus,</span> <span class='ocrx_word' id='word_1_174' title='bbox 878 1606 943 1639; x_wconf 80' lang='lat' dir='ltr'>sive</span> <span class='ocrx_word' id='word_1_175' title='bbox 965 1617 983 1639; x_wconf 86' lang='lat' dir='ltr'>a</span> 
     </span>
     <span class='ocr_line' id='line_1_36' title="bbox 239 1655 947 1700; baseline 0.007 -13"><span class='ocrx_word' id='word_1_176' title='bbox 239 1655 464 1697; x_wconf 87' lang='lat' dir='ltr'>quaestoribus</span> <span class='ocrx_word' id='word_1_177' title='bbox 486 1657 659 1700; x_wconf 83' lang='lat' dir='ltr'>praedictis</span> <span class='ocrx_word' id='word_1_178' title='bbox 678 1668 743 1691; x_wconf 91' lang='lat' dir='ltr'>non</span> <span class='ocrx_word' id='word_1_179' title='bbox 769 1659 947 1692; x_wconf 87' lang='lat' dir='ltr'>satisfieret.</span> 
     </span>
    </p>

    <p class='ocr_par' dir='ltr' id='par_1_8' title="bbox 240 1708 993 2292">
     <span class='ocr_line' id='line_1_37' title="bbox 284 1708 984 1756; baseline 0.006 -15"><span class='ocrx_word' id='word_1_180' title='bbox 284 1709 299 1751; x_wconf 60' lang='grc' dir='ltr'><strong>ἓ</strong></span> <span class='ocrx_word' id='word_1_181' title='bbox 324 1708 354 1741; x_wconf 85' lang='lat'>8.</span> <span class='ocrx_word' id='word_1_182' title='bbox 375 1709 411 1741; x_wconf 90' lang='lat' dir='ltr'>Et</span> <span class='ocrx_word' id='word_1_183' title='bbox 433 1710 587 1753; x_wconf 86' lang='lat' dir='ltr'>quoniam</span> <span class='ocrx_word' id='word_1_184' title='bbox 609 1711 714 1745; x_wconf 88' lang='lat' dir='ltr'>eidem</span> <span class='ocrx_word' id='word_1_185' title='bbox 736 1713 872 1755; x_wconf 75' lang='lat' dir='ltr'>collegio</span> <span class='ocrx_word' id='word_1_186' title='bbox 887 1723 984 1756; x_wconf 88' lang='lat' dir='ltr'>quam</span> 
     </span>
     <span class='ocr_line' id='line_1_38' title="bbox 240 1761 986 1810; baseline 0.007 -16"><span class='ocrx_word' id='word_1_187' title='bbox 240 1761 361 1805; x_wconf 83' lang='lat' dir='ltr'>optime</span> <span class='ocrx_word' id='word_1_188' title='bbox 374 1763 538 1806; x_wconf 89' lang='lat' dir='ltr'>provisum</span> <span class='ocrx_word' id='word_1_189' title='bbox 552 1775 619 1798; x_wconf 80' lang='lat' dir='ltr'>esse</span> <span class='ocrx_word' id='word_1_190' title='bbox 634 1765 795 1809; x_wconf 84' lang='lat' dir='ltr'>cupiebat,</span> <span class='ocrx_word' id='word_1_191' title='bbox 807 1767 986 1810; x_wconf 83' lang='lat' dir='ltr'>praemissa</span> 
     </span>
     <span class='ocr_line' id='line_1_39' title="bbox 242 1816 988 1872; baseline 0.009 -25"><span class='ocrx_word' id='word_1_192' title='bbox 242 1820 368 1872; x_wconf 83' lang='lat' dir='ltr'>matura</span> <span class='ocrx_word' id='word_1_193' title='bbox 390 1816 634 1857; x_wconf 79' lang='lat' dir='ltr'>deliberatione,</span> <span class='ocrx_word' id='word_1_194' title='bbox 659 1819 742 1852; x_wconf 77' lang='lat' dir='ltr'>lianc</span> <span class='ocrx_word' id='word_1_195' title='bbox 762 1830 891 1864; x_wconf 89' lang='lat' dir='ltr'>quoque</span> <span class='ocrx_word' id='word_1_196' title='bbox 916 1831 988 1863; x_wconf 71' lang='lat' dir='ltr'>gra-</span> 
     </span>
     <span class='ocr_line' id='line_1_40' title="bbox 245 1870 988 1918; baseline 0.009 -18"><span class='ocrx_word' id='word_1_197' title='bbox 245 1873 320 1900; x_wconf 86' lang='lat' dir='ltr'>tiam</span> <span class='ocrx_word' id='word_1_198' title='bbox 337 1870 506 1908; x_wconf 79' lang='lat' dir='ltr'>concessit,</span> <span class='ocrx_word' id='word_1_199' title='bbox 523 1876 555 1903; x_wconf 89' lang='lat' dir='ltr'>ut</span> <span class='ocrx_word' id='word_1_200' title='bbox 571 1871 679 1905; x_wconf 79' lang='lat' dir='ltr'>liceret</span> <span class='ocrx_word' id='word_1_201' title='bbox 694 1883 753 1916; x_wconf 90' lang='lat' dir='ltr'>pro</span> <span class='ocrx_word' id='word_1_202' title='bbox 767 1879 912 1918; x_wconf 85' lang='lat' dir='ltr'>tempore</span> <span class='ocrx_word' id='word_1_203' title='bbox 926 1874 988 1907; x_wconf 80' lang='lat' dir='ltr'>exi-</span> 
     </span>
     <span class='ocr_line' id='line_1_41' title="bbox 243 1923 988 1972; baseline 0.005 -17"><span class='ocrx_word' id='word_1_204' title='bbox 243 1923 400 1956; x_wconf 86' lang='lat' dir='ltr'>stentibus</span> <span class='ocrx_word' id='word_1_205' title='bbox 421 1925 564 1958; x_wconf 84' lang='lat' dir='ltr'>eiusdem</span> <span class='ocrx_word' id='word_1_206' title='bbox 587 1926 713 1972; x_wconf 69' lang='lat' dir='ltr'>collegii</span> <span class='ocrx_word' id='word_1_207' title='bbox 735 1927 854 1960; x_wconf 79' lang='lat' dir='ltr'>rectori</span> <span class='ocrx_word' id='word_1_208' title='bbox 872 1933 902 1960; x_wconf 84' lang='lat' dir='ltr'>et</span> <span class='ocrx_word' id='word_1_209' title='bbox 922 1928 988 1961; x_wconf 80' lang='lat' dir='ltr'>col-</span> 
     </span>
     <span class='ocr_line' id='line_1_42' title="bbox 244 1977 986 2024; baseline 0.007 -16"><span class='ocrx_word' id='word_1_210' title='bbox 244 1977 413 2019; x_wconf 79' lang='lat' dir='ltr'>legialibus</span> <span class='ocrx_word' id='word_1_211' title='bbox 433 1979 519 2017; x_wconf 88' lang='lat' dir='ltr'>dono</span> <span class='ocrx_word' id='word_1_212' title='bbox 537 1985 704 2023; x_wconf 79' lang='lat' dir='ltr'>acceptare</span> <span class='ocrx_word' id='word_1_213' title='bbox 733 1981 892 2024; x_wconf 88' lang='lat' dir='ltr'>quidquid</span> <span class='ocrx_word' id='word_1_214' title='bbox 914 1981 986 2024; x_wconf 91' lang='lat' dir='ltr'>pio-</span> 
     </span>
     <span class='ocr_line' id='line_1_43' title="bbox 244 2033 991 2078; baseline 0.007 -16"><span class='ocrx_word' id='word_1_215' title='bbox 244 2041 317 2063; x_wconf 87' lang='lat' dir='ltr'>rum</span> <span class='ocrx_word' id='word_1_216' title='bbox 338 2035 530 2066; x_wconf 88' lang='lat' dir='ltr'>testamento</span> <span class='ocrx_word' id='word_1_217' title='bbox 551 2044 587 2066; x_wconf 82' lang='lat' dir='ltr'>ex</span> <span class='ocrx_word' id='word_1_218' title='bbox 608 2033 672 2066; x_wconf 83' lang='lat' dir='ltr'>suis</span> <span class='ocrx_word' id='word_1_219' title='bbox 699 2034 854 2075; x_wconf 84' lang='lat' dir='ltr'>subditis,</span> <span class='ocrx_word' id='word_1_220' title='bbox 879 2035 933 2078; x_wconf 89' lang='lat' dir='ltr'>qui</span> <span class='ocrx_word' id='word_1_221' title='bbox 954 2034 991 2067; x_wconf 96' lang='lat' dir='ltr'>li-</span> 
     </span>
     <span class='ocr_line' id='line_1_44' title="bbox 245 2084 992 2128; baseline 0.007 -12"><span class='ocrx_word' id='word_1_222' title='bbox 245 2084 368 2118; x_wconf 85' lang='lat' dir='ltr'>bertate</span> <span class='ocrx_word' id='word_1_223' title='bbox 388 2086 524 2118; x_wconf 85' lang='lat' dir='ltr'>testandi</span> <span class='ocrx_word' id='word_1_224' title='bbox 545 2087 654 2120; x_wconf 85' lang='lat' dir='ltr'>donati</span> <span class='ocrx_word' id='word_1_225' title='bbox 675 2093 760 2128; x_wconf 86' lang='lat' dir='ltr'>sunt,</span> <span class='ocrx_word' id='word_1_226' title='bbox 784 2093 848 2121; x_wconf 84' lang='lat' dir='ltr'>tam</span> <span class='ocrx_word' id='word_1_227' title='bbox 870 2088 902 2121; x_wconf 93' lang='lat' dir='ltr'>in</span> <span class='ocrx_word' id='word_1_228' title='bbox 923 2099 992 2121; x_wconf 87' lang='lat' dir='ltr'>mo-</span> 
     </span>
     <span class='ocr_line' id='line_1_45' title="bbox 247 2137 988 2184; baseline 0.007 -15"><span class='ocrx_word' id='word_1_229' title='bbox 247 2137 367 2171; x_wconf 82' lang='lat' dir='ltr'>bilibus</span> <span class='ocrx_word' id='word_1_230' title='bbox 391 2150 488 2182; x_wconf 88' lang='lat' dir='ltr'>quam</span> <span class='ocrx_word' id='word_1_231' title='bbox 510 2140 541 2172; x_wconf 87' lang='lat' dir='ltr'>in</span> <span class='ocrx_word' id='word_1_232' title='bbox 573 2140 795 2174; x_wconf 88' lang='lat' dir='ltr'>immobilibus</span> <span class='ocrx_word' id='word_1_233' title='bbox 825 2142 988 2184; x_wconf 75' lang='lat' dir='ltr'>legatum,</span> 
     </span>
     <span class='ocr_line' id='line_1_46' title="bbox 247 2191 993 2238; baseline 0.004 -15"><span class='ocrx_word' id='word_1_234' title='bbox 247 2201 303 2224; x_wconf 86' lang='lat' dir='ltr'>seu</span> <span class='ocrx_word' id='word_1_235' title='bbox 324 2202 342 2224; x_wconf 83' lang='lat' dir='ltr'>a</span> <span class='ocrx_word' id='word_1_236' title='bbox 361 2191 436 2225; x_wconf 88' lang='lat' dir='ltr'>viris</span> <span class='ocrx_word' id='word_1_237' title='bbox 457 2193 612 2226; x_wconf 86' lang='lat' dir='ltr'>donatum</span> <span class='ocrx_word' id='word_1_238' title='bbox 633 2195 730 2235; x_wconf 83' lang='lat' dir='ltr'>soret,</span> <span class='ocrx_word' id='word_1_239' title='bbox 755 2195 876 2238; x_wconf 82' lang='lat' dir='ltr'>absque</span> <span class='ocrx_word' id='word_1_240' title='bbox 896 2194 993 2227; x_wconf 86' lang='lat' dir='ltr'>ullius</span> 
     </span>
     <span class='ocr_line' id='line_1_47' title="bbox 249 2245 797 2292; baseline 0.005 -14"><span class='ocrx_word' id='word_1_241' title='bbox 249 2245 503 2279; x_wconf 85' lang='lat' dir='ltr'>contradictione</span> <span class='ocrx_word' id='word_1_242' title='bbox 524 2253 550 2281; x_wconf 90' lang='lat' dir='ltr'>et</span> <span class='ocrx_word' id='word_1_243' title='bbox 574 2249 797 2292; x_wconf 73' lang='lat' dir='ltr'>repugnantia.</span> 
     </span>
    </p>

    <p class='ocr_par' dir='ltr' id='par_1_9' title="bbox 252 2298 1001 2668">
     <span class='ocr_line' id='line_1_48' title="bbox 295 2298 994 2345; baseline 0.001 -13"><span class='ocrx_word' id='word_1_244' title='bbox 295 2300 311 2341; x_wconf 66' lang='grc' dir='ltr'>ξ</span> <span class='ocrx_word' id='word_1_245' title='bbox 332 2298 362 2332; x_wconf 79' lang='grc'>9.</span> <span class='ocrx_word' id='word_1_246' title='bbox 385 2299 497 2333; x_wconf 80' lang='lat' dir='ltr'>Itidem</span> <span class='ocrx_word' id='word_1_247' title='bbox 530 2302 677 2345; x_wconf 81' lang='lat' dir='ltr'>permisit</span> <span class='ocrx_word' id='word_1_248' title='bbox 706 2302 824 2335; x_wconf 85' lang='lat' dir='ltr'>rectori</span> <span class='ocrx_word' id='word_1_249' title='bbox 846 2308 875 2335; x_wconf 86' lang='lat' dir='ltr'>et</span> <span class='ocrx_word' id='word_1_250' title='bbox 896 2302 994 2334; x_wconf 79' lang='lat' dir='ltr'>colle-</span> 
     </span>
     <span class='ocr_line' id='line_1_49' title="bbox 252 2351 995 2399; baseline 0.005 -15"><span class='ocrx_word' id='word_1_251' title='bbox 252 2351 389 2394; x_wconf 81' lang='lat' dir='ltr'>gialibus</span> <span class='ocrx_word' id='word_1_252' title='bbox 414 2354 587 2397; x_wconf 84' lang='lat' dir='ltr'>praedictis</span> <span class='ocrx_word' id='word_1_253' title='bbox 617 2355 776 2399; x_wconf 87' lang='lat' dir='ltr'>quidquid</span> <span class='ocrx_word' id='word_1_254' title='bbox 801 2355 840 2388; x_wconf 91' lang='lat' dir='ltr'>ad</span> <span class='ocrx_word' id='word_1_255' title='bbox 873 2355 995 2387; x_wconf 83' lang='lat' dir='ltr'>benefi-</span> 
     </span>
     <span class='ocr_line' id='line_1_50' title="bbox 253 2405 997 2452; baseline 0.003 -14"><span class='ocrx_word' id='word_1_256' title='bbox 253 2405 338 2438; x_wconf 86' lang='lat' dir='ltr'>cium</span> <span class='ocrx_word' id='word_1_257' title='bbox 356 2407 482 2449; x_wconf 77' lang='lat' dir='ltr'>collegii</span> <span class='ocrx_word' id='word_1_258' title='bbox 497 2409 866 2452; x_wconf 70' lang='lat' dir='ltr'>expedireiudicaretur,</span> <span class='ocrx_word' id='word_1_259' title='bbox 881 2408 945 2441; x_wconf 75' lang='lat' dir='ltr'>sive</span> <span class='ocrx_word' id='word_1_260' title='bbox 965 2408 997 2440; x_wconf 91' lang='lat' dir='ltr'>in</span> 
     </span>
     <span class='ocr_line' id='line_1_51' title="bbox 254 2460 994 2505; baseline 0.003 -13"><span class='ocrx_word' id='word_1_261' title='bbox 254 2460 349 2503; x_wconf 78' lang='lat' dir='ltr'>agris,</span> <span class='ocrx_word' id='word_1_262' title='bbox 373 2461 436 2494; x_wconf 88' lang='lat' dir='ltr'>sive</span> <span class='ocrx_word' id='word_1_263' title='bbox 458 2462 568 2499; x_wconf 73' lang='lat' dir='ltr'>vineis,</span> <span class='ocrx_word' id='word_1_264' title='bbox 586 2463 650 2496; x_wconf 79' lang='lat' dir='ltr'>sive</span> <span class='ocrx_word' id='word_1_265' title='bbox 671 2462 784 2501; x_wconf 77' lang='lat' dir='ltr'>hortis,</span> <span class='ocrx_word' id='word_1_266' title='bbox 801 2463 864 2495; x_wconf 83' lang='lat' dir='ltr'>sive</span> <span class='ocrx_word' id='word_1_267' title='bbox 884 2462 994 2505; x_wconf 80' lang='lat' dir='ltr'>pratis,</span> 
     </span>
     <span class='ocr_line' id='line_1_52' title="bbox 254 2513 999 2557; baseline 0.004 -11"><span class='ocrx_word' id='word_1_268' title='bbox 254 2513 318 2547; x_wconf 76' lang='lat' dir='ltr'>sive</span> <span class='ocrx_word' id='word_1_269' title='bbox 332 2515 481 2557; x_wconf 83' lang='lat' dir='ltr'>praediis,</span> <span class='ocrx_word' id='word_1_270' title='bbox 497 2522 527 2549; x_wconf 91' lang='lat' dir='ltr'>ut</span> <span class='ocrx_word' id='word_1_271' title='bbox 551 2516 584 2550; x_wconf 89' lang='lat' dir='ltr'>id</span> <span class='ocrx_word' id='word_1_272' title='bbox 605 2517 667 2550; x_wconf 85' lang='lat' dir='ltr'>illis</span> <span class='ocrx_word' id='word_1_273' title='bbox 687 2528 795 2550; x_wconf 84' lang='lat' dir='ltr'>cinere</span> <span class='ocrx_word' id='word_1_274' title='bbox 815 2517 936 2550; x_wconf 84' lang='lat' dir='ltr'>licitum</span> <span class='ocrx_word' id='word_1_275' title='bbox 952 2527 999 2549; x_wconf 88' lang='lat' dir='ltr'>es-</span> 
     </span>
     <span class='ocr_line' id='line_1_53' title="bbox 256 2571 974 2616; baseline -0.003 -12"><span class='ocrx_word' id='word_1_276' title='bbox 256 2576 312 2612; x_wconf 80' lang='lat' dir='ltr'>set,</span> <span class='ocrx_word' id='word_1_277' title='bbox 337 2582 419 2615; x_wconf 86' lang='lat' dir='ltr'>quae</span> <span class='ocrx_word' id='word_1_278' title='bbox 439 2572 547 2605; x_wconf 87' lang='lat' dir='ltr'>onmia</span> <span class='ocrx_word' id='word_1_279' title='bbox 568 2578 685 2616; x_wconf 84' lang='lat' dir='ltr'>empta,</span> <span class='ocrx_word' id='word_1_280' title='bbox 710 2572 849 2611; x_wconf 83' lang='lat' dir='ltr'>donata,</span> <span class='ocrx_word' id='word_1_281' title='bbox 873 2571 974 2613; x_wconf 77' lang='lat' dir='ltr'>legata</span> 
     </span>
     <span class='ocr_line' id='line_1_54' title="bbox 257 2624 1001 2668; baseline 0 -11"><span class='ocrx_word' id='word_1_282' title='bbox 257 2624 302 2657; x_wconf 82' lang='lat' dir='ltr'>sic</span> <span class='ocrx_word' id='word_1_283' title='bbox 319 2624 483 2667; x_wconf 82' lang='lat' dir='ltr'>praedicto</span> <span class='ocrx_word' id='word_1_284' title='bbox 504 2625 640 2668; x_wconf 75' lang='lat' dir='ltr'>collegio</span> <span class='ocrx_word' id='word_1_285' title='bbox 660 2635 784 2658; x_wconf 80' lang='lat' dir='ltr'>annexa</span> <span class='ocrx_word' id='word_1_286' title='bbox 804 2630 834 2658; x_wconf 86' lang='lat' dir='ltr'>et</span> <span class='ocrx_word' id='word_1_287' title='bbox 851 2624 1001 2667; x_wconf 86' lang='lat' dir='ltr'>incorpo-</span> 
     </span>
    </p>
   </div>
   <div class='ocr_carea' id='block_1_8' title="bbox 983 274 1019 2665">
    <p class='ocr_par' dir='ltr' id='par_1_10' title="bbox 983 274 1019 2665">
     <span class='ocr_line' id='line_1_55' title="bbox 983 274 1019 2665; baseline 0 0"><span class='ocrx_word' id='word_1_288' title='bbox 983 274 1019 2665; x_wconf 95' lang='lat' dir='ltr'> </span> 
     </span>
    </p>
   </div>
   <div class='ocr_carea' id='block_1_9' title="bbox 1001 259 1759 1320">
    <p class='ocr_par' dir='ltr' id='par_1_11' title="bbox 1001 259 1751 621">
     <span class='ocr_line' id='line_1_56' title="bbox 1001 259 1751 304; baseline -0.011 -5"><span class='ocrx_word' id='word_1_289' title='bbox 1001 271 1069 298; x_wconf 85' lang='lat' dir='ltr'>rata</span> <span class='ocrx_word' id='word_1_290' title='bbox 1087 275 1156 298; x_wconf 83' lang='lat' dir='ltr'>csse</span> <span class='ocrx_word' id='word_1_291' title='bbox 1178 263 1288 303; x_wconf 86' lang='lat' dir='ltr'>voluit,</span> <span class='ocrx_word' id='word_1_292' title='bbox 1305 273 1341 296; x_wconf 85' lang='lat' dir='ltr'>ae</span> <span class='ocrx_word' id='word_1_293' title='bbox 1361 262 1386 295; x_wconf 88' lang='lat' dir='ltr'>si</span> <span class='ocrx_word' id='word_1_294' title='bbox 1407 262 1446 294; x_wconf 89' lang='lat' dir='ltr'>ab</span> <span class='ocrx_word' id='word_1_295' title='bbox 1468 261 1537 304; x_wconf 86' lang='lat' dir='ltr'>ipso</span> <span class='ocrx_word' id='word_1_296' title='bbox 1557 259 1696 301; x_wconf 68' lang='lat' dir='ltr'>Georgio</span> <span class='ocrx_word' id='word_1_297' title='bbox 1714 270 1751 292; x_wconf 85' lang='lat' dir='ltr'>ac</span> 
     </span>
     <span class='ocr_line' id='line_1_57' title="bbox 1002 313 1749 352; baseline -0.008 -1"><span class='ocrx_word' id='word_1_298' title='bbox 1002 319 1067 352; x_wconf 85' lang='lat' dir='ltr'>suis</span> <span class='ocrx_word' id='word_1_299' title='bbox 1087 317 1281 352; x_wconf 79' lang='lat' dir='ltr'>haeredibus</span> <span class='ocrx_word' id='word_1_300' title='bbox 1313 321 1344 349; x_wconf 87' lang='lat' dir='ltr'>et</span> <span class='ocrx_word' id='word_1_301' title='bbox 1371 313 1611 348; x_wconf 85' lang='lat' dir='ltr'>successoribus</span> <span class='ocrx_word' id='word_1_302' title='bbox 1633 314 1749 346; x_wconf 84' lang='lat' dir='ltr'>donata</span> 
     </span>
     <span class='ocr_line' id='line_1_58' title="bbox 1003 366 1751 412; baseline -0.008 -8"><span class='ocrx_word' id='word_1_303' title='bbox 1003 377 1033 404; x_wconf 86' lang='lat' dir='ltr'>et</span> <span class='ocrx_word' id='word_1_304' title='bbox 1054 371 1207 404; x_wconf 88' lang='lat' dir='ltr'>attributa</span> <span class='ocrx_word' id='word_1_305' title='bbox 1220 370 1364 409; x_wconf 77' lang='lat' dir='ltr'>tuissent,</span> <span class='ocrx_word' id='word_1_306' title='bbox 1380 379 1462 412; x_wconf 86' lang='lat' dir='ltr'>quae</span> <span class='ocrx_word' id='word_1_307' title='bbox 1481 367 1611 411; x_wconf 85' lang='lat' dir='ltr'>quidem</span> <span class='ocrx_word' id='word_1_308' title='bbox 1627 366 1671 399; x_wconf 85' lang='lat' dir='ltr'>sic</span> <span class='ocrx_word' id='word_1_309' title='bbox 1685 377 1751 399; x_wconf 89' lang='lat' dir='ltr'>em-</span> 
     </span>
     <span class='ocr_line' id='line_1_59' title="bbox 1004 420 1750 469; baseline -0.007 -12"><span class='ocrx_word' id='word_1_310' title='bbox 1004 432 1056 469; x_wconf 88' lang='lat' dir='ltr'>pta</span> <span class='ocrx_word' id='word_1_311' title='bbox 1077 430 1107 457; x_wconf 78' lang='lat' dir='ltr'>ct</span> <span class='ocrx_word' id='word_1_312' title='bbox 1131 425 1260 461; x_wconf 76' lang='lat' dir='ltr'>donata,</span> <span class='ocrx_word' id='word_1_313' title='bbox 1284 423 1308 455; x_wconf 84' lang='lat' dir='ltr'>si</span> <span class='ocrx_word' id='word_1_314' title='bbox 1331 421 1493 456; x_wconf 78' lang='lat' dir='ltr'>censualia</span> <span class='ocrx_word' id='word_1_315' title='bbox 1511 426 1626 460; x_wconf 84' lang='lat' dir='ltr'>essent,</span> <span class='ocrx_word' id='word_1_316' title='bbox 1643 420 1683 453; x_wconf 80' lang='lat' dir='ltr'>ad</span> <span class='ocrx_word' id='word_1_317' title='bbox 1701 431 1750 452; x_wconf 72' lang='lat' dir='ltr'>ar·</span> 
     </span>
     <span class='ocr_line' id='line_1_60' title="bbox 1004 476 1750 518; baseline -0.008 -7"><span class='ocrx_word' id='word_1_318' title='bbox 1004 478 1135 511; x_wconf 91' lang='lat' dir='ltr'>bitrium</span> <span class='ocrx_word' id='word_1_319' title='bbox 1149 476 1278 518; x_wconf 66' lang='lat' dir='ltr'>Georgii</span> <span class='ocrx_word' id='word_1_320' title='bbox 1297 481 1323 509; x_wconf 83' lang='lat' dir='ltr'>ct</span> <span class='ocrx_word' id='word_1_321' title='bbox 1344 476 1522 508; x_wconf 80' lang='lat' dir='ltr'>haeredum</span> <span class='ocrx_word' id='word_1_322' title='bbox 1536 484 1681 513; x_wconf 87' lang='lat' dir='ltr'>suorum,</span> <span class='ocrx_word' id='word_1_323' title='bbox 1696 484 1750 506; x_wconf 90' lang='lat' dir='ltr'>seu</span> 
     </span>
     <span class='ocr_line' id='line_1_61' title="bbox 1004 527 1751 575; baseline -0.007 -11"><span class='ocrx_word' id='word_1_324' title='bbox 1004 536 1207 575; x_wconf 78' lang='lat' dir='ltr'>posterorum</span> <span class='ocrx_word' id='word_1_325' title='bbox 1229 529 1388 563; x_wconf 81' lang='lat' dir='ltr'>censibus,</span> <span class='ocrx_word' id='word_1_326' title='bbox 1414 533 1448 561; x_wconf 87' lang='lat' dir='ltr'>ut</span> <span class='ocrx_word' id='word_1_327' title='bbox 1468 527 1567 560; x_wconf 87' lang='lat' dir='ltr'>libera</span> <span class='ocrx_word' id='word_1_328' title='bbox 1590 537 1657 560; x_wconf 85' lang='lat' dir='ltr'>esse</span> <span class='ocrx_word' id='word_1_329' title='bbox 1677 537 1751 570; x_wconf 87' lang='lat' dir='ltr'>pos-</span> 
     </span>
     <span class='ocr_line' id='line_1_62' title="bbox 1004 583 1286 621; baseline -0.011 -4"><span class='ocrx_word' id='word_1_330' title='bbox 1004 590 1084 621; x_wconf 82' lang='lat' dir='ltr'>sent,</span> <span class='ocrx_word' id='word_1_331' title='bbox 1109 583 1286 617; x_wconf 84' lang='lat' dir='ltr'>constituit.</span> 
     </span>
    </p>

    <p class='ocr_par' dir='ltr' id='par_1_12' title="bbox 1005 633 1759 1320">
     <span class='ocr_line' id='line_1_63' title="bbox 1050 633 1751 680; baseline -0.006 -11"><span class='ocrx_word' id='word_1_332' title='bbox 1050 639 1065 680; x_wconf 60' lang='lat' dir='ltr'>g</span> <span class='ocrx_word' id='word_1_333' title='bbox 1093 636 1140 669; x_wconf 77' lang='grc'>10.</span> <span class='ocrx_word' id='word_1_334' title='bbox 1156 637 1189 670; x_wconf 90' lang='lat' dir='ltr'>ld</span> <span class='ocrx_word' id='word_1_335' title='bbox 1204 646 1334 680; x_wconf 76' lang='lat' dir='ltr'>quoque</span> <span class='ocrx_word' id='word_1_336' title='bbox 1348 635 1479 678; x_wconf 87' lang='lat' dir='ltr'>insuper</span> <span class='ocrx_word' id='word_1_337' title='bbox 1492 645 1568 667; x_wconf 85' lang='lat' dir='ltr'>suae</span> <span class='ocrx_word' id='word_1_338' title='bbox 1578 633 1751 666; x_wconf 80' lang='lat' dir='ltr'>voluntatis</span> 
     </span>
     <span class='ocr_line' id='line_1_64' title="bbox 1006 688 1749 733; baseline -0.007 -9"><span class='ocrx_word' id='word_1_339' title='bbox 1006 702 1072 724; x_wconf 80' lang='lat' dir='ltr'>esse</span> <span class='ocrx_word' id='word_1_340' title='bbox 1094 690 1214 726; x_wconf 80' lang='lat' dir='ltr'>statuit,</span> <span class='ocrx_word' id='word_1_341' title='bbox 1237 695 1270 722; x_wconf 90' lang='lat' dir='ltr'>ut</span> <span class='ocrx_word' id='word_1_342' title='bbox 1292 689 1358 733; x_wconf 85' lang='lat' dir='ltr'>ipsa</span> <span class='ocrx_word' id='word_1_343' title='bbox 1379 688 1526 721; x_wconf 83' lang='lat' dir='ltr'>salutaris</span> <span class='ocrx_word' id='word_1_344' title='bbox 1547 688 1749 721; x_wconf 85' lang='lat' dir='ltr'>subditorum</span> 
     </span>
     <span class='ocr_line' id='line_1_65' title="bbox 1006 742 1751 785; baseline -0.005 -8"><span class='ocrx_word' id='word_1_345' title='bbox 1006 755 1138 778; x_wconf 76' lang='lat' dir='ltr'>suorum</span> <span class='ocrx_word' id='word_1_346' title='bbox 1168 743 1324 776; x_wconf 81' lang='lat' dir='ltr'>institutio</span> <span class='ocrx_word' id='word_1_347' title='bbox 1350 742 1518 775; x_wconf 90' lang='lat' dir='ltr'>meliorem</span> <span class='ocrx_word' id='word_1_348' title='bbox 1545 751 1751 785; x_wconf 67' lang='lat' dir='ltr'>progressum</span> 
     </span>
     <span class='ocr_line' id='line_1_66' title="bbox 1005 796 1753 839; baseline -0.004 -9"><span class='ocrx_word' id='word_1_349' title='bbox 1005 798 1125 830; x_wconf 79' lang='lat' dir='ltr'>babere</span> <span class='ocrx_word' id='word_1_350' title='bbox 1146 797 1276 836; x_wconf 81' lang='lat' dir='ltr'>valeret,</span> <span class='ocrx_word' id='word_1_351' title='bbox 1294 801 1324 829; x_wconf 88' lang='lat' dir='ltr'>et</span> <span class='ocrx_word' id='word_1_352' title='bbox 1338 796 1453 828; x_wconf 89' lang='lat' dir='ltr'>domus</span> <span class='ocrx_word' id='word_1_353' title='bbox 1466 805 1646 839; x_wconf 84' lang='lat' dir='ltr'>pauperum</span> <span class='ocrx_word' id='word_1_354' title='bbox 1661 805 1753 838; x_wconf 84' lang='lat' dir='ltr'>prae-</span> 
     </span>
     <span class='ocr_line' id='line_1_67' title="bbox 1007 847 1752 894; baseline -0.007 -10"><span class='ocrx_word' id='word_1_355' title='bbox 1007 851 1091 884; x_wconf 71' lang='lat' dir='ltr'>dicta</span> <span class='ocrx_word' id='word_1_356' title='bbox 1114 850 1172 894; x_wconf 82' lang='lat' dir='ltr'>ipsi</span> <span class='ocrx_word' id='word_1_357' title='bbox 1193 849 1311 882; x_wconf 84' lang='lat' dir='ltr'>rectori</span> <span class='ocrx_word' id='word_1_358' title='bbox 1324 848 1451 891; x_wconf 69' lang='lat' dir='ltr'>collegii</span> <span class='ocrx_word' id='word_1_359' title='bbox 1472 847 1657 881; x_wconf 90' lang='lat' dir='ltr'>huiusmodi</span> <span class='ocrx_word' id='word_1_360' title='bbox 1680 857 1752 880; x_wconf 90' lang='lat' dir='ltr'>cum</span> 
     </span>
     <span class='ocr_line' id='line_1_68' title="bbox 1007 901 1754 937; baseline -0.005 0"><span class='ocrx_word' id='word_1_361' title='bbox 1007 905 1158 937; x_wconf 83' lang='lat' dir='ltr'>omnibus</span> <span class='ocrx_word' id='word_1_362' title='bbox 1191 902 1410 936; x_wconf 86' lang='lat' dir='ltr'>babitantibus</span> <span class='ocrx_word' id='word_1_363' title='bbox 1440 902 1471 934; x_wconf 92' lang='lat' dir='ltr'>in</span> <span class='ocrx_word' id='word_1_364' title='bbox 1501 912 1537 935; x_wconf 88' lang='lat' dir='ltr'>ea</span> <span class='ocrx_word' id='word_1_365' title='bbox 1569 901 1754 934; x_wconf 82' lang='lat' dir='ltr'>immediate</span> 
     </span>
     <span class='ocr_line' id='line_1_69' title="bbox 1007 954 1755 999; baseline -0.005 -9"><span class='ocrx_word' id='word_1_366' title='bbox 1007 958 1151 990; x_wconf 84' lang='lat' dir='ltr'>subiecta</span> <span class='ocrx_word' id='word_1_367' title='bbox 1169 962 1271 989; x_wconf 86' lang='lat' dir='ltr'>essent</span> <span class='ocrx_word' id='word_1_368' title='bbox 1291 967 1363 989; x_wconf 83' lang='lat' dir='ltr'>cum</span> <span class='ocrx_word' id='word_1_369' title='bbox 1377 956 1474 999; x_wconf 86' lang='lat' dir='ltr'>pleno</span> <span class='ocrx_word' id='word_1_370' title='bbox 1487 955 1556 988; x_wconf 89' lang='lat' dir='ltr'>iure</span> <span class='ocrx_word' id='word_1_371' title='bbox 1570 960 1634 987; x_wconf 89' lang='lat' dir='ltr'>tam</span> <span class='ocrx_word' id='word_1_372' title='bbox 1649 954 1755 998; x_wconf 88' lang='lat' dir='ltr'>quoad</span> 
     </span>
     <span class='ocr_line' id='line_1_70' title="bbox 1009 1008 1755 1053; baseline -0.005 -9"><span class='ocrx_word' id='word_1_373' title='bbox 1009 1011 1176 1047; x_wconf 76' lang='lat' dir='ltr'>aedificia,</span> <span class='ocrx_word' id='word_1_374' title='bbox 1210 1020 1342 1047; x_wconf 75' lang='lat' dir='ltr'>censuS,</span> <span class='ocrx_word' id='word_1_375' title='bbox 1378 1009 1598 1053; x_wconf 78' lang='lat' dir='ltr'>eleemosynas</span> <span class='ocrx_word' id='word_1_376' title='bbox 1614 1008 1626 1048; x_wconf 68' lang='lat'>,&#39;</span> <span class='ocrx_word' id='word_1_377' title='bbox 1657 1018 1755 1051; x_wconf 85' lang='lat' dir='ltr'>quam</span> 
     </span>
     <span class='ocr_line' id='line_1_71' title="bbox 1010 1061 1757 1108; baseline -0.005 -11"><span class='ocrx_word' id='word_1_378' title='bbox 1010 1065 1116 1108; x_wconf 85' lang='lat' dir='ltr'>quoad</span> <span class='ocrx_word' id='word_1_379' title='bbox 1137 1073 1292 1107; x_wconf 83' lang='lat' dir='ltr'>personas</span> <span class='ocrx_word' id='word_1_380' title='bbox 1317 1063 1348 1095; x_wconf 92' lang='lat' dir='ltr'>in</span> <span class='ocrx_word' id='word_1_381' title='bbox 1379 1073 1416 1095; x_wconf 88' lang='lat' dir='ltr'>ea</span> <span class='ocrx_word' id='word_1_382' title='bbox 1440 1062 1593 1104; x_wconf 77' lang='lat' dir='ltr'>degentes</span> <span class='ocrx_word' id='word_1_383' title='bbox 1621 1061 1757 1104; x_wconf 90' lang='lat' dir='ltr'>proinde</span> 
     </span>
     <span class='ocr_line' id='line_1_72' title="bbox 1012 1114 1755 1161; baseline -0.007 -10"><span class='ocrx_word' id='word_1_384' title='bbox 1012 1117 1145 1151; x_wconf 84' lang='lat' dir='ltr'>rectoris</span> <span class='ocrx_word' id='word_1_385' title='bbox 1165 1115 1334 1161; x_wconf 73' lang='lat' dir='ltr'>praedicti,</span> <span class='ocrx_word' id='word_1_386' title='bbox 1358 1121 1386 1148; x_wconf 90' lang='lat' dir='ltr'>et</span> <span class='ocrx_word' id='word_1_387' title='bbox 1408 1125 1474 1148; x_wconf 92' lang='lat' dir='ltr'>non</span> <span class='ocrx_word' id='word_1_388' title='bbox 1494 1114 1625 1147; x_wconf 80' lang='lat' dir='ltr'>alterius</span> <span class='ocrx_word' id='word_1_389' title='bbox 1646 1114 1755 1147; x_wconf 86' lang='lat' dir='ltr'>cuius-</span> 
     </span>
     <span class='ocr_line' id='line_1_73' title="bbox 1012 1168 1759 1215; baseline -0.007 -11"><span class='ocrx_word' id='word_1_390' title='bbox 1012 1182 1074 1215; x_wconf 88' lang='lat' dir='ltr'>que</span> <span class='ocrx_word' id='word_1_391' title='bbox 1094 1177 1187 1211; x_wconf 85' lang='lat' dir='ltr'>esset,</span> <span class='ocrx_word' id='word_1_392' title='bbox 1211 1169 1431 1202; x_wconf 80' lang='lat' dir='ltr'>adolescentes</span> <span class='ocrx_word' id='word_1_393' title='bbox 1452 1168 1484 1200; x_wconf 91' lang='lat' dir='ltr'>in</span> <span class='ocrx_word' id='word_1_394' title='bbox 1505 1178 1541 1201; x_wconf 85' lang='lat' dir='ltr'>ea</span> <span class='ocrx_word' id='word_1_395' title='bbox 1559 1168 1693 1200; x_wconf 89' lang='lat' dir='ltr'>alendos</span> <span class='ocrx_word' id='word_1_396' title='bbox 1710 1177 1759 1200; x_wconf 90' lang='lat' dir='ltr'>re-</span> 
     </span>
     <span class='ocr_line' id='line_1_74' title="bbox 1013 1220 1758 1268; baseline -0.005 -12"><span class='ocrx_word' id='word_1_397' title='bbox 1013 1225 1121 1268; x_wconf 78' lang='lat' dir='ltr'>cipere</span> <span class='ocrx_word' id='word_1_398' title='bbox 1142 1228 1172 1256; x_wconf 89' lang='lat' dir='ltr'>et</span> <span class='ocrx_word' id='word_1_399' title='bbox 1193 1222 1387 1266; x_wconf 83' lang='lat' dir='ltr'>approbare,</span> <span class='ocrx_word' id='word_1_400' title='bbox 1404 1222 1601 1264; x_wconf 88' lang='lat' dir='ltr'>eosdemque</span> <span class='ocrx_word' id='word_1_401' title='bbox 1620 1220 1758 1253; x_wconf 86' lang='lat' dir='ltr'>vicissim</span> 
     </span>
     <span class='ocr_line' id='line_1_75' title="bbox 1013 1275 1758 1320; baseline -0.007 -9"><span class='ocrx_word' id='word_1_402' title='bbox 1013 1278 1194 1315; x_wconf 72' lang='lat' dir='ltr'>excludere,</span> <span class='ocrx_word' id='word_1_403' title='bbox 1219 1277 1281 1309; x_wconf 88' lang='lat' dir='ltr'>illis</span> <span class='ocrx_word' id='word_1_404' title='bbox 1300 1276 1501 1320; x_wconf 85' lang='lat' dir='ltr'>praefectum</span> <span class='ocrx_word' id='word_1_405' title='bbox 1522 1275 1688 1315; x_wconf 85' lang='lat' dir='ltr'>idoneum,</span> <span class='ocrx_word' id='word_1_406' title='bbox 1705 1275 1758 1318; x_wconf 88' lang='lat' dir='ltr'>qui</span> 
     </span>
    </p>
   </div>
   <div class='ocr_carea' id='block_1_10' title="bbox 995 1329 1761 1376">
    <p class='ocr_par' dir='ltr' id='par_1_13' title="bbox 995 1329 1761 1376">
     <span class='ocr_line' id='line_1_76' title="bbox 995 1329 1761 1376; baseline -0.004 -12"><span class='ocrx_word' id='word_1_407' title='bbox 995 1332 1059 1373; x_wconf 37' lang='lat' dir='ltr'>,itti</span> <span class='ocrx_word' id='word_1_408' title='bbox 1083 1330 1276 1376; x_wconf 85' lang='lat' dir='ltr'>probabitur</span> <span class='ocrx_word' id='word_1_409' title='bbox 1305 1339 1529 1374; x_wconf 80' lang='lat' dir='ltr'>praeponere,</span> <span class='ocrx_word' id='word_1_410' title='bbox 1559 1339 1596 1361; x_wconf 85' lang='lat' dir='ltr'>ac</span> <span class='ocrx_word' id='word_1_411' title='bbox 1625 1329 1663 1361; x_wconf 92' lang='lat' dir='ltr'>de</span> <span class='ocrx_word' id='word_1_412' title='bbox 1694 1333 1761 1361; x_wconf 88' lang='lat' dir='ltr'>toto</span> 
     </span>
    </p>
   </div>
   <div class='ocr_carea' id='block_1_11' title="bbox 1014 1382 1762 1480">
    <p class='ocr_par' dir='ltr' id='par_1_14' title="bbox 1014 1382 1762 1480">
     <span class='ocr_line' id='line_1_77' title="bbox 1014 1382 1762 1428; baseline -0.005 -9"><span class='ocrx_word' id='word_1_413' title='bbox 1014 1387 1129 1420; x_wconf 83' lang='lat' dir='ltr'>domus</span> <span class='ocrx_word' id='word_1_414' title='bbox 1146 1385 1261 1419; x_wconf 88' lang='lat' dir='ltr'>ordine</span> <span class='ocrx_word' id='word_1_415' title='bbox 1275 1384 1458 1428; x_wconf 81' lang='lat' dir='ltr'>disponere,</span> <span class='ocrx_word' id='word_1_416' title='bbox 1475 1383 1596 1427; x_wconf 83' lang='lat' dir='ltr'>absque</span> <span class='ocrx_word' id='word_1_417' title='bbox 1607 1382 1762 1426; x_wconf 88' lang='lat' dir='ltr'>cuiusque</span> 
     </span>
     <span class='ocr_line' id='line_1_78' title="bbox 1015 1437 1762 1480; baseline -0.007 -6"><span class='ocrx_word' id='word_1_418' title='bbox 1015 1440 1281 1480; x_wconf 69' lang='lat' dir='ltr'>contradictione,</span> <span class='ocrx_word' id='word_1_419' title='bbox 1307 1437 1529 1472; x_wconf 85' lang='lat' dir='ltr'>molestatione</span> <span class='ocrx_word' id='word_1_420' title='bbox 1544 1465 1550 1477; x_wconf 84' lang='lat'><strong><em>‚</em></strong></span> <span class='ocrx_word' id='word_1_421' title='bbox 1574 1437 1639 1470; x_wconf 90' lang='lat' dir='ltr'>sive</span> <span class='ocrx_word' id='word_1_422' title='bbox 1665 1447 1762 1480; x_wconf 83' lang='lat' dir='ltr'>repu-</span> 
     </span>
    </p>
   </div>
   <div class='ocr_carea' id='block_1_12' title="bbox 184 1490 1763 1596">
    <p class='ocr_par' dir='ltr' id='par_1_15' title="bbox 184 1490 1763 1596">
     <span class='ocr_line' id='line_1_79' title="bbox 997 1490 1763 1537; baseline -0.008 -9"><span class='ocrx_word' id='word_1_423' title='bbox 997 1526 998 1536; x_wconf 59' lang='grc'>,</span> <span class='ocrx_word' id='word_1_424' title='bbox 1015 1494 1156 1537; x_wconf 74' lang='lat' dir='ltr'>guantia,</span> <span class='ocrx_word' id='word_1_425' title='bbox 1180 1494 1226 1526; x_wconf 86' lang='lat' dir='ltr'>sic</span> <span class='ocrx_word' id='word_1_426' title='bbox 1246 1499 1353 1526; x_wconf 81' lang='lat' dir='ltr'>tamen</span> <span class='ocrx_word' id='word_1_427' title='bbox 1373 1497 1408 1525; x_wconf 86' lang='lat' dir='ltr'>ut</span> <span class='ocrx_word' id='word_1_428' title='bbox 1427 1491 1632 1525; x_wconf 88' lang='lat' dir='ltr'>subditorum</span> <span class='ocrx_word' id='word_1_429' title='bbox 1658 1490 1763 1524; x_wconf 89' lang='lat' dir='ltr'>domi·-</span> 
     </span>
     <span class='ocr_line' id='line_1_80' title="bbox 184 1547 999 1596; baseline 0.007 -17"><span class='ocrx_word' id='word_1_430' title='bbox 184 1586 187 1589; x_wconf 32' lang='lat'>·</span> <span class='ocrx_word' id='word_1_431' title='bbox 238 1553 358 1588; x_wconf 74' lang='lat' dir='ltr'>essent,</span> <span class='ocrx_word' id='word_1_432' title='bbox 382 1547 480 1591; x_wconf 87' lang='lat' dir='ltr'>idque</span> <span class='ocrx_word' id='word_1_433' title='bbox 501 1549 594 1582; x_wconf 83' lang='lat' dir='ltr'>toties</span> <span class='ocrx_word' id='word_1_434' title='bbox 620 1550 746 1594; x_wconf 88' lang='lat' dir='ltr'>quoties</span> <span class='ocrx_word' id='word_1_435' title='bbox 769 1551 815 1583; x_wconf 92' lang='lat' dir='ltr'>illi</span> <span class='ocrx_word' id='word_1_436' title='bbox 837 1552 875 1584; x_wconf 82' lang='lat' dir='ltr'>de</span> <span class='ocrx_word' id='word_1_437' title='bbox 900 1563 999 1596; x_wconf 78' lang='lat' dir='ltr'>pen—¹</span> 
     </span>
    </p>
   </div>
   <div class='ocr_carea' id='block_1_13' title="bbox 1016 1544 1778 2611">
    <p class='ocr_par' dir='ltr' id='par_1_16' title="bbox 1016 1544 1778 2611">
     <span class='ocr_line' id='line_1_81' title="bbox 1016 1544 1762 1592; baseline -0.003 -11"><span class='ocrx_word' id='word_1_438' title='bbox 1016 1548 1059 1581; x_wconf 92' lang='lat' dir='ltr'>nii</span> <span class='ocrx_word' id='word_1_439' title='bbox 1091 1547 1247 1592; x_wconf 84' lang='lat' dir='ltr'>praedicti</span> <span class='ocrx_word' id='word_1_440' title='bbox 1278 1545 1433 1590; x_wconf 87' lang='lat' dir='ltr'>primaria</span> <span class='ocrx_word' id='word_1_441' title='bbox 1462 1555 1539 1578; x_wconf 86' lang='lat' dir='ltr'>cura</span> <span class='ocrx_word' id='word_1_442' title='bbox 1568 1544 1762 1579; x_wconf 78' lang='lat' dir='ltr'>haberetur.</span> 
     </span>
     <span class='ocr_line' id='line_1_82' title="bbox 1017 1596 1766 1645; baseline -0.007 -11"><span class='ocrx_word' id='word_1_443' title='bbox 1017 1602 1127 1645; x_wconf 86' lang='lat' dir='ltr'>eisque</span> <span class='ocrx_word' id='word_1_444' title='bbox 1147 1601 1236 1634; x_wconf 87' lang='lat' dir='ltr'>locus</span> <span class='ocrx_word' id='word_1_445' title='bbox 1257 1605 1330 1633; x_wconf 85' lang='lat' dir='ltr'>ante</span> <span class='ocrx_word' id='word_1_446' title='bbox 1362 1599 1442 1632; x_wconf 86' lang='lat' dir='ltr'>alios</span> <span class='ocrx_word' id='word_1_447' title='bbox 1471 1598 1687 1637; x_wconf 74' lang='lat' dir='ltr'>concedatur,</span> <span class='ocrx_word' id='word_1_448' title='bbox 1711 1596 1766 1641; x_wconf 91' lang='lat' dir='ltr'>qui</span> 
     </span>
     <span class='ocr_line' id='line_1_83' title="bbox 1019 1651 1766 1697; baseline -0.007 -9"><span class='ocrx_word' id='word_1_449' title='bbox 1019 1655 1051 1688; x_wconf 93' lang='lat' dir='ltr'>in</span> <span class='ocrx_word' id='word_1_450' title='bbox 1072 1654 1185 1688; x_wconf 88' lang='lat' dir='ltr'>studiis</span> <span class='ocrx_word' id='word_1_451' title='bbox 1211 1653 1331 1687; x_wconf 89' lang='lat' dir='ltr'>diutius</span> <span class='ocrx_word' id='word_1_452' title='bbox 1351 1651 1522 1697; x_wconf 90' lang='lat' dir='ltr'>perdurari</span> <span class='ocrx_word' id='word_1_453' title='bbox 1549 1651 1713 1691; x_wconf 83' lang='lat' dir='ltr'>valerent,</span> <span class='ocrx_word' id='word_1_454' title='bbox 1738 1655 1766 1683; x_wconf 89' lang='lat' dir='ltr'>et</span> 
     </span>
     <span class='ocr_line' id='line_1_84' title="bbox 1020 1705 1764 1752; baseline -0.008 -10"><span class='ocrx_word' id='word_1_455' title='bbox 1020 1710 1059 1742; x_wconf 88' lang='lat' dir='ltr'>ad</span> <span class='ocrx_word' id='word_1_456' title='bbox 1092 1719 1128 1742; x_wconf 87' lang='lat' dir='ltr'>ea</span> <span class='ocrx_word' id='word_1_457' title='bbox 1159 1708 1224 1752; x_wconf 83' lang='lat' dir='ltr'>apti</span> <span class='ocrx_word' id='word_1_458' title='bbox 1253 1707 1443 1750; x_wconf 86' lang='lat' dir='ltr'>habilesque</span> <span class='ocrx_word' id='word_1_459' title='bbox 1474 1705 1606 1739; x_wconf 84' lang='lat' dir='ltr'>iudicati</span> <span class='ocrx_word' id='word_1_460' title='bbox 1637 1705 1764 1743; x_wconf 85' lang='lat' dir='ltr'>forent;</span> 
     </span>
     <span class='ocr_line' id='line_1_85' title="bbox 1021 1758 1768 1807; baseline -0.008 -11"><span class='ocrx_word' id='word_1_461' title='bbox 1021 1773 1230 1807; x_wconf 84' lang='lat' dir='ltr'>quamquam,</span> <span class='ocrx_word' id='word_1_462' title='bbox 1255 1767 1285 1794; x_wconf 86' lang='lat' dir='ltr'>et</span> <span class='ocrx_word' id='word_1_463' title='bbox 1313 1761 1393 1794; x_wconf 91' lang='lat' dir='ltr'>illud</span> <span class='ocrx_word' id='word_1_464' title='bbox 1423 1760 1528 1793; x_wconf 87' lang='lat' dir='ltr'>eidem</span> <span class='ocrx_word' id='word_1_465' title='bbox 1561 1758 1678 1792; x_wconf 86' lang='lat' dir='ltr'>rectori</span> <span class='ocrx_word' id='word_1_466' title='bbox 1710 1769 1768 1802; x_wconf 88' lang='lat' dir='ltr'>pro</span> 
     </span>
     <span class='ocr_line' id='line_1_86' title="bbox 1023 1814 1770 1860; baseline -0.007 -11"><span class='ocrx_word' id='word_1_467' title='bbox 1023 1822 1168 1860; x_wconf 88' lang='lat' dir='ltr'>tempore</span> <span class='ocrx_word' id='word_1_468' title='bbox 1200 1814 1345 1848; x_wconf 79' lang='lat' dir='ltr'>existenti</span> <span class='ocrx_word' id='word_1_469' title='bbox 1377 1814 1515 1846; x_wconf 88' lang='lat' dir='ltr'>liberum</span> <span class='ocrx_word' id='word_1_470' title='bbox 1543 1823 1612 1846; x_wconf 89' lang='lat' dir='ltr'>esse</span> <span class='ocrx_word' id='word_1_471' title='bbox 1643 1822 1770 1855; x_wconf 86' lang='lat' dir='ltr'>semper</span> 
     </span>
     <span class='ocr_line' id='line_1_87' title="bbox 1023 1865 1770 1909; baseline -0.007 -6"><span class='ocrx_word' id='word_1_472' title='bbox 1023 1870 1137 1909; x_wconf 81' lang='lat' dir='ltr'>voluit,</span> <span class='ocrx_word' id='word_1_473' title='bbox 1161 1875 1195 1902; x_wconf 92' lang='lat' dir='ltr'>ut</span> <span class='ocrx_word' id='word_1_474' title='bbox 1216 1868 1247 1901; x_wconf 95' lang='lat' dir='ltr'>in</span> <span class='ocrx_word' id='word_1_475' title='bbox 1268 1878 1405 1901; x_wconf 88' lang='lat' dir='ltr'>numero</span> <span class='ocrx_word' id='word_1_476' title='bbox 1435 1878 1473 1900; x_wconf 90' lang='lat' dir='ltr'>eo</span> <span class='ocrx_word' id='word_1_477' title='bbox 1504 1866 1693 1905; x_wconf 81' lang='lat' dir='ltr'>iuventutis,</span> <span class='ocrx_word' id='word_1_478' title='bbox 1715 1865 1770 1909; x_wconf 86' lang='lat' dir='ltr'>qui</span> 
     </span>
     <span class='ocr_line' id='line_1_88' title="bbox 1024 1920 1772 1966; baseline -0.007 -10"><span class='ocrx_word' id='word_1_479' title='bbox 1024 1924 1055 1956; x_wconf 92' lang='lat' dir='ltr'>in</span> <span class='ocrx_word' id='word_1_480' title='bbox 1070 1934 1105 1956; x_wconf 87' lang='lat' dir='ltr'>ea</span> <span class='ocrx_word' id='word_1_481' title='bbox 1120 1923 1218 1955; x_wconf 88' lang='lat' dir='ltr'>domo</span> <span class='ocrx_word' id='word_1_482' title='bbox 1232 1922 1272 1955; x_wconf 90' lang='lat' dir='ltr'>ali</span> <span class='ocrx_word' id='word_1_483' title='bbox 1286 1926 1428 1966; x_wconf 79' lang='lat' dir='ltr'>possent,</span> <span class='ocrx_word' id='word_1_484' title='bbox 1452 1920 1564 1961; x_wconf 72' lang='lat' dir='ltr'>viginti</span> <span class='ocrx_word' id='word_1_485' title='bbox 1585 1920 1772 1952; x_wconf 84' lang='lat' dir='ltr'>adolescen-</span> 
     </span>
     <span class='ocr_line' id='line_1_89' title="bbox 1024 1972 1768 2020; baseline -0.008 -10"><span class='ocrx_word' id='word_1_486' title='bbox 1024 1984 1070 2011; x_wconf 85' lang='lat' dir='ltr'>tes</span> <span class='ocrx_word' id='word_1_487' title='bbox 1090 1972 1318 2020; x_wconf 76' lang='lat' dir='ltr'>undecumque</span> <span class='ocrx_word' id='word_1_488' title='bbox 1350 1975 1559 2008; x_wconf 84' lang='lat' dir='ltr'>adventantes</span> <span class='ocrx_word' id='word_1_489' title='bbox 1587 1973 1768 2008; x_wconf 81' lang='lat' dir='ltr'>collocare,</span> 
     </span>
     <span class='ocr_line' id='line_1_90' title="bbox 1025 2026 1773 2074; baseline -0.008 -10"><span class='ocrx_word' id='word_1_490' title='bbox 1025 2037 1056 2064; x_wconf 88' lang='lat' dir='ltr'>et.</span> <span class='ocrx_word' id='word_1_491' title='bbox 1075 2041 1140 2063; x_wconf 89' lang='lat' dir='ltr'>una</span> <span class='ocrx_word' id='word_1_492' title='bbox 1161 2040 1233 2063; x_wconf 90' lang='lat' dir='ltr'>cum</span> <span class='ocrx_word' id='word_1_493' title='bbox 1256 2029 1356 2074; x_wconf 83' lang='lat' dir='ltr'>ipsius</span> <span class='ocrx_word' id='word_1_494' title='bbox 1376 2028 1505 2071; x_wconf 79' lang='lat' dir='ltr'>Georgii</span> <span class='ocrx_word' id='word_1_495' title='bbox 1529 2027 1666 2060; x_wconf 88' lang='lat' dir='ltr'>subditis</span> <span class='ocrx_word' id='word_1_496' title='bbox 1686 2026 1773 2059; x_wconf 87' lang='lat' dir='ltr'>alere</span> 
     </span>
     <span class='ocr_line' id='line_1_91' title="bbox 1025 2079 1772 2129; baseline -0.009 -10"><span class='ocrx_word' id='word_1_497' title='bbox 1025 2090 1165 2129; x_wconf 85' lang='lat' dir='ltr'>possent,</span> <span class='ocrx_word' id='word_1_498' title='bbox 1180 2089 1215 2116; x_wconf 86' lang='lat' dir='ltr'>ut</span> <span class='ocrx_word' id='word_1_499' title='bbox 1232 2082 1427 2116; x_wconf 86' lang='lat' dir='ltr'>beneficium</span> <span class='ocrx_word' id='word_1_500' title='bbox 1448 2082 1525 2121; x_wconf 86' lang='lat' dir='ltr'>hoc,</span> <span class='ocrx_word' id='word_1_501' title='bbox 1549 2085 1677 2124; x_wconf 87' lang='lat' dir='ltr'>praeter</span> <span class='ocrx_word' id='word_1_502' title='bbox 1696 2079 1772 2112; x_wconf 90' lang='lat' dir='ltr'>sub-</span> 
     </span>
     <span class='ocr_line' id='line_1_92' title="bbox 1027 2134 1770 2179; baseline -0.008 -7"><span class='ocrx_word' id='word_1_503' title='bbox 1027 2139 1110 2173; x_wconf 89' lang='lat' dir='ltr'>ditos</span> <span class='ocrx_word' id='word_1_504' title='bbox 1126 2148 1212 2179; x_wconf 81' lang='lat' dir='ltr'>suos,</span> <span class='ocrx_word' id='word_1_505' title='bbox 1236 2137 1332 2171; x_wconf 87' lang='lat' dir='ltr'>etiam</span> <span class='ocrx_word' id='word_1_506' title='bbox 1355 2137 1395 2170; x_wconf 89' lang='lat' dir='ltr'>ad</span> <span class='ocrx_word' id='word_1_507' title='bbox 1412 2141 1560 2169; x_wconf 80' lang='lat' dir='ltr'>externos</span> <span class='ocrx_word' id='word_1_508' title='bbox 1581 2134 1770 2168; x_wconf 82' lang='lat' dir='ltr'>extendere-</span> 
     </span>
     <span class='ocr_line' id='line_1_93' title="bbox 1029 2189 1775 2232; baseline -0.009 -6"><span class='ocrx_word' id='word_1_509' title='bbox 1029 2199 1096 2230; x_wconf 72' lang='lat' dir='ltr'>tur3</span> <span class='ocrx_word' id='word_1_510' title='bbox 1119 2191 1257 2225; x_wconf 81' lang='lat' dir='ltr'>decrevit</span> <span class='ocrx_word' id='word_1_511' title='bbox 1280 2191 1403 2231; x_wconf 76' lang='lat' dir='ltr'>itidem,</span> <span class='ocrx_word' id='word_1_512' title='bbox 1418 2200 1458 2222; x_wconf 89' lang='lat' dir='ltr'>ne</span> <span class='ocrx_word' id='word_1_513' title='bbox 1478 2189 1563 2222; x_wconf 91' lang='lat' dir='ltr'>ullus</span> <span class='ocrx_word' id='word_1_514' title='bbox 1582 2192 1775 2232; x_wconf 88' lang='lat' dir='ltr'>praeceptor</span> 
     </span>
     <span class='ocr_line' id='line_1_94' title="bbox 1028 2240 1771 2285; baseline -0.009 -6"><span class='ocrx_word' id='word_1_515' title='bbox 1028 2246 1286 2279; x_wconf 86' lang='lat' dir='ltr'>ludimoderator</span> <span class='ocrx_word' id='word_1_516' title='bbox 1306 2244 1371 2277; x_wconf 85' lang='lat' dir='ltr'>sive</span> <span class='ocrx_word' id='word_1_517' title='bbox 1392 2243 1545 2285; x_wconf 74' lang='lat' dir='ltr'>magister</span> <span class='ocrx_word' id='word_1_518' title='bbox 1557 2240 1706 2285; x_wconf 88' lang='lat' dir='ltr'>utpiam¹</span> <span class='ocrx_word' id='word_1_519' title='bbox 1722 2241 1771 2273; x_wconf 90' lang='lat' dir='ltr'>lo-</span> 
     </span>
     <span class='ocr_line' id='line_1_95' title="bbox 1029 2294 1777 2334; baseline -0.009 0"><span class='ocrx_word' id='word_1_520' title='bbox 1029 2311 1140 2334; x_wconf 88' lang='lat' dir='ltr'>corum</span> <span class='ocrx_word' id='word_1_521' title='bbox 1163 2300 1195 2332; x_wconf 90' lang='lat' dir='ltr'>in</span> <span class='ocrx_word' id='word_1_522' title='bbox 1217 2299 1368 2332; x_wconf 82' lang='lat' dir='ltr'>omnibus</span> <span class='ocrx_word' id='word_1_523' title='bbox 1388 2297 1453 2331; x_wconf 88' lang='lat' dir='ltr'>suis</span> <span class='ocrx_word' id='word_1_524' title='bbox 1474 2295 1650 2329; x_wconf 87' lang='lat' dir='ltr'>ditionibus</span> <span class='ocrx_word' id='word_1_525' title='bbox 1667 2294 1777 2328; x_wconf 89' lang='lat' dir='ltr'>iuven-</span> 
     </span>
     <span class='ocr_line' id='line_1_96' title="bbox 1031 2348 1775 2396; baseline -0.009 -9"><span class='ocrx_word' id='word_1_526' title='bbox 1031 2359 1130 2387; x_wconf 86' lang='lat' dir='ltr'>tutem</span> <span class='ocrx_word' id='word_1_527' title='bbox 1156 2354 1272 2386; x_wconf 84' lang='lat' dir='ltr'>docere</span> <span class='ocrx_word' id='word_1_528' title='bbox 1292 2355 1536 2396; x_wconf 75' lang='lat' dir='ltr'>praesumeret,</span> <span class='ocrx_word' id='word_1_529' title='bbox 1560 2348 1620 2381; x_wconf 77' lang='lat' dir='ltr'>nisi</span> <span class='ocrx_word' id='word_1_530' title='bbox 1650 2348 1740 2392; x_wconf 87' lang='lat' dir='ltr'>prius</span> <span class='ocrx_word' id='word_1_531' title='bbox 1761 2359 1775 2381; x_wconf 88' lang='lat' dir='ltr'>a</span> 
     </span>
     <span class='ocr_line' id='line_1_97' title="bbox 1033 2402 1778 2447; baseline -0.008 -7"><span class='ocrx_word' id='word_1_532' title='bbox 1033 2413 1157 2441; x_wconf 81' lang='lat' dir='ltr'>rectore</span> <span class='ocrx_word' id='word_1_533' title='bbox 1189 2406 1265 2439; x_wconf 82' lang='lat' dir='ltr'>dicti</span> <span class='ocrx_word' id='word_1_534' title='bbox 1297 2404 1445 2447; x_wconf 70' lang='lat' dir='ltr'>collegii,</span> <span class='ocrx_word' id='word_1_535' title='bbox 1475 2404 1523 2436; x_wconf 84' lang='lat' dir='ltr'>vel</span> <span class='ocrx_word' id='word_1_536' title='bbox 1555 2403 1594 2435; x_wconf 85' lang='lat' dir='ltr'>ab</span> <span class='ocrx_word' id='word_1_537' title='bbox 1626 2402 1663 2435; x_wconf 86' lang='lat' dir='ltr'>iis</span> <span class='ocrx_word' id='word_1_538' title='bbox 1697 2411 1778 2445; x_wconf 89' lang='lat' dir='ltr'>quos</span> 
     </span>
     <span class='ocr_line' id='line_1_98' title="bbox 1034 2456 1777 2499; baseline -0.008 -5"><span class='ocrx_word' id='word_1_539' title='bbox 1034 2462 1117 2494; x_wconf 73' lang='lat' dir='ltr'>idem</span> <span class='ocrx_word' id='word_1_540' title='bbox 1141 2465 1246 2493; x_wconf 82' lang='lat' dir='ltr'>rector</span> <span class='ocrx_word' id='word_1_541' title='bbox 1265 2457 1487 2497; x_wconf 83' lang='lat' dir='ltr'>ordinavisset,</span> <span class='ocrx_word' id='word_1_542' title='bbox 1512 2457 1551 2490; x_wconf 88' lang='lat' dir='ltr'>de</span> <span class='ocrx_word' id='word_1_543' title='bbox 1570 2456 1728 2499; x_wconf 84' lang='lat' dir='ltr'>religione</span> <span class='ocrx_word' id='word_1_544' title='bbox 1749 2461 1777 2489; x_wconf 90' lang='lat' dir='ltr'>et</span> 
     </span>
     <span class='ocr_line' id='line_1_99' title="bbox 1033 2509 1775 2553; baseline -0.008 -6"><span class='ocrx_word' id='word_1_545' title='bbox 1033 2514 1094 2547; x_wconf 87' lang='lat' dir='ltr'>vita</span> <span class='ocrx_word' id='word_1_546' title='bbox 1116 2513 1326 2553; x_wconf 81' lang='lat' dir='ltr'>examinatus,</span> <span class='ocrx_word' id='word_1_547' title='bbox 1350 2510 1486 2544; x_wconf 80' lang='lat' dir='ltr'>idoneus</span> <span class='ocrx_word' id='word_1_548' title='bbox 1505 2509 1663 2543; x_wconf 83' lang='lat' dir='ltr'>iudicatus</span> <span class='ocrx_word' id='word_1_549' title='bbox 1683 2509 1775 2546; x_wconf 77' lang='lat' dir='ltr'>foret,</span> 
     </span>
     <span class='ocr_line' id='line_1_100' title="bbox 1036 2563 1776 2611; baseline -0.005 -12"><span class='ocrx_word' id='word_1_550' title='bbox 1036 2580 1069 2599; x_wconf 51' lang='lat' dir='ltr'>at*</span> <span class='ocrx_word' id='word_1_551' title='bbox 1100 2567 1335 2611; x_wconf 78' lang='lat' dir='ltr'>professionem</span> <span class='ocrx_word' id='word_1_552' title='bbox 1368 2565 1443 2598; x_wconf 78' lang='lat' dir='ltr'>fidei</span> <span class='ocrx_word' id='word_1_553' title='bbox 1476 2565 1509 2597; x_wconf 93' lang='lat' dir='ltr'>in</span> <span class='ocrx_word' id='word_1_554' title='bbox 1537 2563 1699 2598; x_wconf 87' lang='lat' dir='ltr'>Ordinarii</span> <span class='ocrx_word' id='word_1_555' title='bbox 1730 2563 1776 2596; x_wconf 86' lang='lat' dir='ltr'>vel</span> 
     </span>
    </p>
   </div>
   <div class='ocr_carea' id='block_1_14' title="bbox 1077 2624 1742 2664">
    <p class='ocr_par' dir='ltr' id='par_1_17' title="bbox 1077 2624 1742 2664">
     <span class='ocr_line' id='line_1_101' title="bbox 1077 2624 1742 2664; baseline -0.009 -7"><span class='ocrx_word' id='word_1_556' title='bbox 1077 2633 1081 2657; x_wconf 91' lang='lat' dir='ltr'>t</span> <span class='ocrx_word' id='word_1_557' title='bbox 1103 2630 1225 2657; x_wconf 74' lang='lat' dir='ltr'>Fortasse</span> <span class='ocrx_word' id='word_1_558' title='bbox 1242 2628 1295 2664; x_wconf 86' lang='lat' dir='ltr'>legi</span> <span class='ocrx_word' id='word_1_559' title='bbox 1310 2628 1392 2655; x_wconf 82' lang='lat' dir='ltr'>debet</span> <span class='ocrx_word' id='word_1_560' title='bbox 1408 2627 1532 2663; x_wconf 76' lang='lat' dir='ltr'>uspiam.</span> <span class='ocrx_word' id='word_1_561' title='bbox 1654 2626 1693 2661; x_wconf 70' lang='grc' dir='ltr'>(Β.</span> <span class='ocrx_word' id='word_1_562' title='bbox 1705 2624 1742 2659; x_wconf 83' lang='grc' dir='ltr'>τ.)</span> 
     </span>
    </p>
   </div>
   <div class='ocr_carea' id='block_1_15' title="bbox 1654 201 1949 237">
    <p class='ocr_par' dir='ltr' id='par_1_18' title="bbox 1654 201 1949 237">
     <span class='ocr_line' id='line_1_102' title="bbox 1654 201 1949 237; baseline -0.003 0"><span class='ocrx_word' id='word_1_563' title='bbox 1654 201 1718 234; x_wconf 81' lang='grc'>155</span> <span class='ocrx_word' id='word_1_564' title='bbox 1766 210 1815 237; x_wconf 80' lang='lat' dir='ltr'>An.</span> <span class='ocrx_word' id='word_1_565' title='bbox 1833 211 1861 237; x_wconf 82' lang='lat' dir='ltr'>c.</span> <span class='ocrx_word' id='word_1_566' title='bbox 1882 209 1949 237; x_wconf 78' lang='lat'>1594</span> 
     </span>
    </p>
   </div>
   <div class='ocr_carea' id='block_1_16' title="bbox 1768 698 1956 910">
    <p class='ocr_par' dir='ltr' id='par_1_19' title="bbox 1768 698 1956 910">
     <span class='ocr_line' id='line_1_103' title="bbox 1808 698 1954 722; baseline -0.021 -4"><span class='ocrx_word' id='word_1_567' title='bbox 1808 698 1896 718; x_wconf 81' lang='lat' dir='ltr'>Domum</span> <span class='ocrx_word' id='word_1_568' title='bbox 1916 702 1954 722; x_wconf 77' lang='lat' dir='ltr'>pro</span> 
     </span>
     <span class='ocr_line' id='line_1_104' title="bbox 1768 723 1954 750; baseline -0.011 -5"><span class='ocrx_word' id='word_1_569' title='bbox 1768 725 1840 750; x_wconf 75' lang='lat' dir='ltr'>pueris</span> <span class='ocrx_word' id='word_1_570' title='bbox 1872 723 1954 745; x_wconf 77' lang='lat' dir='ltr'>alendis</span> 
     </span>
     <span class='ocr_line' id='line_1_105' title="bbox 1768 751 1954 776; baseline 0 -5"><span class='ocrx_word' id='word_1_571' title='bbox 1768 751 1819 771; x_wconf 82' lang='lat' dir='ltr'>inibi</span> <span class='ocrx_word' id='word_1_572' title='bbox 1836 751 1908 776; x_wconf 54' lang='grc' dir='ltr'>σῆψις</span> <span class='ocrx_word' id='word_1_573' title='bbox 1919 756 1954 771; x_wconf 85' lang='lat' dir='ltr'>cu-</span> 
     </span>
     <span class='ocr_line' id='line_1_106' title="bbox 1768 777 1955 798; baseline -0.005 0"><span class='ocrx_word' id='word_1_574' title='bbox 1768 778 1800 798; x_wconf 83' lang='lat' dir='ltr'>ius</span> <span class='ocrx_word' id='word_1_575' title='bbox 1812 783 1883 798; x_wconf 77' lang='lat' dir='ltr'>curam</span> <span class='ocrx_word' id='word_1_576' title='bbox 1893 777 1955 798; x_wconf 75' lang='lat' dir='ltr'>collo-</span> 
     </span>
     <span class='ocr_line' id='line_1_107' title="bbox 1769 804 1955 829; baseline 0 -5"><span class='ocrx_word' id='word_1_577' title='bbox 1769 805 1797 829; x_wconf 62' lang='lat' dir='ltr'>·,rii</span> <span class='ocrx_word' id='word_1_578' title='bbox 1810 804 1887 824; x_wconf 78' lang='lat' dir='ltr'>rectori</span> <span class='ocrx_word' id='word_1_579' title='bbox 1900 809 1955 824; x_wconf 85' lang='lat' dir='ltr'>com·</span> 
     </span>
     <span class='ocr_line' id='line_1_108' title="bbox 1770 830 1956 854; baseline -0.011 -3"><span class='ocrx_word' id='word_1_580' title='bbox 1770 832 1845 854; x_wconf 79' lang='lat' dir='ltr'>mittit,</span> <span class='ocrx_word' id='word_1_581' title='bbox 1866 830 1956 851; x_wconf 68' lang='lat' dir='ltr'>seriatis</span> 
     </span>
     <span class='ocr_line' id='line_1_109' title="bbox 1770 857 1956 882; baseline -0.011 -4"><span class='ocrx_word' id='word_1_582' title='bbox 1770 860 1840 878; x_wconf 82' lang='lat' dir='ltr'>tamen</span> <span class='ocrx_word' id='word_1_583' title='bbox 1874 857 1956 882; x_wconf 77' lang='lat' dir='ltr'>legibus</span> 
     </span>
     <span class='ocr_line' id='line_1_110' title="bbox 1771 884 1934 910; baseline -0.012 -5"><span class='ocrx_word' id='word_1_584' title='bbox 1771 885 1805 905; x_wconf 80' lang='lat' dir='ltr'>hie</span> <span class='ocrx_word' id='word_1_585' title='bbox 1822 884 1934 910; x_wconf 78' lang='lat' dir='ltr'>expressis.</span> 
     </span>
    </p>
   </div>
  </div>
 </body>
</html>
