2253 3195
812 232 909 256 tNtiEx
936 231 1064 255 tttBttttLt
1072 231 1132 254 tuat

214 290 273 325 CV.
298 291 460 325 Institutio
486 292 665 325 festivitatis
686 292 787 326 sancti
812 292 958 326 Stanislai

303 345 447 389 episcopi
484 351 515 379 et
548 345 697 390 martyris
729 356 787 389 pro
828 346 879 379 die
915 357 958 379 vu

303 399 421 432 mensis
457 399 555 440 maii,
588 398 708 442 duplici
741 399 836 432 officii
871 400 955 432 cele-

304 453 458 493 brandae,
483 452 557 486 200.

321 505 482 539 Institutio
514 506 691 540 festivitatis
723 506 752 540 S.
789 506 958 540 Romualdi

303 559 438 600 abbatis,
460 559 589 593 Ordinis
609 559 862 593 Camaldulensis
882 560 956 592 fun-

302 613 434 652 datoris,
452 613 503 645 die
521 623 565 646 vn
584 612 701 645 mensis
723 613 887 652 februarii,
903 613 960 645 du-

302 666 376 710 plici
400 666 461 699 ritu
484 666 522 699 de
543 666 710 699 communi
738 666 957 699 confessorum

302 720 528 760 celebrandae,
552 719 627 752 0201.

214 773 304 807 CVII.
328 772 482 807 Offieinae
502 783 614 806 omnes
635 772 833 805 monetariae
853 772 959 806 Status

302 827 528 867 Ecclesiastici,
553 827 699 860 Romana
717 832 859 871 excepta,
877 837 955 870 sup-

304 880 502 924 primuntur,
524 879 599 913 202.

214 933 321 967 CVIII.
345 934 553 967 Confirmatio
574 933 807 966 nonnullorum
828 933 958 977 privile-

303 987 429 1030 giorum
448 998 534 1020 nunc
548 992 577 1020 et
592 997 651 1031 pro
664 992 809 1030 tempore
823 986 960 1020 exiSten-

305 1041 385 1074 tium
403 1040 633 1084 Inquisitorum
651 1050 825 1082 regnorum
839 1040 956 1073 Portu-

304 1094 431 1137 galliae‚
455 1093 530 1126 ⁹204.

215 1148 294 1183 CIX.
318 1149 361 1181 De
391 1148 547 1181 electione
579 1147 798 1191 praelatorum
824 1147 959 1179 fratrum

303 1202 400 1235 Tertii
421 1201 548 1235 Ordinis
568 1202 599 1235 S.
623 1201 766 1234 Fancisci
785 1201 824 1233 de
844 1201 959 1234 Poeni-

305 1256 403 1290 tentia
423 1256 456 1289 in
477 1256 655 1296 communi,
670 1256 728 1288 sub
751 1255 848 1288 trium
869 1261 959 1288 voto-

304 1320 377 1343 rum
398 1309 658 1343 substantialium
680 1308 892 1353 professione,
910 1309 957 1341 vi-

304 1362 459 1403 ventium,
488 1362 562 1395 206.

216 1416 276 1451 CX.
300 1416 507 1450 Confirmatio
528 1415 624 1449 edicti
655 1415 823 1458 vicelegati
855 1416 960 1449 Bono-

304 1470 426 1503 niensis
457 1480 553 1513 super
584 1469 792 1513 qualitatibus
819 1469 962 1515 notario-

305 1534 377 1557 rum
397 1523 542 1557 eiusdem
565 1523 711 1563 civitatis,
735 1522 810 1556 ⁶207.

215 1578 290 1612 CXI.
315 1577 478 1611 Indultum
499 1588 515 1609 a
537 1577 622 1610 Sixto
643 1578 729 1620 Papa
748 1577 785 1610 IV
805 1576 961 1610 scholari-

304 1631 365 1664 bus
391 1629 576 1663 monasterii
601 1630 735 1663 Echal
759 1640 959 1671 concessum,

305 1685 423 1728 gradus
450 1684 659 1727 laureamque
685 1683 905 1727 consequendi
930 1684 962 1716 in

305 1737 450 1782 qualibet
468 1737 697 1781 Hispaniarum
728 1736 940 1770 Universitate
952 1764 959 1778 ,

305 1790 509 1834 restringitur
538 1791 578 1823 ad
611 1796 684 1824 octo
715 1791 879 1824 scholares
903 1801 962 1834 pro

305 1845 453 1889 quolibet
473 1855 570 1878 eursu
589 1844 794 1884 scholastico,
819 1842 893 1877 210.

218 1899 307 1934 CXII.
331 1898 501 1932 Instructio
521 1909 618 1942 super
638 1897 753 1931 ritibus
772 1898 964 1932 Italo-Grae-

310 1963 435 1992 corum,
459 1952 535 1985 0211.

218 2006 322 2041 CXIII.
355 2006 501 2039 Facultas
532 2005 798 2039 reformatoribus
830 2005 965 2039 civitatis

307 2059 520 2093 Bononiensis
541 2059 710 2102 vectigalia
729 2060 886 2092 nonnulla
907 2071 964 2093 au-

307 2112 415 2155 gendi,
427 2118 457 2146 et
469 2123 552 2145 nova
565 2111 964 2156 aliquainiponendiAEIS.

219 2166 325 2202 CXIV.
350 2166 507 2200 Subsidiis
532 2166 828 2210 quinquennalibus
852 2172 962 2200 scuto-

308 2230 379 2253 rum
401 2220 511 2253 decem
534 2219 672 2252 millium
697 2220 810 2254 Carolo
830 2220 962 2254 Emma-

307 2272 395 2306 nueli
415 2283 433 2306 a
453 2272 541 2306 Sixto
562 2273 618 2306 PP.
637 2273 661 2306 V
682 2274 843 2308 concessis
868 2285 966 2318 super

308 2326 464 2360 fructibus
489 2327 699 2361 ecclesiarum
728 2333 759 2360 et
788 2327 965 2361 beneficio-

307 2391 380 2414 rum
419 2381 553 2415 ducatus
587 2381 767 2415 Sabaudiae
799 2387 830 2415 et
860 2382 963 2416 Pede--

309 2435 427 2469 mo‘ntis
461 2445 521 2479 pro
558 2435 744 2469 defensione
776 2436 965 2469 earumdem

308 2489 516 2524 ecclesiarum
534 2494 648 2523 contra
676 2489 799 2524 vicinos
829 2489 967 2523 haereti-

309 2554 374 2584 008,
398 2543 528 2577 additur
548 2543 635 2576 aliud
660 2543 839 2577 subsidium
866 2543 962 2587 quin-

309 2607 372 2641 que
393 2596 530 2630 millium
555 2602 721 2631 scutorum
749 2597 834 2632 intra
862 2596 963 2631 trien-

308 2650 399 2684 nium
417 2650 623 2695 engendum,
646 2650 721 2685 2116.

214 505 287 539 CVI.

1647 218 1711 251 939

994 292 1083 325 CXV.
1112 291 1271 325 Institutio
1297 290 1485 324 monasterii
1522 300 1577 322 seu
1609 290 1735 329 domus,

1082 345 1207 387 Refugii
1239 349 1454 388 nuncupatae,
1475 343 1508 376 in
1536 343 1621 376 alma
1641 343 1736 383 Urbe,

1083 399 1243 441 virginum
1270 398 1545 441 honestarumque
1571 397 1739 429 viduarum

1084 452 1286 491 educatione,
1303 457 1334 484 et
1354 452 1489 484 aliarum
1513 451 1686 484 mulierum
1701 452 1740 484 ad

1084 507 1251 539 honestam
1285 505 1381 538 vitam
1414 516 1447 538 se
1480 504 1738 538 convertentium

1083 559 1295 603 probatione;
1330 569 1402 591 cum
1429 558 1563 591 subsidii
1591 557 1737 600 assigna-

1085 613 1190 653 tione,
1216 612 1396 656 iudicisque
1427 611 1575 655 specialis
1605 611 1740 654 deputa-

1085 666 1171 699 tione
1186 694 1193 706 ,
1218 667 1257 699 ad
1283 666 1427 699 eiusdem
1449 665 1636 698 monasterii
1657 664 1741 697 eius-

1084 730 1146 763 que
1170 730 1382 763 personarum
1405 725 1435 752 et
1455 719 1642 752 officialium
1669 719 1740 752 lites

1084 772 1320 813 diiudicandas,
1344 771 1419 805 219.

1128 827 1279 870 Sequitur
1311 826 1491 859 iurisdictio
1523 826 1637 859 Iudicis
1665 826 1739 859 dicti

995 932 1099 966 CXVI.
1122 933 1292 966 Concessio
1314 943 1596 976 quorumcumque
1614 932 1742 976 privile-

1084 986 1209 1027 giorum
1225 990 1256 1018 et
1270 985 1444 1028 gratiarum
1460 985 1658 1018 universitati
1671 986 1742 1019 Stu-

1085 1039 1127 1072 dii
1149 1039 1307 1081 generalis
1325 1039 1564 1079 Mexicanensis,
1593 1038 1667 1071 2225.

995 1092 1116 1127 CXYII.
1138 1093 1336 1137 Approbatio
1348 1099 1378 1126 et
1391 1103 1474 1126 nova
1491 1093 1650 1126 institutio
1662 1093 1742 1126 Con-

1084 1147 1281 1190 gregationis
1302 1148 1499 1181 Clericorum
1525 1147 1740 1180 saecularium

1085 1201 1117 1233 in
1150 1201 1315 1234 communi
1349 1201 1536 1242 wlventium,
1563 1201 1621 1233 sul]
1647 1200 1740 1233 invo-

1085 1254 1210 1287 catione
1231 1256 1347 1287 Bcatae
1378 1255 1512 1295 Mariae,
1548 1254 1670 1287 dudum
1703 1254 1742 1287 ab

1084 1308 1266 1341 Alexandro
1298 1307 1450 1351 episcopo
1482 1308 1610 1340 Lucano
1642 1307 1674 1339 in
1707 1318 1744 1340 ea

1086 1362 1211 1395 civitate
1252 1367 1399 1403 erectae,
1435 1372 1508 1395 cum
1542 1361 1742 1395 indultorum

1087 1416 1306 1456 concessione,
1321 1421 1351 1449 et
1371 1416 1521 1449 facultate
1542 1415 1604 1449 alia
1624 1415 1744 1458 ubique

1086 1471 1156 1503 loca
1173 1470 1362 1514 recipiendi,
1384 1469 1459 1503 0227.

1129 1523 1281 1567 Sequitur
1298 1523 1430 1557 facultas
1451 1523 1513 1556 alia
1531 1523 1651 1567 ubique
1672 1524 1742 1557 loca

1086 1576 1277 1620 recipiendi,
1301 1576 1376 1609 220.

998 1629 1132 1664 CXVIII.
1157 1629 1356 1673 Approhatio
1371 1630 1484 1663 indicis
1499 1629 1654 1662 librorum
1669 1640 1744 1673 pro—

1086 1682 1264 1716 hibitorum
1291 1693 1308 1715 a
1330 1682 1385 1716 Pio
1406 1684 1443 1716 lv
1473 1683 1536 1715 iam
1562 1682 1743 1715 confirmati

1087 1742 1118 1770 et
1138 1747 1242 1780 nuper
1261 1736 1414 1780 suppleti,
1437 1742 1468 1769 et
1490 1737 1621 1769 facultas
1641 1736 1745 1769 cardi-

1086 1790 1208 1823 nalium
1230 1790 1489 1833 congregationis
1514 1800 1610 1834 super
1638 1790 1744 1823 indice

1087 1844 1258 1878 decidendi
1271 1845 1368 1878 dubia
1382 1845 1521 1888 desuper
1531 1844 1740 1886 emergentia,

1088 1909 1161 1932 cum
1193 1898 1400 1931 innovatione
1433 1898 1570 1931 aliorum
1603 1897 1744 1930 indulto-

1087 1963 1159 1985 rum
1186 1952 1230 1985 cis
1251 1951 1518 1996 competentium,
1542 1950 1616 1984 02:30.

999 2006 1107 2040 CXIX.
1143 2006 1333 2039 Commissio
1365 2005 1485 2038 nuncio
1517 2004 1743 2048 Hispaniarum

1088 2066 1123 2093 ut
1136 2060 1161 2093 si
1176 2060 1383 2093 concordiam
1402 2060 1486 2092 inter
1506 2069 1614 2101 regem
1637 2058 1746 2091 catho-

1089 2114 1187 2147 licum
1213 2125 1249 2147 ac
1278 2113 1558 2157 archiepiscopum
1584 2117 1614 2145 et
1642 2112 1744 2145 eccle-

1088 2167 1232 2201 siasticos
1254 2167 1390 2200 civitatis
1408 2173 1439 2200 et
1457 2166 1614 2199 dioecesis
1632 2166 1745 2200 Caesa-

1090 2221 1353 2264 raugustanensis
1385 2220 1497 2253 initam
1518 2230 1614 2263 super
1634 2218 1747 2262 primi-

1090 2275 1141 2308 tiis
1155 2280 1184 2307 et
1202 2274 1495 2318 dcciiiiis,[qtia1'tim
1517 2272 1743 2313 excrescentia,

1090 2328 1131 2361 ob
1167 2327 1389 2369 irrigationem
1422 2325 1565 2359 fluminis
1596 2336 1614 2358 a
1641 2326 1747 2359 clarae

1090 2381 1268 2414 memoriae
1299 2380 1412 2413 Carolo
1433 2380 1456 2412 V
1477 2380 1673 2424 imperatore
1695 2380 1743 2412 fa-

1090 2440 1185 2474 ctam,
1200 2434 1304 2467 eidem
1319 2434 1386 2475 regi
1402 2444 1438 2467 ex
1452 2433 1661 2467 concessione
1675 2444 1748 2477 apo-

1090 2487 1203 2521 stolica
1224 2487 1370 2527 debetur,
1384 2487 1488 2520 eidem
1504 2486 1747 2531 archiepiscopo

1089 2547 1120 2575 et
1151 2540 1374 2574 ecclesiasticis
1408 2541 1520 2574 utilem
1554 2551 1621 2574 esse
1653 2551 1744 2574 com-

1089 2594 1231 2639 pererit,
1256 2594 1432 2639 apostolica
1452 2594 1644 2629 auctoritate
1665 2604 1744 2628 con-

1091 2648 1209 2691 firmet,
1234 2647 1309 2682 233.
