2253 3195
219 208 268 234 Aa.
286 208 316 235 c.
334 207 404 236 1596
449 196 513 232 308

246 636 324 657 Novam
343 636 404 657 abso-

221 664 321 693 lutionum
329 664 403 689 impar-

220 693 270 710 titus
285 694 323 711 cst.

233 1959 327 1978 tmuneu
334 1960 403 1979 lamen

293 1986 403 2005 uirtute-vlt

219 2011 267 2031 lide·
283 2012 403 2032 manaurae

219 2038 377 2064 pruseuwncui.

417 256 583 300 processit,
606 255 771 288 irritamus
795 259 827 286 et
857 254 1084 293 annullamus·,
1106 263 1163 286 vo-

417 309 518 342 lentes
542 314 651 341 tamen
678 313 713 339 ut
736 311 825 339 actus
852 305 1020 347 religionis
1040 304 1162 349 alioqui

418 361 567 394 catholici
585 366 614 393 et
636 359 879 403 appmbabsses,
901 358 933 391 in
956 368 1160 401 consequen—

419 414 495 446 tiam
517 413 659 446 eiusdem
683 411 895 445 absolutionis
915 411 990 444 sacti
1008 411 1081 455 (qui
1101 411 1163 444 nisi

419 467 566 499 absoluto
587 471 616 498 et
636 465 676 498 ab
689 465 838 498 absoluto
851 464 921 498 fieri
934 464 1163 508 nequiverunt)

419 519 527 559 validi,
550 518 611 551 rati
632 524 663 551 et
682 517 769 550 lirini
789 517 864 558 sint,
886 517 1023 561 perinde
1043 528 1080 551 ac
1100 517 1126 550 si
1146 528 1165 551 a

419 572 512 605 nobis
537 578 614 605 tunc
641 572 807 605 absolutus
838 572 961 605 fuisses.
985 572 1022 605 Et
1048 571 1164 605 deinde

419 625 620 658 decrevimus
637 630 667 658 et
684 625 917 671 declaravimus
930 630 961 658 te
974 625 1042 657 fore
1055 629 1087 657 et
1097 634 1165 657 esse

419 689 437 712 a
457 679 622 722 quibusvis
641 678 773 711 maioris
797 678 1140 711 excommunicationis
1154 705 1162 718 ,

419 731 554 774 aliisque
574 730 753 771 sententiis,
770 730 915 764 censuris
935 736 966 763 et
984 731 1099 774 poenis
1111 741 1164 764 ec-

419 785 616 825 clesiasticis,
640 795 719 828 quas
737 784 997 828 quibuscumque
1016 784 1162 817 haeresi—

418 839 478 871 bus
504 838 734 879 adhaerendo,
769 844 800 871 et
831 848 1056 882 quaecumque
1082 837 1165 870 sacta

418 891 626 924 haereticalia
661 890 906 931 committendo,
938 890 1162 934 seu-permit-

419 945 528 985 tendo,
545 950 600 978 aut
619 944 750 978 illorum
771 944 941 978 occasione
961 943 1166 988 quomodoli->

418 998 473 1032 bet
492 998 693 1037 incurreras,
717 1003 748 1031 et
764 997 796 1030 in
814 1008 894 1041 quas
913 1008 971 1041 per
989 997 1090 1030 felicis
1113 1007 1165 1030 re-

419 1051 627 1092 cordationis,
650 1051 773 1085 Sixtum
793 1051 879 1095 Papa
898 1051 923 1083 V
939 1051 1166 1094 praedecesso-

419 1116 486 1139 rem
508 1111 655 1139 nostrum
676 1105 876 1149 praedictum
898 1105 970 1149 (per
993 1105 1062 1138 eius
1080 1105 1166 1138 litte-

422 1169 473 1192 ras
500 1159 590 1192 datas
616 1169 635 1191 v
660 1158 731 1191 idus
762 1158 956 1202 septembris
984 1168 1069 1191 anno
1097 1158 1162 1191 Do-

420 1212 500 1245 mini
527 1222 677 1246 iiianxxv
692 1239 699 1252 ,
722 1211 930 1256 pontificatus
950 1211 998 1244 sui
1024 1221 1109 1244 anno
1130 1222 1162 1252 1,

421 1275 560 1309 quarum
583 1270 729 1298 tenorem
759 1270 790 1298 et
821 1265 970 1305 sormam,
1004 1275 1041 1298 ac
1068 1264 1093 1298 si
1127 1265 1165 1298 de

418 1318 518 1352 verbo
538 1318 578 1351 ad
598 1318 731 1351 verbum
763 1318 987 1361 praesentibus
1007 1318 1165 1352 inserere-

420 1377 492 1411 tur,
520 1371 694 1404 habuimus
723 1377 752 1404 et
783 1371 895 1404 haberi
929 1371 1077 1405 volumus
1106 1382 1166 1415 pro

420 1425 514 1469 plene
535 1431 566 1458 et
585 1425 783 1458 sufficienter
802 1426 972 1469 expresso)
993 1425 1166 1459 incurrisse

421 1472 601 1511 declaratus
628 1478 750 1518 fueras,
782 1478 907 1511 etiamsi
927 1478 972 1512 -de
993 1488 1078 1511 anno
1098 1479 1163 1512 Do-

420 1531 498 1564 mini
516 1542 649 1571 untxxn
667 1532 797 1565 eosdem
819 1542 945 1565 errores
965 1538 996 1566 et
1017 1532 1166 1566 haereses

419 1584 549 1617 Parisiis
569 1584 778 1624 abiuramris,
802 1590 833 1618 et
853 1585 1028 1625 detestatus
1052 1585 1161 1626 fueris,

418 1642 449 1670 et
469 1643 578 1681 postea
600 1637 631 1670 in
653 1638 784 1671 eosdem
806 1648 933 1671 errores
957 1644 987 1671 et
1017 1638 1165 1672 haereses

418 1691 563 1734 relapsus
577 1691 618 1723 sis
629 1718 636 1731 ,
655 1690 886 1724 absolvendum
901 1697 931 1725 et
946 1691 1161 1733 liberandum,

419 1750 448 1778 et
474 1745 505 1777 in
527 1745 686 1787 gremium
710 1745 740 1778 S.
770 1745 881 1778 matris
901 1745 1061 1779 Ecclesiae
1082 1746 1164 1779 reci-

417 1797 572 1840 piendum
594 1802 626 1830 et
645 1798 881 1831 admittendum
906 1809 986 1838 esse,
1016 1799 1165 1843 illiusque

418 1849 532 1882 unitati
561 1855 588 1882 et
617 1855 894 1884 sacramentorum
926 1851 1163 1895 participationi

419 1899 776 1943 restituendum‚'sacta
803 1903 892 1947 prius
917 1915 974 1948 per
1001 1910 1031 1938 te
1054 1905 1113 1938 rite
1133 1911 1165 1939 et

419 1956 581 1997 legitime,
606 1962 637 1989 et
657 1957 742 1989 iuxta
768 1957 938 1990 canonicas
958 1958 1160 1997 sanctiones,

419 2009 595 2042 calvinismi
630 2020 702 2043 cum
738 2010 890 2043 omnibus
924 2011 1162 2044 calvinistarum

419 2062 607 2096 haeresibus
632 2069 662 2096 et
693 2063 874 2104 erroribus,
898 2075 934 2097 ac
959 2065 1104 2097 omnium
1133 2070 1164 2098 et

419 2127 699 2160 quarumcumque
720 2117 856 2150 aliarum
879 2117 1048 2150 haeresum
1064 2124 1091 2151 et
1107 2128 1160 2150 cr-

418 2181 528 2202 rorum
543 2170 788 2214 quomodolibet
807 2176 918 2203 contra
932 2171 1094 2211 Sanctam,
1109 2172 1164 2205 Ca-

419 2222 568 2256 tholicam
591 2229 619 2255 ct
651 2224 867 2267 Apostolicam
897 2224 1073 2257 Romanam
1101 2225 1160 2258 Ec-

418 2276 548 2309 clesiam
575 2287 643 2309 sose
671 2277 911 2316 extollentium,
935 2277 1159 2318 ahiuratione,

419 2329 670 2363 detestationem
686 2330 1020 2367 anathematizatione,
1036 2331 1075 2363 ad
1089 2341 1162 2363 san-

418 2388 467 2414 cta
486 2383 537 2415 nei
561 2383 730 2422 Evangelia
751 2383 961 2417 iureiurando
983 2384 1159 2427 praestito,

419 2446 544 2468 necnon
561 2442 700 2473 snm-tau,
717 2437 894 2469 catholicae
916 2443 944 2469 vt
964 2438 1162 2471 orthodoxae

419 2488 493 2520 fida-t
516 2489 712 2531 professione
735 2500 791 2533 per
809 2495 849 2527 te,
873 2490 970 2523 etiam
993 2490 1077 2524 iuxta
1096 2501 1163 2523 mo-

420 2541 495 2573 dum
523 2547 550 2573 et
579 2542 714 2575 soranam
736 2553 752 2574 a
779 2543 870 2576 nohis
892 2543 946 2576 tihi
974 2545 1162 2578 tradendam

423 2593 564 2635 legitime
595 2595 726 2635 caussa,
750 2596 864 2629 codem
898 2597 1043 2631 adhibito
1073 2597 1161 2630 iura-

1001 205 1186 230 BULLARIUM
1205 205 1360 230 Romnum

1954 205 2008 232 An.
2025 205 2055 233 C.
2070 207 2082 233 1
2103 213 2129 231 Δ.

1197 258 1319 293 mento,
1343 263 1380 286 ac
1399 252 1614 296 promissione
1635 253 1675 286 de
1691 253 1806 287 stando
1827 258 1859 287 et
1878 263 1941 297 pa-.
1978 296 1981 297 ⁷
2227 284 2229 286 .

1199 306 1299 339 rendo
1313 306 1473 340 mandatis
1490 306 1619 346 nostris,
1637 312 1668 340 et
1680 313 1809 341 sanctae
1829 307 1942 340 matris
1993 321 2154 347 promittendi
2207 310 2210 312 ’
2227 299 2243 310 η’

1197 359 1368 400 Ecclesiae,
1392 365 1424 392 et
1443 359 1500 392 tibi
1521 359 1704 402 specialiter
1723 359 1939 403 iniungendis‚
1956 347 2139 402 {lffit‘lltss'fi‘
2241 355 2244 366 ³

1198 418 1229 446 et
1249 413 1288 446 de
1316 413 1355 446 iis
1377 413 1464 446 bona
1489 412 1554 445 fide
1582 412 1798 456 adimplendis
1817 419 1849 446 et
1867 424 1942 447 exe·
1955 400 2142 457 {ll-‘iunssffi'ss

1198 465 1345 510 quendis‚
1361 476 1399 498 ae
1415 465 1492 498 alias
1509 465 1542 497 in
1562 465 1667 498 forma
1685 465 1846 498 Ecclesiae
1867 476 1943 499 con·
1956 452 2120 502 ξῖζᾞῴῗῗξῖἷμ
2139 487 2141 489 »

1197 525 1298 560 sueta,
1317 524 1413 563 prout
1435 519 1467 551 in
1487 519 1627 562 quadam
1648 518 1768 552 decreti
1788 518 1944 552 schedula
1957 508 2079 534 ⁹⁸¹⁰⁰¹m

1199 583 1297 606 manu
1315 579 1425 606 nostra
1442 572 1633 616 subscripta,
1649 577 1682 606 et
1700 577 1777 605 tunc
1797 572 1837 605 de
1854 582 1945 605 man-

1199 627 1273 659 dato
1293 631 1404 659 nostro
1424 636 1482 670 per
1499 626 1653 659 dilectum
1673 624 1777 658 filium
1793 624 1944 658 Cosmum

1199 679 1357 721 Angelum
1378 678 1476 712 officii
1493 683 1621 711 sanetae
1646 688 1801 712 romanae
1820 682 1853 711 et
1872 677 1944 711 uni-

1199 732 1329 766 versalis
1352 731 1574 776 inquisitionis
1592 742 1803 772 assessorem,
1826 732 1891 765 alta
1914 737 1946 765 et

1199 785 1394 828 intelligibili
1417 796 1496 819 voce
1525 786 1669 829 perlecta
1697 791 1729 819 et
1755 785 1941 829 publicata,

1200 839 1294 873 latius
1318 839 1513 873 continetur.

1244 894 1261 935 g
1281 892 1312 926 9.
1335 892 1456 932 Quibus
1476 892 1605 933 auditis,
1620 891 1756 925 lacobus
1775 897 1807 925 et
1827 891 1944 926 Arnal-
1973 932 1978 936 ι
1998 906 2079 937 Logari-

1199 947 1269 987 dus,
1292 946 1338 979 tui
1357 951 1586 990 procuratores
1604 945 1772 990 praedicti,
1787 946 1942 987 volentes,
1958 938 2154 993 fiigsssnii'a’ms

1198 1006 1234 1033 ut
1252 1010 1312 1043 par
1336 1005 1402 1040 est,
1424 999 1542 1033 nostris
1568 1010 1683 1044 parere
1711 999 1891 1040 mandatis,
1914 1004 1946 1038 et
1958 986 2110 1044 ἓξῗὲἱῖωἶιιὸ,
2123 1040 2130 1043 ,⁷

1199 1059 1328 1087 sanctae
1351 1053 1513 1087 Ecclesiae
1544 1053 1746 1093 satisfacere,
1772 1051 1947 1096 propositis
1959 1045 2041 1087 {iiii'if‘m
2067 1045 2141 1066 ‘w‘

1199 1107 1410 1141 sacrosanctis
1429 1106 1483 1140 Dei
1498 1106 1683 1149 evangeliis,
1697 1117 1735 1139 ae
1751 1105 1814 1139 illis
1830 1116 1944 1139 eorum

1201 1161 1350 1194 manibus
1366 1160 1579 1205 corporaliter
1595 1159 1698 1199 tactis,
1720 1159 1946 1203 procuratorio

1201 1214 1343 1253 nomine,
1360 1224 1424 1258 quo
1445 1223 1554 1258 supra,
1570 1210 1787 1254 abiurarunt,
1799 1212 1946 1246 detestati

1200 1273 1274 1301 sunt
1285 1273 1316 1301 et
1327 1267 1640 1301 anathematizarunt
1651 1266 1800 1299 haereses
1813 1271 1844 1299 et
1856 1276 1947 1299 erro-

1201 1331 1250 1354 res
1268 1331 1350 1365 quos
1369 1320 1525 1353 hactenus
1536 1325 1697 1360 tenueras,
1713 1324 1745 1352 et
1756 1318 1837 1352 alios
1849 1330 1947 1363 quos-

1201 1385 1340 1418 cumque
1369 1373 1519 1406 haereses
1548 1378 1579 1406 et
1607 1383 1751 1413 errores;
1781 1373 1943 1417 promise-

1201 1432 1339 1470 runtque
1359 1427 1418 1459 sub
1439 1426 1554 1460 eodem
1575 1426 1785 1460 iureiurando
1804 1426 1892 1470 quod
1913 1431 1946 1460 tu

1200 1481 1352 1525 deinceps
1365 1491 1425 1514 nee
1446 1480 1605 1520 haereses,
1629 1491 1689 1514 nec
1709 1490 1836 1514 errores
1854 1491 1947 1525 prae-

1199 1535 1312 1574 dictos,
1333 1545 1393 1568 nec
1409 1534 1552 1578 aliquam
1573 1533 1670 1567 aliam
1691 1533 1868 1575 haeresim,
1891 1540 1948 1568 aut

1198 1580 1346 1621 errorem
1358 1588 1482 1628 credes,
1497 1597 1603 1631 neque
1623 1587 1686 1620 illis
1699 1587 1948 1631 quomodolibet

1198 1640 1400 1681 adhaerebis,
1424 1651 1530 1684 neque
1555 1640 1722 1684 praedicta
1736 1667 1743 1681 ,
1763 1646 1819 1674 aut
1837 1640 1946 1685 aliqua

1198 1695 1259 1727 alia
1280 1693 1487 1728 haereticalia
1514 1693 1717 1733 committes,
1741 1699 1796 1726 aut
1825 1693 1941 1735 facies,

1198 1758 1302 1792 neque
1324 1748 1536 1791 imposterum
1557 1747 1728 1780 haereticis
1751 1757 1863 1791 opem,
1889 1758 1946 1782 au-

1198 1801 1321 1842 xilium,
1339 1800 1521 1840 eonsilium,
1536 1806 1591 1834 aut
1608 1800 1749 1834 savorem
1767 1800 1854 1834 circa
1867 1801 1945 1835 hae-

1199 1865 1284 1887 reses
1315 1860 1370 1887 aut
1399 1864 1525 1888 errores
1540 1881 1547 1894 ,
1581 1854 1711 1887 illorum
1742 1864 1800 1888 seu
1831 1864 1944 1888 eorum

1198 1907 1378 1948 occasione,
1402 1907 1580 1951 praestabis
1599 1912 1654 1940 aut
1674 1907 1842 1951 impendes
1855 1934 1862 1948 ,
1885 1918 1946 1942 nec

1197 1961 1237 1994 ab
1249 1961 1318 1994 aliis
1330 1960 1484 2005 praestari
1494 1966 1549 1994 aut
1560 1961 1703 2005 impendi
1717 1961 1828 2002 sacies;
1842 1963 1946 2006 quod-

1198 2024 1279 2058 que,
1303 2015 1366 2047 Deo
1388 2014 1536 2054 iuvante,
1563 2025 1706 2048 servares
1730 2014 1945 2058 poenitentias

1199 2067 1254 2099 tibi
1269 2078 1326 2111 per
1343 2078 1401 2100 nos
1419 2067 1644 2110 iniungendas,
1659 2073 1687 2100 et
1702 2067 1797 2101 huius
1809 2068 1944 2102 Sanctae

1197 2121 1287 2155 Sedis
1307 2121 1509 2165 Apostolicac
1530 2120 1689 2154 mandatis
1719 2121 1857 2155 libenter
1885 2121 1944 2155 ob-

1198 2181 1406 2219 temperares.
1431 2175 1468 2208 1011,
1489 2174 1619 2219 insuper
1637 2180 1782 2214 sanctae,
1807 2174 1942 2209 catholi-

1197 2238 1252 2261 cae
1273 2228 1515 2261 etorthodoxae
1536 2227 1610 2261 (idei
1632 2227 1876 2271 professionem,
1889 2237 1943 2261 eo-

1197 2282 1270 2314 dem
1301 2281 1526 2325 procuratorio
1561 2281 1692 2315 nomine
1723 2292 1788 2325 quo
1818 2292 1917 2326 supra
1931 2308 1938 2319 .

1196 2334 1383 2373 emiserunt,
1407 2340 1437 2368 ct
1461 2335 1523 2368 alia
1546 2335 1700 2375 fecerunt,
1724 2334 1944 2378 promiserunt

1197 2392 1225 2419 ct
1248 2387 1454 2426 iuraverunt,
1477 2393 1573 2431 prout
1594 2387 1687 2420 latius
1708 2387 1891 2422 continetur
1909 2388 1941 2421 in

1196 2440 1335 2484 quadam
1350 2440 1659 2479 at›5111·a1ionis,tidoi
1675 2441 1851 2475 catholicae
1865 2452 1941 2486 pro-

1197 2492 1352 2532 fessionis,
1369 2493 1591 2537 proiiiissiouis
1611 2499 1641 2527 ot
1663 2493 1834 2528 iuramenti
1851 2494 1942 2528 sche-

1197 2545 1283 2586 dula,
1307 2546 1497 2579 corumdem
1530 2552 1777 2591 procuratorum
1810 2552 1939 2581 tuorum

1199 2609 1296 2631 manu
1314 2599 1504 2644 subscripta.
1521 2607 1617 2643 qutun
1637 2600 1741 2644 palam
1762 2605 1793 2634 et
1813 2599 1940 2644 publice
