2253 3195
276 242 325 269 An.
343 242 372 269 e.
395 244 462 271 1599
508 236 574 269 484

520 295 535 335 ξ
554 294 584 326 6.
613 295 681 327 Non
702 294 904 327 obstantibus
929 295 1102 338 praedictis
1126 295 1172 328 Pii
1193 296 1216 328 V

276 357 457 379 obsoniiaioiiin
475 353 502 379 et
516 348 585 380 aliis
602 348 861 391 quilmscumque
878 349 1061 391 praedictae
1077 349 1216 392 Congre-

474 401 610 442 gationis
630 401 754 433 statutis
776 406 804 433 et
827 401 1086 435 ordinationibus
1101 430 1108 443 ,
1132 412 1212 435 con-

473 453 692 486 stitutionibus
721 460 752 486 et
786 455 1072 488 consuetudinibus
1088 483 1095 496 ,
1119 455 1215 489 etiam

473 507 666 547 iuramento,
690 508 936 542 confirmatione
957 509 1144 553 apostolica,
1167 510 1217 542 vel

473 560 582 602 quavis
602 560 752 594 firmitate
779 562 841 594 alia
870 563 1048 603 roboratis,
1072 573 1132 596 nec
1151 573 1216 596 non

473 614 637 657 quibusvis
662 616 946 650 constitutionibus
977 623 1008 650 et
1036 617 1216 651 ordinatio-

473 667 567 700 nibus
591 669 787 712 apostolicis,
811 669 987 713 privilegiis
1007 671 1213 714 quoque‚in—

473 721 568 753 dultis
589 722 746 765 praedicti
763 723 808 755 Pii
830 724 865 763 V,
878 734 914 756 ae
926 723 995 757 aliis
1013 724 1127 757 litteris
1140 734 1217 768 apo-

472 775 592 808 stolicis
628 775 734 808 eidem
766 776 1037 819 Congregationi,
1065 777 1216 821 illiusque

472 828 626 870 generali,
651 833 682 861 et
702 829 772 861 aliis
792 829 975 869 abbatibus,
1000 830 1168 863 monachis
1188 835 1218 863 et

472 881 630 923 religiosis
643 909 652 921 ,
672 892 728 915 seu
749 882 912 926 quibusvis
932 883 1002 916 aliis
1023 883 1055 916 in
1083 890 1215 917 contra-

472 935 557 968 rium
588 935 841 979 praemissorum
863 937 1110 980 quomodolibet
1139 947 1218 971 con-

473 989 579 1029 cessis,
604 989 804 1022 confirmatis
826 996 856 1024 et
875 991 1073 1034 approbatis.
1098 991 1219 1031 Quibus

473 1043 623 1076 omnibus
643 1050 674 1077 et
697 1044 841 1087 singulis,
859 1045 982 1078 etiamsi
1008 1056 1067 1089 pro
1088 1046 1218 1079 illorum

472 1097 643 1130 sufficienti
665 1098 875 1141 derogatione
895 1099 934 1132 de
951 1099 1013 1132 illis
1039 1109 1218 1144 eorumque

475 1151 546 1184 totis
572 1151 737 1184 tenoribus
757 1152 915 1195 specialis,
940 1153 1089 1196 specifica
1110 1159 1140 1186 et
1160 1164 1215 1187 ex-

473 1216 593 1248 pressa,
611 1215 676 1238 non
697 1211 802 1239 autem
824 1217 883 1250 per
903 1207 1062 1240 clausulas
1082 1217 1218 1249 genera-

475 1259 519 1291 les
540 1258 625 1291 idem
648 1259 860 1302 importantes
880 1260 1012 1300 mentio,
1036 1271 1092 1293 seu
1113 1272 1214 1304 quae-

474 1312 519 1344 vis
543 1313 605 1345 alia
633 1313 796 1356 expressio
828 1313 997 1355 habenda,
1027 1320 1082 1347 aut
1110 1315 1217 1358 aliqua

475 1366 536 1398 alia
556 1367 712 1409 exquisita
734 1367 837 1399 forma
857 1368 896 1400 ad
918 1368 978 1400 boc
999 1369 1155 1401 servanda
1173 1369 1218 1401 so—

475 1426 533 1460 ret,
560 1428 686 1453 tenores
707 1421 903 1461 huiusmodi,
929 1432 963 1454 ar
984 1422 1009 1454 si
1023 1423 1062 1455 ad
1083 1423 1217 1455 verbum

475 1474 710 1512 insererentur,
733 1475 956 1518 praesentibus
977 1486 1036 1519 pro
1062 1476 1218 1520 expressis

475 1528 649 1566 babentes,
675 1528 733 1561 bar
755 1528 821 1561 vice
842 1529 1006 1562 dumtaxat
1036 1530 1219 1573 specialiter

475 1587 503 1613 et
523 1592 669 1624 expresse
690 1582 894 1625 derogamus,
924 1583 1123 1627 caeterisque
1143 1594 1219 1617 con-

478 1634 582 1667 trariis
603 1635 872 1679 quibuscumque.

520 1688 632 1720 Datum
656 1689 775 1721 Romae
796 1690 880 1733 apud
902 1690 931 1722 S.
950 1690 1079 1722 Petrum
1094 1690 1219 1723 suban-

476 1742 552 1774 nulo
579 1741 765 1782 piscatoris,
790 1743 841 1775 die
863 1754 919 1776 v111
947 1743 1052 1777 martii
1077 1754 1215 1785 mnxmx,

476 1796 681 1839 pontificatus
701 1796 801 1829 nostri
823 1807 907 1829 anno
926 1807 993 1830 vni.

513 1857 570 1884 liat.
587 1858 629 1885 die
641 1860 656 1885 8
673 1858 760 1884 martii
774 1859 850 1892 1500,
874 1860 970 1894 pontit.
983 1868 1026 1888 an.
1040 1867 1098 1886 viu.

815 2001 881 2034 CCI.

480 2100 570 2140 Qum!
606 2099 839 2142 archiepiscopi
873 2103 902 2130 e!
937 2099 1078 2142 episcopi
1113 2099 1219 2131 oleum

522 2154 679 2185 Sanctum
697 2152 783 2184 ermis
802 2156 915 2184 suren!
939 2153 1098 2194 fratribus
1123 2152 1219 2186 Ordi-

522 2207 573 2238 m'x
596 2207 631 2238 li.
658 2206 782 2238 tllaeiri'ae
803 2205 840 2237 da·
862 2206 967 2238 Monte
987 2206 1146 2243 (lm-melo,
1161 2217 1219 2249 pro

522 2259 744 2291 ministranda
757 2263 899 2290 mireum
915 2260 1064 2291 unctione
1077 2259 1219 2292 eiusdem

524 2313 659 2347 Ordinis
685 2312 838 2354 infirmis.

662 2382 816 2412 Clemens
838 2382 929 2423 Papa
948 2382 1040 2418 vm,

479 2446 706 2472 venerabilibus
716 2446 858 2473 tratribus
871 2445 1105 2479 archiepiscopis
1117 2448 1147 2472 et
1159 2445 1220 2480 opi-

515 2492 612 2524 scopin
634 2494 810 2524 praesentes
827 2491 945 2517 litteras
967 2491 1161 2524 innpocturis,
1174 2498 1221 2518 sa-

515 2535 607 2561 tutem
629 2539 660 2562 ot
679 2536 872 2569 apostoticam
893 2535 1142 2563 benedictionem.

525 2597 642 2639 Ιῦψοιιί
663 2597 754 2628 nobis
775 2608 877 2640 nuper
897 2597 965 2629 siu-it
989 2597 1123 2629 ‹lilevtus
1138 2597 1220 2629 titius

309 2655 383 2674 ¹¹rww
404 2659 427 2673 *⁹¹
440 2657 453 2673 ¹·
480 2662 546 2692 pitu
562 2656 669 2681 uiator
682 2651 839 2688 gviii-talis
853 2650 981 2683 Ordinis
996 2652 1129 2683 fratrum
1145 2650 1220 2683 Bea-

1057 248 1240 272 Bt'LLARtUM
1260 249 1413 274 ROMANUM

1251 302 1301 329 tae
1325 296 1440 331 Mariae
1465 299 1505 332 de
1535 299 1639 333 Monte
1665 301 1810 335 Carmelo
1830 302 1929 346 quod,
1952 301 1992 335 li-

1251 355 1300 383 cet
1325 351 1490 393 regulares
1522 353 1678 396 praedicti
1702 354 1829 388 Ordinis
1859 366 1992 389 consue-

1251 402 1354 436 verint
1381 404 1526 448 recipere
1551 405 1590 438 ab
1618 406 1777 451 episcopis
1801 408 1907 441 oleum
1936 419 1988 442 sa-

1251 466 1342 488 crum
1366 467 1426 500 pro
1445 458 1655 492 ministranda
1675 459 1811 493 infirmis
1831 461 1989 503 regulari-

1251 509 1310 542 bus
1334 510 1478 544 eiusdem
1499 511 1628 546 Ordinis
1648 518 1790 546 extrema
1815 514 1968 548 unctione
1982 542 1990 555 ‚

1251 563 1463 598 nibilominus
1476 566 1622 599 nonnulli
1641 566 1784 611 episcopi
1798 567 1993 610 suffraganei

1252 616 1359 649 oleum
1379 628 1506 651 sacrum
1524 619 1709 653 huiusmodi
1730 620 1901 664 praedietis
1921 620 1995 654 reli-

1251 669 1348 711 giosis
1366 672 1493 705 tradere
1513 679 1674 706 recusant.
1702 673 1806 712 Quare
1824 673 1917 707 nobis
1936 674 1996 707 hu-

1252 723 1371 756 militer
1389 725 1564 768 supplicari
1585 726 1660 760 fecit
1678 727 1859 770 praedictus
1879 737 1995 771 procu-

1251 782 1339 809 rator
1358 778 1528 819 generalis,
1556 784 1592 812 ut
1610 779 1642 812 in
1662 780 1845 824 praemissis
1870 790 1992 824 oppor-

1252 835 1328 863 tune
1349 830 1519 874 providere
1540 832 1579 865 de
1599 832 1797 876 benignitate
1818 834 1995 878 apostolica

1253 882 1472 925 dignaremur.

1297 937 1312 980 ἓ
1333 936 1362 969 1.
1386 937 1449 970 Nos
1465 937 1564 981 igitur
1580 938 1765 973 huiusmodi
1785 940 1994 984 supplicatio-

1253 990 1348 1023 nibus
1368 990 1523 1031 inelinati‚
1545 992 1584 1025 de
1603 993 1837 1026 venerabilium
1858 994 1993 1028 fratrum

1253 1039 1439 1078 nostrorum
1475 1045 1610 1079 Sanctae
1642 1047 1806 1081 Romanae
1836 1048 1996 1081 Ecclesiae

1254 1098 1468 1132 cardinalium
1504 1110 1601 1143 super
1641 1100 1931 1135 consultationibus
1966 1106 1997 1135 et

1253 1151 1397 1194 negociis
1446 1152 1672 1197 episcoporum
1720 1159 1751 1187 et
1798 1154 1997 1197 regularium

1252 1205 1512 1249 praepositorum
1540 1206 1719 1247 sententia,
1744 1207 1997 1241 fraternitatibus

1252 1259 1364 1292 vestris
1394 1269 1451 1303 per
1480 1265 1663 1303 praesentes
1698 1261 1930 1294 committimus
1966 1265 1998 1295 et

1253 1312 1456 1353 mandamus,
1480 1318 1514 1346 ut
1538 1313 1711 1356 praedictis
1735 1313 1862 1348 Ordinis
1882 1315 1998 1348 Beatae

1252 1366 1368 1400 Mariae
1389 1367 1427 1399 de
1444 1367 1548 1400 Monte
1562 1367 1707 1401 Carmelo
1732 1368 1835 1401 ubivis
1855 1368 1995 1402 existen-

1253 1420 1558 1463 tibusregutarihus,
1573 1421 1846 1465 quandocumque
1867 1432 1996 1456 sacrum

1252 1474 1360 1507 oleum
1382 1484 1442 1517 pro
1471 1473 1685 1508 ministranda
1704 1475 1849 1508 eiusdem
1869 1475 1998 1510 Ordinis

1253 1527 1428 1571 respective
1460 1528 1662 1570 regularibus
1694 1528 1830 1562 infirmis
1856 1534 1999 1563 extrema

1253 1581 1405 1614 unctione
1430 1581 1602 1625 petierint,
1630 1582 1709 1615 illud
1743 1592 1798 1615 vos
1832 1581 1864 1615 in
1895 1588 1999 1616 vestra

1253 1635 1392 1668 dioecesi
1413 1640 1561 1678 prompte
1587 1645 1623 1668 ac
1646 1635 1826 1669 liberaliter
1854 1635 1998 1669 exbiberi

1255 1688 1387 1729 faciatis,
1411 1698 1448 1721 ac
1470 1698 1692 1732 quoscumque
1713 1688 1933 1731 suffraganeos
1946 1699 1999 1723 ve-

1253 1747 1346 1780 stros,
1375 1747 1410 1774 ut
1438 1741 1586 1774 similiter
1606 1741 1638 1774 in
1662 1751 1720 1774 sua
1740 1741 1877 1785 quisque
1902 1741 1995 1775 dioe-

1253 1795 1315 1828 cesi
1331 1794 1406 1838 ipsis
1421 1793 1622 1835 regularibus
1642 1795 1749 1827 oleum
1767 1805 1893 1827 sacrum
1915 1794 1997 1828 tradi

1254 1853 1368 1882 curent
1387 1853 1418 1880 et
1439 1847 1573 1887 saciant,
1602 1847 1793 1881 auctoritate
1813 1848 1910 1881 etiam
1931 1859 1993 1882 no-

1253 1907 1329 1940 stra,
1351 1900 1518 1933 moneatis.
1543 1901 1612 1933 Non
1633 1901 1835 1934 obstantibus
1861 1901 1892 1934 in
1913 1911 1993 1935 con-

1255 1954 1389 1987 trarium
1416 1953 1608 1987 facientibus
1628 1954 1898 1999 quibuscumque.

1299 2008 1366 2050 §2
1399 2008 1552 2041 Volumus
1583 2014 1689 2042 autem
1715 2014 1750 2042 ut
1778 2009 1996 2052 praesentium

1255 2062 1475 2105 transumptis,
1500 2061 1594 2094 etiam
1617 2062 1792 2105 impressis,
1818 2072 1914 2096 manu
1940 2063 1997 2096 ali-

1254 2116 1344 2149 euius
1357 2115 1473 2149 notarii
1492 2115 1611 2159 publici
1633 2115 1832 2159 subscriptis,
1849 2121 1879 2149 et
1891 2115 1997 2158 sigillo

1254 2169 1390 2202 alicuius
1414 2179 1570 2212 personae
1604 2168 1634 2201 in
1661 2168 1816 2209 dignitate
1849 2169 1998 2203 eeclesia—

1254 2223 1332 2255 stiea
1351 2221 1542 2254 constitutae
1563 2221 1706 2261 munitis,
1730 2222 1842 2254 eadem
1864 2232 1997 2265 prorsus

1255 2276 1333 2308 tides
1350 2275 1552 2314 adhibeatur,
1570 2285 1652 2317 quae
1671 2274 1892 2318 praesentibus
1906 2275 1998 2307 adhi-

1255 2330 1395 2367 beretur,
1419 2328 1444 2360 si
1466 2328 1569 2360 forent
1589 2327 1749 2360 exhibitae
1770 2328 1816 2360 rel
1838 2334 1994 2362 ostensae.

1300 2382 1410 2415 Datum
1439 2381 1558 2414 Romae
1579 2381 1664 2424 apud
1689 2380 1841 2413 Sanctum
1868 2380 1996 2414 l‘etrum

1255 2435 1313 2467 sub
1331 2435 1451 2467 annulo
1463 2433 1643 2472 l’isratoris,
1654 2433 1705 2465 (lie
1720 2433 1871 2475 vigesima
1885 2438 1999 2477 quarta

1257 2488 1374 2528 martii,
1396 2488 1568 2520 millesimo
1582 2487 1841 2530 quingentesimo
1856 2497 1996 2529 nonage-

1255 2543 1336 2575 simo
1358 2552 1455 2581 nono,
1480 2541 1686 2585 pontssiratus
1699 2541 1798 2573 nostri
1820 2550 1904 2573 anno
1925 2549 1992 2573 vut.

1293 2605 1348 2632 Dat.
1365 2604 1407 2631 ‹lie
1427 2604 1460 2631 at
1477 2603 1565 2630 mni-tii
1584 2603 1660 2637 ¹599,
1683 2602 1778 2638 pontif.
1795 2610 1838 2630 tm.
1856 2608 1910 2629 vin.

1580 2662 1668 2672 ..ᾳ-

2006 253 2054 281 Αῐι.
2071 253 2100 280 C.
2122 253 2191 281 ¹599

2006 316 2038 336 nis
2067 315 2190 336 Camelita-

2006 348 2058 363 rum.

2024 979 2028 983 η
2043 952 2078 982 ⁴Pa
2095 957 2121 973 aa
2145 957 2193 982 pro-

2010 985 2063 1000 visio
2088 985 2099 999 a
2114 985 2155 1006 qua
2173 985 2194 1000 in

2009 1005 2102 1027 rubrica.

2047 2013 2196 2040 Transumpto-

2012 2046 2057 2061 runi
2071 2039 2131 2061 tutas.
