2253 3195
73 282 125 310 An.
141 283 168 310 C.
192 280 259 310 1599

114 345 180 371 Eique
195 345 258 364 bene-

75 373 131 394 ficia,
146 372 171 392 de
182 371 258 397 quibus

75 400 95 420 in
107 398 258 421 rubrica,uuiri

75 426 134 453 petit.

879 277 1025 302 CLEMENS
1046 277 1103 301 VIII
1124 277 1173 301 1³1³.

274 328 498 370 subiungebat,
516 327 601 361 dicto
623 325 796 361 seminario
817 326 925 370 aliqua
943 326 1010 364 dos,

274 383 386 415 saltem
421 392 479 425 pro
514 392 647 414 onerum
681 380 726 413 illi
759 379 1013 413 incumbentium

273 436 516 480 supportatione
537 435 709 473 sufficiens,
734 444 938 477 nequaquam
960 434 1014 465 ad-

273 489 336 522 liuc
356 489 515 531 assignata
541 488 633 521 suerit
651 499 657 525 2
688 488 718 519 in
740 487 867 519 civitate
889 497 962 519 vero
984 492 1014 519 et

273 542 412 575 dioecesi
438 541 622 574 huiusmodi
653 540 810 573 beneficia
840 539 1010 582 simplicia,

273 606 355 638 quae
376 595 480 628 eidem
507 594 681 627 seminario
702 593 785 626 uniri
807 598 837 625 et
863 592 1013 635 incorpo-

273 648 338 681 rari
359 649 530 681 commode
551 647 684 690 possint,
709 646 880 689 minusque
901 656 936 678 ex
951 646 1014 678 sru-

273 702 387 741 ctibus,
404 701 583 734 redditibus
598 706 627 733 et
648 700 856 743 proventibus
871 699 1013 742 ipsorum

273 756 467 800 simplicium
490 761 521 788 et
538 755 675 788 aliorum
697 754 930 787 beneficiorum
965 764 1014 786 ec-

274 810 525 843 clesiasticorum
548 809 579 841 in
598 809 718 841 eisdem
738 808 862 841 civitate
878 813 907 839 et
928 806 1016 839 dioe-

273 862 336 895 cesi
350 862 605 902 consistentium,
622 867 756 905 propter
770 860 847 893 cleri
859 860 1012 903 inopiam,

273 916 382 959 aliqua
402 916 508 959 portio
526 916 566 948 ad
584 914 870 948 substentationem
899 919 930 947 et
950 924 1016 946 ma-

272 970 495 1003 nutentionem
515 970 612 1014 ipsius
625 969 790 1002 seminarii
805 968 929 1001 detrahi
943 978 1016 1011 pos-

274 1023 315 1056 sit
334 1035 340 1056 :
375 1024 400 1056 si
433 1024 530 1065 igitur
554 1023 715 1066 prioratus
758 1023 796 1055 de
828 1021 1013 1061 Fenovillet,

273 1076 400 1110 Ordinis
417 1077 522 1110 Sancti
536 1076 711 1116 Benedicti,
729 1075 832 1108 dietae
847 1074 1013 1115 dioecesis,

273 1130 328 1173 qui
349 1141 426 1163 eura
446 1135 477 1163 et
497 1137 656 1163 conventu
674 1134 773 1168 caret,
799 1139 835 1161 ac
852 1139 870 1160 a
897 1138 1013 1160 mona—

273 1184 370 1217 sterio
391 1184 430 1217 de
451 1184 575 1223 Frassa,
599 1183 677 1215 alias
695 1183 733 1216 de
756 1183 789 1214 la
801 1182 922 1219 Crasse,
939 1181 1015 1214 dicti

274 1237 411 1277 Ordinis,
422 1236 693 1275 Carcassonensis,
708 1236 795 1279 quod
808 1235 910 1268 dictus
920 1236 1017 1268 Fran·

275 1291 377 1324 ciscus
408 1291 580 1324 cardinalis
602 1290 633 1322 in
654 1289 879 1323 commendam
904 1289 944 1321 ad
968 1288 1016 1321 sui

275 1345 383 1385 vitam,
418 1355 455 1377 ex
483 1344 690 1377 concessione
722 1349 752 1377 et
778 1342 1016 1386 dispensatione

274 1397 432 1430 similibus
452 1397 586 1438 obtinet,
604 1398 786 1441 dependere
802 1396 1014 1439 dignoscitur3

275 1461 402 1484 necnon
428 1451 466 1484 de
493 1451 669 1484 Fenovillet
689 1450 897 1489 huiusmodi,
921 1461 957 1483 ac
978 1450 1016 1483 de

275 1503 377 1537 Saisse
409 1504 554 1537 eiusdem
589 1503 836 1537 Tholosanensis
863 1503 1017 1537 dioecesis

274 1557 475 1601 parochiales
489 1557 642 1591 ecclesiae
660 1568 695 1590 ex
709 1568 806 1597 nunc,
821 1563 915 1601 prout
929 1563 1017 1600 post-

275 1622 372 1655 quam
394 1611 484 1644 illum
503 1618 533 1645 et
560 1611 630 1644 illas
654 1612 766 1655 quovis
787 1612 884 1645 modo
905 1622 1017 1645 vacare

276 1664 457 1706 contigerit,
479 1664 564 1697 dicto
584 1664 759 1698 seminario
784 1676 843 1708 per
863 1675 921 1698 nos
946 1675 1018 1708 per-

275 1723 372 1761 petuo
403 1717 574 1751 unirentur
593 1723 624 1751 et
643 1718 951 1761 incorporarentur,
982 1730 1018 1752 ae

277 1771 309 1804 in
333 1771 527 1814 primodicta
556 1782 638 1811 una,
663 1777 693 1804 et
725 1772 757 1804 in
787 1773 1019 1806 secundodicta

276 1824 516 1868 parochialibus
545 1825 688 1858 ecclesiis
716 1825 816 1858 altera
842 1832 1018 1869 perpetuae

276 1878 414 1912 vicariae
434 1890 492 1923 pro
511 1879 643 1913 totidem
662 1879 857 1924 presbyteris
877 1881 1019 1913 saecula-

278 1931 366 1965 ribus
386 1933 499 1965 suturis
520 1932 598 1965 inibi
619 1933 782 1976 perpetuis
803 1933 929 1966 vicariis
949 1934 1017 1978 (qui

278 1996 388 2018 curam
409 1986 590 2019 animarum
605 1986 877 2030 parochianorum
891 1998 1019 2021 earum-

278 2039 351 2071 dem
372 2039 606 2082 parochialium
633 2040 841 2073 ecclesiarum
872 2051 1018 2075 exercere

279 2092 429 2135 debeant)
450 2093 652 2135 erigerentur
665 2100 695 2127 et
709 2093 965 2135 instituerentur,
982 2107 1019 2128 ac

279 2144 385 2189 portio
414 2145 612 2178 decimarum
640 2147 888 2180 secundodictae
918 2159 1015 2191 paro-

279 2198 391 2231 chialis
411 2199 586 2240 ecclesiae,
616 2210 698 2243 quae
727 2200 766 2232 ad
794 2211 936 2233 mensam
962 2212 1015 2234 ar-

279 2252 548 2296 chiepiscopalem
570 2253 752 2296 praedictae
766 2254 917 2287 ecclesiae
938 2256 1020 2288 Tho-

278 2305 455 2338 losanensis
474 2311 605 2349 spectat,
620 2311 651 2338 et
664 2317 721 2349 per
734 2307 818 2339 illius
837 2309 1019 2350 praesulem

279 2369 339 2402 pro
357 2365 502 2402 tempore
522 2359 722 2399 existentem,
751 2365 804 2392 aut
825 2360 893 2392 eius
917 2371 1017 2402 agen-

281 2418 327 2445 tes
351 2413 482 2456 propria
495 2413 686 2446 auctoritate
705 2413 827 2457 percipi
843 2414 1016 2453 consuevit,

281 2466 320 2498 ab
341 2465 409 2509 ipsa
429 2477 556 2506 mensa,
579 2477 638 2499 nec
654 2477 719 2499 non
740 2471 807 2507 tot,
841 2477 877 2499 ex
904 2466 1020 2510 quibus

282 2518 465 2560 octuaginta
485 2530 502 2552 a
526 2519 775 2562 p1·imodicta,et
793 2524 838 2552 tot
857 2519 938 2552 aliae
947 2530 1020 2563 pro-

282 2571 433 2615 prietates
450 2577 482 2605 et
501 2572 596 2612 bona,
611 2583 647 2606 ex
662 2572 779 2615 quibus
793 2572 888 2605 etiam
910 2578 1019 2606 octua-

282 2625 369 2667 ginta
390 2626 521 2659 ducatos
550 2625 618 2658 auri
639 2626 679 2659 de
704 2626 836 2660 Camera
855 2626 1018 2659 annuatim

283 2680 452 2713 commode
472 2679 595 2725 percipi
614 2680 737 2724 possint
753 2691 771 2713 a
790 2680 1020 2714 seeundodicta

1049 322 1290 369 parochialibus
1311 324 1453 358 ecclesiis
1479 324 1790 358 disniembrarentur

1049 385 1080 412 et
1099 384 1345 423 separarentur,
1378 384 1409 411 ct
1439 378 1544 422 portio
1577 378 1786 419 decimarum,

1049 443 1130 476 quac
1151 433 1189 465 ad
1212 433 1352 465 valorem
1373 443 1515 465 annuum
1537 432 1789 475 quingentorum

1049 491 1212 518 scutorum
1234 486 1302 518 auri
1325 486 1449 525 similis,
1466 487 1513 519 vel
1529 486 1612 519 cirea
1634 486 1788 525 aseendit,

1049 539 1233 577 seminari03
1258 539 1472 582 proprietates
1492 550 1566 572 vero
1579 545 1607 572 et
1629 540 1713 572 bona
1727 540 1791 572 dis-

1050 593 1228 625 membrata
1253 592 1438 625 huiusmodi
1464 593 1637 635 praedictis
1666 592 1792 625 vicariis

1049 656 1108 689 pro
1129 656 1270 687 congrua
1292 646 1417 678 illarum
1440 647 1525 683 dote,
1549 652 1577 679 et
1598 646 1790 679 vicariorum

1049 699 1235 731 huiusmodi
1265 699 1516 732 substentatione
1546 699 1719 739 distinete,
1758 704 1793 732 ut

1051 752 1144 791 infra,
1167 752 1408 795 applicarentur
1436 758 1466 785 et
1492 752 1789 796 appropriarentur,

1050 807 1109 839 hac
1129 806 1253 839 ratione
1280 807 1365 839 dicto
1391 807 1564 840 seminario
1586 807 1624 839 de
1650 817 1793 849 congrua

1050 860 1124 893 dote
1145 860 1220 893 satis
1240 866 1423 904 opportune
1444 860 1608 903 provisum
1641 860 1741 901 soret,
1763 865 1794 892 et

1051 925 1127 946 cura
1147 914 1327 946 animarum
1350 914 1515 957 praedicta
1535 914 1718 946 nullatenus
1738 924 1793 946 ne-

1051 967 1236 1009 gligeretur,
1266 968 1321 1000 sed
1342 977 1444 1010 aeque
1466 967 1639 1009 diligenter
1659 971 1690 998 et
1721 967 1789 999 sru-

1051 1027 1172 1061 ctuose,
1188 1021 1236 1053 vel
1257 1021 1353 1053 etiam
1381 1020 1495 1053 melius
1516 1025 1547 1053 et
1566 1020 1676 1053 utilius
1696 1030 1792 1063 quam

1051 1081 1155 1114 antea,
1180 1080 1392 1107 exerceretur.
1417 1074 1520 1113 Quare
1541 1073 1644 1107 dictus
1664 1073 1794 1106 Franci-

1052 1139 1122 1161 scus
1153 1128 1325 1161 cardinalis
1355 1138 1499 1161 asserens
1534 1128 1696 1171 prioratus
1726 1138 1794 1161 sex-

1052 1187 1239 1220 centorum,
1270 1187 1300 1214 et
1328 1181 1538 1224 primodictae
1566 1181 1791 1221 ducentorum,

1052 1246 1193 1275 necnon,
1230 1235 1373 1268 detracta
1412 1235 1561 1278 portione
1596 1234 1794 1267 decimarum

1051 1290 1289 1333 praedictarum
1300 1289 1549 1322 seeundodietae
1559 1288 1795 1332 parochialium

1052 1343 1260 1376 ecclesiarum
1297 1342 1500 1382 huiusmodi,
1530 1347 1560 1374 et
1588 1341 1659 1374 aliis
1688 1342 1796 1374 forsan

1051 1407 1250 1430 annexorum
1261 1396 1511 1440 quingentorum
1524 1395 1713 1428 ducatorum
1726 1394 1796 1427 auri

1053 1452 1091 1484 de
1100 1452 1233 1485 Camera
1253 1450 1385 1489 fructus,
1406 1448 1550 1482 redditus
1563 1454 1592 1481 et
1605 1454 1792 1492 proventus,

1052 1505 1229 1538 seeundum
1266 1513 1473 1537 communem
1511 1502 1769 1536 aestimationem
1785 1530 1792 1542 ‚

1052 1559 1193 1591 valorem
1208 1567 1351 1591 annuum
1367 1568 1431 1590 non
1446 1557 1612 1597 excedere,
1629 1556 1721 1589 nobis
1735 1556 1795 1589 hu-

1052 1612 1172 1645 militer
1192 1610 1394 1655 supplicavit,
1423 1616 1582 1654 quatenus
1611 1610 1796 1653 praemissis

1053 1676 1206 1704 annuere,
1223 1675 1259 1697 ac
1272 1664 1348 1697 alias
1361 1664 1392 1696 in
1413 1663 1596 1707 praemissis
1614 1669 1796 1707 opportune

1053 1719 1223 1763 providere
1251 1719 1290 1751 de
1320 1717 1518 1761 benignitate
1542 1717 1720 1761 apostolica
1741 1717 1793 1750 di-

1053 1784 1236 1817 gnaremur.

1098 1829 1112 1872 ἓ
1130 1827 1160 1861 3.
1181 1828 1244 1861 Nos
1259 1826 1366 1869 igitur,
1390 1825 1445 1870 qui
1467 1826 1590 1859 dudum
1623 1825 1707 1859 inter
1734 1826 1796 1859 alia

1052 1882 1212 1915 voluimus
1239 1881 1326 1924 quod
1346 1885 1489 1923 petentes
1509 1879 1667 1912 beneficia
1688 1880 1791 1913 eccle-

1053 1935 1179 1969 siastica
1199 1934 1268 1967 aliis
1288 1933 1385 1973 uniri,
1407 1939 1593 1966 tenerentur
1614 1932 1796 1976 exprimere

1054 1999 1164 2022 verum
1196 1998 1339 2020 annuum
1368 1987 1510 2020 valorem
1538 1987 1715 2020 secundum
1742 1997 1796 2019 ae-

1053 2041 1270 2075 stimationem
1292 2040 1501 2084 praedictam,
1519 2040 1615 2073 etiam
1634 2039 1793 2079 beneficii,

1053 2095 1103 2128 cui
1124 2095 1210 2127 aliud
1231 2094 1315 2127 uniri
1341 2099 1525 2137 peteretur,
1550 2092 1694 2136 alioquin
1719 2092 1796 2125 unio

1053 2160 1119 2182 non
1137 2149 1267 2188 valeret,
1282 2153 1313 2181 et
1325 2158 1453 2190 semper
1470 2147 1501 2179 in
1523 2146 1696 2179 unionibus
1710 2156 1797 2179 coni-

1054 2202 1163 2235 missio
1188 2201 1279 2234 fieret
1303 2201 1343 2234 ad
1364 2205 1491 2244 partes,
1515 2199 1633 2233 vocatis
1658 2209 1796 2243 quorum

1055 2256 1230 2294 interesset,
1253 2265 1377 2288 necnon
1403 2254 1538 2287 aliarum
1569 2253 1726 2287 unionum
1751 2253 1797 2286 ei-

1055 2309 1127 2341 dem
1149 2307 1323 2341 seminario
1344 2308 1498 2340 hactenus
1528 2307 1634 2340 forsan
1662 2317 1798 2350 quomo-

1055 2361 1174 2394 dolibet
1191 2362 1346 2393 saetarum
1363 2367 1490 2393 tenores
1504 2360 1727 2404 praesentibus
1739 2370 1797 2403 pro

1055 2414 1211 2457 expressis
1235 2414 1401 2454 habentes,
1425 2413 1609 2446 huiusmodi
1635 2413 1797 2456 supplica-

1056 2467 1196 2499 tionibus
1216 2466 1371 2507 inclinati,
1387 2467 1565 2510 prioratum
1579 2472 1609 2499 et
1629 2466 1798 2510 parochia-

1056 2519 1100 2552 les
1120 2519 1270 2552 ecelesias
1291 2518 1475 2552 huiusmodi
1501 2529 1573 2552 cum
1595 2519 1737 2563 primum
1759 2519 1796 2552 il·

1056 2574 1120 2606 lum
1153 2578 1184 2605 et
1213 2572 1282 2605 illas
1307 2583 1364 2616 per
1384 2583 1521 2612 cessum,
1546 2573 1643 2606 etiam
1665 2583 1796 2617 permu-

1056 2626 1182 2660 tationis
1195 2636 1301 2666 eausa,
1317 2626 1364 2659 vel
1383 2626 1561 2667 decessum,
1578 2637 1634 2660 seu
1652 2627 1796 2671 quamvis

1054 2679 1148 2713 aliam
1175 2679 1394 2714 dimissionem
1417 2681 1464 2714 vel
1485 2680 1691 2715 amissionem
1711 2708 1718 2724 ,
1740 2692 1795 2715 seu

1698 264 1763 301 495
1810 276 1860 304 An.
1876 278 1905 305 c.
1924 278 1992 307 ¹599

1826 1829 1874 1850 Unit
1884 1827 1986 1851 Clemens.
