2253 3195
35 219 84 245 An.
102 218 130 245 C.
154 218 222 245 1596

4 1303 6 1309 ,
50 1283 162 1313 clausulae
178 1283 213 1303 de-

5 1314 7 1321 ’
28 1312 157 1336 rogator-iae.

851 218 998 243 CLEMENS
1017 218 1075 242 vul
1095 218 1146 242 PP-

234 276 290 299 seu
311 266 513 309 impugnari,
537 272 592 300 aut
615 267 673 300 sub
701 266 866 310 quibusvis
885 276 977 299 revo-

235 320 434 358 cationibus,
458 320 743 364 suspensionibus,
771 320 974 352 limitationi-

234 374 310 414 bus,
334 380 388 407 aut
418 374 488 407 aliis
519 374 688 420 contrariis
714 373 977 417 dispositionibus

234 427 481 471 comprehendi,
506 428 561 460 sed
585 438 713 470 semper
739 427 778 459 ab
803 427 864 459 illis
885 438 976 459 exce-

233 487 303 524 ptas
323 491 390 514 esse
411 486 442 513 ct
462 481 542 519 fore,
558 486 589 513 et
609 480 733 523 quoties
754 480 826 512 illac
848 491 977 512 emana-

233 533 324 572 bunt‚
341 533 433 566 toties
454 534 485 565 in
503 533 673 576 pristinum
695 539 726 565 et
746 533 976 565 validissimum

232 592 349 619 statum
379 587 561 626 restitutos,
590 586 747 629 repositos
780 591 810 618 et
834 586 977 628 plenarie.

234 640 445 681 reintegratos
476 639 609 672 censeri.
646 639 761 682 Sicque
788 650 846 682 per
875 649 974 682 quos-

233 702 370 735 cumque
396 692 516 724 iudices
534 698 564 724 et
585 692 841 730 commissarios,
866 692 977 736 quavis

231 745 420 778 auctoritate
450 746 638 787 fungentes,
674 745 769 778 etiam
807 756 975 778 causarum

230 798 340 843 palatii
361 798 528 842 apostolici
555 799 719 831 auditores
736 826 743 839 ,
764 809 800 831 ac
820 799 850 832 S.
879 799 915 832 R.
940 799 973 831 E.

231 852 426 891 cardinales,
450 852 575 884 sublata
595 852 640 884 eis
661 858 689 884 et
711 862 824 885 eorum
846 852 975 885 cuilibet

231 905 342 950 quavis
366 905 458 938 aliter
487 905 650 938 iudicandi
681 911 711 938 et
743 905 975 949 interpretandi

230 959 380 991 facultate
401 965 431 991 et
451 958 652 996 auctoritate,
678 958 813 991 iudicari
839 963 870 991 et
895 959 975 991 dess-

1011 276 1172 308 rogamus,
1196 265 1394 309 caeterisque
1421 263 1589 298 contrariis
1617 263 1753 307 quibus-

1012 330 1163 362 cumque.

1056 373 1070 415 g
1096 372 1143 405 ll.
1168 372 1322 405 Volumus
1351 377 1477 412 autem,
1505 376 1536 404 et
1564 369 1756 404 auctoritate

1011 425 1187 468 apostolica
1208 424 1423 464 decernimus,
1438 424 1527 468 quod
1546 423 1756 467 transumptis

1011 477 1228 521 praesentium
1251 478 1442 516 litterarum,
1467 477 1563 510 etiam
1578 476 1753 520 impressis,

1011 531 1115 572 sigillo
1141 530 1275 563 alicuius
1299 540 1456 573 personae
1480 530 1512 562 in
1533 530 1688 572 dignitate
1706 540 1757 562 ec-

1011 583 1188 616 clesiastica
1220 583 1410 616 constitutae
1430 583 1579 623 munitis,
1604 588 1634 616 et
1659 593 1757 615 manu

1012 638 1127 670 notarii
1149 638 1270 681 publici
1298 638 1486 682 subscriptis
1512 638 1624 671 eadem
1654 637 1753 677 fides,

1013 697 1075 724 tam
1101 692 1133 724 in
1153 692 1273 725 iudicio
1295 703 1391 735 quam
1413 697 1501 725 extra
1521 691 1601 724 illud
1620 691 1758 724 ubilibet

1011 745 1213 783 adhibeatur,
1242 757 1324 790 quac
1346 746 1422 789 ipsis
1440 746 1650 788 originalibus
1670 745 1755 778 litte-

1011 799 1053 831 ris
1083 799 1301 839 adhiberetur,
1325 799 1350 832 si
1383 800 1488 832 forent
1517 798 1676 832 exhibitae
1707 798 1755 831 vel

1011 858 1167 886 ostensae.

1054 906 1167 938 Datum
1189 906 1327 946 Tusculi,
1351 905 1410 938 sub
1431 906 1551 938 annulo
1571 905 1751 945 piscatoris,

1011 959 1061 992 die
1082 960 1275 992 duodecima
1295 959 1448 999 octobris,
1473 959 1644 992 millesimo
1662 958 1755 1002 quin-

230 1012 293 1044 niri
314 1012 451 1051 debere,
476 1022 602 1044 necnon
630 1011 756 1044 irritum
780 1018 810 1044 et
836 1012 930 1044 inane
950 1012 974 1045 si
1010 1014 1188 1055 gentesimo
1209 1013 1419 1055 nonagesimo
1437 1012 1755 1056 sexto,pontificatus

230 1076 321 1098 secus
340 1076 437 1108 super
461 1065 510 1097 his
535 1075 552 1097 a
574 1075 760 1108 quoquam,
785 1065 896 1108 quavis
920 1076 976 1098 au-
1010 1067 1109 1099 nostri
1130 1077 1215 1099 anno
1236 1066 1361 1109 quinto.

230 1118 388 1159 ctoritate,
412 1118 552 1151 scienter
572 1118 620 1150 vel
648 1118 852 1160 ignoranter,
874 1120 975 1152 conti-

230 1172 312 1214 gerit
331 1171 491 1205 attentari.

275 1226 291 1267 g
312 1223 365 1257 10.
388 1225 458 1258 Non
483 1224 685 1258 obstantibus
706 1224 871 1268 quibusvis
895 1235 973 1268 apo-

228 1278 359 1318 stolicis,
388 1289 424 1311 ac
452 1278 484 1310 in
504 1277 749 1318 universalibus,
770 1278 974 1321 provinciali-

228 1331 288 1364 bus
308 1337 339 1364 et
357 1331 565 1376 synodalibus
586 1332 730 1364 conciliis
760 1332 853 1365 editis
878 1343 974 1374 gene-

227 1385 348 1418 ralibus
367 1386 416 1418 vel
443 1385 636 1429 specialibus
667 1385 969 1426 constitutionibus,

228 1438 323 1471 etiam
353 1439 444 1471 Mare
474 1439 592 1481 Maqno
607 1465 614 1479 ,
639 1439 743 1471 Bacca
768 1440 900 1480 Aurea,
924 1441 971 1473 vel

228 1491 306 1524 alias
325 1492 536 1536 nuncupatis,
561 1503 598 1525 ac
618 1492 876 1536 quibuscumque
896 1494 972 1527 dicti

227 1545 357 1579 Ordinis
369 1545 493 1578 statutis
511 1551 542 1578 et
558 1546 858 1587 consuetudinibus,
875 1547 971 1580 etiam

227 1599 421 1639 iuramento,
445 1599 692 1633 confirmatione
713 1600 900 1643 apostolica,
924 1602 971 1634 vel

227 1653 337 1697 quavis
357 1653 509 1685 firmitate
531 1653 593 1686 alia
611 1654 782 1694 roboratis,
797 1654 972 1697 privilegiis

226 1717 375 1750 quoque,
397 1706 529 1740 indultis
558 1712 590 1739 et
620 1707 734 1740 litteris
765 1708 968 1751 apostolicis,

225 1765 290 1792 tam
311 1760 428 1799 eidem,
445 1771 542 1803 quam
557 1760 627 1793 aliis
641 1761 901 1805 quibuscumque
915 1762 972 1795 Or-

226 1813 370 1853 dinibus,
394 1824 508 1847 eorum
529 1815 752 1858 superioribus
773 1821 804 1848 et
827 1816 972 1859 personis

225 1867 283 1900 sub
297 1867 555 1911 quibuscumque
569 1868 733 1901 tenoribus
753 1874 783 1901 et
799 1869 920 1909 formis,
936 1880 971 1902 ac

225 1932 298 1954 cum
311 1921 485 1965 quibusvis,
497 1921 593 1955 etiam
607 1922 819 1964 derogatoriis
835 1923 971 1967 aliisque

224 1974 360 2007 insolitis
385 1975 546 2015 clausulis,
567 1986 604 2008 ac
624 1976 826 2009 irritantibus
855 1982 885 2009 et
902 1978 971 2011 aliis

226 2027 373 2067 decretis,
398 2027 429 2060 in
449 2029 647 2061 contrarium
669 2030 920 2072 praemissorum
939 2031 970 2064 in

225 2091 342 2122 genere
373 2082 421 2114 vel
442 2081 474 2113 in
499 2082 625 2125 specie,
649 2083 746 2115 etiam
774 2089 864 2116 motu
893 2095 971 2128 pro-

224 2134 296 2178 prio
321 2139 351 2167 et
368 2134 646 2176 consistorialiter,
670 2136 717 2168 vel
738 2136 815 2169 alias
836 2147 972 2180 quomo-

225 2188 348 2221 dolibet
368 2188 539 2228 concessis,
567 2199 604 2222 ac
624 2189 744 2233 pluries
772 2190 971 2223 confirmatis

225 2247 256 2274 et
275 2242 473 2285 approbatis,
494 2253 531 2275 ac
551 2242 702 2275 omnibus
722 2242 795 2283 illis,
819 2254 901 2287 quae
922 2244 970 2277 di-

226 2300 294 2328 ctus
313 2295 488 2337 Gregorius
510 2296 741 2338 praedecessor
759 2296 789 2328 in
807 2296 873 2329 suis
890 2297 972 2330 litte-

226 2348 270 2381 ris
299 2349 398 2382 voluit
418 2359 482 2381 non
511 2349 650 2382 obstare.
679 2349 800 2388 Quibus
821 2350 972 2384 omuibus

226 2407 257 2435 et
276 2402 421 2444 singulis,
445 2413 558 2436 eorum
578 2409 717 2443 tenores,
735 2414 771 2436 ac
782 2403 807 2436 si
822 2404 861 2437 de
872 2405 971 2438 verbo

225 2456 266 2489 ad
282 2456 414 2489 verbum
428 2456 652 2499 praesentibus
669 2457 897 2497 insererentur,
912 2468 971 2501 pro

225 2508 321 2552 plene
346 2514 377 2541 et
395 2508 591 2543 sufficienter
615 2510 772 2553 expressis
793 2510 968 2551 habentes,

225 2561 288 2595 illis
304 2561 381 2595 alias
402 2561 433 2594 in
454 2573 514 2596 suo
535 2563 652 2596 robore
666 2563 896 2607 permansuris,
911 2564 971 2597 bac

226 2614 294 2648 vice
315 2615 480 2650 dumtaxat
497 2616 680 2660 specialiter
699 2622 730 2650 et
748 2627 896 2660 expresse
914 2617 970 2651 de-

1045 1120 1105 1146 Dut.
1128 1120 1170 1145 di=¹
1188 1119 1220 1145 1⁶2
1235 1119 1354 1146 octobris
1376 1118 1453 1152 1596,
1471 1118 1566 1154 pontif.
1579 1126 1622 1144 an.
1637 1125 1664 1144 v.

1008 1208 1165 1251 Sequitur
1184 1208 1326 1240 extensio
1344 1207 1448 1239 dictae
1466 1206 1575 1239 bullae
1587 1206 1629 1239 acl
1645 1205 1756 1240 Gallos

1274 1264 1302 1292 et
1324 1260 1485 1303 Belyz'cas.

1217 1332 1350 1358 Clemens
1367 1332 1446 1365 Papa
1461 1331 1540 1362 vm.

1141 1377 1175 1404 ad
1193 1380 1369 1410 perpetuam
1383 1375 1429 1403 rei
1444 1376 1625 1403 memoriam.

1052 1441 1112 1473 Pro
1135 1439 1281 1479 iniuncti,
1304 1443 1360 1471 etc.
1384 1439 1404 1470 ¹.

1052 1495 1068 1535 ξ
1090 1493 1119 1526 t.
1141 1493 1232 1526 Nunc
1252 1503 1327 1525 vero
1352 1496 1574 1531 agnoscentes
1591 1501 1650 1534 pro
1669 1490 1752 1524 felici

1006 1553 1089 1580 statu
1110 1554 1139 1580 et
1161 1547 1330 1589 gubernio,
1348 1546 1406 1579 FF.
1421 1546 1681 1579 Reformatorum
1696 1545 1752 1578 Mi-

1006 1612 1123 1634 norum
1142 1602 1171 1635 S.
1201 1600 1360 1634 Francisci
1383 1600 1422 1633 de
1442 1599 1662 1638 Observantia,
1678 1609 1753 1642 pro-

1007 1654 1184 1686 vinciarum
1206 1653 1408 1695 Belgicarum
1427 1652 1614 1691 Flandriae,
1641 1651 1753 1684 videli-

1007 1713 1073 1747 cet,
1098 1708 1128 1741 S.
1153 1708 1299 1740 Andreae
1324 1712 1354 1739 et
1374 1706 1582 1746 Brabanhae,
1607 1705 1685 1738 alias
1705 1705 1753 1737 in-

1006 1761 1130 1794 ferioris
1150 1760 1351 1800 Germaniae,
1376 1760 1553 1803 plurimum
1579 1759 1749 1803 expedire,

1006 1820 1041 1847 ut
1060 1825 1118 1848 nos
1148 1814 1364 1858 praeinsertas
1390 1813 1512 1846 litteras
1542 1812 1749 1851 huiusmodi,

1006 1865 1088 1912 quae
1105 1868 1231 1912 pridem
1249 1867 1281 1900 in
1302 1868 1442 1900 favorem
1469 1867 1528 1899 FF.
1549 1867 1752 1899 Reformato-

1007 1932 1078 1954 rum
1109 1921 1219 1954 ltaliae
1248 1919 1533 1959 confirmavimus,
1562 1919 1680 1952 deinde
1712 1919 1753 1952 ad

1005 1975 1131 2007 Fratres
1148 1974 1348 2007 Reformatos
1361 1973 1451 2015 regni
1472 1972 1625 2006 Franciae
1644 1978 1752 2005 exten-

1007 2028 1122 2067 dimus,
1137 2033 1233 2071 prout
1252 2028 1285 2060 in
1306 2026 1423 2060 nostris
1441 2027 1579 2070 desuper
1596 2025 1752 2069 expeditis

1006 2081 1118 2114 litteris
1132 2081 1228 2114 etiam
1249 2080 1376 2124 plenius
1396 2079 1591 2119 continetur,
1606 2079 1647 2111 ad
1668 2078 1752 2122 ipsas

1006 2146 1135 2180 quoque
1166 2135 1369 2179 provincias,
1400 2134 1431 2166 in
1457 2133 1608 2166 omnibus
1635 2138 1666 2165 et
1694 2143 1753 2176 per

1006 2189 1115 2221 omnia
1132 2188 1239 2231 (salvis
1257 2186 1748 2231 infrascriptislimitationibus),

1007 2242 1226 2280 extendamus,
1242 2246 1273 2274 et
1286 2251 1344 2284 pro
1366 2240 1457 2273 dictis
1474 2239 1648 2283 provinciis
1668 2249 1749 2272 con-

1007 2295 1174 2328 firmemus
1195 2301 1225 2328 et
1250 2295 1450 2327 innovemus.
1539 2297 1542 2300 ’

1051 2351 1067 2390 ξ
1089 2348 1118 2381 2.
1134 2349 1311 2392 Eapropter
1325 2348 1514 2381 eorumdem
1528 2347 1676 2380 Fratrum
1692 2348 1753 2380 Re-

1007 2403 1221 2435 formatorum
1254 2402 1414 2435 dictarum
1446 2401 1686 2445 provinciarum
1719 2401 1752 2434 id

1007 2455 1172 2488 humiliter
1196 2455 1436 2498 exposcentium
1463 2454 1672 2499 petitionibus
1697 2465 1753 2488 an-

1006 2509 1171 2541 nuendum
1203 2508 1362 2541 duximus.
1383 2509 1559 2552 Propterea
1584 2519 1696 2542 omnes
1722 2514 1753 2542 et

1005 2562 1148 2604 singulos
1177 2562 1335 2595 dictarum
1363 2561 1603 2605 provinciarum
1625 2562 1752 2596 Fratres

1042 2627 1052 2653 1
1071 2625 1104 2653 Ut
1121 2633 1205 2661 supra
1218 2626 1245 2653 in
1261 2625 1452 2654 constitutione
1467 2625 1643 2662 praeinserta.

1772 215 1822 242 An.
1839 214 1867 242 C.
1888 215 1956 243 1596

1824 382 1886 403 Fides
1900 384 1954 404 tran-

1770 412 1907 436 sumptorum.

1805 1499 1904 1519 Extensio
1923 1498 1953 1518 di-

1769 1527 1815 1545 ctae
1836 1526 1905 1546 bullae
1926 1525 1953 1545 ad

1769 1552 1837 1572 Gallos
1853 1552 1954 1575 refertu‘r,

1810 2351 1953 2377 Extensioque

1768 2379 1794 2399 ad
1811 2378 1909 2404 Belgicas
1921 2378 1953 2398 tir-

1767 2408 1843 2427 matur.
