2253 3195
285 281 335 309 An.
357 281 387 309 C.
405 280 473 308 1599

308 1567 421 1588 Demeam
431 1572 479 1587 con·

295 1597 334 1615 tra·
342 1602 406 1614 iurum

519 269 582 303 5⁶22

1071 276 1257 301 BULLARIUM
1272 276 1427 301 ROMANUM

485 335 515 362 et
536 326 746 361 consideratis
759 325 923 368 omnibus)
938 325 1087 369 expedire
1100 325 1224 358 videbi-
1257 325 1428 352 Venerabili
1439 325 1528 352 fratri
1543 325 1731 360 aristophoro
1747 325 1893 361 episcopo,
1909 333 1943 354 ac
1955 326 1999 353 di-

487 389 548 422 tur,
572 381 641 413 aliis
662 390 791 423 quoque
821 379 964 421 collegiis
985 384 1015 412 et
1044 378 1224 411 seminariis

486 433 668 476 Anglicanis
689 438 776 465 extra
796 432 916 465 Urbem
939 432 969 464 in
996 431 1224 475 Hispaniarum

485 487 602 529 regnis,
624 492 678 519 aut
697 486 729 518 in
750 486 897 529 partibus
915 486 1075 519 inferioris
1094 486 1226 520 Germa-

485 540 556 573 niae
577 540 737 579 institutis,
755 539 1011 579 communicare;
1035 539 1225 572 nominatim

486 604 560 626 vero
587 593 780 636 cuicumque
811 603 846 625 ex
873 593 966 626 dictis
999 592 1141 635 collegiis
1171 603 1227 625 seu

486 647 676 686 seminariis,
693 654 727 679 ut
740 647 998 690 unumquodque
1015 646 1170 689 ipsorum,
1187 646 1227 678 ad

486 700 580 734 huius
600 701 726 743 collegii
739 700 833 734 Urbis
851 701 1045 744 exemplum,
1069 701 1132 733 duo
1152 701 1229 733 festa

487 765 524 787 ex
544 754 606 786 iam
629 754 816 798 approbatis
829 754 1020 787 Sanctorum
1035 754 1225 796 Anglorum,

487 818 570 851 quae
584 818 656 840 cum
679 813 783 840 vestro
797 818 954 840 consensu
969 806 1028 839 sibi
1038 807 1227 849 delegerint,

488 861 622 903 singulis
643 861 734 893 annis
755 861 931 901 celebrare,
956 871 992 893 ac
1014 860 1050 893 iis
1063 860 1149 893 sestis
1162 860 1230 893 die-

488 915 558 952 bus,
583 914 694 947 iisdem
727 914 903 958 privilegiis
933 920 964 947 et
995 913 1202 955 indulgentiis
1221 941 1228 954 ,

488 968 605 1011 quibus
633 968 804 1011 collegium
827 968 1039 1009 Anglicanum
1077 967 1169 1001 Urbis
1200 967 1232 1000 in

489 1021 710 1055 festivitatibus
738 1022 973 1065 [Sanctissimae
1003 1021 1166 1054 Trinitatis
1202 1027 1233 1054 et

489 1075 595 1108 Sancti
616 1076 756 1108 Tliomae
778 1075 1014 1108 Cantuarieusis
1042 1075 1182 1117 gaudere
1204 1081 1233 1108 et

491 1128 552 1160 frui
583 1129 684 1168 solet,
718 1128 785 1171 pari
812 1129 920 1167 modo⁷
953 1139 989 1160 ac
1013 1127 1038 1159 si
1059 1128 1233 1171 unicuique

491 1181 633 1224 ipsorum
674 1181 883 1223 collegiorum
917 1187 947 1214 et
984 1181 1232 1214 sen‘iinariorum

491 1235 681 1267 nominatim
703 1245 854 1268 concessa
877 1235 1019 1274 fuissent,
1043 1234 1184 1277 gaudere
1198 1245 1234 1267 ac

492 1289 554 1320 frui
577 1289 699 1331 possint
718 1295 748 1321 et
773 1289 909 1325 valcant,
934 1289 1110 1321 concedere
1129 1293 1159 1320 et
1189 1288 1235 1320 in-

493 1342 636 1383 dulgere,
653 1342 843 1375 auctoritate
857 1348 975 1381 nostra,
993 1342 1120 1385 possitis
1135 1347 1164 1374 et
1177 1353 1231 1374 ra-

493 1395 595 1434 teritis,
617 1395 744 1438 plenam
767 1401 794 1428 ct
819 1396 952 1427 liberam
974 1406 1031 1439 per
1052 1401 1235 1438 praesentes

494 1449 605 1481 cadem
618 1449 1024 1481 auctoritateconcedimus
1038 1449 1232 1481 facultatem.

540 1503 606 1543 gd.
633 1503 700 1535 Non
728 1503 928 1535 obstantibus
958 1508 1067 1535 nostra
1098 1503 1137 1535 de
1172 1513 1235 1535 nou

495 1557 710 1589 concedendis
732 1556 939 1597 indulgentiis
960 1557 998 1588 ad
1021 1557 1129 1595 instar,
1154 1557 1236 1588 aliis-

495 1621 557 1654 que
594 1610 877 1643 constitutionilms
911 1616 941 1643 et
980 1610 1238 1643 ordinationibus

495 1663 689 1707 apostolicis,
715 1669 745 1695 et
772 1674 1054 1707 quorumcumque
1078 1663 1234 1705 collegio—

498 1728 567 1748 rum
589 1723 619 1749 et.
640 1716 889 1749 semiuariorum
921 1716 1107 1750 huiusmodi
1141 1717 1236 1749 ctiam

497 1770 689 1807 iuramento,
714 1770 962 1802 confirmatione
983 1770 1173 1813 apostolica,
1191 1771 1236 1803 vel

497 1823 607 1866 quavis
633 1823 783 1856 firmitate
809 1823 871 1855 alia
904 1824 1080 1863 roboratis,
1114 1823 1240 1856 statutis

498 1883 525 1909 et
548 1877 845 1916 consuetudinibus,
861 1877 1058 1920 caeterisque
1072 1877 1240 1910 contrariis

498 1930 766 1974 quibuscumque.

543 1984 655 2016 Datum
678 1984 796 2016 llomae
809 1984 892 2026 apud
911 1984 941 2016 S.
967 1984 1095 2016 Petrum
1111 1984 1168 2015 suli
1184 1994 1240 2016 an-

499 2038 575 2069 nulo
597 2037 776 2075 l'iscatoris‚
802 2037 906 2070 dievu
930 2037 995 2069 iulii
1012 2047 1142 2073 iinxfflx.
1161 2048 1241 2080 pon·
1259 2064 1260 2067 ,

502 2091 638 2123 tilii-:itus
660 2090 759 2122 nostri
779 2101 864 2122 :uiuo
887 2101 953 2123 viu.

537 2154 594 2180 nai.
618 2154 660 2180 die
682 2154 695 2181 7
713 2154 767 2180 iulii
789 2155 863 2187 tant),
886 2153 981 2189 pontif.
1000 2163 1042 2179 nu.
1065 2160 1122 2179 tut.

821 2334 915 2366 llthl.

504 2441 722 2483 (Ioust‘rmutur
735 2443 892 2472 statutum
915 2439 1062 2483 Capituli
1079 2439 1242 2471 ltam'lien-

548 2505 590 2533 xis
613 2504 650 2534 tlt·
671 2515 733 2535 non
758 2502 969 2545 iusvudnurlis·
990 2502 1078 2533 [mnis-
1101 2501 1241 2533 eiusdem

548 2566 716 2602 vra-luciae,
758 2576 931 2607 eurumque
967 2568 1086 2596 ›annm‹
1127 2563 1244 2594 immu-

551 2627 648 2658 tanda
671 2628 688 2659 ¹.

544 2691 551 2717 1
573 2690 606 2716 tiu
625 2690 728 2725 ttvgvnt
747 2690 771 2715 iu
792 2693 895 2716 §vrri-t
916 2689 1047 2715 tirannum.

1294 369 1381 397 lectis
1397 370 1469 397 filiis
1485 370 1665 404 praeposito.
1684 372 1794 398 decano
1815 374 1845 398 et
1864 371 2000 405 Capituli>

1296 414 1441 441 ecclesiae
1458 414 1636 441 Basiliensis

1433 470 1590 502 Clemens
1611 472 1706 513 Papa
1726 472 1820 502 VIII.

1360 538 1548 566 Venerabilis
1565 539 1659 566 frater
1675 542 1705 566 et.
1721 538 1826 566 dilecti
1840 538 1905 571 filii,

1303 584 1432 610 salutem
1451 587 1482 610 et
1502 583 1696 616 apostolicam
1715 583 1962 610 benedictionem.

1307 646 1457 679 Sincerae
1492 646 1566 679 fidei
1589 652 1619 678 et
1649 646 1827 679 devotionis
1848 646 2000 686 affectus,

1264 710 1328 743 quo
1348 710 1406 732 nos
1427 705 1456 732 et
1476 700 1655 732 Romanam
1687 699 1920 743 prosequimini
1940 699 2001 732 Ec·-

1265 753 1413 793 clesiam,
1436 758 1641 796 promeretur
1671 758 1706 785 ut
1731 758 1848 785 statuta
1873 763 1931 796 per
1950 763 2005 785 vos

1265 806 1305 839 ad
1333 806 1492 839 Ecclesiae
1521 812 1642 839 vestrae
1669 806 1841 839 utilitatem
1862 814 1892 838 et
1917 817 2006 839 eoin-

1267 860 1398 892 modum
1426 860 1526 900 facta,
1551 860 1745 903 apostolicae
1766 866 1896 893 nostrae
1929 870 2006 892 con-

1268 913 1459 946 firmationis
1490 913 1607 946 robore
1637 913 1774 946 libenter
1805 913 2006 946 communia-

1269 979 1349 1005 mus,
1371 973 1466 1011 prout
1487 967 1518 999 in
1537 967 1674 1000 Domino
1695 967 1867 1000 salubriter
1881 967 2007 1011 conspi-

1268 1021 1369 1054 cimus
1390 1021 1550 1065 expedire.

1314 1077 1328 1117 ξ
1362 1075 1391 1107 l.
1424 1075 1535 1108 Vestro
1571 1075 1729 1118 siquidem
1762 1075 1893 1108 nomine
1914 1074 2007 1107 nobis

1269 1138 1372 1171 nuper
1398 1128 1578 1171 expositum
1612 1127 1690 1168 suit,
1717 1128 1804 1171 quod
1824 1138 1879 1161 vos
1899 1133 2004 1160 atten-

1269 1182 1380 1214 dentes
1418 1181 1591 1213 Ecclesiam
1628 1187 1764 1214 vestram
1801 1181 2006 1214 Basiliensem

1269 1235 1422 1278 potentia,
1438 1235 1638 1274 auctoritate,
1661 1235 1776 1278 opibus
1793 1235 1832 1267 ab
1854 1234 1930 1278 ipsis
1945 1235 2008 1267 sere

1269 1288 1402 1331 originis
1423 1299 1499 1321 suae
1520 1289 1707 1332 primordiis
1727 1288 1856 1331 egregie
1884 1288 2006 1321 ssoren-

1272 1348 1345 1379 tem,
1363 1352 1448 1374 nune
1463 1341 1579 1374 iniuria
1592 1347 1621 1374 et
1643 1341 1811 1384 iniquitate
1828 1346 2009 1385 temporum

1271 1395 1506 1439 propemodum
1529 1405 1669 1428 eversam
1700 1400 1730 1427 et
1751 1395 1924 1438 collapsam
1947 1394 2011 1427 exi-

1270 1455 1371 1488 stere,
1393 1448 1489 1491 idque
1510 1455 1736 1492 praeterquam
1758 1447 1896 1481 Ecclesia
1920 1458 2012 1491 prae-

1271 1503 1355 1535 dicta
1376 1503 1466 1535 bellis
1487 1502 1681 1545 gravissimis
1702 1507 1926 1546 conquassata,
1954 1501 2012 1534 im-

1273 1567 1383 1589 menso
1416 1567 1489 1589 aere
1526 1557 1631 1589 alieno
1661 1562 1689 1588 et
1722 1556 1893 1600 pignorum
1929 1566 2012 1588 nexu

1272 1611 1390 1644 afflicta
1417 1616 1483 1651 est,
1519 1622 1555 1644 ex
1586 1611 1860 1644 infeudationibus
1892 1620 2009 1654 perpe-

1274 1664 1334 1696 tuis
1356 1664 1515 1697 bonorum
1541 1664 1644 1697 dictae
1670 1664 1823 1697 eeclesiae
1846 1663 1934 1697 sactis
1962 1664 2014 1706 (ex

1273 1718 1389 1762 quibus
1420 1717 1519 1761 ipsius
1545 1717 1698 1750 ecclesiae
1729 1717 1890 1757 redditus,
1931 1717 2010 1756 iura,

1275 1778 1401 1811 terrae,
1440 1771 1679 1814 possessiones,
1704 1781 1792 1804 arces
1824 1775 1855 1803 et
1882 1771 2011 1814 oppida,

1275 1835 1356 1868 quae
1379 1835 1506 1857 mensae
1533 1824 1706 1868 episcopali
1734 1830 1828 1857 antea
1855 1823 2015 1867 adscripta

1276 1884 1377 1916 crant,
1402 1884 1430 1910 et
1452 1878 1550 1921 ipsius
1571 1877 1725 1910 ecclesiae
1746 1877 1895 1919 dignitati
1917 1882 1947 1910 et
1970 1877 2017 1909 iu-

1277 1931 1453 1963 risdictioni
1477 1931 1613 1962 tuendae
1636 1930 1861 1969 inserviebant,
1879 1929 2016 1962 alienata

1277 1984 1494 2028 reperiuntur)
1516 1984 1668 2019 evenisse:
1693 1983 1765 2015 ltuic
1784 1984 1903 2016 damno
1924 1988 1953 2016 et
1968 1983 2017 2015 in-

1277 2038 1449 2069 commodo
1478 2037 1585 2080 aliqua
1613 2036 1735 2068 ratione
1761 2046 1933 2069 occurrere
1961 2046 2016 2069 cu-

1278 2091 1411 2134 pit-ntes,
1433 2090 1648 2123 etun-ordibus
1668 2089 1782 2122 :mimis
1803 2096 1831 2122 et
1853 2089 2017 2121 communi

1277 2144 1428 2184 sull'ragio
1443 2145 1524 2176 iuter
1535 2154 1589 2176 ros
1601 2143 1804 2180 coiiveuistis.
1820 2148 1851 2175 ct
1863 2149 2016 2176 statutum

1278 2204 1467 2241 perpetuum
1491 2203 1517 2229 et
1543 2197 1751 2230 irrevocabili·
1773 2197 1962 2229 condidistis
1985 2203 2017 2229 ut

1278 2251 1428 2284 nimirum
1451 2251 1480 2282 iu
1512 2256 1674 2293 posterum
1709 2250 1813 2288 l'euda,
1843 2260 1897 2282 scu
1919 2249 2014 2289 avita,

1277 2316 1331 2337 seu
1354 2316 1434 2336 nova
1468 2304 1519 2335 illa
1540 2303 1614 2340 sint,
1644 2313 1725 2346 qnae
1746 2303 1793 2335 vel
1816 2313 1872 2345 per
1892 2302 2016 2335 obitum

1278 2359 1508 2394 vassallorum,
1533 2357 1578 2389 w}
1601 2356 1663 2389 alio
1695 2366 1900 2399 quorumque
1922 2356 2018 2389 inodo

1278 2412 1315 2443 :ul
1338 2411 1554 2455 episcopali-ui
1578 2421 1720 2442 inensam
1744 2420 1910 2441 reversura
1930 2414 2015 2448 suut,

1279 2465 1397 2497 iic-utini
1431 2475 1572 2507 uuqiuun
1601 2463 1760 2506 amplius=
1797 2462 1885 2494 nullo
1916 2473 2019 2505 neque

1280 2518 1468 2550 meritorum
1499 2528 1603 2560 neque
1636 2515 1834 2548 necessitatis
1856 2516 1901 2547 vel
1932 2514 2019 2547 ulili-

1280 2572 1362 2608 tatis,
1387 2582 1489 2614 nequ«-
1523 2569 1686 2610 saitg‘uiuis
1708 2569 1753 2600 rel
1783 2567 1944 2600 allinitatis
1966 2578 2017 2599 re-

1279 2631 1408 2668 spectu,
1430 2624 1536 2655 ‹leuuo
1563 2634 1666 2666 neth
1694 2622 1722 2654 iu
1746 2626 1936 2665 perpetuum
1967 2631 2021 2652 ue-

1281 2689 1341 2720 ιμυ·
1365 2677 1402 2709 ad
1425 2682 1550 2719 teuipns
1571 2675 1801 2713 voum-dantur,
1817 2673 1872 2707 scd
1895 2683 2021 2706 iueusac

2015 271 2065 303 An.
2086 274 2114 302 C.
2132 272 2200 303 1599

2052 656 2172 677 Exordium.

2036 1081 2153 1108 Capitulum
2163 1082 2207 1101 sta—

2023 1110 2067 1128 tuta
2082 1107 2208 1137 conilitqui·

2022 1135 2061 1155 bus
2087 1134 2208 1154 ‹leem-uiliu-

2022 1167 2048 1181 ne
2076 1160 2138 1181 feuda
2164 1160 2208 1180 eui-

2023 1193 2086 1213 quain
2101 1187 2120 1207 in
2131 1193 2206 1212 pei-po·

2023 1216 2094 1236 tunm.
2123 1213 2155 1234 vel
2181 1213 2208 1233 ad

2024 1243 2118 1266 teinpus,
2134 1245 2208 1260 conce·

2024 1267 2112 1292 dantum
