2253 3195
26 228 27 283 1
65 251 111 277 An.
129 249 156 276 0.
182 248 250 276 1598

88 1048 186 1069 nectat-at
201 1049 246 1069 cius

62 1074 246 1095 administratores

61 1102 88 1121 ab
101 1101 245 1127 archiepisco-

61 1133 88 1154 po
124 1128 171 1153 cogi
205 1134 245 1148 11110

61 1159 123 1180 posse
137 1154 164 1174 ad
183 1155 246 1175 ratio-

18 1203 19 1206 ,
62 1186 99 1202 nes
118 1181 243 1202 reddendas.

91 2108 209 2129 clausulae.

876 247 1022 272 CLEMENS
1042 248 1099 271 VIII
1119 249 1168 272 1¹1⁸.

262 296 402 337 singulas
423 295 597 335 libertates,
619 295 746 335 gratias,
770 295 1000 333 immunitates,

262 348 492 391 exemptioneS,
516 348 579 380 sive
600 349 776 392 privilegia,
801 355 852 381 aut
881 349 1003 382 indulta

262 400 347 433 dicto
368 400 530 444 hospitali,
545 412 581 433 ao
603 401 687 433 illius
707 401 861 444 patronis,
878 412 933 433 scu
948 412 999 433 re-

262 453 403 486 ctoribus
424 459 453 486 01
478 453 663 496 capellanis.
687 453 751 486 sive
773 454 925 486 ministris
946 465 1003 497 per

261 506 363 539 dictos
383 507 646 550 praedecessores
666 516 818 539 concessa
839 512 868 539 et
886 517 1003 549 appro-

261 559 344 599 bata,
368 570 405 592 ae
423 559 544 591 litteras
565 559 753 591 eorumdem
774 558 1001 601 praedecesso-

260 622 331 644 rum
357 612 495 655 desuper
515 611 689 654 expeditas,
713 611 885 654 omniaque
906 611 937 643 111
960 611 999 643 11-

261 665 298 697 115
316 670 475 703 contenta,
489 665 663 708 apostolica
681 665 882 704 auctoritate,
894 670 1002 697 tenore
1018 701 1020 716 ι

260 718 500 762 praesentium,
531 724 688 762 perpetuo
720 719 937 762 approbamus
973 719 1020 775 eti

261 771 503 809 confirmamus,
532 782 568 804 ae
590 772 650 805 illis
675 772 869 816 apostolicae
895 772 1020 820 1111111-Ι

261 825 332 857 tatis
353 825 452 858 robur
477 825 656 865 adiicimus,
684 836 720 858 00
740 836 852 858 0111005
881 831 908 858 01
939 825 1003 857 510-

259 878 351 920 gulos
371 884 434 911 tam
457 878 534 911 iuris
561 890 657 922 quam
686 879 759 911 sacti
790 879 951 918 desectus,
976 878 1000 911 si

261 931 314 974 qui
336 931 564 965 intervenerint
586 932 616 964 in
643 932 776 970 eisdem,
800 932 998 975 supplemus.

306 986 322 1026 ξ
343 983 373 1017 3.
385 984 528 1025 Necnon,
543 986 582 1018 de
595 985 752 1018 sententia
770 985 1000 1018 venerabilium

262 1038 394 1070 fratrum
414 1043 598 1070 nostrorum
618 1040 750 1070 Sanctae
770 1038 933 1070 Romanae
946 1038 1002 1070 Ee-

262 1092 377 1125 clesiae
398 1093 609 1125 cardinalium
636 1093 840 1125 decretorum
870 1091 1020 1125 Concilii'

260 1145 435 1178 Tridentini
453 1146 676 1189 interpretum,
700 1145 815 1178 harum
836 1145 929 1183 serie,
947 1145 1001 1177 de-

262 1198 444 1237 cernimus,
475 1198 594 1232 dictum
627 1198 923 1242 archiepiscopum,
947 1207 1002 1230 seu

262 1251 414 1285 officiales
434 1263 498 1285 non
512 1263 605 1296 posse
626 1262 741 1294 cogere
762 1251 1002 1285 administrato—

260 1317 311 1339 res
331 1306 406 1340 dicti
427 1307 593 1350 hospitalis
618 1318 654 1339 ex
679 1317 748 1350 cap.
773 1317 815 1343 ix,
838 1316 914 1339 sess.
938 1316 1002 1339 xxii

261 1359 337 1393 dieti
350 1360 481 1393 Concilii
496 1361 535 1393 ad
554 1360 751 1393 reddendam
770 1359 830 1393 sibi
844 1359 1001 1392 rationem

260 1414 548 1447 administrationis
568 1414 729 1446 bonorum
760 1413 835 1446 dicti
862 1412 1002 1456 hospita-

260 1467 310 1507 lis,
334 1478 394 1500 nee
415 1468 519 1511 ipsum
540 1467 710 1510 hospitale,
734 1467 884 1509 illiusque
903 1466 999 1506 bona,

261 1527 291 1555 et
311 1520 484 1560 offic-iales,
508 1520 689 1563 capellanos
704 1548 711 1560 ,
735 1525 763 1552 et
785 1519 862 1552 alias
887 1529 999 1563 perso-

260 1584 317 1606 nas
345 1573 403 1606 51111
428 1573 513 1606 dicto
544 1573 646 1616 capite
672 1573 832 1605 ullatenus
853 1582 1002 1616 compre—

260 1626 375 1662 hendi:
406 1625 586 1659 inhibentes
614 1632 786 1669 propterea
818 1626 922 1658 eidem
951 1636 1002 1658 ar-

261 1679 477 1723 chiepiscopo,
498 1690 534 1712 ac
556 1679 686 1719 vicarie,
714 1690 770 1712 seu
795 1678 1000 1717 officialibus,

261 1743 298 1766 ac
317 1732 538 1776 superioribus
551 1738 579 1765 et
594 1732 727 1765 subsidii
739 1733 898 1765 iudicibus
911 1743 1004 1776 prae-

261 1786 348 1826 fatis,
372 1796 412 1819 ne
441 1785 737 1826 administratores,
761 1797 817 1819 seu
848 1792 999 1826 rectores,

261 1845 316 1872 aut
343 1845 514 1882 patronos,
538 1849 598 1872 000
631 1849 695 1872 000
722 1839 924 1882 capellanos,
947 1850 1002 1872 seu

263 1892 425 1925 ministros
467 1892 649 1935 praedictos
691 1892 830 1936 desuper
872 1902 1003 1936 quoquo

263 1946 360 1979 modo
385 1946 567 1986 molestare,
590 1946 792 1989 perturbare,
806 1956 862 1979 seu
876 1946 1002 1990 inquie-

263 2004 330 2032 tare
356 1999 495 2031 audeant
511 1998 558 2031 vel
577 2005 793 2042 praesumant.

308 2054 324 2095 ξ
345 2052 435 2084 11.Αο
452 2051 660 2085 decernentes
680 2058 863 2096 praesentes
883 2053 1003 2086 litteras

263 2106 352 2139 nullo
379 2116 522 2149 unquam
550 2111 695 2149 tempore
721 2107 760 2139 de
786 2107 1004 2151 subreptionis

263 2160 310 2193 vel
331 2159 530 2203 obreptionis
548 2159 634 2199 vitio,
658 2170 712 2192 seu
735 2159 920 2194 intentionis
940 2171 1000 2194 no-

263 2218 358 2253 strae,
379 2213 426 2245 vel
445 2212 597 2256 quopiam
616 2212 680 2245 alio
701 2213 837 2253 defectu,
858 2213 953 2246 etiam
968 2225 1003 2247 ex

263 2276 300 2299 eo
325 2266 413 2309 quod
442 2265 594 2298 interesse
624 2265 778 2299 babentes
807 2266 908 2299 vocati
940 2277 1004 2299 non

263 2319 403 2359 fuerint,
427 2319 552 2359 001011,
576 2319 781 2362 impugnari,
812 2319 1001 2361 invalidari‚

264 2378 318 2406 aut
341 2373 380 2406 ad
401 2373 556 2406 terminos
576 2372 654 2405 iuris
676 2373 804 2411 reduci,
828 2384 884 2406 seu
905 2373 936 2406 in
958 2374 1006 2407 1115

264 2427 311 2459 vel
330 2426 580 2459 controversiam
604 2426 746 2459 revocari
764 2436 875 2470 posse;
896 2426 1006 2470 sicque

264 2490 321 2523 per
332 2489 554 2523 quoscumque
575 2479 696 2513 iudices
718 2485 749 2512 et
769 2480 1007 2513 commissarios

265 2533 375 2577 quavis
400 2533 590 2566 auctoritate
612 2534 791 2575 fungentes,
813 2533 908 2566 etiam
927 2545 1003 2567 cau-

266 2596 372 2619 sarum
387 2586 496 2629 palatii
508 2587 674 2630 apostolici
689 2587 862 2626 auditores,
879 2593 909 2620 et
922 2588 1003 2621 San-

267 2645 335 2673 ctae
350 2640 512 2673 Romanae
530 2640 688 2674 Ecclesiae
701 2640 890 2682 cardinales,
911 2641 1006 2675 etiam

1685 239 1750 273 435

1038 296 1076 328 de
1109 297 1206 329 latere
1232 297 1371 339 legatos,
1402 297 1526 330 sublata
1548 297 1592 330 eis
1612 303 1641 330 et
1666 307 1778 330 eorum

1037 349 1169 381 cuilibet
1188 349 1298 392 quavis
1319 349 1411 382 aliter
1433 350 1595 383 iudicandi
1621 356 1649 383 et
1672 350 1774 383 inter-

1037 402 1185 444 pretandi
1205 403 1354 435 facultate
1378 408 1406 435 01
1435 403 1635 443 auctoritate,
1658 403 1778 447 ubique

1037 454 1171 487 iudicari
1199 461 1229 487 01
1252 455 1378 488 definiri
1400 457 1530 494 debere,
1554 467 1680 490 necnon
1701 457 1775 490 irriu

1038 512 1102 539 tum
1130 513 1157 539 01
1189 508 1283 541 inane
1303 509 1461 553 quidquid
1488 521 1580 543 secus
1604 521 1701 554 super
1730 511 1778 543 his

1037 570 1054 591 0
1079 571 1259 603 quoquam.
1283 562 1393 604 quavis
1413 563 1613 603 auctoritate,
1641 564 1778 597 scienter

1036 612 1084 645 vel
1103 612 1299 654 ignoranter,
1324 614 1495 656 contigerit
1514 616 1675 649 attentari.

1082 667 1097 707 ξ
1119 665 1148 698 5.
1166 666 1322 704 Quocirca
1340 667 1463 700 dilectis
1484 668 1557 701 siliis
1576 679 1661 701 nunc
1675 675 1704 702 et
1718 680 1777 713 pro

1037 724 1182 761 tempore
1217 719 1425 753 existentibus
1457 721 1562 754 Sancti
1594 722 1700 755 Iacebi
1739 723 1778 755 de

1036 771 1154 814 Spatha
1168 772 1373 816 Hispalensis,
1391 780 1418 806 et
1434 774 1540 807 Sancti
1552 775 1708 807 Dominici
1722 786 1778 819 op-

1036 824 1102 867 pidi
1118 824 1253 858 civitatis
1267 832 1472 870 nuncupatae
1490 828 1529 859 de
1546 827 1651 867 Xirex,
1668 828 1779 872 Hispa-

1037 877 1132 910 lensis
1146 877 1312 918 dioecesis,
1330 879 1494 922 prioribus
1512 890 1548 912 ac
1562 881 1776 924 praeceptori,

1036 941 1091 963 5011
1111 932 1368 966 commendatori
1388 934 1502 966 Beatae
1523 933 1639 966 Mariae
1651 934 1690 967 de
1701 934 1780 967 Mer-

1037 985 1113 1017 cede
1127 985 1370 1029 Redemptionis
1387 982 1603 1030 Captivorum,
1620 988 1730 1031 oppidi
1750 994 1780 1021 et

1036 1037 1191 1071 dioecesis
1205 1038 1405 1079 huiusmodi,
1422 1051 1479 1084 per
1492 1047 1677 1084 praesentes
1691 1051 1780 1074 man-

1037 1091 1160 1131 damus,
1185 1097 1342 1135 quatenus
1362 1093 1433 1136 ipsi,
1458 1094 1506 1126 vel
1525 1094 1600 1134 duo,
1625 1100 1679 1127 aut
1696 1105 1779 1128 unus

1037 1154 1160 1185 eorum,
1184 1156 1243 1188 per
1262 1156 1294 1179 se
1312 1146 1359 1178 vel
1381 1146 1479 1179 alium
1499 1158 1555 1180 seu
1575 1147 1666 1188 alios,
1684 1159 1778 1191 prae-

1037 1203 1141 1230 sentes
1166 1198 1298 1239 litteras,
1322 1205 1353 1232 et
1377 1199 1408 1231 in
1429 1200 1474 1233 eis
1494 1206 1644 1233 contenta
1675 1212 1776 1245 quae-

1037 1261 1187 1294 cumque,
1215 1252 1269 1284 ubi
1296 1258 1325 1285 et
1356 1253 1488 1296 quando
1513 1263 1593 1297 opus
1618 1254 1722 1294 suerit,
1743 1265 1780 1288 ac

1037 1304 1163 1347 quoties
1191 1315 1250 1348 pro
1275 1311 1365 1349 parte
1395 1311 1626 1349 patronorum,
1650 1317 1706 1340 seu
1727 1319 1778 1341 re-

1037 1358 1162 1390 ctorum
1187 1358 1263 1391 dicti
1289 1358 1455 1402 hospitalis
1476 1359 1594 1392 suerint
1614 1360 1776 1403 requisiti,

1037 1411 1223 1444 solemniter
1248 1411 1460 1455 publicantes,
1484 1413 1594 1456 eisque
1627 1413 1659 1446 in
1688 1424 1780 1457 prae-

1038 1464 1140 1498 missis
1161 1465 1298 1499 esficaeis
1320 1467 1515 1500 defensionis
1539 1468 1700 1510 praesidio
1725 1479 1777 1501 as-

1037 1518 1200 1559 sistentes,
1225 1519 1343 1552 saciant
1370 1520 1559 1553 auctoritate
1591 1526 1701 1554 nostra
1726 1532 1780 1555 eos

1037 1573 1222 1615 praemissis
1249 1574 1400 1606 omnibus
1425 1579 1455 1606 ct
1481 1574 1615 1616 singulis
1646 1574 1780 1618 pacifice

1038 1625 1099 1657 frui
1128 1631 1158 1659 et
1185 1627 1346 1668 gaudere:
1374 1638 1432 1660 nec
1459 1627 1645 1670 permittant
1672 1628 1779 1671 ipsum

1038 1679 1195 1722 hospitale
1210 1707 1217 1719 ‚
1238 1680 1372 1723 eiusque
1396 1681 1481 1713 bona
1502 1681 1640 1724 desuper
1659 1681 1699 1714 ab
1720 1692 1777 1714 eo-

1039 1733 1111 1765 dem
1130 1733 1384 1777 archiepiscopo,
1409 1744 1465 1767 seu
1487 1734 1633 1775 vicariis,
1657 1740 1712 1768 aut
1731 1735 1780 1768 os-

1038 1785 1196 1818 ficialibus
1222 1786 1427 1826 huiusmodi,
1452 1787 1501 1820 vel
1526 1787 1691 1831 quibusvis
1711 1788 1781 1821 aliis

1038 1839 1170 1873 subsidii
1192 1840 1351 1873 iudicibus
1372 1841 1509 1884 desuper
1538 1841 1701 1874 molestari
1727 1848 1782 1875 aut

1037 1893 1231 1936 perturbari.
1266 1893 1522 1926 Contradictores
1554 1894 1715 1937 quoslibet
1745 1906 1781 1928 ac

1037 1946 1173 1980 rebelles
1196 1952 1227 1979 et
1250 1946 1434 1990 praemissis
1456 1957 1521 1980 non
1546 1952 1694 1991 parentes
1724 1958 1782 1991 per

1037 2000 1228 2040 sententias,
1251 2010 1402 2033 censuras
1422 2005 1453 2033 et
1480 2010 1601 2044 poenas
1632 2001 1782 2034 ecclesia-

1038 2052 1154 2093 sticas,
1177 2053 1306 2097 aliaque
1330 2060 1515 2098 opportuna
1546 2053 1623 2086 iuris
1647 2060 1679 2087 et
1709 2054 1782 2087 sacti

1038 2107 1199 2147 remedia,
1223 2107 1440 2151 appellatione
1471 2107 1665 2151 postposita,
1692 2118 1781 2140 com-

1039 2161 1210 2204 pescendo,
1225 2161 1373 2193 invocato
1396 2161 1491 2194 etiam
1511 2161 1550 2193 ad
1568 2161 1640 2201 hoe,
1662 2161 1686 2194 51
1701 2171 1782 2204 opus

1039 2215 1144 2255 fuerit,
1169 2213 1286 2247 auxilio
1307 2214 1431 2247 brachii
1457 2214 1640 2247 saecularis.

1084 2269 1100 2309 ξ
1122 2267 1152 2299 6.
1173 2267 1243 2300 Νο0
1269 2267 1471 2300 obstantibus
1495 2268 1686 2301 recolendae
1715 2277 1782 2301 010-

1040 2320 1163 2353 moriae
1198 2320 1351 2353 Bonisacii
1384 2320 1488 2364 Papae
1517 2320 1605 2360 VIII,
1633 2320 1783 2354 similiter

1040 2374 1296 2418 praedecessoris
1315 2374 1427 2413 nostri,
1445 2374 1483 2406 de
1503 2384 1582 2414 una,
1604 2379 1635 2407 et
1655 2374 1782 2407 concilii

1040 2428 1199 2469 generalis
1229 2428 1268 2461 de
1300 2428 1424 2461 duabus
1445 2427 1558 2460 diaetis
1573 2455 1580 2468 ,
1605 2428 1783 2462 dummodo

1041 2481 1112 2524 quis
1130 2481 1238 2523 vigore
1260 2480 1476 2525 praesentium
1498 2481 1537 2514 ad
1560 2481 1715 2514 iudicium
1735 2482 1784 2515 ul-

1042 2541 1089 2568 tra
1120 2541 1182 2568 tres
1214 2535 1333 2568 diaetas
1364 2545 1428 2568 non
1458 2535 1619 2576 trahatur,
1648 2536 1783 2580 aliisque

1041 2589 1323 2622 constitutionibus
1352 2595 1381 2622 01
1413 2589 1672 2622 ordinationibus
1703 2600 1783 2634 apo-

1042 2642 1172 2683 stolicis,
1193 2648 1223 2676 et
1244 2642 1412 2676 contrariis
1433 2642 1701 2687 quibuscumque.
1721 2645 1784 2677 Aut

1796 250 1844 275 Λο.
1864 249 1892 276 (J.
1911 249 1979 277 1598

1832 683 1978 709 quuutoras

1793 710 1880 729 huiusce
1902 710 1977 730 consti-

1793 736 1879 756 tutionis
1890 736 1976 762 deputat

1798 2274 1908 2294 Obstautia
1919 2274 1979 2294 tollit.
