2253 3195
225 238 279 264 An.
296 237 325 264 c.
342 237 412 265 1595
456 227 521 262 258

240 562 314 583 Modus
325 567 410 587 compo-

226 589 290 609 nendi
301 594 313 608 a
324 589 410 610 Summo

227 614 328 635 Pontifice
366 616 409 641 regi

225 644 374 668 praescriptus,

261 2634 355 2657 clunem
370 2634 409 2656 hoe

424 286 456 319 in
477 286 561 320 dicta
584 286 688 325 Curia,
719 296 815 329 quarn
845 291 932 318 extra
963 295 1034 318 eam
1060 291 1166 318 motae

424 339 487 372 iam
508 345 622 379 essent,
647 345 675 372 et
697 339 888 371 infuturum
909 338 986 371 oriri
1008 338 1163 371 sormida-

423 399 550 433 rentur,
567 393 652 425 idem
665 391 837 434 Gregorius
856 392 1095 435 praedecessor,
1113 403 1168 425 cu-

423 446 514 490 piens
544 456 597 479 eas
625 455 755 489 quoque
786 445 876 485 lites,
905 445 1112 489 quaestiones
1138 451 1168 478 et

425 498 642 538 differentias,
671 499 783 531 eadem
815 509 916 542 opera
949 504 979 532 et
1011 498 1169 532 industria

426 557 494 591 tua,
517 551 669 594 componi
695 557 791 595 atque
819 551 1033 592 concordari,
1057 562 1167 585 earum

425 610 524 637 status
545 610 576 636 et
599 604 723 645 merita,
751 615 788 638 ac
813 605 956 638 iudicum
988 610 1016 637 et
1047 605 1166 638 colliti-

425 657 569 699 gantium
594 657 728 690 nomina
747 663 777 690 et
797 658 1003 700 cognomina,
1027 663 1169 692 caetera-

425 722 487 755 que
501 711 541 744 de
560 711 748 744 necessitate
768 711 989 755 exprimenda,
1004 723 1065 756 pro
1076 712 1170 756 plene

426 770 457 797 et
485 763 682 797 sufficienter
710 765 866 808 expressis
891 765 1035 806 habens,
1059 776 1171 799 omnes

425 823 455 851 et
476 828 697 861 quascumque
716 818 799 859 lites,
822 829 944 859 causas,
967 819 1171 862 quaestiones

425 877 456 905 et
485 872 680 906 differentias
710 878 774 905 tam
803 879 929 913 motas,
962 884 1059 917 quam
1088 883 1171 917 quae

425 925 546 958 moveri
562 931 709 969 poterant
737 925 768 958 in
790 926 945 968 futurum,
968 926 1052 960 inter
1071 926 1172 960 dictas

425 979 620 1023 posteriores
640 984 758 1023 partes,
781 980 822 1012 ad
846 991 879 1013 se
899 979 1052 1020 avocavit,
1077 985 1108 1012 et
1128 979 1168 1012 il-

426 1031 472 1065 las
492 1042 669 1076 earumque
689 1032 888 1066 decisionem
912 1039 943 1066 et
964 1033 1167 1066 terminatio-

426 1095 499 1118 nem
521 1086 561 1118 ad
581 1096 675 1118 suum
704 1092 735 1119 et
761 1086 863 1119 dietae
894 1086 985 1120 Sedis
1012 1087 1167 1131 henepla-

426 1138 524 1172 citum
555 1141 567 1182 <
580 1139 622 1172 ita
646 1145 770 1180 tamen,
795 1139 883 1183 quod
910 1139 1039 1173 interim
1064 1147 1171 1184 partes

427 1191 515 1235 ipsae
542 1192 575 1224 in
606 1192 824 1236 possessione,
854 1193 885 1225 in
916 1203 979 1236 qua
1009 1193 1167 1233 existunt,

426 1246 628 1278 manuteneri
646 1251 675 1279 et
697 1245 826 1279 defendi
844 1246 1009 1286 deberent,
1025 1246 1170 1290 nihilque

426 1297 571 1331 innovari
591 1309 696 1342 posse,
717 1299 863 1342 factaque
884 1299 1044 1332 iudicibus
1061 1305 1092 1332 et
1105 1300 1170 1333 col-

426 1349 624 1393 litigantibus
643 1351 829 1384 huiusmodi
860 1351 1003 1394 legitima
1034 1351 1166 1385 intima-

426 1404 526 1447 tione)
540 1405 721 1449 suspendit,
742 1416 858 1449 easque
878 1406 1044 1439 universas
1058 1412 1086 1439 et
1103 1406 1168 1439 sin-

426 1457 517 1500 gulas
537 1458 594 1490 tibi
614 1469 673 1502 per
693 1464 722 1492 te
747 1459 990 1493 concordandas
1017 1466 1045 1492 et
1075 1470 1166 1493 com-

425 1511 611 1553 ponendas,
636 1511 678 1544 ita
699 1512 787 1555 quod
806 1522 866 1545 suo
886 1518 916 1545 et
942 1512 1032 1546 Sedis
1060 1512 1169 1546 liuius-

425 1565 512 1597 modi
535 1565 738 1609 beneplacito
759 1567 906 1606 durante,
923 1572 955 1600 tu
974 1566 1005 1599 in
1027 1566 1089 1600 illis
1108 1577 1168 1610 pro

423 1618 608 1652 huiusmodi
630 1620 805 1653 concordia
834 1626 865 1653 et
894 1620 1056 1653 amicabili
1081 1631 1168 1653 com-

423 1672 580 1715 positione
603 1679 632 1706 te
653 1673 870 1717 interponere,
885 1683 981 1716 agere
1001 1679 1032 1706 et
1055 1684 1168 1717 proce-

423 1725 499 1758 dere
519 1725 620 1758 libere
641 1731 671 1759 et
690 1726 775 1759 licite
796 1727 928 1765 valeres,
950 1726 1111 1760 commisit
1137 1733 1167 1760 et

423 1778 556 1818 remisit,
573 1789 608 1811 ac
629 1779 757 1822 plenam
779 1785 810 1811 et
831 1779 965 1812 liberam
987 1779 1164 1819 licentiam,

423 1831 603 1864 facultatem
630 1837 660 1864 et
680 1831 904 1864 auctoritatem
925 1832 1094 1868 concessit,
1114 1832 1167 1865 de-

423 1895 558 1917 cernens
582 1890 689 1928 partes
711 1884 793 1928 ipsas
813 1885 852 1917 ad
874 1885 1109 1918 observandum
1131 1896 1168 1918 ea

423 1937 543 1977 omnia,
559 1937 686 1980 quaein
705 1937 889 1980 praemissis
906 1948 963 1981 per
983 1944 1012 1971 te
1033 1949 1168 1971 coneor-

422 1990 729 2031 data,amicabiliter
749 1990 926 2034 composita
947 1996 978 2024 et
998 1991 1167 2025 terminata

423 2044 551 2083 suerint,
576 2044 709 2077 omnino
731 2043 845 2083 teneri,
870 2049 900 2076 et
921 2044 960 2076 acl
980 2044 1010 2077 id
1032 2045 1167 2078 efficaci-

422 2102 471 2129 ter
495 2096 653 2137 obligatos
681 2097 769 2135 sore,
795 2107 852 2129 nee
873 2097 912 2129 ab
934 2097 995 2129 illis
1015 2098 1080 2130 ullo
1102 2108 1163 2130 un-

423 2160 518 2193 quam
541 2155 686 2193 tempore
708 2149 830 2182 resilire
851 2159 955 2193 posse,
979 2160 1104 2182 necnon
1126 2150 1185 2182 ir-‹

422 2202 519 2235 ritum
534 2207 563 2235 et
578 2203 670 2235 inane
684 2203 872 2242 decernens,
896 2202 1053 2246 quidquid
1075 2214 1166 2236 ses-us

422 2266 519 2299 super
549 2255 597 2287 liis
629 2266 646 2288 a
676 2265 859 2299 quoquam,
890 2255 999 2298 quavis
1029 2256 1166 2288 auctori—

424 2314 498 2347 tate,
525 2308 662 2341 scienter
682 2309 728 2341 vel
761 2308 962 2349 ignoranter,
990 2309 1165 2351 sentit-teret

423 2364 589 2401 attentari·,
613 2373 675 2396 non
691 2363 892 2396 obstantibus
906 2363 1067 2401 omnibns,
1084 2375 1166 2408 qnae

425 2415 454 2448 in
486 2417 618 2458 singulis
644 2417 756 2450 litteris
783 2417 954 2460 praedietis
979 2427 1165 2450 concessum

424 2475 469 2501 est
503 2481 564 2502 non
595 2470 742 2507 obstare,
765 2470 964 2513 caeterisque
995 2470 1165 2504 contrariis

425 2522 693 2566 quilmseuinque.

470 2575 485 2615 g
507 2574 536 2607 6.
562 2575 622 2607 Nos
643 2580 749 2608 autem
771 2575 937 2618 cupientes
957 2576 1034 2609 alias
1053 2585 1165 2609 omnes

425 2625 544 2660 similes
576 2627 645 2660 lites
679 2634 780 2660 motas
812 2634 842 2660 et
874 2628 1046 2661 movendas
1084 2628 1166 2661 inter

1008 238 1191 262 nummum
1211 237 1366 262 Romnum
1961 239 2012 267 An.
2031 238 2060 266 c.
2078 238 2145 268 ¹596
2176 232 2180 236 '
2209 264 2235 280 ,,

1200 295 1423 329 quoscumque
1441 286 1636 330 praedictos,
1658 292 1691 320 et
1717 287 1797 321 alios
1817 287 1943 321 archie-
1959 300 2027 326 ipsum
2037 307 2141 332 210qu-

1200 339 1350 382 piscopos
1367 345 1398 372 et
1417 339 1596 383 episcopos,
1615 350 1794 384 eorumque
1805 341 1945 385 capitula
1959 327 2144 384 ggffioffi‘gsfflss:

1201 397 1232 425 et
1251 392 1460 425 ecclesiarum
1480 393 1653 436 praelatos,
1676 398 1707 426 et
1725 403 1881 437 personas
1893 405 1945 427 ec·
1960 380 2024 401 ‘edu'

1202 445 1394 478 clesiasticas
1422 445 1514 488 regni
1544 445 1726 486 Valentiam,
1749 452 1780 479 et
1807 446 1944 480 aliorum

1203 508 1377 541 regnorum
1401 498 1629 543 Hispaniarum
1650 505 1681 532 et
1701 499 1921 533 dominiorum
1935 527 1944 541 ,

1203 562 1240 585 ac
1256 552 1390 596 priores,
1414 552 1532 585 milites
1552 557 1583 586 et
1612 552 1692 585 alios
1723 552 1838 586 fratres
1862 552 1946 585 mili-

1205 605 1265 638 tiae
1285 606 1399 638 Beatae
1418 605 1535 639 Mariae
1552 606 1592 639 de
1605 605 1771 646 Montesia‚
1789 611 1820 638 et
1839 604 1946 639 Sancti

1203 658 1333 701 Georgii
1350 658 1479 692 Ordinis
1492 658 1709 693 cisterciensis
1726 658 1758 691 in
1775 668 1875 701 regno
1887 657 1948 691 Va-

1205 711 1322 744 lentiae
1342 711 1517 752 institutae,
1541 722 1624 755 quae
1644 711 1779 745 militiae
1799 712 1839 745 de
1858 711 1949 746 Cala-

1206 770 1293 797 trava
1319 764 1424 798 filialis
1455 765 1579 806 existit,
1602 765 1751 809 illiusque
1774 764 1948 809 privilegiis

1206 817 1335 860 gaudet,
1352 828 1531 861 eorumque
1545 824 1728 857 ‚conventus
1745 823 1842 862 super
1861 817 1948 852 simi-

1206 869 1289 903 libus
1309 870 1546 911 controversiis,
1561 876 1592 904 et
1612 871 1709 904 rebus
1729 870 1799 904 aliis
1819 871 1851 903 in
1871 870 1949 904 actis

1206 934 1376 957 causarum
1408 924 1594 957 huiusmodi
1625 924 1719 957 latius
1748 923 1895 958 deductis
1918 930 1950 958 et

1206 977 1414 1017 deducendis,
1442 983 1473 1012 et
1504 977 1636 1010 illorum
1667 977 1836 1011 occasione
1864 987 1946 1021 pen-

1207 1030 1367 1071 dentibus,
1383 1036 1415 1064 et
1433 1024 1568 1074 quae'in
1598 1031 1741 1064 futurum
1774 1030 1853 1064 oriri
1885 1030 1949 1064 sor-

1206 1083 1379 1124 midantur,
1404 1083 1570 1128 cupientes
1594 1084 1708 1117 eadem
1738 1089 1794 1116 tua
1824 1093 1945 1127 opera,

1206 1136 1274 1180 (qui
1292 1137 1435 1170 eiusdem
1450 1137 1584 1170 militiae
1602 1137 1641 1170 de
1661 1137 1817 1170 Montesia
1835 1137 1948 1170 eadem

1205 1190 1381 1234 apostolica
1412 1190 1603 1224 anctoritate
1633 1195 1809 1234 perpetuus
1840 1190 1945 1224 admi-

1205 1243 1356 1277 nistrator
1392 1244 1516 1287 existis)
1547 1243 1700 1287 componi
1733 1249 1829 1288 atque
1865 1253 1945 1277 con-

1204 1296 1351 1336 cordari,
1374 1307 1550 1340 earumque
1579 1302 1679 1330 status
1699 1302 1731 1330 et
1760 1296 1889 1338 merita,
1912 1307 1949 1331 ac

1204 1349 1347 1383 iudicum
1369 1356 1399 1383 et
1419 1350 1664 1393 collitigantium
1685 1350 1818 1384 nomina
1837 1355 1869 1384 et
1888 1360 1945 1384 co—

1204 1403 1367 1446 gnomina,
1385 1409 1575 1447 caeteraque
1589 1404 1628 1437 de
1641 1403 1830 1437 necessitate
1843 1403 1948 1448 expri—

1205 1457 1332 1497 menda,
1344 1467 1403 1501 pro
1415 1457 1510 1500 plene
1530 1462 1560 1490 et
1576 1456 1772 1490 sufficienter
1791 1456 1948 1501 expressis

1204 1509 1374 1550 babentes,
1398 1520 1510 1543 omnes
1541 1515 1573 1543 et
1599 1519 1821 1554 quascumque
1851 1509 1944 1550 lites,

1203 1573 1314 1597 causas
1339 1569 1370 1596 et
1389 1563 1594 1607 quaestiones
1614 1569 1646 1597 et
1669 1563 1867 1596 differentias
1880 1568 1946 1596 tam

1203 1622 1317 1656 motas,
1338 1627 1435 1660 quam
1462 1627 1544 1660 quae
1577 1616 1699 1650 moveri
1734 1621 1888 1660 poterunt
1914 1615 1947 1649 in

1203 1671 1362 1710 futurum,
1386 1670 1470 1703 inter
1490 1670 1591 1703 dictas
1619 1669 1815 1713 posteriores
1840 1674 1948 1713 partes

1202 1723 1241 1756 ad
1263 1734 1321 1757 nos
1341 1729 1522 1763 avocantes,
1543 1729 1573 1756 et
1592 1723 1672 1763 illas,
1695 1732 1873 1766 earumque
1892 1722 1948 1756 de-

1202 1777 1356 1810 cisionem
1384 1782 1413 1810 et
1440 1776 1702 1810 terminationem
1733 1777 1772 1810 ad
1798 1781 1946 1810 nostrum

1203 1836 1232 1863 et
1252 1830 1342 1864 Sedis
1362 1829 1564 1874 Apostolicae
1581 1829 1819 1873 beneplacitum
1832 1829 1888 1873 (ita
1902 1834 1947 1863 ta-

1203 1893 1287 1921 men,
1311 1883 1397 1926 quod
1420 1882 1546 1915 interim
1567 1888 1674 1926 partes
1700 1882 1788 1926 ipsae
1815 1881 1846 1914 in
1866 1891 1943 1926 pos-

1202 1936 1364 1976 sessione,
1389 1936 1420 1968 in
1441 1946 1503 1979 qua
1525 1935 1684 1974 existunt,
1708 1935 1857 1968 similiter
1877 1945 1946 1968 ma·

1202 1990 1306 2023 nuteri
1337 1996 1365 2022 et
1398 1990 1526 2023 defendi
1547 1990 1702 2030 debeant,
1724 1989 1870 2033 nihilque
1891 1988 1943 2022 in-

1202 2043 1312 2075 novari
1333 2043 1444 2087 possit,
1461 2043 1607 2086 factaque
1629 2042 1788 2076 indicibus
1807 2047 1839 2075 et
1857 2041 1948 2075 colli-

1203 2097 1376 2140 tigantibus
1407 2096 1593 2129 huiusmodi
1631 2095 1775 2139 legitima
1810 2095 1943 2129 intima-

1203 2150 1313 2193 tione),
1336 2150 1573 2194 suspendimus,
1594 2160 1712 2193 easque
1732 2149 1896 2183 universas
1915 2154 1947 2183 et

1201 2203 1410 2245 singulastibi
1424 2214 1482 2247 per
1503 2209 1533 2236 te
1554 2202 1798 2236 concordandas
1815 2207 1846 2235 et
1859 2212 1947 2235 com-

1202 2255 1368 2300 ponendas
1383 2284 1390 2296 ‚
1415 2256 1456 2289 ita
1479 2256 1565 2300 quod
1592 2261 1702 2289 nostro
1723 2261 1753 2288 et
1773 2255 1864 2288 Sedis
1885 2255 1944 2288 hu-

1203 2310 1339 2343 iusmodi
1352 2309 1556 2353 beneplacito
1568 2310 1714 2347 durante,
1726 2313 1758 2341 tu
1771 2307 1801 2340 in
1814 2307 1876 2341 illis
1886 2317 1945 2352 pro

1202 2363 1386 2396 huiusmodi
1402 2362 1575 2395 concordia
1587 2368 1617 2395 et
1631 2360 1792 2394 amicabili
1811 2369 1944 2405 compo-

1200 2416 1315 2449 sitione
1331 2421 1360 2449 te
1375 2416 1592 2459 interponere,
1609 2425 1705 2458 agere
1724 2419 1753 2447 et
1768 2413 1944 2458 procedere

1202 2469 1300 2502 libere
1321 2475 1349 2502 et
1372 2469 1458 2502 licite
1484 2468 1606 2508 valeas,
1630 2467 1879 2508 committimus,
1906 2476 1944 2500 ac

1201 2523 1328 2566 plenam
1350 2528 1380 2556 et
1400 2522 1533 2555 liberam
1553 2521 1714 2555 licentiam
1728 2548 1735 2561 ,
1759 2520 1943 2554 facultatem

1200 2581 1228 2607 ‹·t
1251 2575 1475 2608 ain-toritatem
1491 2574 1716 2614 concediinus3
1732 2574 1944 2608 decernentes

1200 2634 1305 2672 partes
1315 2629 1398 2672 ipsas
1406 2629 1445 2662 ad
1454 2627 1690 2662 observandum
1699 2637 1735 2661 ea
1744 2626 1852 2661 omnia
1859 2636 1942 2671 quae
