<?xml version="1.0" encoding="UTF-8"?>
<!DOCTYPE html PUBLIC "-//W3C//DTD XHTML 1.0 Transitional//EN"
    "http://www.w3.org/TR/xhtml1/DTD/xhtml1-transitional.dtd">
<html xmlns="http://www.w3.org/1999/xhtml" xml:lang="en" lang="en">
 <head>
  <title>
</title>
<meta http-equiv="Content-Type" content="text/html;charset=utf-8" />
  <meta name='ocr-system' content='tesseract 3.04.00' />
  <meta name='ocr-capabilities' content='ocr_page ocr_carea ocr_par ocr_line ocrx_word'/>
</head>
<body>
  <div class='ocr_page' id='page_1' title='image "./bullarumdiplomat10cath_0456.png"; bbox 0 0 2253 3195; ppageno 0'>
   <div class='ocr_carea' id='block_1_1' title="bbox 278 256 459 283">
    <p class='ocr_par' dir='ltr' id='par_1_1' title="bbox 278 256 459 283">
     <span class='ocr_line' id='line_1_1' title="bbox 278 256 459 283; baseline 0.011 -2"><span class='ocrx_word' id='word_1_1' title='bbox 278 256 326 282; x_wconf 77' lang='lat' dir='ltr'>An.</span> <span class='ocrx_word' id='word_1_2' title='bbox 345 256 374 282; x_wconf 94' lang='lat' dir='ltr'>C.</span> <span class='ocrx_word' id='word_1_3' title='bbox 392 256 459 283; x_wconf 80' lang='lat'>¹597</span> 
     </span>
    </p>
   </div>
   <div class='ocr_carea' id='block_1_2' title="bbox 464 248 1218 1790">
    <p class='ocr_par' dir='ltr' id='par_1_2' title="bbox 464 248 1218 1735">
     <span class='ocr_line' id='line_1_2' title="bbox 505 248 570 281; baseline 0.015 -1"><span class='ocrx_word' id='word_1_4' title='bbox 505 248 570 281; x_wconf 67' lang='lat'>412</span> 
     </span>
     <span class='ocr_line' id='line_1_3' title="bbox 474 306 1218 351; baseline 0.004 -13"><span class='ocrx_word' id='word_1_5' title='bbox 474 306 625 345; x_wconf 79' lang='lat' dir='ltr'>existunt,</span> <span class='ocrx_word' id='word_1_6' title='bbox 651 306 690 338; x_wconf 88' lang='lat' dir='ltr'>ad</span> <span class='ocrx_word' id='word_1_7' title='bbox 714 306 862 340; x_wconf 77' lang='lat' dir='ltr'>effectum</span> <span class='ocrx_word' id='word_1_8' title='bbox 881 306 1096 351; x_wconf 88' lang='lat' dir='ltr'>praesentium</span> <span class='ocrx_word' id='word_1_9' title='bbox 1125 307 1218 341; x_wconf 90' lang='lat' dir='ltr'>dum-</span> 
     </span>
     <span class='ocr_line' id='line_1_4' title="bbox 474 359 1217 402; baseline 0.003 -10"><span class='ocrx_word' id='word_1_10' title='bbox 474 365 558 392; x_wconf 81' lang='lat' dir='ltr'>taxat</span> <span class='ocrx_word' id='word_1_11' title='bbox 584 359 860 402; x_wconf 86' lang='lat' dir='ltr'>consequendum,</span> <span class='ocrx_word' id='word_1_12' title='bbox 901 360 1015 392; x_wconf 89' lang='lat' dir='ltr'>harum</span> <span class='ocrx_word' id='word_1_13' title='bbox 1051 361 1132 394; x_wconf 87' lang='lat' dir='ltr'>serie</span> <span class='ocrx_word' id='word_1_14' title='bbox 1163 360 1217 394; x_wconf 86' lang='lat' dir='ltr'>ab·</span> 
     </span>
     <span class='ocr_line' id='line_1_5' title="bbox 473 411 1215 455; baseline 0.004 -11"><span class='ocrx_word' id='word_1_15' title='bbox 473 412 628 444; x_wconf 76' lang='lat' dir='ltr'>solventes</span> <span class='ocrx_word' id='word_1_16' title='bbox 641 417 672 444; x_wconf 91' lang='lat' dir='ltr'>et</span> <span class='ocrx_word' id='word_1_17' title='bbox 695 411 858 445; x_wconf 86' lang='lat' dir='ltr'>absolutas</span> <span class='ocrx_word' id='word_1_18' title='bbox 873 413 940 446; x_wconf 80' lang='lat' dir='ltr'>fore</span> <span class='ocrx_word' id='word_1_19' title='bbox 958 419 1137 455; x_wconf 79' lang='lat' dir='ltr'>censentes,</span> <span class='ocrx_word' id='word_1_20' title='bbox 1157 414 1215 447; x_wconf 86' lang='lat' dir='ltr'>hu-</span> 
     </span>
     <span class='ocr_line' id='line_1_6' title="bbox 473 465 1216 508; baseline 0.007 -12"><span class='ocrx_word' id='word_1_21' title='bbox 473 465 610 497; x_wconf 91' lang='lat' dir='ltr'>iusmodi</span> <span class='ocrx_word' id='word_1_22' title='bbox 642 465 930 508; x_wconf 79' lang='lat' dir='ltr'>supplicationibus</span> <span class='ocrx_word' id='word_1_23' title='bbox 959 466 1114 507; x_wconf 86' lang='lat' dir='ltr'>inclinati,</span> <span class='ocrx_word' id='word_1_24' title='bbox 1141 478 1216 501; x_wconf 89' lang='lat' dir='ltr'>con-</span> 
     </span>
     <span class='ocr_line' id='line_1_7' title="bbox 471 518 1214 564; baseline 0.005 -14"><span class='ocrx_word' id='word_1_25' title='bbox 471 518 690 560; x_wconf 79' lang='lat' dir='ltr'>gregationem</span> <span class='ocrx_word' id='word_1_26' title='bbox 722 518 919 562; x_wconf 83' lang='lat' dir='ltr'>praedictam</span> <span class='ocrx_word' id='word_1_27' title='bbox 933 546 940 560; x_wconf 90' lang='lat'>,</span> <span class='ocrx_word' id='word_1_28' title='bbox 966 525 1002 553; x_wconf 91' lang='lat' dir='ltr'>ut</span> <span class='ocrx_word' id='word_1_29' title='bbox 1024 521 1214 564; x_wconf 84' lang='lat' dir='ltr'>praefertur,</span> 
     </span>
     <span class='ocr_line' id='line_1_8' title="bbox 471 573 1216 617; baseline 0.007 -14"><span class='ocrx_word' id='word_1_30' title='bbox 471 577 609 604; x_wconf 88' lang='lat' dir='ltr'>erectam</span> <span class='ocrx_word' id='word_1_31' title='bbox 627 599 634 611; x_wconf 92' lang='lat'><strong>‚</strong></span> <span class='ocrx_word' id='word_1_32' title='bbox 671 573 861 606; x_wconf 89' lang='lat' dir='ltr'>auctoritate</span> <span class='ocrx_word' id='word_1_33' title='bbox 887 574 1077 617; x_wconf 80' lang='lat' dir='ltr'>apostolica,</span> <span class='ocrx_word' id='word_1_34' title='bbox 1107 580 1216 608; x_wconf 89' lang='lat' dir='ltr'>tenore</span> 
     </span>
     <span class='ocr_line' id='line_1_9' title="bbox 470 625 1217 670; baseline 0.007 -14"><span class='ocrx_word' id='word_1_35' title='bbox 470 625 704 668; x_wconf 83' lang='lat' dir='ltr'>praesentium,</span> <span class='ocrx_word' id='word_1_36' title='bbox 737 632 892 670; x_wconf 87' lang='lat' dir='ltr'>perpetuo</span> <span class='ocrx_word' id='word_1_37' title='bbox 923 627 1152 661; x_wconf 87' lang='lat' dir='ltr'>confirmamus</span> <span class='ocrx_word' id='word_1_38' title='bbox 1186 633 1217 661; x_wconf 84' lang='lat' dir='ltr'>et</span> 
     </span>
     <span class='ocr_line' id='line_1_10' title="bbox 471 679 1214 722; baseline 0.007 -12"><span class='ocrx_word' id='word_1_39' title='bbox 471 679 697 721; x_wconf 83' lang='lat' dir='ltr'>approhamuS,</span> <span class='ocrx_word' id='word_1_40' title='bbox 714 689 768 713; x_wconf 87' lang='lat' dir='ltr'>seu</span> <span class='ocrx_word' id='word_1_41' title='bbox 788 686 947 722; x_wconf 84' lang='lat' dir='ltr'>quatenus</span> <span class='ocrx_word' id='word_1_42' title='bbox 961 681 1020 714; x_wconf 87' lang='lat' dir='ltr'>rite</span> <span class='ocrx_word' id='word_1_43' title='bbox 1032 687 1137 715; x_wconf 87' lang='lat' dir='ltr'>erecta</span> <span class='ocrx_word' id='word_1_44' title='bbox 1151 692 1214 715; x_wconf 90' lang='lat' dir='ltr'>non</span> 
     </span>
     <span class='ocr_line' id='line_1_11' title="bbox 470 732 1216 778; baseline 0.008 -15"><span class='ocrx_word' id='word_1_45' title='bbox 470 732 576 771; x_wconf 82' lang='lat' dir='ltr'>fuerit,</span> <span class='ocrx_word' id='word_1_46' title='bbox 591 732 631 765; x_wconf 90' lang='lat' dir='ltr'>de</span> <span class='ocrx_word' id='word_1_47' title='bbox 643 743 726 766; x_wconf 92' lang='lat' dir='ltr'>novo</span> <span class='ocrx_word' id='word_1_48' title='bbox 739 743 835 766; x_wconf 86' lang='lat' dir='ltr'>unam</span> <span class='ocrx_word' id='word_1_49' title='bbox 854 734 1141 778; x_wconf 80' lang='lat' dir='ltr'>Congregationem</span> <span class='ocrx_word' id='word_1_50' title='bbox 1155 736 1216 769; x_wconf 90' lang='lat' dir='ltr'>Do-</span> 
     </span>
     <span class='ocr_line' id='line_1_12' title="bbox 471 785 1217 831; baseline 0.005 -13"><span class='ocrx_word' id='word_1_51' title='bbox 471 785 591 818; x_wconf 88' lang='lat' dir='ltr'>ctrinae</span> <span class='ocrx_word' id='word_1_52' title='bbox 611 785 809 820; x_wconf 78' lang='lat' dir='ltr'>Christianae</span> <span class='ocrx_word' id='word_1_53' title='bbox 822 789 1072 831; x_wconf 85' lang='lat' dir='ltr'>nuncupandam</span> <span class='ocrx_word' id='word_1_54' title='bbox 1090 788 1122 821; x_wconf 91' lang='lat' dir='ltr'>in</span> <span class='ocrx_word' id='word_1_55' title='bbox 1142 789 1217 823; x_wconf 93' lang='lat' dir='ltr'>civi-</span> 
     </span>
     <span class='ocr_line' id='line_1_13' title="bbox 470 839 1217 885; baseline 0.007 -14"><span class='ocrx_word' id='word_1_56' title='bbox 470 844 533 872; x_wconf 88' lang='lat' dir='ltr'>tate</span> <span class='ocrx_word' id='word_1_57' title='bbox 547 839 707 882; x_wconf 86' lang='lat' dir='ltr'>praedicta</span> <span class='ocrx_word' id='word_1_58' title='bbox 716 841 938 881; x_wconf 75' lang='lat' dir='ltr'>Avenienensi,</span> <span class='ocrx_word' id='word_1_59' title='bbox 954 842 986 874; x_wconf 89' lang='lat' dir='ltr'>in</span> <span class='ocrx_word' id='word_1_60' title='bbox 1000 853 1096 885; x_wconf 89' lang='lat' dir='ltr'>quam</span> <span class='ocrx_word' id='word_1_61' title='bbox 1111 843 1217 876; x_wconf 91' lang='lat' dir='ltr'>cuius-</span> 
     </span>
     <span class='ocr_line' id='line_1_14' title="bbox 469 892 1215 939; baseline 0.008 -15"><span class='ocrx_word' id='word_1_62' title='bbox 469 892 513 925; x_wconf 87' lang='lat' dir='ltr'>vis</span> <span class='ocrx_word' id='word_1_63' title='bbox 533 897 633 926; x_wconf 86' lang='lat' dir='ltr'>status</span> <span class='ocrx_word' id='word_1_64' title='bbox 654 900 685 926; x_wconf 91' lang='lat' dir='ltr'>et.</span> <span class='ocrx_word' id='word_1_65' title='bbox 705 894 915 934; x_wconf 88' lang='lat' dir='ltr'>conditionis,</span> <span class='ocrx_word' id='word_1_66' title='bbox 937 896 1090 939; x_wconf 87' lang='lat' dir='ltr'>probatae</span> <span class='ocrx_word' id='word_1_67' title='bbox 1109 902 1215 930; x_wconf 82' lang='lat' dir='ltr'>tamen</span> 
     </span>
     <span class='ocr_line' id='line_1_15' title="bbox 468 945 1216 987; baseline 0.008 -9"><span class='ocrx_word' id='word_1_68' title='bbox 468 945 550 979; x_wconf 91' lang='lat' dir='ltr'>vitae</span> <span class='ocrx_word' id='word_1_69' title='bbox 570 946 729 987; x_wconf 88' lang='lat' dir='ltr'>homines,</span> <span class='ocrx_word' id='word_1_70' title='bbox 761 947 939 982; x_wconf 88' lang='lat' dir='ltr'>dummodo</span> <span class='ocrx_word' id='word_1_71' title='bbox 964 949 997 982; x_wconf 90' lang='lat' dir='ltr'>in</span> <span class='ocrx_word' id='word_1_72' title='bbox 1022 950 1216 984; x_wconf 76' lang='lat' dir='ltr'>continentia</span> 
     </span>
     <span class='ocr_line' id='line_1_16' title="bbox 469 999 1215 1044; baseline 0.008 -13"><span class='ocrx_word' id='word_1_73' title='bbox 469 999 591 1032; x_wconf 77' lang='lat' dir='ltr'>vivendi</span> <span class='ocrx_word' id='word_1_74' title='bbox 613 999 741 1033; x_wconf 84' lang='lat' dir='ltr'>firmum</span> <span class='ocrx_word' id='word_1_75' title='bbox 756 1001 957 1044; x_wconf 89' lang='lat' dir='ltr'>propositum</span> <span class='ocrx_word' id='word_1_76' title='bbox 971 1001 1152 1043; x_wconf 79' lang='lat' dir='ltr'>habuerint,</span> <span class='ocrx_word' id='word_1_77' title='bbox 1167 1015 1215 1037; x_wconf 89' lang='lat' dir='ltr'>re—</span> 
     </span>
     <span class='ocr_line' id='line_1_17' title="bbox 469 1051 1215 1097; baseline 0.008 -14"><span class='ocrx_word' id='word_1_78' title='bbox 469 1051 530 1094; x_wconf 84' lang='lat' dir='ltr'>cipi</span> <span class='ocrx_word' id='word_1_79' title='bbox 551 1053 685 1094; x_wconf 75' lang='lat' dir='ltr'>possint,</span> <span class='ocrx_word' id='word_1_80' title='bbox 707 1053 762 1096; x_wconf 89' lang='lat' dir='ltr'>qui</span> <span class='ocrx_word' id='word_1_81' title='bbox 783 1054 916 1097; x_wconf 83' lang='lat' dir='ltr'>singulis</span> <span class='ocrx_word' id='word_1_82' title='bbox 934 1055 1022 1088; x_wconf 85' lang='lat' dir='ltr'>sestis</span> <span class='ocrx_word' id='word_1_83' title='bbox 1041 1055 1215 1089; x_wconf 78' lang='lat' dir='ltr'>Dominicis</span> 
     </span>
     <span class='ocr_line' id='line_1_18' title="bbox 467 1105 1213 1151; baseline 0.008 -14"><span class='ocrx_word' id='word_1_84' title='bbox 467 1117 503 1138; x_wconf 88' lang='lat' dir='ltr'>ae</span> <span class='ocrx_word' id='word_1_85' title='bbox 521 1105 600 1146; x_wconf 84' lang='lat' dir='ltr'>aliis,</span> <span class='ocrx_word' id='word_1_86' title='bbox 628 1117 700 1139; x_wconf 90' lang='lat' dir='ltr'>cum</span> <span class='ocrx_word' id='word_1_87' title='bbox 716 1118 797 1151; x_wconf 90' lang='lat' dir='ltr'>opus</span> <span class='ocrx_word' id='word_1_88' title='bbox 809 1108 917 1147; x_wconf 82' lang='lat' dir='ltr'>suerit,</span> <span class='ocrx_word' id='word_1_89' title='bbox 937 1108 1049 1142; x_wconf 90' lang='lat' dir='ltr'>diebus</span> <span class='ocrx_word' id='word_1_90' title='bbox 1066 1109 1097 1142; x_wconf 91' lang='lat' dir='ltr'>in</span> <span class='ocrx_word' id='word_1_91' title='bbox 1111 1111 1213 1144; x_wconf 89' lang='lat' dir='ltr'>eccle-</span> 
     </span>
     <span class='ocr_line' id='line_1_19' title="bbox 466 1159 1215 1206; baseline 0.008 -16"><span class='ocrx_word' id='word_1_92' title='bbox 466 1159 513 1192; x_wconf 87' lang='lat' dir='ltr'>sia</span> <span class='ocrx_word' id='word_1_93' title='bbox 533 1159 640 1192; x_wconf 84' lang='lat' dir='ltr'>Sancti</span> <span class='ocrx_word' id='word_1_94' title='bbox 661 1160 788 1193; x_wconf 86' lang='lat' dir='ltr'>loannis</span> <span class='ocrx_word' id='word_1_95' title='bbox 804 1161 926 1195; x_wconf 82' lang='lat' dir='ltr'>Veteris</span> <span class='ocrx_word' id='word_1_96' title='bbox 944 1162 1121 1206; x_wconf 89' lang='lat' dir='ltr'>nuncupati</span> <span class='ocrx_word' id='word_1_97' title='bbox 1141 1163 1215 1197; x_wconf 79' lang='lat' dir='ltr'>civi-</span> 
     </span>
     <span class='ocr_line' id='line_1_20' title="bbox 467 1213 1214 1260; baseline 0.005 -16"><span class='ocrx_word' id='word_1_98' title='bbox 467 1213 540 1245; x_wconf 82' lang='lat' dir='ltr'>tatis</span> <span class='ocrx_word' id='word_1_99' title='bbox 572 1219 701 1246; x_wconf 77' lang='lat' dir='ltr'>nostrae</span> <span class='ocrx_word' id='word_1_100' title='bbox 726 1213 953 1247; x_wconf 83' lang='lat' dir='ltr'>Avenionensis</span> <span class='ocrx_word' id='word_1_101' title='bbox 983 1215 1022 1248; x_wconf 91' lang='lat' dir='ltr'>ad</span> <span class='ocrx_word' id='word_1_102' title='bbox 1047 1216 1106 1249; x_wconf 90' lang='lat' dir='ltr'>hoc</span> <span class='ocrx_word' id='word_1_103' title='bbox 1134 1227 1214 1260; x_wconf 86' lang='lat' dir='ltr'>opus</span> 
     </span>
     <span class='ocr_line' id='line_1_21' title="bbox 467 1262 1215 1312; baseline 0.007 -13"><span class='ocrx_word' id='word_1_104' title='bbox 467 1276 590 1310; x_wconf 83' lang='lat' dir='ltr'>pernes</span> <span class='ocrx_word' id='word_1_105' title='bbox 606 1262 788 1301; x_wconf 87' lang='lat' dir='ltr'>institutam</span> <span class='ocrx_word' id='word_1_106' title='bbox 806 1273 835 1301; x_wconf 88' lang='lat' dir='ltr'>et</span> <span class='ocrx_word' id='word_1_107' title='bbox 850 1268 1061 1312; x_wconf 82' lang='lat' dir='ltr'>designatam,</span> <span class='ocrx_word' id='word_1_108' title='bbox 1077 1276 1132 1304; x_wconf 91' lang='lat' dir='ltr'>aut</span> <span class='ocrx_word' id='word_1_109' title='bbox 1145 1271 1215 1304; x_wconf 88' lang='lat' dir='ltr'>aliis</span> 
     </span>
     <span class='ocr_line' id='line_1_22' title="bbox 467 1319 1212 1364; baseline 0.008 -13"><span class='ocrx_word' id='word_1_110' title='bbox 467 1319 623 1359; x_wconf 80' lang='lat' dir='ltr'>ecclesiis,</span> <span class='ocrx_word' id='word_1_111' title='bbox 646 1331 701 1353; x_wconf 86' lang='lat' dir='ltr'>seu</span> <span class='ocrx_word' id='word_1_112' title='bbox 719 1320 797 1353; x_wconf 89' lang='lat' dir='ltr'>locis</span> <span class='ocrx_word' id='word_1_113' title='bbox 812 1332 867 1364; x_wconf 84' lang='lat' dir='ltr'>per</span> <span class='ocrx_word' id='word_1_114' title='bbox 879 1321 940 1354; x_wconf 91' lang='lat' dir='ltr'>loci</span> <span class='ocrx_word' id='word_1_115' title='bbox 955 1321 1158 1356; x_wconf 88' lang='lat' dir='ltr'>Ordinarium</span> <span class='ocrx_word' id='word_1_116' title='bbox 1173 1324 1212 1357; x_wconf 93' lang='lat' dir='ltr'>ad</span> 
     </span>
     <span class='ocr_line' id='line_1_23' title="bbox 467 1373 1214 1418; baseline 0.008 -14"><span class='ocrx_word' id='word_1_117' title='bbox 467 1373 527 1405; x_wconf 89' lang='lat' dir='ltr'>hoc</span> <span class='ocrx_word' id='word_1_118' title='bbox 548 1373 765 1416; x_wconf 74' lang='lat' dir='ltr'>designandis,</span> <span class='ocrx_word' id='word_1_119' title='bbox 782 1385 900 1418; x_wconf 87' lang='lat' dir='ltr'>pueros</span> <span class='ocrx_word' id='word_1_120' title='bbox 918 1386 956 1408; x_wconf 90' lang='lat' dir='ltr'>ac</span> <span class='ocrx_word' id='word_1_121' title='bbox 975 1376 1055 1408; x_wconf 88' lang='lat' dir='ltr'>alios</span> <span class='ocrx_word' id='word_1_122' title='bbox 1075 1376 1214 1411; x_wconf 89' lang='lat' dir='ltr'>cuiusvis</span> 
     </span>
     <span class='ocr_line' id='line_1_24' title="bbox 466 1425 1214 1472; baseline 0.007 -14"><span class='ocrx_word' id='word_1_123' title='bbox 466 1425 578 1459; x_wconf 81' lang='lat' dir='ltr'>aetatis</span> <span class='ocrx_word' id='word_1_124' title='bbox 599 1426 791 1460; x_wconf 81' lang='lat' dir='ltr'>christianae</span> <span class='ocrx_word' id='word_1_125' title='bbox 812 1427 974 1461; x_wconf 76' lang='lat' dir='ltr'>doctrinae</span> <span class='ocrx_word' id='word_1_126' title='bbox 995 1429 1123 1472; x_wconf 84' lang='lat' dir='ltr'>ignaros</span> <span class='ocrx_word' id='word_1_127' title='bbox 1139 1440 1214 1463; x_wconf 92' lang='lat' dir='ltr'>con-</span> 
     </span>
     <span class='ocr_line' id='line_1_25' title="bbox 465 1479 1214 1524; baseline 0.007 -13"><span class='ocrx_word' id='word_1_128' title='bbox 465 1479 590 1522; x_wconf 65' lang='lat' dir='ltr'>gregari</span> <span class='ocrx_word' id='word_1_129' title='bbox 608 1479 738 1519; x_wconf 81' lang='lat' dir='ltr'>saciant,</span> <span class='ocrx_word' id='word_1_130' title='bbox 757 1479 867 1524; x_wconf 82' lang='lat' dir='ltr'>ibique</span> <span class='ocrx_word' id='word_1_131' title='bbox 884 1482 1014 1514; x_wconf 85' lang='lat' dir='ltr'>eosdem</span> <span class='ocrx_word' id='word_1_132' title='bbox 1033 1482 1126 1516; x_wconf 84' lang='lat' dir='ltr'>bonis</span> <span class='ocrx_word' id='word_1_133' title='bbox 1147 1494 1214 1517; x_wconf 92' lang='lat' dir='ltr'>mo-</span> 
     </span>
     <span class='ocr_line' id='line_1_26' title="bbox 466 1531 1211 1578; baseline 0.008 -15"><span class='ocrx_word' id='word_1_134' title='bbox 466 1531 554 1565; x_wconf 88' lang='lat' dir='ltr'>ribus</span> <span class='ocrx_word' id='word_1_135' title='bbox 567 1538 599 1565; x_wconf 85' lang='lat' dir='ltr'>et</span> <span class='ocrx_word' id='word_1_136' title='bbox 611 1543 686 1565; x_wconf 78' lang='lat' dir='ltr'>sana</span> <span class='ocrx_word' id='word_1_137' title='bbox 700 1533 884 1566; x_wconf 89' lang='lat' dir='ltr'>huiusmodi</span> <span class='ocrx_word' id='word_1_138' title='bbox 894 1534 1040 1568; x_wconf 89' lang='lat' dir='ltr'>doctrina</span> <span class='ocrx_word' id='word_1_139' title='bbox 1055 1535 1211 1578; x_wconf 83' lang='lat' dir='ltr'>imbuant,</span> 
     </span>
     <span class='ocr_line' id='line_1_27' title="bbox 464 1585 1211 1632; baseline 0.008 -15"><span class='ocrx_word' id='word_1_140' title='bbox 464 1596 501 1617; x_wconf 89' lang='lat' dir='ltr'>ac</span> <span class='ocrx_word' id='word_1_141' title='bbox 523 1586 552 1618; x_wconf 92' lang='lat' dir='ltr'>in</span> <span class='ocrx_word' id='word_1_142' title='bbox 574 1585 714 1619; x_wconf 65' lang='lat' dir='ltr'>articulis</span> <span class='ocrx_word' id='word_1_143' title='bbox 743 1586 818 1619; x_wconf 82' lang='lat' dir='ltr'>fidei</span> <span class='ocrx_word' id='word_1_144' title='bbox 840 1587 1012 1627; x_wconf 84' lang='lat' dir='ltr'>instruant,</span> <span class='ocrx_word' id='word_1_145' title='bbox 1041 1599 1159 1632; x_wconf 84' lang='lat' dir='ltr'>eosque</span> <span class='ocrx_word' id='word_1_146' title='bbox 1180 1590 1211 1623; x_wconf 90' lang='lat' dir='ltr'>in</span> 
     </span>
     <span class='ocr_line' id='line_1_28' title="bbox 465 1638 1213 1676; baseline 0.008 -6"><span class='ocrx_word' id='word_1_147' title='bbox 465 1638 546 1671; x_wconf 90' lang='lat' dir='ltr'>viam</span> <span class='ocrx_word' id='word_1_148' title='bbox 569 1639 793 1673; x_wconf 89' lang='lat' dir='ltr'>mandatorum</span> <span class='ocrx_word' id='word_1_149' title='bbox 810 1640 935 1673; x_wconf 82' lang='lat' dir='ltr'>Domini</span> <span class='ocrx_word' id='word_1_150' title='bbox 950 1647 981 1674; x_wconf 90' lang='lat' dir='ltr'>et</span> <span class='ocrx_word' id='word_1_151' title='bbox 994 1642 1153 1676; x_wconf 80' lang='lat' dir='ltr'>Ecclesiae</span> <span class='ocrx_word' id='word_1_152' title='bbox 1167 1643 1213 1676; x_wconf 88' lang='lat' dir='ltr'>di-</span> 
     </span>
     <span class='ocr_line' id='line_1_29' title="bbox 465 1693 842 1735; baseline 0 -9"><span class='ocrx_word' id='word_1_153' title='bbox 465 1693 569 1735; x_wconf 72' lang='lat' dir='ltr'>rigant</span> <span class='ocrx_word' id='word_1_154' title='bbox 589 1699 616 1726; x_wconf 89' lang='lat' dir='ltr'>et</span> <span class='ocrx_word' id='word_1_155' title='bbox 639 1693 842 1726; x_wconf 80' lang='lat' dir='ltr'>confirment.</span> 
     </span>
    </p>

    <p class='ocr_par' dir='ltr' id='par_1_3' title="bbox 510 1746 1212 1790">
     <span class='ocr_line' id='line_1_30' title="bbox 510 1746 1212 1790; baseline 0.006 -12"><span class='ocrx_word' id='word_1_156' title='bbox 510 1747 524 1786; x_wconf 63' lang='grc' dir='ltr'>,ξ</span> <span class='ocrx_word' id='word_1_157' title='bbox 544 1746 575 1779; x_wconf 75' lang='grc'>4.</span> <span class='ocrx_word' id='word_1_158' title='bbox 599 1746 777 1790; x_wconf 71' lang='lat' dir='ltr'>Presbyteri</span> <span class='ocrx_word' id='word_1_159' title='bbox 801 1758 875 1780; x_wconf 69' lang='lat' dir='ltr'>vcro</span> <span class='ocrx_word' id='word_1_160' title='bbox 889 1776 896 1783; x_wconf 84' lang='grc'>,</span> <span class='ocrx_word' id='word_1_161' title='bbox 920 1759 937 1780; x_wconf 89' lang='lat' dir='ltr'>a</span> <span class='ocrx_word' id='word_1_162' title='bbox 957 1749 1102 1782; x_wconf 91' lang='lat' dir='ltr'>locorum</span> <span class='ocrx_word' id='word_1_163' title='bbox 1123 1750 1212 1784; x_wconf 86' lang='lat' dir='ltr'>Ordi-</span> 
     </span>
    </p>
   </div>
   <div class='ocr_carea' id='block_1_3' title="bbox 300 1799 1210 1896">
    <p class='ocr_par' dir='ltr' id='par_1_4' title="bbox 300 1799 1210 1896">
     <span class='ocr_line' id='line_1_31' title="bbox 300 1799 1210 1846; baseline 0.007 -16"><span class='ocrx_word' id='word_1_164' title='bbox 300 1807 305 1819; x_wconf 89' lang='lat'><strong>·</strong></span> <span class='ocrx_word' id='word_1_165' title='bbox 321 1807 451 1846; x_wconf 58' lang='lat'>&#39;&#39;.&#39;&#39;&#39;¹⁹&#39;1&#39;&#39;&#39;‘</span> <span class='ocrx_word' id='word_1_166' title='bbox 467 1799 563 1832; x_wconf 92' lang='lat' dir='ltr'>nariis</span> <span class='ocrx_word' id='word_1_167' title='bbox 576 1799 614 1831; x_wconf 89' lang='lat' dir='ltr'>ad</span> <span class='ocrx_word' id='word_1_168' title='bbox 625 1799 655 1832; x_wconf 90' lang='lat' dir='ltr'>id</span> <span class='ocrx_word' id='word_1_169' title='bbox 667 1799 845 1843; x_wconf 86' lang='lat' dir='ltr'>approbati,</span> <span class='ocrx_word' id='word_1_170' title='bbox 859 1801 1076 1836; x_wconf 79' lang='lat' dir='ltr'>consessiones</span> <span class='ocrx_word' id='word_1_171' title='bbox 1086 1803 1210 1843; x_wconf 83' lang='lat' dir='ltr'>audire,</span> 
     </span>
     <span class='ocr_line' id='line_1_32' title="bbox 352 1852 1210 1896; baseline 0.007 -12"><span class='ocrx_word' id='word_1_172' title='bbox 352 1862 356 1870; x_wconf 75' lang='lat'><strong><em>⁴</em></strong></span> <span class='ocrx_word' id='word_1_173' title='bbox 387 1861 441 1875; x_wconf 61' lang='lat'>¹¹&#39;2·*¹</span> <span class='ocrx_word' id='word_1_174' title='bbox 467 1852 598 1885; x_wconf 87' lang='lat' dir='ltr'>verbum</span> <span class='ocrx_word' id='word_1_175' title='bbox 627 1853 681 1885; x_wconf 86' lang='lat' dir='ltr'>Dei</span> <span class='ocrx_word' id='word_1_176' title='bbox 703 1853 886 1896; x_wconf 80' lang='lat' dir='ltr'>praedicare</span> <span class='ocrx_word' id='word_1_177' title='bbox 912 1859 941 1887; x_wconf 85' lang='lat' dir='ltr'>et</span> <span class='ocrx_word' id='word_1_178' title='bbox 974 1862 1210 1890; x_wconf 75' lang='lat' dir='ltr'>sacrosanctum</span> 
     </span>
    </p>
   </div>
   <div class='ocr_carea' id='block_1_4' title="bbox 464 1904 1212 2427">
    <p class='ocr_par' dir='ltr' id='par_1_5' title="bbox 464 1904 1212 2427">
     <span class='ocr_line' id='line_1_33' title="bbox 467 1904 1212 1942; baseline 0.005 -4"><span class='ocrx_word' id='word_1_179' title='bbox 467 1904 684 1938; x_wconf 69' lang='lat' dir='ltr'>Eucharistiae</span> <span class='ocrx_word' id='word_1_180' title='bbox 702 1912 939 1939; x_wconf 69' lang='lat' dir='ltr'>sacramentum</span> <span class='ocrx_word' id='word_1_181' title='bbox 953 1908 1212 1942; x_wconf 82' lang='lat' dir='ltr'>eluistifidelihus</span> 
     </span>
     <span class='ocr_line' id='line_1_34' title="bbox 466 1957 1212 2001; baseline 0.005 -9"><span class='ocrx_word' id='word_1_182' title='bbox 466 1969 537 1992; x_wconf 85' lang='lat' dir='ltr'>vere</span> <span class='ocrx_word' id='word_1_183' title='bbox 566 1957 802 2001; x_wconf 79' lang='lat' dir='ltr'>poenitentibus</span> <span class='ocrx_word' id='word_1_184' title='bbox 833 1965 860 1992; x_wconf 81' lang='lat' dir='ltr'>et</span> <span class='ocrx_word' id='word_1_185' title='bbox 893 1960 1045 1993; x_wconf 69' lang='lat' dir='ltr'>confessis</span> <span class='ocrx_word' id='word_1_186' title='bbox 1076 1962 1212 1996; x_wconf 86' lang='lat' dir='ltr'>admini-</span> 
     </span>
     <span class='ocr_line' id='line_1_35' title="bbox 465 2011 1209 2054; baseline 0.005 -10"><span class='ocrx_word' id='word_1_187' title='bbox 465 2018 566 2044; x_wconf 73' lang='lat' dir='ltr'>strare</span> <span class='ocrx_word' id='word_1_188' title='bbox 589 2011 727 2054; x_wconf 72' lang='lat' dir='ltr'>possint:</span> <span class='ocrx_word' id='word_1_189' title='bbox 744 2017 895 2054; x_wconf 61' lang='lat' dir='ltr'>‹piat-stus</span> <span class='ocrx_word' id='word_1_190' title='bbox 910 2023 983 2045; x_wconf 82' lang='lat' dir='ltr'>vero</span> <span class='ocrx_word' id='word_1_191' title='bbox 998 2024 1034 2045; x_wconf 83' lang='lat' dir='ltr'>ex</span> <span class='ocrx_word' id='word_1_192' title='bbox 1056 2014 1209 2048; x_wconf 70' lang='lat' dir='ltr'>laicorum</span> 
     </span>
     <span class='ocr_line' id='line_1_36' title="bbox 465 2064 1211 2110; baseline 0.004 -13"><span class='ocrx_word' id='word_1_193' title='bbox 465 2064 701 2108; x_wconf 83' lang='lat' dir='ltr'>praedictorum</span> <span class='ocrx_word' id='word_1_194' title='bbox 733 2064 840 2097; x_wconf 81' lang='lat' dir='ltr'>labore</span> <span class='ocrx_word' id='word_1_195' title='bbox 864 2071 893 2098; x_wconf 90' lang='lat' dir='ltr'>et</span> <span class='ocrx_word' id='word_1_196' title='bbox 925 2066 1079 2098; x_wconf 86' lang='lat' dir='ltr'>industria</span> <span class='ocrx_word' id='word_1_197' title='bbox 1101 2078 1211 2110; x_wconf 75' lang='lat' dir='ltr'>prove-</span> 
     </span>
     <span class='ocr_line' id='line_1_37' title="bbox 465 2119 1209 2158; baseline 0.004 -8"><span class='ocrx_word' id='word_1_198' title='bbox 465 2119 587 2151; x_wconf 78' lang='lat' dir='ltr'>nientes</span> <span class='ocrx_word' id='word_1_199' title='bbox 608 2129 680 2150; x_wconf 86' lang='lat' dir='ltr'>cum</span> <span class='ocrx_word' id='word_1_200' title='bbox 702 2125 903 2152; x_wconf 86' lang='lat' dir='ltr'>caeterorum</span> <span class='ocrx_word' id='word_1_201' title='bbox 926 2119 1119 2158; x_wconf 78' lang='lat' dir='ltr'>redditibus,</span> <span class='ocrx_word' id='word_1_202' title='bbox 1143 2126 1209 2153; x_wconf 91' lang='lat' dir='ltr'>tum</span> 
     </span>
     <span class='ocr_line' id='line_1_38' title="bbox 464 2171 1211 2207; baseline 0.004 -3"><span class='ocrx_word' id='word_1_203' title='bbox 464 2184 499 2204; x_wconf 77' lang='lat' dir='ltr'>cx</span> <span class='ocrx_word' id='word_1_204' title='bbox 521 2171 710 2204; x_wconf 68' lang='lat' dir='ltr'>cleric-orum</span> <span class='ocrx_word' id='word_1_205' title='bbox 725 2172 913 2204; x_wconf 84' lang='lat' dir='ltr'>eorumdem</span> <span class='ocrx_word' id='word_1_206' title='bbox 930 2172 1093 2205; x_wconf 67' lang='lat' dir='ltr'>benetiriis</span> <span class='ocrx_word' id='word_1_207' title='bbox 1111 2175 1211 2207; x_wconf 75' lang='lat' dir='ltr'>erric-</span> 
     </span>
     <span class='ocr_line' id='line_1_39' title="bbox 465 2225 1209 2268; baseline 0.007 -12"><span class='ocrx_word' id='word_1_208' title='bbox 465 2225 599 2258; x_wconf 60' lang='lat' dir='ltr'>›iastieis</span> <span class='ocrx_word' id='word_1_209' title='bbox 620 2236 655 2256; x_wconf 86' lang='lat' dir='ltr'>ac</span> <span class='ocrx_word' id='word_1_210' title='bbox 675 2225 889 2268; x_wconf 70' lang='lat' dir='ltr'>patrimoniis,</span> <span class='ocrx_word' id='word_1_211' title='bbox 910 2225 934 2258; x_wconf 70' lang='lat' dir='ltr'>si</span> <span class='ocrx_word' id='word_1_212' title='bbox 956 2237 1038 2268; x_wconf 82' lang='lat' dir='ltr'>quae</span> <span class='ocrx_word' id='word_1_213' title='bbox 1059 2227 1209 2266; x_wconf 10' lang='lat' dir='ltr'>tiabit-ant,</span> 
     </span>
     <span class='ocr_line' id='line_1_40' title="bbox 465 2278 1211 2324; baseline 0.004 -15"><span class='ocrx_word' id='word_1_214' title='bbox 465 2278 725 2321; x_wconf 71' lang='lat' dir='ltr'>provenientibus</span> <span class='ocrx_word' id='word_1_215' title='bbox 758 2279 788 2311; x_wconf 94' lang='lat' dir='ltr'>in</span> <span class='ocrx_word' id='word_1_216' title='bbox 817 2290 889 2311; x_wconf 76' lang='lat' dir='ltr'>arca</span> <span class='ocrx_word' id='word_1_217' title='bbox 922 2280 1085 2312; x_wconf 79' lang='lat' dir='ltr'>eominuni</span> <span class='ocrx_word' id='word_1_218' title='bbox 1118 2291 1211 2324; x_wconf 73' lang='lat' dir='ltr'>repo-</span> 
     </span>
     <span class='ocr_line' id='line_1_41' title="bbox 465 2331 1210 2375; baseline 0.008 -14"><span class='ocrx_word' id='word_1_219' title='bbox 465 2338 592 2369; x_wconf 76' lang='lat' dir='ltr'>nantur,</span> <span class='ocrx_word' id='word_1_220' title='bbox 616 2337 649 2364; x_wconf 87' lang='lat' dir='ltr'>ut</span> <span class='ocrx_word' id='word_1_221' title='bbox 669 2331 780 2364; x_wconf 77' lang='lat' dir='ltr'>exinde</span> <span class='ocrx_word' id='word_1_222' title='bbox 799 2331 933 2364; x_wconf 86' lang='lat' dir='ltr'>habeant</span> <span class='ocrx_word' id='word_1_223' title='bbox 956 2344 1020 2375; x_wconf 82' lang='lat' dir='ltr'>quo</span> <span class='ocrx_word' id='word_1_224' title='bbox 1041 2335 1210 2367; x_wconf 78' lang='lat' dir='ltr'>sustentari</span> 
     </span>
     <span class='ocr_line' id='line_1_42' title="bbox 464 2384 1210 2427; baseline 0.008 -13"><span class='ocrx_word' id='word_1_225' title='bbox 464 2384 601 2426; x_wconf 69' lang='lat' dir='ltr'>possint·‚</span> <span class='ocrx_word' id='word_1_226' title='bbox 623 2384 844 2427; x_wconf 69' lang='lat' dir='ltr'>eliganturque</span> <span class='ocrx_word' id='word_1_227' title='bbox 867 2384 896 2417; x_wconf 93' lang='lat' dir='ltr'>in</span> <span class='ocrx_word' id='word_1_228' title='bbox 924 2385 1108 2418; x_wconf 65' lang='lat' dir='ltr'>tmiumicuti</span> <span class='ocrx_word' id='word_1_229' title='bbox 1131 2387 1210 2419; x_wconf 74' lang='lat' dir='ltr'>tlon-</span> 
     </span>
    </p>
   </div>
   <div class='ocr_carea' id='block_1_5' title="bbox 464 2437 1229 2490">
    <p class='ocr_par' dir='ltr' id='par_1_6' title="bbox 464 2437 1229 2490">
     <span class='ocr_line' id='line_1_43' title="bbox 464 2437 1229 2490; baseline 0.005 -22"><span class='ocrx_word' id='word_1_230' title='bbox 464 2437 646 2477; x_wconf 57' lang='lat' dir='ltr'>ervgationc·</span> <span class='ocrx_word' id='word_1_231' title='bbox 665 2448 747 2470; x_wconf 82' lang='lat' dir='ltr'>unus</span> <span class='ocrx_word' id='word_1_232' title='bbox 761 2448 797 2469; x_wconf 76' lang='lat' dir='ltr'>ex</span> <span class='ocrx_word' id='word_1_233' title='bbox 818 2438 912 2471; x_wconf 68' lang='lat' dir='ltr'>dii-tis</span> <span class='ocrx_word' id='word_1_234' title='bbox 931 2438 1134 2482; x_wconf 51' lang='lat' dir='ltr'>presbjteris,</span> <span class='ocrx_word' id='word_1_235' title='bbox 1155 2439 1208 2483; x_wconf 80' lang='lat' dir='ltr'>qui</span> <span class='ocrx_word' id='word_1_236' title='bbox 1227 2461 1229 2490; x_wconf 36' lang='grc' dir='ltr'>ξ</span> 
     </span>
    </p>
   </div>
   <div class='ocr_carea' id='block_1_6' title="bbox 463 2491 1210 2693">
    <p class='ocr_par' dir='ltr' id='par_1_7' title="bbox 463 2491 1210 2693">
     <span class='ocr_line' id='line_1_44' title="bbox 463 2491 1210 2535; baseline 0.004 -13"><span class='ocrx_word' id='word_1_237' title='bbox 463 2496 555 2533; x_wconf 80' lang='lat' dir='ltr'>eaput</span> <span class='ocrx_word' id='word_1_238' title='bbox 577 2496 604 2522; x_wconf 67' lang='lat' dir='ltr'>et</span> <span class='ocrx_word' id='word_1_239' title='bbox 628 2491 773 2534; x_wconf 72' lang='lat' dir='ltr'>superior</span> <span class='ocrx_word' id='word_1_240' title='bbox 791 2491 843 2530; x_wconf 78' lang='lat' dir='ltr'>sit,</span> <span class='ocrx_word' id='word_1_241' title='bbox 863 2492 978 2535; x_wconf 70' lang='lat' dir='ltr'>ruique</span> <span class='ocrx_word' id='word_1_242' title='bbox 1000 2491 1113 2535; x_wconf 78' lang='lat' dir='ltr'>reliqui</span> <span class='ocrx_word' id='word_1_243' title='bbox 1128 2493 1210 2525; x_wconf 82' lang='lat' dir='ltr'>obe-</span> 
     </span>
     <span class='ocr_line' id='line_1_45' title="bbox 464 2543 1208 2585; baseline 0.005 -13"><span class='ocrx_word' id='word_1_244' title='bbox 464 2543 530 2575; x_wconf 69' lang='lat' dir='ltr'>dire·</span> <span class='ocrx_word' id='word_1_245' title='bbox 550 2549 717 2576; x_wconf 64' lang='lat' dir='ltr'>tens-antur</span> <span class='ocrx_word' id='word_1_246' title='bbox 737 2550 798 2577; x_wconf 75' lang='lat' dir='ltr'>uun</span> <span class='ocrx_word' id='word_1_247' title='bbox 815 2544 845 2576; x_wconf 90' lang='lat' dir='ltr'>in</span> <span class='ocrx_word' id='word_1_248' title='bbox 860 2544 942 2576; x_wconf 75' lang='lat' dir='ltr'>dii-ta</span> <span class='ocrx_word' id='word_1_249' title='bbox 958 2545 1208 2585; x_wconf 61' lang='lat' dir='ltr'>tioiigregatione</span> 
     </span>
     <span class='ocr_line' id='line_1_46' title="bbox 468 2596 1207 2640; baseline 0.005 -15"><span class='ocrx_word' id='word_1_250' title='bbox 468 2596 689 2635; x_wconf 67' lang='lat' dir='ltr'>Avenionensi,</span> <span class='ocrx_word' id='word_1_251' title='bbox 705 2609 801 2639; x_wconf 82' lang='lat' dir='ltr'>quain</span> <span class='ocrx_word' id='word_1_252' title='bbox 825 2597 894 2630; x_wconf 69' lang='lat' dir='ltr'>aliis</span> <span class='ocrx_word' id='word_1_253' title='bbox 916 2598 992 2630; x_wconf 69' lang='lat' dir='ltr'>loris</span> <span class='ocrx_word' id='word_1_254' title='bbox 1013 2598 1207 2640; x_wconf 76' lang='lat' dir='ltr'>quibuslibet</span> 
     </span>
     <span class='ocr_line' id='line_1_47' title="bbox 467 2648 1209 2693; baseline 0.009 -16"><span class='ocrx_word' id='word_1_255' title='bbox 467 2648 585 2685; x_wconf 63' lang='lat' dir='ltr'>xia-inis,</span> <span class='ocrx_word' id='word_1_256' title='bbox 601 2650 773 2691; x_wconf 67' lang='lat' dir='ltr'>apostoliea</span> <span class='ocrx_word' id='word_1_257' title='bbox 787 2650 987 2692; x_wconf 73' lang='lat' dir='ltr'>auctoritate,</span> <span class='ocrx_word' id='word_1_258' title='bbox 999 2657 1108 2684; x_wconf 75' lang='lat' dir='ltr'>tenor·-</span> <span class='ocrx_word' id='word_1_259' title='bbox 1121 2661 1209 2693; x_wconf 87' lang='lat' dir='ltr'>prae-</span> 
     </span>
    </p>
   </div>
   <div class='ocr_carea' id='block_1_7' title="bbox 1226 1969 1230 2631">
    <p class='ocr_par' dir='ltr' id='par_1_8' title="bbox 1226 1969 1230 2631">
     <span class='ocr_line' id='line_1_48' title="bbox 1226 1969 1230 2631; baseline 0 0"><span class='ocrx_word' id='word_1_260' title='bbox 1226 1969 1230 2631; x_wconf 95' lang='lat' dir='ltr'> </span> 
     </span>
    </p>
   </div>
   <div class='ocr_carea' id='block_1_8' title="bbox 1056 259 1411 284">
    <p class='ocr_par' dir='ltr' id='par_1_9' title="bbox 1056 259 1411 284">
     <span class='ocr_line' id='line_1_49' title="bbox 1056 259 1411 284; baseline 0.003 -1"><span class='ocrx_word' id='word_1_261' title='bbox 1056 259 1238 284; x_wconf 80' lang='lat' dir='ltr'><strong>BULLARIUM</strong></span> <span class='ocrx_word' id='word_1_262' title='bbox 1258 260 1411 284; x_wconf 76' lang='lat' dir='ltr'><strong>ROMANUM</strong></span> 
     </span>
    </p>
   </div>
   <div class='ocr_carea' id='block_1_9' title="bbox 1243 308 1996 2693">
    <p class='ocr_par' dir='ltr' id='par_1_10' title="bbox 1249 308 1996 982">
     <span class='ocr_line' id='line_1_50' title="bbox 1250 308 1993 352; baseline 0.007 -12"><span class='ocrx_word' id='word_1_263' title='bbox 1250 308 1399 348; x_wconf 85' lang='lat' dir='ltr'>sentium,</span> <span class='ocrx_word' id='word_1_264' title='bbox 1419 308 1573 352; x_wconf 86' lang='lat' dir='ltr'>erigimus</span> <span class='ocrx_word' id='word_1_265' title='bbox 1601 315 1632 344; x_wconf 91' lang='lat' dir='ltr'>et</span> <span class='ocrx_word' id='word_1_266' title='bbox 1650 310 1857 351; x_wconf 90' lang='lat' dir='ltr'>instituimus,</span> <span class='ocrx_word' id='word_1_267' title='bbox 1878 321 1915 345; x_wconf 88' lang='lat' dir='ltr'>ac</span> <span class='ocrx_word' id='word_1_268' title='bbox 1933 321 1993 345; x_wconf 90' lang='lat' dir='ltr'>ec-</span> 
     </span>
     <span class='ocr_line' id='line_1_51' title="bbox 1250 361 1993 409; baseline 0.007 -15"><span class='ocrx_word' id='word_1_269' title='bbox 1250 361 1435 395; x_wconf 86' lang='lat' dir='ltr'>clesiasticis</span> <span class='ocrx_word' id='word_1_270' title='bbox 1463 368 1494 395; x_wconf 91' lang='lat' dir='ltr'>et</span> <span class='ocrx_word' id='word_1_271' title='bbox 1513 363 1583 396; x_wconf 84' lang='lat' dir='ltr'>aliis</span> <span class='ocrx_word' id='word_1_272' title='bbox 1602 373 1687 396; x_wconf 90' lang='lat' dir='ltr'>nunc</span> <span class='ocrx_word' id='word_1_273' title='bbox 1710 369 1742 396; x_wconf 90' lang='lat' dir='ltr'>et</span> <span class='ocrx_word' id='word_1_274' title='bbox 1771 374 1829 407; x_wconf 88' lang='lat' dir='ltr'>pro</span> <span class='ocrx_word' id='word_1_275' title='bbox 1848 371 1993 409; x_wconf 89' lang='lat' dir='ltr'>tempore</span> 
     </span>
     <span class='ocr_line' id='line_1_52' title="bbox 1250 415 1993 460; baseline 0.005 -13"><span class='ocrx_word' id='word_1_276' title='bbox 1250 415 1458 448; x_wconf 73' lang='lat' dir='ltr'>existentibus</span> <span class='ocrx_word' id='word_1_277' title='bbox 1478 415 1580 449; x_wconf 89' lang='lat' dir='ltr'>dictae</span> <span class='ocrx_word' id='word_1_278' title='bbox 1599 416 1860 460; x_wconf 84' lang='lat' dir='ltr'>Congregationis</span> <span class='ocrx_word' id='word_1_279' title='bbox 1878 428 1993 460; x_wconf 88' lang='lat' dir='ltr'>perso—</span> 
     </span>
     <span class='ocr_line' id='line_1_53' title="bbox 1250 469 1994 512; baseline 0.004 -11"><span class='ocrx_word' id='word_1_280' title='bbox 1250 469 1298 501; x_wconf 89' lang='lat' dir='ltr'>nis</span> <span class='ocrx_word' id='word_1_281' title='bbox 1327 479 1550 512; x_wconf 86' lang='lat' dir='ltr'>quaecumque</span> <span class='ocrx_word' id='word_1_282' title='bbox 1574 474 1692 502; x_wconf 87' lang='lat' dir='ltr'>statuta</span> <span class='ocrx_word' id='word_1_283' title='bbox 1719 474 1750 502; x_wconf 87' lang='lat' dir='ltr'>et</span> <span class='ocrx_word' id='word_1_284' title='bbox 1777 470 1994 505; x_wconf 85' lang='lat' dir='ltr'>ordinationes</span> 
     </span>
     <span class='ocr_line' id='line_1_54' title="bbox 1250 522 1994 564; baseline 0.005 -10"><span class='ocrx_word' id='word_1_285' title='bbox 1250 522 1347 564; x_wconf 88' lang='lat' dir='ltr'>(licita</span> <span class='ocrx_word' id='word_1_286' title='bbox 1369 527 1474 555; x_wconf 89' lang='lat' dir='ltr'>tamen</span> <span class='ocrx_word' id='word_1_287' title='bbox 1494 527 1525 555; x_wconf 90' lang='lat' dir='ltr'>et</span> <span class='ocrx_word' id='word_1_288' title='bbox 1543 522 1688 561; x_wconf 84' lang='lat' dir='ltr'>honesta,</span> <span class='ocrx_word' id='word_1_289' title='bbox 1718 534 1755 556; x_wconf 85' lang='lat' dir='ltr'>ac</span> <span class='ocrx_word' id='word_1_290' title='bbox 1782 524 1880 557; x_wconf 88' lang='lat' dir='ltr'>sacris</span> <span class='ocrx_word' id='word_1_291' title='bbox 1899 535 1994 558; x_wconf 87' lang='lat' dir='ltr'>cano-</span> 
     </span>
     <span class='ocr_line' id='line_1_55' title="bbox 1249 575 1995 611; baseline 0.003 -3"><span class='ocrx_word' id='word_1_292' title='bbox 1249 575 1344 608; x_wconf 88' lang='lat' dir='ltr'>nibus</span> <span class='ocrx_word' id='word_1_293' title='bbox 1372 580 1403 608; x_wconf 92' lang='lat' dir='ltr'>et</span> <span class='ocrx_word' id='word_1_294' title='bbox 1422 575 1557 609; x_wconf 83' lang='lat' dir='ltr'>decretis</span> <span class='ocrx_word' id='word_1_295' title='bbox 1577 575 1709 609; x_wconf 90' lang='lat' dir='ltr'>Coneilii</span> <span class='ocrx_word' id='word_1_296' title='bbox 1733 576 1910 611; x_wconf 82' lang='lat' dir='ltr'>Tridentini</span> <span class='ocrx_word' id='word_1_297' title='bbox 1929 588 1995 611; x_wconf 91' lang='lat' dir='ltr'>non</span> 
     </span>
     <span class='ocr_line' id='line_1_56' title="bbox 1250 627 1995 673; baseline 0.005 -13"><span class='ocrx_word' id='word_1_298' title='bbox 1250 627 1423 667; x_wconf 86' lang='lat' dir='ltr'>contraria,</span> <span class='ocrx_word' id='word_1_299' title='bbox 1445 638 1481 661; x_wconf 88' lang='lat' dir='ltr'>ac</span> <span class='ocrx_word' id='word_1_300' title='bbox 1506 638 1696 672; x_wconf 89' lang='lat' dir='ltr'>prosperum</span> <span class='ocrx_word' id='word_1_301' title='bbox 1727 628 1830 663; x_wconf 88' lang='lat' dir='ltr'>dictae</span> <span class='ocrx_word' id='word_1_302' title='bbox 1857 630 1995 673; x_wconf 84' lang='lat' dir='ltr'>Congre—</span> 
     </span>
     <span class='ocr_line' id='line_1_57' title="bbox 1250 682 1994 726; baseline 0.001 -11"><span class='ocrx_word' id='word_1_303' title='bbox 1250 682 1388 726; x_wconf 83' lang='lat' dir='ltr'>gationis</span> <span class='ocrx_word' id='word_1_304' title='bbox 1407 687 1525 715; x_wconf 89' lang='lat' dir='ltr'>statum</span> <span class='ocrx_word' id='word_1_305' title='bbox 1547 683 1786 723; x_wconf 83' lang='lat' dir='ltr'>concernentia,</span> <span class='ocrx_word' id='word_1_306' title='bbox 1801 683 1840 717; x_wconf 89' lang='lat' dir='ltr'>ab</span> <span class='ocrx_word' id='word_1_307' title='bbox 1861 683 1994 717; x_wconf 89' lang='lat' dir='ltr'>Ordina-</span> 
     </span>
     <span class='ocr_line' id='line_1_58' title="bbox 1250 735 1996 779; baseline 0.003 -11"><span class='ocrx_word' id='word_1_308' title='bbox 1250 735 1297 768; x_wconf 91' lang='lat' dir='ltr'>rio</span> <span class='ocrx_word' id='word_1_309' title='bbox 1322 735 1382 768; x_wconf 90' lang='lat' dir='ltr'>loci</span> <span class='ocrx_word' id='word_1_310' title='bbox 1402 741 1513 779; x_wconf 87' lang='lat' dir='ltr'>postea</span> <span class='ocrx_word' id='word_1_311' title='bbox 1532 735 1753 779; x_wconf 88' lang='lat' dir='ltr'>approbanda)</span> <span class='ocrx_word' id='word_1_312' title='bbox 1773 736 1933 770; x_wconf 91' lang='lat' dir='ltr'>condendi</span> <span class='ocrx_word' id='word_1_313' title='bbox 1964 742 1996 770; x_wconf 84' lang='lat' dir='ltr'>et</span> 
     </span>
     <span class='ocr_line' id='line_1_59' title="bbox 1250 788 1993 832; baseline 0.001 -10"><span class='ocrx_word' id='word_1_314' title='bbox 1250 788 1389 827; x_wconf 89' lang='lat' dir='ltr'>condita,</span> <span class='ocrx_word' id='word_1_315' title='bbox 1410 789 1539 832; x_wconf 86' lang='lat' dir='ltr'>quando</span> <span class='ocrx_word' id='word_1_316' title='bbox 1553 789 1724 832; x_wconf 78' lang='lat' dir='ltr'>expediens</span> <span class='ocrx_word' id='word_1_317' title='bbox 1739 790 1846 830; x_wconf 79' lang='lat' dir='ltr'>fuerit,</span> <span class='ocrx_word' id='word_1_318' title='bbox 1865 790 1904 823; x_wconf 87' lang='lat' dir='ltr'>de</span> <span class='ocrx_word' id='word_1_319' title='bbox 1917 790 1993 823; x_wconf 89' lang='lat' dir='ltr'>dicti</span> 
     </span>
     <span class='ocr_line' id='line_1_60' title="bbox 1249 841 1990 886; baseline 0.001 -11"><span class='ocrx_word' id='word_1_320' title='bbox 1249 841 1409 875; x_wconf 84' lang='lat' dir='ltr'>Ordinarii</span> <span class='ocrx_word' id='word_1_321' title='bbox 1430 842 1556 875; x_wconf 90' lang='lat' dir='ltr'>licentia</span> <span class='ocrx_word' id='word_1_322' title='bbox 1575 842 1732 882; x_wconf 77' lang='lat' dir='ltr'>mutandi,</span> <span class='ocrx_word' id='word_1_323' title='bbox 1752 843 1878 886; x_wconf 88' lang='lat' dir='ltr'>aliaque</span> <span class='ocrx_word' id='word_1_324' title='bbox 1898 843 1938 876; x_wconf 87' lang='lat' dir='ltr'>ad</span> <span class='ocrx_word' id='word_1_325' title='bbox 1958 843 1990 876; x_wconf 91' lang='lat' dir='ltr'>id</span> 
     </span>
     <span class='ocr_line' id='line_1_61' title="bbox 1249 894 1991 938; baseline 0 -10"><span class='ocrx_word' id='word_1_326' title='bbox 1249 894 1428 929; x_wconf 88' lang='lat' dir='ltr'>necessaria</span> <span class='ocrx_word' id='word_1_327' title='bbox 1437 900 1468 927; x_wconf 89' lang='lat' dir='ltr'>et</span> <span class='ocrx_word' id='word_1_328' title='bbox 1485 900 1665 938; x_wconf 88' lang='lat' dir='ltr'>opportuna</span> <span class='ocrx_word' id='word_1_329' title='bbox 1685 894 1820 928; x_wconf 76' lang='lat' dir='ltr'>faciendi</span> <span class='ocrx_word' id='word_1_330' title='bbox 1832 895 1991 929; x_wconf 79' lang='lat' dir='ltr'>licentiam</span> 
     </span>
     <span class='ocr_line' id='line_1_62' title="bbox 1249 947 1691 982; baseline 0 -1"><span class='ocrx_word' id='word_1_331' title='bbox 1249 955 1280 982; x_wconf 88' lang='lat' dir='ltr'>et</span> <span class='ocrx_word' id='word_1_332' title='bbox 1303 948 1488 981; x_wconf 78' lang='lat' dir='ltr'>facultatem</span> <span class='ocrx_word' id='word_1_333' title='bbox 1509 947 1691 981; x_wconf 89' lang='lat' dir='ltr'>tribuimus.</span> 
     </span>
    </p>

    <p class='ocr_par' dir='ltr' id='par_1_11' title="bbox 1243 1001 1994 2693">
     <span class='ocr_line' id='line_1_63' title="bbox 1293 1001 1992 1046; baseline 0.001 -12"><span class='ocrx_word' id='word_1_334' title='bbox 1293 1002 1308 1045; x_wconf 63' lang='lat' dir='ltr'>g</span> <span class='ocrx_word' id='word_1_335' title='bbox 1325 1001 1354 1034; x_wconf 80' lang='lat'>5.</span> <span class='ocrx_word' id='word_1_336' title='bbox 1377 1002 1417 1035; x_wconf 90' lang='lat' dir='ltr'>Ut.</span> <span class='ocrx_word' id='word_1_337' title='bbox 1436 1006 1542 1035; x_wconf 85' lang='lat' dir='ltr'>autem</span> <span class='ocrx_word' id='word_1_338' title='bbox 1563 1001 1665 1035; x_wconf 85' lang='lat' dir='ltr'>dictae</span> <span class='ocrx_word' id='word_1_339' title='bbox 1684 1012 1773 1035; x_wconf 88' lang='lat' dir='ltr'>nunc</span> <span class='ocrx_word' id='word_1_340' title='bbox 1791 1007 1822 1036; x_wconf 89' lang='lat' dir='ltr'>et</span> <span class='ocrx_word' id='word_1_341' title='bbox 1838 1012 1896 1046; x_wconf 89' lang='lat' dir='ltr'>pro</span> <span class='ocrx_word' id='word_1_342' title='bbox 1913 1007 1992 1036; x_wconf 89' lang='lat' dir='ltr'>tem-</span> 
     </span>
     <span class='ocr_line' id='line_1_64' title="bbox 1249 1055 1993 1100; baseline 0 -12"><span class='ocrx_word' id='word_1_343' title='bbox 1249 1065 1326 1100; x_wconf 88' lang='lat' dir='ltr'>pore</span> <span class='ocrx_word' id='word_1_344' title='bbox 1347 1055 1514 1089; x_wconf 78' lang='lat' dir='ltr'>existentes</span> <span class='ocrx_word' id='word_1_345' title='bbox 1533 1055 1630 1088; x_wconf 90' lang='lat' dir='ltr'>huius</span> <span class='ocrx_word' id='word_1_346' title='bbox 1646 1055 1909 1099; x_wconf 78' lang='lat' dir='ltr'>Congregationis</span> <span class='ocrx_word' id='word_1_347' title='bbox 1921 1066 1993 1100; x_wconf 89' lang='lat' dir='ltr'>per-</span> 
     </span>
     <span class='ocr_line' id='line_1_65' title="bbox 1249 1108 1994 1152; baseline 0 -10"><span class='ocrx_word' id='word_1_348' title='bbox 1249 1119 1345 1142; x_wconf 90' lang='lat' dir='ltr'>sonae</span> <span class='ocrx_word' id='word_1_349' title='bbox 1365 1108 1426 1151; x_wconf 82' lang='lat' dir='ltr'>piis</span> <span class='ocrx_word' id='word_1_350' title='bbox 1445 1108 1596 1152; x_wconf 90' lang='lat' dir='ltr'>operibus</span> <span class='ocrx_word' id='word_1_351' title='bbox 1609 1109 1788 1152; x_wconf 83' lang='lat' dir='ltr'>promptius</span> <span class='ocrx_word' id='word_1_352' title='bbox 1799 1119 1912 1142; x_wconf 86' lang='lat' dir='ltr'>vacare</span> <span class='ocrx_word' id='word_1_353' title='bbox 1928 1114 1994 1142; x_wconf 88' lang='lat' dir='ltr'>stu-</span> 
     </span>
     <span class='ocr_line' id='line_1_66' title="bbox 1249 1161 1993 1206; baseline 0.001 -11"><span class='ocrx_word' id='word_1_354' title='bbox 1249 1163 1355 1201; x_wconf 89' lang='lat' dir='ltr'>deant,</span> <span class='ocrx_word' id='word_1_355' title='bbox 1370 1168 1402 1195; x_wconf 91' lang='lat' dir='ltr'>et</span> <span class='ocrx_word' id='word_1_356' title='bbox 1421 1161 1645 1195; x_wconf 81' lang='lat' dir='ltr'>christifideles</span> <span class='ocrx_word' id='word_1_357' title='bbox 1664 1163 1704 1195; x_wconf 90' lang='lat' dir='ltr'>ad</span> <span class='ocrx_word' id='word_1_358' title='bbox 1724 1161 1841 1195; x_wconf 81' lang='lat' dir='ltr'>dictam</span> <span class='ocrx_word' id='word_1_359' title='bbox 1855 1162 1993 1206; x_wconf 81' lang='lat' dir='ltr'>Congre-</span> 
     </span>
     <span class='ocr_line' id='line_1_67' title="bbox 1248 1214 1992 1259; baseline -0.001 -11"><span class='ocrx_word' id='word_1_360' title='bbox 1248 1215 1408 1259; x_wconf 76' lang='lat' dir='ltr'>gationem</span> <span class='ocrx_word' id='word_1_361' title='bbox 1423 1214 1671 1257; x_wconf 85' lang='lat' dir='ltr'>ingrediendum</span> <span class='ocrx_word' id='word_1_362' title='bbox 1687 1215 1788 1258; x_wconf 85' lang='lat' dir='ltr'>magis</span> <span class='ocrx_word' id='word_1_363' title='bbox 1806 1215 1992 1255; x_wconf 86' lang='lat' dir='ltr'>invitentur,</span> 
     </span>
     <span class='ocr_line' id='line_1_68' title="bbox 1249 1267 1994 1312; baseline 0.001 -11"><span class='ocrx_word' id='word_1_364' title='bbox 1249 1279 1313 1312; x_wconf 85' lang='lat' dir='ltr'>quo</span> <span class='ocrx_word' id='word_1_365' title='bbox 1333 1278 1369 1301; x_wconf 83' lang='lat' dir='ltr'>ex</span> <span class='ocrx_word' id='word_1_366' title='bbox 1390 1269 1451 1301; x_wconf 89' lang='lat' dir='ltr'>hoc</span> <span class='ocrx_word' id='word_1_367' title='bbox 1464 1267 1550 1301; x_wconf 89' lang='lat' dir='ltr'>dono</span> <span class='ocrx_word' id='word_1_368' title='bbox 1563 1267 1708 1302; x_wconf 87' lang='lat' dir='ltr'>coelestis</span> <span class='ocrx_word' id='word_1_369' title='bbox 1721 1268 1841 1311; x_wconf 83' lang='lat' dir='ltr'>gratiae</span> <span class='ocrx_word' id='word_1_370' title='bbox 1860 1279 1994 1312; x_wconf 85' lang='lat' dir='ltr'>conspe-</span> 
     </span>
     <span class='ocr_line' id='line_1_69' title="bbox 1248 1321 1994 1361; baseline 0 -5"><span class='ocrx_word' id='word_1_371' title='bbox 1248 1323 1349 1356; x_wconf 86' lang='lat' dir='ltr'>xerint</span> <span class='ocrx_word' id='word_1_372' title='bbox 1370 1333 1403 1355; x_wconf 88' lang='lat' dir='ltr'>se</span> <span class='ocrx_word' id='word_1_373' title='bbox 1425 1321 1558 1355; x_wconf 89' lang='lat' dir='ltr'>ulterius</span> <span class='ocrx_word' id='word_1_374' title='bbox 1575 1332 1644 1355; x_wconf 83' lang='lat' dir='ltr'>esse</span> <span class='ocrx_word' id='word_1_375' title='bbox 1665 1322 1811 1361; x_wconf 85' lang='lat' dir='ltr'>resectos,</span> <span class='ocrx_word' id='word_1_376' title='bbox 1833 1322 1873 1355; x_wconf 86' lang='lat' dir='ltr'>de</span> <span class='ocrx_word' id='word_1_377' title='bbox 1889 1323 1994 1356; x_wconf 61' lang='lat' dir='ltr'>‘omni-</span> 
     </span>
     <span class='ocr_line' id='line_1_70' title="bbox 1249 1374 1993 1419; baseline 0 -10"><span class='ocrx_word' id='word_1_378' title='bbox 1249 1375 1387 1419; x_wconf 86' lang='lat' dir='ltr'>potentis</span> <span class='ocrx_word' id='word_1_379' title='bbox 1406 1375 1462 1408; x_wconf 91' lang='lat' dir='ltr'>Dei</span> <span class='ocrx_word' id='word_1_380' title='bbox 1484 1374 1720 1416; x_wconf 87' lang='lat' dir='ltr'>misericordia,</span> <span class='ocrx_word' id='word_1_381' title='bbox 1754 1385 1790 1407; x_wconf 87' lang='lat' dir='ltr'>ac</span> <span class='ocrx_word' id='word_1_382' title='bbox 1823 1375 1993 1409; x_wconf 87' lang='lat' dir='ltr'>Beatorum</span> 
     </span>
     <span class='ocr_line' id='line_1_71' title="bbox 1248 1427 1994 1472; baseline 0 -10"><span class='ocrx_word' id='word_1_383' title='bbox 1248 1429 1330 1462; x_wconf 79' lang='lat' dir='ltr'>Petri</span> <span class='ocrx_word' id='word_1_384' title='bbox 1352 1434 1382 1461; x_wconf 88' lang='lat' dir='ltr'>et</span> <span class='ocrx_word' id='word_1_385' title='bbox 1402 1427 1491 1461; x_wconf 83' lang='lat' dir='ltr'>Pauli</span> <span class='ocrx_word' id='word_1_386' title='bbox 1512 1428 1730 1472; x_wconf 87' lang='lat' dir='ltr'>apostolorum</span> <span class='ocrx_word' id='word_1_387' title='bbox 1752 1428 1828 1460; x_wconf 91' lang='lat' dir='ltr'>Eius</span> <span class='ocrx_word' id='word_1_388' title='bbox 1847 1428 1994 1462; x_wconf 86' lang='lat' dir='ltr'>auctori-</span> 
     </span>
     <span class='ocr_line' id='line_1_72' title="bbox 1248 1480 1993 1525; baseline -0.001 -10"><span class='ocrx_word' id='word_1_389' title='bbox 1248 1487 1311 1515; x_wconf 87' lang='lat' dir='ltr'>tate</span> <span class='ocrx_word' id='word_1_390' title='bbox 1329 1480 1615 1520; x_wconf 81' lang='lat' dir='ltr'>contisi,omnibus</span> <span class='ocrx_word' id='word_1_391' title='bbox 1627 1486 1659 1513; x_wconf 88' lang='lat' dir='ltr'>et</span> <span class='ocrx_word' id='word_1_392' title='bbox 1675 1480 1810 1524; x_wconf 73' lang='lat' dir='ltr'>singulis</span> <span class='ocrx_word' id='word_1_393' title='bbox 1826 1481 1993 1525; x_wconf 87' lang='lat' dir='ltr'>utriusque</span> 
     </span>
     <span class='ocr_line' id='line_1_73' title="bbox 1248 1534 1993 1578; baseline -0.004 -9"><span class='ocrx_word' id='word_1_394' title='bbox 1248 1546 1339 1569; x_wconf 86' lang='lat' dir='ltr'>sexus</span> <span class='ocrx_word' id='word_1_395' title='bbox 1352 1534 1613 1568; x_wconf 86' lang='lat' dir='ltr'>christifidelibus</span> <span class='ocrx_word' id='word_1_396' title='bbox 1627 1545 1698 1568; x_wconf 78' lang='lat' dir='ltr'>vere</span> <span class='ocrx_word' id='word_1_397' title='bbox 1713 1535 1950 1578; x_wconf 86' lang='lat' dir='ltr'>poenitentibus</span> <span class='ocrx_word' id='word_1_398' title='bbox 1962 1541 1993 1569; x_wconf 89' lang='lat' dir='ltr'>et</span> 
     </span>
     <span class='ocr_line' id='line_1_74' title="bbox 1248 1588 1993 1632; baseline 0 -9"><span class='ocrx_word' id='word_1_399' title='bbox 1248 1589 1410 1629; x_wconf 75' lang='lat' dir='ltr'>confessis,</span> <span class='ocrx_word' id='word_1_400' title='bbox 1427 1588 1481 1632; x_wconf 89' lang='lat' dir='ltr'>qui</span> <span class='ocrx_word' id='word_1_401' title='bbox 1495 1588 1611 1622; x_wconf 87' lang='lat' dir='ltr'>dictam</span> <span class='ocrx_word' id='word_1_402' title='bbox 1630 1588 1915 1632; x_wconf 76' lang='lat' dir='ltr'>Congregationem</span> <span class='ocrx_word' id='word_1_403' title='bbox 1936 1600 1993 1632; x_wconf 87' lang='lat' dir='ltr'>pro</span> 
     </span>
     <span class='ocr_line' id='line_1_75' title="bbox 1247 1641 1993 1686; baseline 0.001 -11"><span class='ocrx_word' id='word_1_404' title='bbox 1247 1648 1390 1686; x_wconf 87' lang='lat' dir='ltr'>tempore</span> <span class='ocrx_word' id='word_1_405' title='bbox 1411 1641 1648 1684; x_wconf 66' lang='lat' dir='ltr'>ingredientur,</span> <span class='ocrx_word' id='word_1_406' title='bbox 1671 1641 1722 1675; x_wconf 90' lang='lat' dir='ltr'>die</span> <span class='ocrx_word' id='word_1_407' title='bbox 1741 1652 1852 1675; x_wconf 92' lang='lat' dir='ltr'>eorum</span> <span class='ocrx_word' id='word_1_408' title='bbox 1873 1643 1993 1686; x_wconf 74' lang='lat' dir='ltr'>ingrcs-</span> 
     </span>
     <span class='ocr_line' id='line_1_76' title="bbox 1247 1695 1992 1738; baseline -0.001 -9"><span class='ocrx_word' id='word_1_409' title='bbox 1247 1706 1312 1734; x_wconf 87' lang='lat' dir='ltr'>sus,</span> <span class='ocrx_word' id='word_1_410' title='bbox 1334 1695 1360 1728; x_wconf 86' lang='lat' dir='ltr'>si</span> <span class='ocrx_word' id='word_1_411' title='bbox 1385 1705 1456 1728; x_wconf 77' lang='lat' dir='ltr'>vere</span> <span class='ocrx_word' id='word_1_412' title='bbox 1476 1695 1675 1738; x_wconf 87' lang='lat' dir='ltr'>poenitentes</span> <span class='ocrx_word' id='word_1_413' title='bbox 1693 1700 1724 1728; x_wconf 88' lang='lat' dir='ltr'>et</span> <span class='ocrx_word' id='word_1_414' title='bbox 1743 1695 1896 1733; x_wconf 77' lang='lat' dir='ltr'>confessi,</span> <span class='ocrx_word' id='word_1_415' title='bbox 1912 1706 1992 1729; x_wconf 86' lang='lat' dir='ltr'>san—</span> 
     </span>
     <span class='ocr_line' id='line_1_77' title="bbox 1248 1748 1992 1783; baseline 0.001 -2"><span class='ocrx_word' id='word_1_416' title='bbox 1248 1748 1647 1782; x_wconf 75' lang='lat' dir='ltr'>ctissimumEucharistiae</span> <span class='ocrx_word' id='word_1_417' title='bbox 1662 1754 1898 1783; x_wconf 78' lang='lat' dir='ltr'>sacramentum</span> <span class='ocrx_word' id='word_1_418' title='bbox 1906 1759 1992 1782; x_wconf 89' lang='lat' dir='ltr'>sum-</span> 
     </span>
     <span class='ocr_line' id='line_1_78' title="bbox 1247 1800 1990 1845; baseline 0.001 -11"><span class='ocrx_word' id='word_1_419' title='bbox 1247 1801 1378 1845; x_wconf 91' lang='lat' dir='ltr'>pserint‚</span> <span class='ocrx_word' id='word_1_420' title='bbox 1397 1800 1586 1845; x_wconf 87' lang='lat' dir='ltr'>plenariam,</span> <span class='ocrx_word' id='word_1_421' title='bbox 1603 1807 1631 1834; x_wconf 90' lang='lat' dir='ltr'>et</span> <span class='ocrx_word' id='word_1_422' title='bbox 1651 1800 1682 1834; x_wconf 89' lang='lat' dir='ltr'>in</span> <span class='ocrx_word' id='word_1_423' title='bbox 1696 1801 1867 1834; x_wconf 83' lang='lat' dir='ltr'>cuiuslibet</span> <span class='ocrx_word' id='word_1_424' title='bbox 1879 1812 1990 1835; x_wconf 88' lang='lat' dir='ltr'>eorum</span> 
     </span>
     <span class='ocr_line' id='line_1_79' title="bbox 1248 1853 1992 1898; baseline 0.003 -11"><span class='ocrx_word' id='word_1_425' title='bbox 1248 1855 1358 1888; x_wconf 76' lang='lat' dir='ltr'>mortis·</span> <span class='ocrx_word' id='word_1_426' title='bbox 1378 1853 1512 1887; x_wconf 87' lang='lat' dir='ltr'>articulo</span> <span class='ocrx_word' id='word_1_427' title='bbox 1533 1853 1572 1895; x_wconf 84' lang='lat' dir='ltr'>(si</span> <span class='ocrx_word' id='word_1_428' title='bbox 1595 1853 1715 1897; x_wconf 89' lang='lat' dir='ltr'>pariter</span> <span class='ocrx_word' id='word_1_429' title='bbox 1735 1865 1805 1887; x_wconf 85' lang='lat' dir='ltr'>vere</span> <span class='ocrx_word' id='word_1_430' title='bbox 1828 1855 1992 1898; x_wconf 89' lang='lat' dir='ltr'>poeniten-</span> 
     </span>
     <span class='ocr_line' id='line_1_80' title="bbox 1248 1906 1992 1949; baseline 0.003 -9"><span class='ocrx_word' id='word_1_431' title='bbox 1248 1915 1293 1941; x_wconf 90' lang='lat' dir='ltr'>tes</span> <span class='ocrx_word' id='word_1_432' title='bbox 1313 1913 1340 1940; x_wconf 87' lang='lat' dir='ltr'>et</span> <span class='ocrx_word' id='word_1_433' title='bbox 1363 1906 1511 1945; x_wconf 87' lang='lat' dir='ltr'>eont&#39;essi,</span> <span class='ocrx_word' id='word_1_434' title='bbox 1530 1917 1683 1949; x_wconf 68' lang='lat' dir='ltr'>sacraque</span> <span class='ocrx_word' id='word_1_435' title='bbox 1698 1906 1930 1942; x_wconf 88' lang='lat' dir='ltr'>Communione</span> <span class='ocrx_word' id='word_1_436' title='bbox 1943 1919 1992 1942; x_wconf 89' lang='lat' dir='ltr'>re-</span> 
     </span>
     <span class='ocr_line' id='line_1_81' title="bbox 1247 1959 1992 2002; baseline 0.001 -8"><span class='ocrx_word' id='word_1_437' title='bbox 1247 1961 1317 1994; x_wconf 80' lang='lat' dir='ltr'>t&#39;ecti</span> <span class='ocrx_word' id='word_1_438' title='bbox 1338 1959 1472 1998; x_wconf 85' lang='lat' dir='ltr'>suerint,</span> <span class='ocrx_word' id='word_1_439' title='bbox 1495 1960 1541 1992; x_wconf 87' lang='lat' dir='ltr'>vel</span> <span class='ocrx_word' id='word_1_440' title='bbox 1562 1965 1720 2002; x_wconf 78' lang='lat' dir='ltr'>quatenus</span> <span class='ocrx_word' id='word_1_441' title='bbox 1751 1959 1783 1992; x_wconf 86' lang='lat' dir='ltr'>id</span> <span class='ocrx_word' id='word_1_442' title='bbox 1815 1962 1918 1995; x_wconf 81' lang='lat' dir='ltr'>facere</span> <span class='ocrx_word' id='word_1_443' title='bbox 1939 1973 1992 1995; x_wconf 90' lang='lat' dir='ltr'>ne-</span> 
     </span>
     <span class='ocr_line' id='line_1_82' title="bbox 1246 2012 1991 2057; baseline 0.003 -11"><span class='ocrx_word' id='word_1_444' title='bbox 1246 2012 1537 2057; x_wconf 81' lang='lat' dir='ltr'>quivei·int‚saltein</span> <span class='ocrx_word' id='word_1_445' title='bbox 1553 2024 1624 2046; x_wconf 85' lang='lat' dir='ltr'>vere</span> <span class='ocrx_word' id='word_1_446' title='bbox 1641 2013 1771 2046; x_wconf 85' lang='lat' dir='ltr'>contriti</span> <span class='ocrx_word' id='word_1_447' title='bbox 1790 2023 1905 2047; x_wconf 88' lang='lat' dir='ltr'>nomen</span> <span class='ocrx_word' id='word_1_448' title='bbox 1922 2015 1991 2048; x_wconf 87' lang='lat' dir='ltr'>lesu</span> 
     </span>
     <span class='ocr_line' id='line_1_83' title="bbox 1245 2066 1989 2109; baseline 0.003 -10"><span class='ocrx_word' id='word_1_449' title='bbox 1245 2078 1300 2101; x_wconf 86' lang='lat' dir='ltr'>ore</span> <span class='ocrx_word' id='word_1_450' title='bbox 1322 2067 1368 2099; x_wconf 75' lang='lat' dir='ltr'>iel</span> <span class='ocrx_word' id='word_1_451' title='bbox 1395 2066 1490 2099; x_wconf 82' lang='lat' dir='ltr'>corde</span> <span class='ocrx_word' id='word_1_452' title='bbox 1511 2066 1622 2099; x_wconf 79' lang='lat' dir='ltr'>devote</span> <span class='ocrx_word' id='word_1_453' title='bbox 1645 2067 1871 2109; x_wconf 73' lang='lat' dir='ltr'>invocaverint)</span> <span class='ocrx_word' id='word_1_454' title='bbox 1895 2068 1989 2102; x_wconf 83' lang='lat' dir='ltr'>etiam</span> 
     </span>
     <span class='ocr_line' id='line_1_84' title="bbox 1246 2120 1992 2165; baseline 0 -12"><span class='ocrx_word' id='word_1_455' title='bbox 1246 2121 1432 2164; x_wconf 84' lang='lat' dir='ltr'>plenariam,</span> <span class='ocrx_word' id='word_1_456' title='bbox 1453 2132 1489 2153; x_wconf 89' lang='lat' dir='ltr'>ac</span> <span class='ocrx_word' id='word_1_457' title='bbox 1512 2125 1574 2153; x_wconf 90' lang='lat' dir='ltr'>tam</span> <span class='ocrx_word' id='word_1_458' title='bbox 1596 2120 1671 2164; x_wconf 78' lang='lat' dir='ltr'>ipsis</span> <span class='ocrx_word' id='word_1_459' title='bbox 1693 2120 1754 2153; x_wconf 88' lang='lat' dir='ltr'>iam</span> <span class='ocrx_word' id='word_1_460' title='bbox 1776 2120 1944 2165; x_wconf 81' lang='lat' dir='ltr'>descriptis</span> <span class='ocrx_word' id='word_1_461' title='bbox 1961 2125 1992 2155; x_wconf 87' lang='lat' dir='ltr'>et</span> 
     </span>
     <span class='ocr_line' id='line_1_85' title="bbox 1246 2173 1989 2218; baseline 0.001 -11"><span class='ocrx_word' id='word_1_462' title='bbox 1246 2175 1275 2207; x_wconf 94' lang='lat' dir='ltr'>in</span> <span class='ocrx_word' id='word_1_463' title='bbox 1289 2174 1373 2207; x_wconf 76' lang='lat' dir='ltr'>dieta</span> <span class='ocrx_word' id='word_1_464' title='bbox 1384 2174 1636 2216; x_wconf 68' lang='lat' dir='ltr'>congregatione</span> <span class='ocrx_word' id='word_1_465' title='bbox 1651 2173 1882 2214; x_wconf 76' lang='lat' dir='ltr'>describe-ndis,</span> <span class='ocrx_word' id='word_1_466' title='bbox 1894 2185 1989 2218; x_wconf 81' lang='lat' dir='ltr'>quain</span> 
     </span>
     <span class='ocr_line' id='line_1_86' title="bbox 1245 2226 1989 2269; baseline 0.001 -10"><span class='ocrx_word' id='word_1_467' title='bbox 1245 2228 1314 2260; x_wconf 81' lang='lat' dir='ltr'>aliis</span> <span class='ocrx_word' id='word_1_468' title='bbox 1329 2227 1496 2269; x_wconf 73' lang='lat' dir='ltr'>utriusque</span> <span class='ocrx_word' id='word_1_469' title='bbox 1510 2237 1602 2259; x_wconf 80' lang='lat' dir='ltr'>sexus</span> <span class='ocrx_word' id='word_1_470' title='bbox 1617 2226 1878 2260; x_wconf 73' lang='lat' dir='ltr'>eluistitidelibus</span> <span class='ocrx_word' id='word_1_471' title='bbox 1894 2228 1989 2261; x_wconf 84' lang='lat' dir='ltr'>etiam</span> 
     </span>
     <span class='ocr_line' id='line_1_87' title="bbox 1246 2279 1991 2324; baseline 0.001 -12"><span class='ocrx_word' id='word_1_472' title='bbox 1246 2291 1318 2313; x_wconf 77' lang='lat' dir='ltr'>vere</span> <span class='ocrx_word' id='word_1_473' title='bbox 1336 2279 1572 2324; x_wconf 81' lang='lat' dir='ltr'>poenitentibus</span> <span class='ocrx_word' id='word_1_474' title='bbox 1586 2285 1614 2313; x_wconf 84' lang='lat' dir='ltr'>et</span> <span class='ocrx_word' id='word_1_475' title='bbox 1635 2279 1798 2319; x_wconf 64' lang='lat' dir='ltr'>contessis,</span> <span class='ocrx_word' id='word_1_476' title='bbox 1810 2290 1847 2313; x_wconf 91' lang='lat' dir='ltr'>ac</span> <span class='ocrx_word' id='word_1_477' title='bbox 1859 2279 1991 2313; x_wconf 87' lang='lat' dir='ltr'>sanctis-</span> 
     </span>
     <span class='ocr_line' id='line_1_88' title="bbox 1244 2331 1990 2376; baseline 0.001 -10"><span class='ocrx_word' id='word_1_478' title='bbox 1244 2333 1323 2366; x_wconf 88' lang='lat' dir='ltr'>sima</span> <span class='ocrx_word' id='word_1_479' title='bbox 1335 2332 1568 2366; x_wconf 85' lang='lat' dir='ltr'>Communione</span> <span class='ocrx_word' id='word_1_480' title='bbox 1587 2331 1787 2375; x_wconf 80' lang='lat' dir='ltr'>rel&#39;ectis,qui</span> <span class='ocrx_word' id='word_1_481' title='bbox 1810 2333 1990 2376; x_wconf 83' lang='lat' dir='ltr'>praedictae</span> 
     </span>
     <span class='ocr_line' id='line_1_89' title="bbox 1245 2385 1988 2430; baseline 0 -11"><span class='ocrx_word' id='word_1_482' title='bbox 1245 2385 1506 2428; x_wconf 63' lang='lat' dir='ltr'>Congregationis</span> <span class='ocrx_word' id='word_1_483' title='bbox 1527 2385 1693 2418; x_wconf 73' lang='lat' dir='ltr'>ecelesiam</span> <span class='ocrx_word' id='word_1_484' title='bbox 1716 2386 1762 2418; x_wconf 84' lang='lat' dir='ltr'>vel</span> <span class='ocrx_word' id='word_1_485' title='bbox 1784 2386 1937 2430; x_wconf 76' lang='lat' dir='ltr'>capellam</span> <span class='ocrx_word' id='word_1_486' title='bbox 1958 2387 1988 2420; x_wconf 90' lang='lat' dir='ltr'>in</span> 
     </span>
     <span class='ocr_line' id='line_1_90' title="bbox 1245 2438 1990 2482; baseline -0.001 -11"><span class='ocrx_word' id='word_1_487' title='bbox 1245 2442 1323 2472; x_wconf 73' lang='lat' dir='ltr'>t&#39;esto</span> <span class='ocrx_word' id='word_1_488' title='bbox 1345 2438 1608 2471; x_wconf 75' lang='lat' dir='ltr'>Annunciationis</span> <span class='ocrx_word' id='word_1_489' title='bbox 1623 2438 1734 2471; x_wconf 69' lang='lat' dir='ltr'>lbeatae</span> <span class='ocrx_word' id='word_1_490' title='bbox 1756 2438 1869 2472; x_wconf 76' lang='lat' dir='ltr'>Mariae.</span> <span class='ocrx_word' id='word_1_491' title='bbox 1890 2439 1990 2482; x_wconf 76' lang='lat' dir='ltr'>Virgi-</span> 
     </span>
     <span class='ocr_line' id='line_1_91' title="bbox 1246 2491 1987 2535; baseline 0 -11"><span class='ocrx_word' id='word_1_492' title='bbox 1246 2492 1308 2529; x_wconf 76' lang='lat' dir='ltr'>nis,</span> <span class='ocrx_word' id='word_1_493' title='bbox 1330 2504 1345 2523; x_wconf 90' lang='lat' dir='ltr'>a</span> <span class='ocrx_word' id='word_1_494' title='bbox 1369 2491 1479 2535; x_wconf 88' lang='lat' dir='ltr'>primis</span> <span class='ocrx_word' id='word_1_495' title='bbox 1500 2491 1636 2535; x_wconf 69' lang='lat' dir='ltr'>vesperis</span> <span class='ocrx_word' id='word_1_496' title='bbox 1658 2502 1758 2534; x_wconf 82' lang='lat' dir='ltr'>usque</span> <span class='ocrx_word' id='word_1_497' title='bbox 1779 2491 1817 2523; x_wconf 89' lang='lat' dir='ltr'>ad</span> <span class='ocrx_word' id='word_1_498' title='bbox 1839 2502 1987 2526; x_wconf 78' lang='lat' dir='ltr'>occasum</span> 
     </span>
     <span class='ocr_line' id='line_1_92' title="bbox 1243 2544 1988 2585; baseline -0.001 -8"><span class='ocrx_word' id='word_1_499' title='bbox 1243 2546 1318 2578; x_wconf 75' lang='lat' dir='ltr'>solis</span> <span class='ocrx_word' id='word_1_500' title='bbox 1338 2544 1481 2578; x_wconf 78' lang='lat' dir='ltr'>eiusdem</span> <span class='ocrx_word' id='word_1_501' title='bbox 1504 2544 1590 2579; x_wconf 74' lang='lat' dir='ltr'>sesti.</span> <span class='ocrx_word' id='word_1_502' title='bbox 1613 2544 1747 2585; x_wconf 63' lang='lat' dir='ltr'>singulis</span> <span class='ocrx_word' id='word_1_503' title='bbox 1767 2545 1988 2578; x_wconf 83' lang='lat' dir='ltr'>annis-devote</span> 
     </span>
     <span class='ocr_line' id='line_1_93' title="bbox 1245 2597 1989 2641; baseline 0.003 -12"><span class='ocrx_word' id='word_1_504' title='bbox 1245 2597 1451 2635; x_wconf 75' lang='lat' dir='ltr'>visitaverint,</span> <span class='ocrx_word' id='word_1_505' title='bbox 1467 2603 1495 2631; x_wconf 85' lang='lat' dir='ltr'>et</span> <span class='ocrx_word' id='word_1_506' title='bbox 1512 2597 1552 2631; x_wconf 89' lang='lat' dir='ltr'>ibi</span> <span class='ocrx_word' id='word_1_507' title='bbox 1568 2607 1625 2641; x_wconf 88' lang='lat' dir='ltr'>pro</span> <span class='ocrx_word' id='word_1_508' title='bbox 1639 2597 1888 2631; x_wconf 82' lang='lat' dir='ltr'>christianorum</span> <span class='ocrx_word' id='word_1_509' title='bbox 1903 2598 1989 2641; x_wconf 91' lang='lat' dir='ltr'>prin-</span> 
     </span>
     <span class='ocr_line' id='line_1_94' title="bbox 1243 2649 1986 2693; baseline 0.001 -10"><span class='ocrx_word' id='word_1_510' title='bbox 1243 2650 1348 2693; x_wconf 80' lang='lat' dir='ltr'>cipum</span> <span class='ocrx_word' id='word_1_511' title='bbox 1371 2650 1557 2689; x_wconf 74' lang='lat' dir='ltr'>roncordia,</span> <span class='ocrx_word' id='word_1_512' title='bbox 1576 2650 1742 2683; x_wconf 80' lang='lat' dir='ltr'>haeresum</span> <span class='ocrx_word' id='word_1_513' title='bbox 1763 2649 1986 2693; x_wconf 82' lang='lat' dir='ltr'>extirpatione,</span> 
     </span>
    </p>
   </div>
   <div class='ocr_carea' id='block_1_10' title="bbox 2006 262 2190 292">
    <p class='ocr_par' dir='ltr' id='par_1_12' title="bbox 2006 262 2190 292">
     <span class='ocr_line' id='line_1_95' title="bbox 2006 262 2190 292; baseline 0.016 -3"><span class='ocrx_word' id='word_1_514' title='bbox 2006 262 2057 289; x_wconf 79' lang='lat' dir='ltr'>An.</span> <span class='ocrx_word' id='word_1_515' title='bbox 2075 263 2104 290; x_wconf 91' lang='lat' dir='ltr'>C.</span> <span class='ocrx_word' id='word_1_516' title='bbox 2123 263 2190 292; x_wconf 75' lang='lat'>¹59⁷</span> 
     </span>
    </p>
   </div>
   <div class='ocr_carea' id='block_1_11' title="bbox 2183 0 2253 3195">
    <p class='ocr_par' dir='ltr' id='par_1_13' title="bbox 2183 0 2253 3195">
     <span class='ocr_line' id='line_1_96' title="bbox 2183 0 2253 3195; baseline 0 0"><span class='ocrx_word' id='word_1_517' title='bbox 2183 0 2253 3195; x_wconf 95' lang='lat' dir='ltr'> </span> 
     </span>
    </p>
   </div>
   <div class='ocr_carea' id='block_1_12' title="bbox 2042 1014 2245 1050">
    <p class='ocr_par' dir='ltr' id='par_1_14' title="bbox 2042 1014 2245 1050">
     <span class='ocr_line' id='line_1_97' title="bbox 2042 1014 2245 1050; baseline 0.01 -15"><span class='ocrx_word' id='word_1_518' title='bbox 2042 1014 2067 1044; x_wconf 74' lang='lat' dir='ltr'>Et</span> <span class='ocrx_word' id='word_1_519' title='bbox 2081 1014 2193 1041; x_wconf 66' lang='lat' dir='ltr'>privilegia</span> <span class='ocrx_word' id='word_1_520' title='bbox 2244 1022 2245 1050; x_wconf 43' lang='lat' dir='ltr'>i</span> 
     </span>
    </p>
   </div>
   <div class='ocr_carea' id='block_1_13' title="bbox 2007 1041 2192 1088">
    <p class='ocr_par' dir='ltr' id='par_1_15' title="bbox 2007 1041 2192 1088">
     <span class='ocr_line' id='line_1_98' title="bbox 2007 1041 2192 1067; baseline 0.005 -6"><span class='ocrx_word' id='word_1_521' title='bbox 2007 1044 2130 1067; x_wconf 76' lang='lat' dir='ltr'>gratiasque</span> <span class='ocrx_word' id='word_1_522' title='bbox 2149 1041 2192 1067; x_wconf 75' lang='lat' dir='ltr'>spi-</span> 
     </span>
     <span class='ocr_line' id='line_1_99' title="bbox 2008 1067 2102 1088; baseline 0 0"><span class='ocrx_word' id='word_1_523' title='bbox 2008 1067 2102 1088; x_wconf 78' lang='lat' dir='ltr'>rituales.</span> 
     </span>
    </p>
   </div>
  </div>
 </body>
</html>
