2253 3195
15 285 61 312 An.
82 283 109 311 C.
129 283 194 310 1595

9 1559 11 1587 Ῐ
43 1565 69 1587 Et
83 1572 131 1587 eum
146 1572 196 1592 ope-

15 1593 72 1614 <ariis
87 1600 151 1624 super
159 1594 195 1614 ob-

23 1623 117 1641 ervantia
131 1621 185 1642 sesto

51 2524 110 2546 Haec
125 2527 199 2548 eadem

19 2557 56 2578 pro
81 2553 133 2574 locis
160 2555 201 2575 Ali-

20 2580 80 2608 qanto
89 2581 154 2602 statui
165 2587 201 2607 pe-

7 2634 9 2638 .
19 2606 44 2626 ιιι
53 2605 169 2633 Philippus.

827 282 973 306 CLEMENS
995 283 1050 306 vul
1072 283 1121 305 Pl‘.

210 331 367 364 cimarum
389 336 420 364 et
437 330 652 375 primitiarum
673 330 859 366 huiusmodi
877 341 952 375 pro-

207 390 278 429 pter
299 390 458 418 terrarum
481 384 700 426 irrigationem
728 395 786 428 pro
809 389 953 428 tempore

208 438 483 483 provenientium,
505 444 534 472 et
557 439 702 471 decimae
723 438 884 471 novalium
903 438 952 470 ul-

208 492 286 525 timo
308 492 466 525 dictorum
489 492 519 524 in
541 492 632 525 dictis
660 491 953 533 1‘egnis,‘dominiis

209 552 239 578 et
267 545 501 589 principatibus
528 545 751 578 universarum
779 545 949 588 Hispania-

207 611 278 632 rum
309 605 341 633 et
373 600 483 633 insulis
503 599 722 639 Canariarum,
747 599 842 632 etiam
861 598 953 631 annis

208 653 352 695 singulis,
373 653 537 696 perpetuis
556 652 672 685 suturis
687 651 898 695 temporibus,
913 652 952 684 ad

208 706 359 739 eumdem
382 705 566 749 Philippum
589 716 698 748 regem
724 710 755 738 et
780 704 847 737 eius
875 715 950 737 suc-

209 770 350 793 cessores
373 760 556 804 praedictos
582 759 794 803 ipsorumque
820 769 954 791 succes-

208 823 297 846 sores
336 813 479 855 legitime
518 817 701 857 spectarent
739 817 770 845 et
808 812 952 856 pertinc-

209 872 291 907 rent,
316 866 442 910 illisque
462 866 541 899 solvi
555 866 721 906 deberent,
746 865 951 905 ordinaretis,

209 926 240 953 et
257 920 392 964 quilibet
406 925 559 960 vestrum,
577 925 608 953 et
624 919 847 963 unusquisque
868 929 886 951 a
902 929 956 951 vo-

209 973 258 1007 bis
272 979 303 1007 et.
316 974 462 1018 quolibet
478 970 619 1007 vestrum
634 973 673 1006 ad
688 972 863 1016 praemissa
882 972 957 1005 sub—

209 1028 407 1070 delegandus
419 1024 620 1065 ordinarent,
637 1031 791 1059 statueret
804 1031 834 1058 et
848 1026 957 1058 decer-

208 1086 310 1122 neret,
328 1081 412 1114 dicta
425 1081 613 1114 auctoritate
634 1080 820 1124 apostolica,
843 1090 880 1112 ac
899 1090 958 1122 per

209 1135 489 1169 manutentionem
515 1140 545 1168 et
571 1139 762 1178 perpetuam
787 1133 955 1180 tuitionem

209 1188 371 1222 dictorum
403 1189 582 1222 rivulorum
609 1193 640 1221 et
661 1188 827 1221 fovearum
853 1197 954 1230 quae-

209 1252 349 1285 cumque
369 1247 487 1275 statuta
508 1247 538 1275 et
559 1241 792 1279 ordinationes,
817 1241 958 1273 rationa-

208 1295 285 1329 bilia
303 1301 331 1329 et
353 1296 504 1336 honesta,
533 1295 682 1335 ederetis,
705 1300 735 1327 et
753 1294 888 1338 quilibet
904 1305 957 1326 ve-

208 1354 322 1390 strum,
338 1355 369 1382 et
384 1349 608 1393 unusquisque
629 1359 646 1381 a
669 1348 757 1381 vobis
770 1353 801 1381 et
813 1347 957 1392 quolibet

207 1409 349 1437 vestrum
358 1404 398 1437 ad
407 1403 583 1447 praemissa
596 1403 867 1445 subdelegandus,
884 1402 958 1435 ede-

210 1462 259 1491 ret
280 1462 310 1490 et
329 1462 494 1490 statueret.

255 1512 272 1553 g
293 1510 324 1544 8.
348 1512 392 1544 Ac
412 1521 471 1554 pro
500 1511 698 1555 perfectione
726 1515 756 1543 et
782 1515 954 1543 manuten-

212 1564 298 1608 :jone
318 1565 484 1598 fovearum
511 1570 542 1598 et
567 1564 747 1597 rivulorum
772 1563 957 1596 huiusmodi

162 1654 171 1665 q
188 1632 195 1662 j
211 1630 284 1652 cum
299 1619 455 1663 operariis
470 1624 501 1652 et
514 1618 753 1652 laboratoribus
766 1617 956 1650 eorumdem

210 1672 389 1705 rivulorum
403 1677 433 1705 et
446 1672 622 1712 fovearum,
644 1677 708 1704 tam
722 1671 831 1715 quoad
848 1670 957 1703 obser-

210 1726 370 1759 vationem
392 1726 558 1765 festorum,
584 1735 682 1769 quam
700 1734 813 1757 eorum
834 1723 866 1756 in
885 1723 956 1767 qui-

209 1779 279 1820 bus,
295 1785 330 1813 ut
347 1780 386 1812 ab
401 1779 553 1824 operibus
572 1779 740 1813 servilibus
759 1777 957 1811 abstineatur

210 1838 364 1867 statutum
385 1839 442 1874 est,
467 1834 507 1866 ad
528 1832 748 1866 obedientiam
768 1842 833 1865 non
863 1837 953 1864 tene-

211 1892 325 1926 antur,
356 1886 547 1920 auctoritate
569 1885 765 1930 apostolica,
790 1883 956 1928 dispensa-

210 1941 297 1981 retis,
318 1946 349 1973 et
369 1940 505 1984 quilibet
524 1945 556 1973 et
574 1939 797 1983 unusquisque
824 1949 842 1971 a
867 1938 957 1971 vobis

211 1994 470 2036 subdelegandus
488 1994 527 2026 ad
547 1993 723 2037 praemissa
744 1993 953 2036 dispensaret,

212 2048 385 2092 omniaque
403 2047 465 2080 alia
485 2053 516 2080 et
535 2047 661 2090 singula
681 2046 767 2080 circa
780 2046 958 2090 praemissa

192 2142 195 2143 ⁷
212 2101 459 2146 quomodolibet
478 2101 660 2134 necessaria
688 2106 719 2134 et
747 2105 932 2144 opportuna
946 2127 953 2141 ,

212 2157 325 2189 eadem
344 2155 544 2195 auctoritate,
561 2154 707 2188 faceretis
728 2160 758 2188 et
778 2164 954 2198 exequere-

212 2209 303 2248 mini,
318 2215 348 2243 et
368 2209 503 2253 quilibet
516 2214 667 2249 vestrum,
686 2214 717 2242 et
736 2208 958 2252 unusquisque

212 2275 230 2297 a
249 2263 338 2297 vobis
359 2264 398 2296 ad
419 2262 596 2307 praemissa
622 2262 893 2305 subdelegandus,
915 2262 960 2294 sa-

213 2323 300 2351 ceret
328 2322 360 2350 et
385 2322 620 2360 exequeretur,
651 2321 749 2360 prout
778 2315 811 2347 in
835 2314 907 2348 Iulii
929 2320 960 2348 et

213 2370 360 2413 Gregorii
374 2375 405 2403 et
417 2370 553 2403 aliorum
568 2369 855 2413 praedecessorum
876 2367 960 2401 litte-

214 2424 258 2457 ris
277 2424 416 2467 desuper
440 2423 594 2456 confectis
618 2422 744 2467 plenius
762 2421 956 2455 continetur.

260 2478 276 2519 ξ
298 2476 327 2510 9.
352 2477 429 2511 Cum
449 2482 574 2517 autem,
598 2476 690 2509 sicuti
711 2486 815 2519 nuper
835 2485 871 2508 ex
892 2475 960 2519 ipso

215 2530 364 2574 Philippo
388 2541 464 2572 rege
483 2530 711 2570 intelleximus,
735 2529 820 2562 idem
841 2528 961 2572 Philip-

215 2594 276 2628 pus
297 2594 351 2617 rex
371 2584 527 2617 maximos
548 2589 579 2617 et
598 2584 744 2626 ingentes
764 2588 909 2626 sumptus
929 2582 961 2614 in

218 2637 414 2670 deducendis
428 2637 518 2681 aquis
539 2648 577 2671 ex
594 2637 729 2670 flumine
748 2636 834 2670 Tibis
847 2636 879 2668 in
891 2636 963 2669 loca

219 2691 258 2724 de
279 2690 436 2733 Alicante,
461 2691 552 2734 regni
572 2691 753 2731 valentiae,
777 2690 868 2723 cuius
896 2689 963 2734 ipse

987 330 1154 374 Philippus
1167 329 1262 363 etiam
1277 340 1331 362 rex
1345 328 1459 368 existit,
1476 333 1507 361 et
1520 327 1582 360 illis
1596 326 1733 368 irrigan-

989 384 1036 416 dis
1058 384 1178 423 sect-rit,
1203 383 1429 426 dictorumque
1449 382 1595 414 locorum
1610 379 1734 412 incolae

989 438 1050 469 boc
1070 448 1155 470 anno
1176 436 1363 479 irrigatione
1385 434 1570 468 huiusmodi
1589 433 1635 467 uti
1649 433 1731 466 int-fiv-

989 491 1088 534 piant‚
1112 501 1170 533 pro
1192 495 1282 534 purte
1303 489 1402 533 ipsius
1420 488 1559 532 Philippi
1581 487 1736 530 regisno-

989 544 1036 576 bis
1063 543 1120 576 suit
1141 543 1307 576 humiliter
1327 542 1554 586 supplicatum,
1576 546 1736 585 quatenus

988 597 1047 630 sibi
1071 597 1101 629 in
1120 596 1316 641 praemissis,
1344 606 1403 640 pro
1432 595 1545 628 maiori
1564 600 1595 628 et
1615 593 1734 638 potiori

989 652 1124 690 cautela,
1149 651 1318 694 providere
1333 651 1372 683 de
1390 649 1586 691 benignitate
1608 654 1736 692 aposto-

989 705 1049 737 lica
1070 704 1289 745 dignaremur.

1034 760 1049 800 ξ
1064 758 1116 792 10.
1134 759 1196 792 Nos
1208 758 1307 802 ipsius
1320 758 1459 801 Philippi
1475 758 1560 800 regis
1575 756 1736 790 indemni-

990 812 1045 845 tati
1067 812 1125 844 liar.
1147 812 1176 844 in
1196 817 1286 856 parte
1312 812 1480 845 consulere
1503 811 1679 854 cupientes,
1700 820 1736 843 ac

990 866 1149 899 dictarum
1172 865 1353 898 litterarum
1376 870 1521 901 tenoresv
1545 864 1679 908 perinde
1701 874 1736 896 ac

990 919 1015 952 si
1037 920 1075 952 de
1097 919 1193 952 verbo
1224 919 1264 951 ad
1292 919 1425 951 verbum
1452 918 1683 957 insererentur,
1707 922 1738 950 et

991 973 1052 1005 alia
1069 972 1121 1006 hic
1142 973 1181 1006 de
1201 972 1390 1005 necessitate
1411 966 1617 1015 expi'imenda
1638 981 1733 1014 prae-

991 1027 1135 1060 sentibus
1155 1037 1214 1071 pro
1236 1026 1392 1070 expressis
1421 1026 1596 1066 habentes,
1621 1024 1735 1058 huius-

993 1080 1079 1114 modi
1101 1080 1389 1124 supplicationibus
1410 1079 1581 1119 inclinatis,
1599 1078 1688 1112 vobis
1709 1084 1739 1112 et

992 1134 1124 1167 cuilibet
1144 1139 1285 1166 vestrum
1307 1144 1365 1177 per
1389 1139 1573 1177 praesentes
1600 1132 1736 1165 manda-

993 1199 1080 1228 mus,
1109 1193 1267 1232 quatenus
1287 1198 1359 1228 vos,
1387 1188 1436 1220 vel
1463 1187 1548 1227 duo,
1577 1191 1632 1219 aut
1658 1197 1740 1219 unus

993 1248 1151 1281 vestrum,
1176 1251 1234 1285 per
1260 1251 1331 1281 vos,
1355 1241 1403 1274 vel
1425 1241 1540 1279 alium,
1576 1251 1631 1273 seu
1661 1240 1740 1273 alios

993 1296 1138 1329 statuatis
1159 1300 1190 1329 et
1210 1295 1383 1336 ordinetis,
1407 1306 1462 1328 seu
1482 1300 1601 1328 statuat
1614 1300 1645 1327 et
1656 1294 1742 1327 ordi-

992 1355 1057 1390 net,
1082 1350 1168 1393 quod
1188 1349 1302 1382 solutis
1322 1349 1414 1381 annis
1427 1348 1561 1391 singulis
1574 1347 1740 1392 perpetuis

994 1403 1107 1436 suturis
1127 1403 1328 1447 temporibus
1348 1402 1536 1442 abhatibus,
1560 1401 1737 1445 prioribus,

993 1456 1280 1501 praeceptoribus,
1310 1455 1514 1495 rectoribus,
1543 1453 1742 1487 beneficiatis

993 1516 1025 1544 et
1041 1510 1206 1554 quibusvis
1223 1510 1293 1543 aliis
1314 1509 1460 1554 personis
1478 1508 1612 1542 decimis
1627 1513 1657 1541 et
1677 1507 1743 1552 pri-

993 1565 1101 1605 mitiis,
1125 1570 1223 1608 prout
1243 1564 1275 1597 in
1296 1574 1361 1597 uno
1383 1574 1419 1596 ex
1440 1563 1532 1595 dictis
1557 1562 1659 1595 tribus
1679 1573 1739 1594 an-

992 1619 1052 1657 nis,
1070 1619 1166 1652 fertili
1181 1620 1254 1652 cum
1269 1618 1382 1657 sterili,
1398 1623 1431 1650 ut
1444 1617 1638 1661 praefertur,
1654 1627 1742 1649 com-

992 1678 1114 1716 putato,
1139 1672 1244 1705 soluta
1264 1671 1403 1712 suerint,
1428 1671 1661 1713 excrescentia,
1686 1681 1741 1703 seu

992 1731 1203 1769 augmentum
1234 1725 1435 1758 decimarum
1467 1730 1497 1758 et
1524 1724 1741 1768 primitiarum

990 1780 1189 1819 huiusmodi,
1201 1785 1335 1823 propter
1346 1784 1506 1812 terrarum
1519 1777 1740 1820 irrigationem

991 1845 1050 1878 pro
1069 1839 1216 1877 tempore
1234 1844 1270 1866 ex
1293 1832 1385 1866 dictis
1406 1832 1485 1865 locis
1505 1832 1650 1865 Alicante
1667 1842 1741 1875 pro-

990 1887 1132 1928 veniens,
1145 1893 1176 1920 et
1189 1887 1333 1920 decimae
1346 1886 1511 1919 novalium
1524 1885 1556 1918 in
1570 1885 1743 1929 praedictis

992 1941 1069 1974 locis
1090 1941 1129 1974 de
1149 1940 1306 1981 Alicante,
1330 1939 1427 1973 etiam
1460 1939 1551 1972 annis
1581 1938 1717 1981 singulis
1732 1966 1739 1978 ,

992 1994 1156 2039 perpetuis
1170 1993 1288 2027 suturis
1303 1993 1516 2037 temporibus,
1534 1992 1574 2025 ad
1592 1992 1743 2025 eumdem

991 2048 1177 2092 Philippum
1198 2057 1308 2090 regem
1330 2052 1362 2080 et
1381 2056 1584 2080 successores
1604 2056 1679 2078 suos
1698 2046 1744 2079 le-

992 2102 1104 2145 gitime
1117 2106 1263 2146 spectent
1275 2105 1306 2134 et
1318 2100 1511 2144 pertineant,
1524 2099 1650 2142 illisque
1664 2098 1743 2132 solvi

993 2156 1148 2196 debeant,
1169 2147 1360 2188 auctoritate
1389 2159 1520 2194 nostra,
1544 2152 1689 2186 statuatis
1714 2158 1745 2185 ct

993 2209 1159 2249 ordinetis,
1183 2213 1214 2241 et
1233 2207 1370 2252 quilibet
1389 2217 1447 2251 per
1464 2217 1497 2239 se
1513 2233 1520 2247 ,
1543 2206 1592 2239 vel
1619 2206 1716 2238 alium
1733 2233 1740 2246 ,

993 2274 1049 2297 seu
1070 2262 1150 2296 alios
1163 2266 1282 2296 statuat
1296 2267 1327 2295 et
1340 2261 1478 2301 ordinet,
1493 2270 1552 2293 nec
1564 2270 1629 2292 non
1643 2270 1742 2303 quae-

994 2327 1133 2360 cumque
1153 2320 1271 2349 statuta
1292 2320 1323 2348 et
1344 2313 1564 2348 ordinationes
1596 2313 1740 2346 rationa-

994 2369 1070 2402 bilia
1084 2374 1115 2402 et
1127 2369 1272 2409 honesta,
1288 2367 1540 2412 praemissorum
1560 2365 1740 2406 occasione,

995 2423 1113 2456 condat
1133 2427 1164 2455 et
1184 2422 1267 2462 edat,
1292 2432 1329 2454 ac
1349 2431 1409 2465 pro
1432 2419 1675 2453 manutentione
1690 2419 1744 2452 de-

996 2475 1156 2510 ductionis
1181 2480 1212 2508 et
1229 2473 1427 2517 irrigationis
1447 2484 1605 2517 aquarum
1626 2472 1739 2506 huius-

996 2529 1083 2563 modi
1105 2539 1179 2562 cum
1198 2528 1354 2572 operariis
1381 2532 1412 2561 et
1439 2526 1678 2561 laboratoribus
1703 2526 1744 2559 ad

996 2581 1028 2614 id
1042 2579 1202 2624 deputatis
1216 2584 1247 2613 et
1263 2579 1467 2623 deputandis,
1483 2583 1548 2612 tam
1563 2578 1671 2622 quoad
1684 2578 1743 2611 ob-

997 2633 1210 2668 servationem
1232 2633 1405 2674 festorum,
1430 2643 1527 2676 quam
1548 2642 1680 2672 eorum,
1711 2631 1743 2664 in

998 2688 1125 2733 quibus,
1149 2693 1184 2721 ut
1204 2687 1244 2721 ab
1265 2686 1417 2732 operibus
1443 2685 1613 2720 servilibus
1639 2685 1740 2719 absti-

1748 276 1798 303 ΑΗ.
1815 276 1843 303 C.
1865 275 1934 303 1594

1790 764 1849 784 Votis
1864 763 1935 784 annuit

1752 792 1853 812 Clemens.
