2253 3195
283 248 331 275 Αη.
354 249 383 276 c.
402 250 469 277 1500
514 241 577 275 580

483 300 524 333 do
545 300 613 333 iure
634 301 792 344 quaesito,
816 301 955 344 aliisque
976 300 1173 345 apostolicis,
1190 311 1226 333 ae

1067 252 1252 276 BULLARIUM
1273 252 1426 276 ROMANUM

1303 301 1417 333 Datum
1432 301 1552 334 Romae
1566 301 1652 344 apud
1669 302 1699 335 S.
1717 302 1845 335 Petrum
1863 303 1922 336 sub
1943 313 1999 336 an-

483 353 514 386 in
536 353 753 398 synodalibus,
776 354 1029 397 provincialibus
1042 360 1069 387 et
1091 354 1223 387 univer-
1260 353 1337 386 nulo
1361 353 1543 394 Piscator-is,
1568 354 1619 387 die
1640 365 1671 387 lv
1693 354 1798 388 martii
1822 365 1898 396 irinc,
1922 367 2002 400 pon-

483 407 602 439 salibus
619 406 762 439 conciliis
783 407 877 440 editis
890 407 939 440 vel
953 407 1086 441 edendis
1103 408 1225 451 specia-
1261 407 1399 440 tiiieatus
1419 407 1520 441 nostri
1541 418 1626 440 anno
1643 418 1741 441 nono⁴

484 460 566 492 libus
583 460 631 492 vel
663 460 866 501 generalibus
893 461 1177 495 constitutionibus
1197 468 1228 495 et

483 512 760 553 ordinationibus,
793 524 920 547 necnon
952 514 1028 548 dicti
1059 515 1228 559 hospitalis

484 566 580 599 ctiam
602 566 796 608 iuramento,
817 568 1064 602 confirmatione
1091 574 1223 613 aposto-

484 619 555 659 lica,
579 620 628 652 vel
658 620 770 663 quavis
803 620 956 654 firmitate
982 621 1044 655 alia
1065 622 1226 656 roboratis

484 673 620 714 statutis,
644 674 950 715 consuetudinibus,
986 675 1222 718 stabilinientis‚

483 726 594 760 usibus
615 732 645 760 et
665 727 800 769 naturis,
821 728 996 772 privilegiis
1017 739 1158 773 quoque,
1176 729 1224 762 in-

484 780 580 813 dultis
601 786 631 813 et
651 781 764 814 litteris
788 782 973 826 apostolicis
993 782 1097 816 eidem
1119 783 1227 827 hospi-

483 833 549 874 tali,
571 845 608 867 ae
628 834 667 867 ab
688 845 726 868 eo
747 836 1004 879 dependentibus
1016 837 1223 881 prioratibus,

483 887 675 929 baiulivatis,
692 889 923 934 praeceptoriis
937 896 966 923 et
985 891 1150 934 membris,
1168 902 1227 925 nec

484 951 547 974 non
570 952 688 984 magno
718 942 882 985 magistro,
907 944 1054 985 consilio,
1084 945 1225 989 capitulo

483 1000 513 1027 et
534 996 707 1028 conventui
727 996 910 1040 praedietis,
934 994 1131 1042 illorumque
1156 999 1223 1032 sra-

485 1048 597 1089 tribus,
621 1049 718 1082 etiam
739 1050 887 1091 mitanis,
917 1051 949 1083 in
970 1061 1088 1094 genere
1116 1052 1165 1085 vel
1193 1052 1225 1086 in

484 1102 601 1146 specie,
622 1114 680 1147 per
697 1114 920 1149 quoscumque
931 1105 1094 1139 Romanos
1114 1106 1224 1139 Ponti-

485 1156 561 1190 fices
580 1158 844 1201 praedecessores
868 1165 1016 1200 nostros,
1045 1171 1082 1193 ae
1112 1171 1171 1193 nos
1196 1166 1227 1194 et

485 1210 603 1245 dictam
618 1212 744 1251 Sedern,
763 1213 858 1245 etiam
873 1213 912 1246 de
926 1213 1060 1247 consilio
1081 1214 1224 1248 eiusdem

487 1265 517 1298 S.
539 1266 575 1298 R.
599 1265 632 1298 E.
657 1266 869 1300 cardinalium
900 1278 936 1300 cx
955 1267 1058 1301 causis
1079 1274 1154 1302 tunc
1175 1280 1227 1302 ex-

485 1319 613 1364 pressis,
635 1320 730 1353 etiam
758 1321 1026 1355 consistorialiter
1054 1323 1227 1367 propositis

486 1379 514 1406 et
536 1374 706 1417 diligenter
727 1375 927 1413 examinatis,
956 1376 1052 1410 etiam
1074 1388 1132 1421 per
1159 1389 1227 1412 mo—

486 1427 562 1460 dum
590 1429 698 1461 statuti
728 1429 895 1473 perpetui,
927 1436 957 1462 et
988 1430 1222 1473 ordinationis,

485 1481 580 1514 etiam
599 1488 700 1523 motu,
727 1483 860 1516 scientia
882 1489 912 1517 et
931 1485 1097 1528 potestatis
1124 1486 1227 1530 pleni-

486 1535 595 1568 tudine
615 1535 786 1577 similibus,
821 1537 880 1570 sub
901 1537 1159 1583 quibuscumque
1182 1545 1227 1573 te-

485 1589 618 1622 noribus
632 1596 660 1623 et
674 1590 796 1632 sorinis,
813 1602 849 1625 ac
864 1602 936 1624 cuin
955 1593 1119 1636 quibusvis
1131 1594 1224 1627 etiam

485 1643 765 1685 derogatoriarum
787 1645 1011 1688 derogatoriis,
1036 1647 1171 1691 aliisque
1184 1648 1227 1681 es-

485 1696 688 1730 ficacioribus
709 1704 737 1731 et
756 1698 891 1732 insolitis
915 1700 1077 1740 clausulis,
1100 1711 1226 1734 necnon

486 1750 683 1784 irritantibus
701 1757 729 1784 et
745 1751 814 1785 aliis
832 1752 979 1793 decretis,
997 1753 1027 1785 in
1042 1764 1160 1796 genere
1177 1755 1225 1788 vel

485 1803 514 1836 in
529 1804 647 1848 specie,
665 1805 761 1837 ctiam
785 1805 905 1838 iteratis
919 1806 1041 1839 vicibus
1054 1802 1223 1848 concessis,

484 1858 670 1901 approbatis
689 1864 716 1891 et
737 1858 905 1893 innovatis.
927 1860 1048 1899 Quibus
1062 1861 1223 1898 omnibus,

484 1911 606 1944 etiamsi
619 1922 677 1955 pro
690 1911 818 1945 illorum
833 1913 1002 1946 sufficienti
1018 1915 1226 1956 derogatione

484 1965 522 1997 de
539 1965 600 1998 illis
611 1975 788 2009 eorumque
803 1966 875 1999 totis
889 1968 1052 2001 tenoribus
1065 1968 1223 2012 specialis,

484 2018 644 2061 specifica,
673 2030 820 2063 expressa
850 2026 879 2053 ct
908 2020 1092 2061 individua,
1120 2032 1155 2054 ac
1188 2022 1226 2055 de

484 2072 581 2105 verbo
593 2073 632 2104 :td
648 2073 792 2114 verbum,
805 2083 867 2106 non
881 2079 986 2107 autem
1003 2085 1059 2118 per
1069 2075 1226 2109 clausulas

484 2127 649 2166 mini-ates
671 2127 755 2159 idem
776 2127 986 2171 iinportantvs¹
1008 2129 1146 2170 incutio,
1171 2141 1226 2162 seu

484 2180 614 2224 quaevis
627 2180 688 2212 alia
702 2181 862 2224 own-ssim
875 2181 1034 2221 habenda,
1052 2188 1102 2214 aut
1120 2182 1226 2226 aliqua

485 2233 544 2265 :diu
558 2234 712 2277 exquisita
727 2235 877 2267 i'oruiaad
893 2235 952 2267 lto(-
964 2236 1118 2268 servanda
1133 2236 1223 2277 soret,

487 2293 612 2320 tonost-s
630 2288 826 2325 liiiiiisiiimli,
844 2300 878 2320 ar·
893 2289 916 2321 si
932 2289 970 2321 de
986 2290 1081 2321 verbo
1102 2290 1141 2322 :td
1161 2301 1227 2323 rer-

486 2341 573 2381 buiu,
591 2342 668 2374 nitiit
685 2342 809 2385 penitus
824 2343 992 2382 omiss‹1‚‹=t
1009 2344 1109 2376 surina
1125 2344 1227 2377 inillis

486 2395 599 2427 traditu
621 2396 810 2434 observata,
842 2396 950 2429 inserti
979 2398 1094 2436 t'nrcnt,
1129 2408 1223 2440 prae-

485 2449 626 2480 sentibus
655 2461 712 2492 pro
734 2449 930 2482 suflicit-nter
951 2450 1106 2493 exprcssis
1126 2456 1154 2483 ct
1181 2450 1227 2483 iu-

485 2503 574 2534 ‚wi-ii>
598 2503 762 2539 liutmun-s,
789 2503 849 2535 illis
867 2503 945 2535 :dias
968 2503 997 2536 in
1021 2515 1080 2536 suo
1111 2504 1226 2536 rotun-1·

487 2557 714 2597 pviinnnsuris,
740 2557 797 2588 lun:
819 2557 884 2589 vii-a·
913 2558 1075 2590 dumtaxat
1103 2558 1225 2601 speriu-

487 2608 557 2639 lita-i⁴
582 2617 608 2639 vt
633 2611 1000 2652 expressedvi-oguinus,
1026 2611 1224 2655 caeterisque

486 2663 653 2693 sonum-iis
671 2664 939 2708 quiluisruiuquv.

1298 470 1355 497 Dati
1373 469 1416 497 die
1436 471 1451 497 4
1468 469 1557 497 martii
1575 471 1652 506 1600,
1674 471 1770 506 pontif.
1787 480 1830 498 au.
1848 478 1882 499 tx.

1566 650 1700 684 CCXXX.

1262 755 1492 790 Ordinationes
1501 767 1561 800 pro
1582 757 1661 789 bono
1680 757 1839 800 regimine
1858 758 2001 800 fratrum

1307 818 1442 853 Ordinis
1462 819 1583 853 Bealae
1596 820 1722 853 Mariae
1736 820 1774 853 cle
1791 820 1933 853 Mercede
1946 820 2006 853 Re-

1305 883 1501 927 demplionis
1532 884 1766 927 Captivorum,
1800 889 1829 917 et
1853 884 2005 917 electione

1305 947 1374 979 eius
1394 946 1594 990 officialium.

1470 1036 1603 1063 Clemens
1624 1037 1702 1070 Papa
1721 1037 1804 1070 VIII,

1388 1092 1423 1117 ad
1439 1093 1614 1124 perpetuam
1629 1090 1674 1118 rei
1688 1090 1870 1118 memoriam.

1304 1162 1347 1195 Ex
1382 1161 1553 1206 pastoralis
1579 1161 1680 1195 nostri
1716 1161 1860 1195 muneris
1891 1161 2002 1195 debito

1261 1222 1452 1250 cunctorum
1472 1215 1700 1258 religiosorum
1721 1215 1817 1249 statui
1848 1225 2003 1259 prospere

1261 1269 1430 1312 dirigendo
1450 1269 1624 1303 salubriter
1644 1269 1859 1310 intendentes,
1887 1280 1924 1302 ea
1944 1280 2002 1302 no-

1260 1329 1344 1357 strae
1365 1322 1620 1356 confirmationis
1634 1323 1752 1356 robore
1764 1322 1905 1356 libenter
1915 1332 2003 1356 com-

1261 1377 1435 1417 munimus,
1459 1387 1542 1421 quae
1568 1387 1627 1420 pro
1648 1376 1838 1410 eorumdem
1870 1376 2003 1418 religio-

1260 1442 1369 1465 sorum
1401 1437 1490 1465 recto
1515 1431 1673 1473 gubernio
1690 1437 1722 1464 et
1749 1430 1832 1464 felici
1853 1430 2004 1464 directio-

1260 1496 1301 1519 ne
1321 1485 1453 1530 provide
1471 1491 1545 1518 sunt
1562 1485 1710 1518 ordinata
1724 1512 1731 1526 ,
1755 1490 1852 1529 prout
1872 1485 1904 1518 in
1935 1485 2000 1518 Do-

1261 1541 1349 1574 mino
1370 1539 1770 1584 salubriterconspicimus
1791 1539 1954 1584 expedire.

1305 1596 1322 1637 g
1342 1594 1372 1627 1.
1397 1594 1506 1638 Nuper
1536 1593 1695 1638 siquidem
1726 1604 1786 1637 pro
1806 1598 1897 1637 parte
1918 1593 2000 1627 dile-

1261 1654 1386 1681 ctorum
1426 1647 1566 1680 filiorum
1605 1646 1748 1689 magistri
1781 1646 1940 1689 generalis
1973 1651 2004 1680 et

1262 1701 1396 1734 fratrum
1417 1700 1545 1734 Ordinis
1577 1701 1692 1734 Beatae
1712 1700 1830 1734 Mariae
1856 1701 1896 1733 de
1925 1700 2004 1734 Mer-

1261 1755 1338 1788 cede
1355 1754 1598 1798 Redemptionis
1614 1754 1819 1798 Captivorum
1836 1782 1843 1795 ,
1874 1765 1932 1798 per
1957 1753 2004 1788 di-

1262 1808 1377 1841 lectum
1419 1808 1520 1841 filium
1558 1808 1688 1840 fratrem
1724 1808 1923 1842 Bernarduni
1964 1808 2004 1841 de

1262 1862 1390 1905 Vargas,
1415 1861 1568 1894 vit-arium
1590 1867 1618 1894 et
1642 1867 1886 1905 procuratorem
1907 1872 2004 1904 gene-

1262 1916 1360 1948 ralem
1382 1914 1526 1948 eiusdem
1548 1914 1687 1954 Ordinis,
1708 1915 1801 1948 nobis
1821 1915 2002 1959 expositum

1263 1968 1341 2007 suit,
1370 1969 1456 2012 quod
1487 1968 1517 2000 in
1558 1968 1698 2012 capitulo
1725 1969 1868 2011 generali
1906 1968 2005 2013 ipsius

1260 2022 1398 2060 Ordinis,
1423 2032 1532 2054 mense
1554 2022 1638 2055 maio
1652 2022 1726 2055 anni
1748 2022 1893 2066 proxime
1913 2032 2005 2066 prae-

1263 2075 1356 2114 teriti,
1379 2075 1410 2108 in
1435 2075 1560 2108 civitate
1586 2075 1810 2109 Vattisotctana
1841 2075 2004 2109 celebrato

1261 2130 1470 2171 ‹lt-linitores,
1509 2129 1729 2173 prat-sidentes
1753 2135 1781 2162 ct
1815 2129 1867 2162 alii
1898 2134 2005 2173 patres

1262 2183 1380 2216 ibidem
1404 2183 1663 2221 intervenientes,
1681 2194 1739 2227 pro
1753 2183 1840 2216 bono
1857 2183 2002 2216 eiusdem

1261 2237 1400 2275 (li-dinis,
1425 2237 1839 2281 eiusquemonasteriorum
1861 2242 1889 2270 et
1913 2237 2002 2270 loco-

1264 2302 1345 2328 rum,
1371 2303 1406 2324 a«—
1421 2301 1633 2335 personarum
1655 2290 1823 2331 regimine,
1846 2289 2006 2323 intcralia

1263 2344 1463 2388 infrascripta
1491 2350 1608 2376 statuta
1625 2371 1631 2383 ,
1662 2343 1884 2377 ordinationes
1904 2349 1935 2376 et
1954 2353 2006 2376 ca—

1262 2398 1361 2442 pilttln
1381 2397 1607 2430 voiulidorunt.

1306 2454 1321 2488 ξ
1344 2450 1373 2483 9..
1397 2451 1488 2489 Quod
1510 2450 1663 2483 nimirum
1678 2449 1928 2489 sing-insanitis,
1953 2448 2003 2482 die

1263 2504 1341 2537 sesto
1367 2503 1544 2536 Nativitntis
1567 2504 1680 2536 Beatae
1702 2502 1817 2535 Marini·
1840 2501 1999 2543 Virginis,

1261 2563 1370 2589 octava
1402 2556 1617 2600 septembris,
1642 2555 1866 2589 universaliter
1887 2555 1917 2588 in
1939 2561 2003 2588 tota

1261 2611 1344 2644 dia-ta
1359 2611 1513 2651 religione
1535 2610 1686 2643 festivitas
1708 2611 1821 2643 llcatae
1835 2609 1950 2642 Mariae
1964 2609 2002 2642 de

1260 2665 1401 2698 Mercede
1417 2665 1647 2705 instittwretni',
1659 2670 1686 2696 ct
1702 2663 1838 2696 inaxiuut
1851 2662 2003 2695 solemni—

2018 254 2066 280 An.
2088 253 2116 281 C.
2134 254 2200 283 1600

2046 1169 2187 1192 Prooemium.

2031 1600 2053 1620 ln
2062 1598 2159 1626 Capituto
2168 1605 2203 1626 go-

2018 1627 2085 1647 norali
2099 1633 2118 1647 a.
2129 1632 2202 1648 nuncu

2018 1653 2130 1680 nonnullae
2161 1653 2203 1674 soi·-

2018 1682 2089 1701 matao
2099 1682 2147 1700 sunl
2154 1684 2203 1701 con·

2018 1707 2146 1728 stitutione-e.

2028 2454 2112 2476 Festum
2121 2452 2200 2475 n.ttt.v.

2019 2481 2045 2511 do
2061 2481 2159 2502 tuot-emto
2173 2480 2201 2502 ln·

2018 2510 2119 2529 stitutum.
