2253 3195
8 224 10 226 ,
53 201 102 228 An.
120 200 149 227 C.
168 199 236 226 1595

82 947 201 970 clausulae.

79 1534 245 1560 Vectigaliaau-

20 1574 23 1582 ψ
61 1562 129 1589 gemla
139 1563 243 1582 recenset.

859 199 1006 222 CLEMENS
1026 198 1084 221 vm
1105 198 1154 221 1²1¹,

249 247 369 291 absque
383 248 448 281 ulla
464 258 676 291 personarum
698 247 886 280 earumdffln
902 257 993 280 exee-

248 302 369 346 paone,
390 301 439 335 vel
459 301 650 339 diam-entia,
674 301 807 345 perinde
833 312 869 333 ae
891 301 914 333 si
937 301 995 332 mi-

249 356 335 389 nime
356 361 532 399 exemptae,
556 355 604 389 vel
627 354 845 399 privilegiatae
878 353 992 387 existe-

249 415 336 447 rent,
360 420 419 441 nee
449 410 488 442 (le
509 409 616 452 aliqua
637 419 746 441 earum
769 407 992 450 exemptione,

251 463 467 501 immunitate,
484 463 531 494 rel
546 461 714 505 privilegio
736 466 912 496 constaret:
926 460 997 503 qui-

252 515 375 548 nimmo
397 525 616 558 quascumque
630 513 749 546 similes
763 513 993 556 exemptiones,

252 569 415 601 libertates
433 574 460 601 et
478 567 697 600 in‘nimnitates
715 567 759 599 eis
781 571 834 598 ant
855 566 998 599 ruicmn-

252 633 314 667 que
339 633 472 662 earum,
497 621 608 665 quavis
638 621 783 660 ratione,
808 632 925 658 eausa,
951 620 997 652 rel

253 675 422 709 occasione
455 680 694 719 competentes,
727 680 760 707 ut
793 674 994 717 praefertur,

253 729 361 773 quoad
392 728 578 761 huiusmodi
611 733 820 770 augmentum
843 733 873 759 et
894 727 997 770 impo-

253 783 415 823 sitionem,
440 783 502 815 illis
526 782 710 815 nullatenus
741 780 909 823 suffragari
942 781 997 813 de-

254 837 341 870 bere.

301 891 315 934 ξ
340 890 370 924 4.
395 891 510 934 Sicque
542 901 600 934 per
628 901 850 934 quoscumque
879 889 999 922 iudices

256 945 438 978 ordinarios
459 950 489 978 et
513 945 686 987 delegatos,
711 944 806 977 etiam
829 954 997 976 causarum

255 998 365 1042 palatii
391 998 559 1041 apostolici
592 997 755 1030 auditores
780 1008 816 1030 ae
847 997 878 1029 S.
907 997 941 1029 R.
963 996 995 1028 Ε.

256 1052 445 1091 cardinales,
470 1051 565 1085 etiam
587 1052 625 1084 de
647 1052 745 1083 latere
766 1051 898 1092 legatos,
927 1050 1001 1081 sub-

256 1106 320 1139 lata
339 1105 385 1139 eis
413 1111 445 1138 et
477 1115 590 1138 eorum
620 1105 749 1138 cuilibet
777 1104 887 1147 quavis
908 1104 1001 1136 aliter

256 1159 420 1192 iudicandi
434 1165 465 1192 et
480 1159 710 1202 interpretandi
729 1159 876 1191 facultate
897 1163 927 1191 et
947 1168 1001 1190 au-

257 1213 415 1253 ctoritate,
441 1212 575 1246 iudicari
597 1218 627 1245 et.
652 1211 779 1245 definiri
807 1211 942 1249 debere,
966 1222 1001 1243 ac

257 1266 384 1300 irritum
407 1272 438 1300 et
469 1266 563 1299 inane
596 1266 753 1310 quidquid
785 1276 876 1298 secus
907 1276 1003 1309 super

257 1319 307 1352 his
327 1331 345 1353 a
365 1331 541 1364 quoquam,
559 1320 669 1363 quavis
682 1319 884 1358 auctoritate,
901 1319 1003 1352 seien-

258 1379 307 1407 ter
320 1375 367 1407 vel
382 1374 580 1416 ignoranter,
597 1374 768 1416 eontigerit,
785 1373 933 1406 attentari
948 1373 1003 1406 de-

260 1428 424 1461 cernimus
442 1434 473 1461 et
493 1428 707 1461 declaramus.
770 1425 772 1427 ’

305 1483 321 1523 ξ
343 1480 373 1514 5.
395 1483 573 1523 Augmenta
593 1492 668 1514 vero
689 1482 900 1524 gabellarum,
924 1491 1006 1524 quae

261 1542 281 1568 a·
298 1535 389 1568 vobis
410 1535 480 1568 fieri
502 1535 718 1579 permisimus,
733 1536 813 1568 haee
835 1540 905 1568 sunt
923 1546 930 1574 3
959 1534 1007 1566 ni-

261 1589 380 1622 mirum
405 1595 440 1622 ut.
465 1590 604 1634 exempti
635 1600 766 1629 omnes,
790 1594 920 1633 praeter
951 1589 1007 1621 da-

263 1642 341 1676 tium
374 1643 597 1683 ordinarium,
622 1643 816 1686 quadrantes
837 1642 1006 1676 duodecim

261 1707 321 1740 pro
343 1697 469 1739 singulo
490 1697 638 1730 vehiculo
660 1707 768 1729 rerum
789 1707 901 1729 eorum
921 1696 952 1728 in
967 1695 1009 1727 ci-

262 1750 390 1785 vitatem
412 1752 720 1795 comportandamm
736 1779 743 1789 ,
767 1751 806 1783 ad
838 1756 946 1793 portas
967 1749 1010 1781 ei-

262 1804 378 1845 vitatis‚
402 1816 460 1848 per
477 1815 556 1849 quas
577 1805 837 1844 introducuntur,
861 1805 1006 1841 solvant,;

263 1863 363 1901 utque
380 1858 576 1901 quadrantes
592 1863 655 1891 tres
673 1869 731 1902 pro
752 1858 877 1899 singula
898 1857 1006 1896 eoi-ba7

264 1916 300 1944 ut
319 1917 444 1951 vocant,
465 1912 628 1953 frumenti,
652 1913 692 1945 ad
712 1912 934 1944 molendinum
957 1923 1011 1955 pa-

266 1965 343 1997 riter
360 1967 495 2007 solvant,
513 1977 594 2010 quae
607 1966 670 1999 duo
684 1972 867 2008 augmenta,
883 1976 939 1998 seu
953 1965 1011 1997 im-

266 2019 442 2063 positiones
455 2021 494 2053 ad
506 2020 603 2053 libras
614 2031 666 2053 sex
688 2020 776 2053 mille
794 2019 921 2052 circiter
933 2030 1012 2063 quo-

266 2071 371 2104 tannis
392 2072 581 2105 ascendent:
606 2077 641 2104 ut
670 2082 735 2104 non
765 2071 902 2115 exempti
928 2082 1010 2114 qua-

267 2125 396 2157 drantes
416 2135 468 2157 sex
490 2135 548 2168 pro
569 2125 696 2165 singulo
716 2124 886 2164 vehiculo,
911 2129 938 2156 et
961 2134 1014 2156 sex

267 2188 327 2222 pro
347 2178 475 2220 singula
486 2178 595 2218 corba⁷
613 2183 766 2221 utsupra,
783 2178 867 2210 ultra
885 2177 1014 2210 solitum

268 2232 414 2272 solvant,
439 2242 521 2275 quae
542 2237 715 2273 augmenta
737 2231 776 2264 ad
798 2231 896 2263 libras
919 2231 1014 2274 quin-

270 2286 375 2319 decim
390 2285 477 2319 mille
495 2285 622 2319 circiter
635 2285 799 2318 annuatim
822 2285 1014 2317 ascendent:

269 2344 305 2372 ut
328 2349 386 2383 pro
407 2339 534 2382 singulo
556 2339 746 2382 quartirolo,
770 2344 805 2371 ut
824 2343 951 2375 vocant,
968 2348 1018 2370 sa-

269 2391 318 2432 lis,
336 2392 419 2424 ultra
440 2392 569 2425 solitum
591 2392 730 2435 pretium
750 2397 781 2424 et
796 2396 956 2431 vecturae,
974 2391 1019 2423 al-

272 2445 436 2489 teriusque
466 2446 632 2490 hueusque
663 2445 742 2479 solvi
778 2445 889 2478 solitae
918 2445 1020 2489 impo-

270 2497 394 2531 sitionis
425 2499 640 2541 solutionem,
671 2499 868 2543 quadrantes
899 2508 952 2532 sex
985 2499 1023 2531 ab

227 2595 233 2602 ,
273 2553 433 2595 omnibus,
450 2560 514 2587 tam
534 2554 689 2598 exemptis
709 2565 805 2598 quani
828 2564 893 2586 non
914 2564 1023 2587 exem-

272 2607 346 2653 ptis,
368 2607 590 2643 indifferenter
606 2608 810 2653 persolvendi
831 2613 1020 2652 augeantur,

1680 185 1744 217 215

1029 246 1116 290 quod
1138 250 1347 288 augmentum
1377 244 1416 277 ad
1448 254 1607 277 suminam
1634 253 1774 275 annuam

1031 305 1078 332 ter
1099 299 1235 332 millium
1257 299 1413 331 librarum
1442 297 1571 331 circiter
1603 297 1769 330 ascendet:

1030 358 1064 384 ut
1092 363 1151 395 pro
1178 352 1304 394 singulo
1333 351 1477 384 vehiculo
1504 361 1612 383 rerum
1638 349 1780 384 cuiusvis

1031 405 1168 444 geum-'m
1190 417 1225 438 ex
1247 405 1398 438 comitatu
1421 404 1594 443 Bononiae,
1620 414 1691 437 eum
1719 413 1774 436 so-

1032 459 1086 491 lita
1112 459 1251 495 lii-entia,
1281 464 1311 491 et
1344 464 1435 502 prout
1459 463 1647 491 consuetum
1669 457 1777 489 bacte-

1032 523 1091 544 nus
1111 512 1225 548 existit,
1243 512 1525 549 oxtralien‘darum7
1544 509 1706 543 bononeni
1722 510 1777 548 deff

1033 576 1101 597 rem
1121 566 1362 608 persolvantur;
1377 575 1413 597 ex
1427 565 1544 608 quibus
1562 575 1689 597 sumnia
1701 564 1779 596 dua-

1033 630 1103 651 rum
1127 618 1263 650 millium
1290 618 1417 651 circiter
1443 618 1621 657 librarum,
1645 616 1779 659 singulis

1033 672 1125 704 aunis
1139 672 1260 716 pereipi
1275 672 1406 715 poterit:
1429 677 1460 704 ut
1477 671 1653 704 solutiones
1667 681 1780 711 omnes

1033 736 1315 769 quorumcumque
1337 725 1511 769 (latiorum,
1538 730 1599 757 tam
1619 734 1777 757 novorum

1033 790 1130 823 quam
1161 779 1392 822 antummum,
1414 789 1450 811 ex
1476 782 1604 809 moneta
1630 787 1711 809 nova
1740 776 1780 809 ad

1034 839 1197 866 monetam
1229 832 1393 876 antiquam
1423 832 1636 869 reducantur,
1661 841 1696 863 ex
1718 840 1781 873 qua

1034 887 1222 920 reductione
1251 886 1350 919 librae
1381 885 1509 919 circiter
1536 884 1665 927 triginta
1694 884 1782 917 mille

1034 941 1200 974 annuatim
1229 940 1350 984 percipi
1372 944 1543 983 poteruntg
1567 939 1677 982 sicque
1697 947 1779 980 aug·-

1036 1002 1142 1027 menta
1175 1001 1203 1027 et
1225 994 1370 1027 reductio
1397 992 1600 1037 supradictae
1622 1002 1782 1025 summam

1036 1059 1175 1080 annuam
1197 1047 1361 1089 sexaginta
1382 1047 1476 1079 unius
1510 1046 1646 1078 millium
1678 1045 1781 1077 libra-

1036 1112 1119 1139 rum,
1143 1101 1190 1132 vel
1212 1100 1306 1139 circa,
1322 1099 1526 1132 constituent.
1552 1098 1706 1131 Volumus
1728 1108 1784 1130 au-

1037 1161 1111 1193 tem,
1135 1160 1170 1187 ut.
1197 1154 1222 1187 si
1244 1154 1340 1198 quid,
1362 1154 1443 1186 ultra
1475 1153 1593 1185 dietam
1622 1162 1783 1184 summam

1037 1208 1150 1241 exinde
1170 1207 1379 1251 percipietur,
1400 1206 1431 1239 id
1455 1211 1567 1243 totum,
1591 1206 1678 1249 quod
1699 1215 1786 1238 sum-

1038 1272 1122 1294 mam
1136 1261 1333 1304 praedictam
1352 1260 1493 1299 exe-edet,
1510 1259 1541 1292 in
1556 1258 1785 1291 extinctionem

1038 1315 1192 1348 Montium
1214 1316 1370 1348 Annonae
1388 1312 1598 1346 Bononiensis
1620 1317 1786 1345 converta-

1041 1375 1107 1406 tur;
1128 1374 1227 1412 utque
1242 1379 1295 1401 vos
1309 1367 1456 1400 eamdem
1471 1376 1631 1402 summam
1646 1365 1677 1397 in
1692 1364 1783 1404 alios,

1041 1434 1136 1467 quam
1158 1422 1360 1466 supradictos
1386 1432 1472 1459 usus,
1502 1420 1684 1453 nullatenus
1705 1429 1784 1451 con-
1828 1437 1832 1441 Δ

1041 1473 1164 1510 vertere
1186 1476 1330 1520 possitis;
1356 1475 1424 1518 ipso
1444 1484 1520 1507 vero
1542 1473 1702 1506 decennio
1723 1473 1788 1505 ela-

1042 1541 1116 1574 pso,
1145 1535 1319 1572 augmenta
1352 1534 1382 1561 et
1415 1527 1638 1571 impositiones
1677 1536 1790 1559 omnes

1042 1584 1255 1628 supradictae,
1280 1594 1317 1616 eo
1348 1583 1415 1626 ipso
1437 1581 1587 1618 extincta,
1617 1580 1791 1623 omniaque

1044 1639 1074 1671 in
1102 1637 1274 1681 pristinum
1297 1637 1426 1669 redacta
1449 1636 1532 1675 sint,
1556 1640 1587 1667 et
1618 1645 1686 1667 esse
1716 1644 1791 1666 een-

1043 1698 1183 1730 seantur‚
1199 1702 1235 1724 ae
1248 1690 1451 1734 supradictae
1474 1687 1723 1722 contributionis
1737 1686 1792 1719 tri-

1044 1745 1182 1778 remium
1216 1756 1297 1778 onus
1332 1745 1370 1776 ad
1400 1743 1599 1787 praedictam
1632 1741 1792 1783 gabellam

1045 1809 1187 1841 grossam
1218 1798 1399 1842 pertineat,
1424 1807 1544 1839 vosque
1573 1795 1627 1827 illa
1658 1793 1793 1827 ulterius

1046 1853 1171 1895 exigere
1189 1852 1278 1884 nullo
1299 1851 1397 1883 modo
1418 1849 1555 1893 possitis.

1092 1909 1107 1945 ξ
1135 1906 1165 1939 (i.
1200 1905 1356 1945 Quocirca
1386 1909 1497 1937 nostro
1527 1908 1558 1935 et
1589 1901 1793 1945 Apostolieae

1046 1961 1136 1994 Sedis
1161 1960 1193 1992 in
1215 1960 1280 2002 ipsa
1304 1958 1429 1991 civitate
1455 1958 1494 1989 de
1525 1957 1624 1989 latere
1654 1965 1739 1988 nune
1761 1960 1791 1987 et

1048 2026 1106 2058 pro
1128 2020 1273 2057 tempore
1295 2011 1441 2045 existenti
1463 2011 1580 2052 legato,
1605 2020 1660 2042 seu
1688 2008 1794 2041 eidem

1049 2067 1198 2101 Annibali
1220 2066 1372 2111 episeopo
1389 2065 1560 2101 moderno7
1582 2068 1613 2095 et
1632 2072 1691 2105 pro
1714 2067 1796 2094 tem-

1050 2132 1127 2166 pore
1155 2120 1301 2154 existenti
1328 2119 1427 2163 ipsius
1449 2117 1584 2151 civitatis
1605 2116 1792 2158 vicelegato²

1050 2189 1105 2211 seu
1126 2173 1347 2219 gubernatori,
1363 2184 1421 2216 per
1440 2176 1625 2215 praesentes
1647 2169 1797 2203 commit-

1052 2232 1148 2264 timus
1162 2236 1193 2263 et
1212 2229 1416 2265 mandamus,
1435 2232 1594 2270 quatenns
1613 2229 1798 2268 praesentes

1053 2285 1174 2317 litteras
1187 2311 1194 2324 ,
1228 2288 1257 2315 et
1279 2282 1310 2313 in
1331 2280 1376 2314 eis
1390 2284 1539 2313 contenta
1557 2287 1794 2321 quaecumque,

1054 2337 1126 2378 ubi,
1151 2342 1182 2369 et
1206 2336 1339 2379 'quando
1367 2344 1448 2377 opus
1477 2332 1583 2371 suerit,
1612 2342 1669 2375 per
1689 2341 1722 2363 se
1750 2330 1800 2363 vel

1056 2392 1154 2425 alium
1183 2389 1372 2424 solemniter
1397 2386 1611 2431 publicando,
1645 2384 1800 2427 vobisque

1059 2446 1089 2477 in
1116 2443 1301 2488 praemissis
1327 2441 1465 2475 ellicaeis
1492 2438 1688 2473 defensionis
1708 2449 1801 2482 prae-

1059 2499 1140 2532 sidio
1155 2498 1315 2535 assistens,
1340 2495 1446 2535 faeiat,
1463 2493 1656 2527 auctoritate
1676 2498 1798 2533 nostra,

1061 2553 1146 2586 dieto
1168 2550 1324 2584 decennio
1346 2550 1492 2586 durante,
1517 2559 1571 2581 vos
1595 2557 1652 2581 seu
1674 2557 1692 2579 a
1713 2546 1802 2579 vobis

1064 2607 1244 2651 deputatos,
1266 2603 1367 2637 libera
1384 2602 1548 2637 exactione
1572 2606 1601 2635 et
1620 2599 1801 2645 perceptio-

1792 195 1841 220 An.
1860 193 1887 220 C.
1906 191 1974 220 1595

1848 1906 1995 1931 Exequutores

1809 1933 1922 1958 designati.
