2253 3195
284 236 333 262 An.
355 235 382 262 c.
402 235 469 263 1602
515 226 580 259 824

480 285 608 318 suerunt
627 295 737 318 omnes
762 285 883 318 reditus
907 285 947 317 ad
967 285 1161 327 mesquitam
1186 285 1226 319 de

481 338 609 382 Gayviel
633 338 708 371 olim
734 337 941 381 pertinentes.
979 337 1040 371 Sed
1071 339 1224 382 quoniam

481 390 632 423 dominus
651 390 837 434 temporalis
863 391 1036 424 modernus
1067 391 1226 425 recusavit

481 446 637 486 praefatas
662 449 735 477 octo
758 443 853 477 libras
881 445 998 478 rectori
1023 446 1161 490 solvere,
1189 457 1226 479 ex

481 507 518 529 co
537 496 624 539 quod
645 492 742 541 super
762 497 919 531 reditibus
932 499 972 533 de
989 499 1128 544 Gayviel,
1144 510 1226 544 quae

481 555 555 582 sunt
578 550 661 583 bona
680 551 806 584 vinculo
831 551 982 586 adstricta
998 581 1005 594 ‚
1030 563 1095 586 non
1115 559 1227 597 potue-

482 609 555 636 runt
572 603 765 647 consignari,
782 605 985 649 desuperque
998 607 1036 640 lis
1047 607 1108 640 suit
1126 612 1224 640 mota:

482 662 587 690 rector
611 656 650 690 de
674 657 798 702 Gayviel
816 659 920 692 solum
938 659 1051 702 recipit
1067 660 1226 704 primitias

482 710 521 743 de
539 710 666 754 Gayviel
686 710 847 755 integras,
872 723 964 756 quae,
986 713 1069 747 sacta
1086 713 1225 757 legitima

481 763 702 804 calculatione,
723 765 885 809 sexaginta
907 771 978 799 octo
1001 767 1103 807 libris,
1122 767 1225 801 solido

481 827 546 850 uno
576 824 607 851 et
639 818 740 852 tribus
772 819 911 853 denariis
935 820 1166 854 aestimantur:
1195 827 1224 854 et

481 870 601 903 reditus
626 872 702 904 olim
729 873 917 916 mesquitae‚
944 873 999 917 qui
1020 874 1135 908 valoris
1151 879 1226 908 sunt

481 930 602 968 septem
616 924 783 966 librarum,
799 937 910 960 omnes
924 933 997 960 sunt
1021 928 1224 971 septuaginta

481 977 625 1021 quinque
642 977 753 1019 librae,
767 978 888 1013 solidus
905 990 990 1013 unus
1005 985 1035 1014 et
1048 986 1112 1014 tres
1129 980 1225 1014 dena-

481 1029 529 1062 rii.
557 1029 758 1074 Quapropter
782 1038 909 1075 oportet
931 1033 1018 1077 quod
1042 1034 1224 1077 praedictae

480 1082 1076 1131 dotiaddanturinreditibusvigintiet
1086 1093 1225 1130 quatuor

480 1137 598 1177 librae,
625 1137 736 1172 decem
762 1144 792 1172 et
824 1145 898 1173 octo
923 1140 1017 1173 solidi
1050 1146 1081 1174 et
1108 1145 1222 1174 novem

479 1188 599 1223 denarii
625 1190 663 1223 ad
681 1192 953 1235 complementum
979 1199 1108 1227 centum
1130 1194 1225 1226 libra-

480 1253 563 1282 rum,
590 1245 649 1277 hoc
675 1244 821 1279 videlicet
838 1247 954 1280 modo:
974 1246 1060 1290 quod
1078 1247 1223 1280 infirma-

480 1296 546 1330 rius
558 1298 958 1342 ecclesiaeSegobricensis
967 1300 1015 1334 vel
1026 1300 1220 1343 Capitulum,

479 1351 608 1394 quando
626 1351 658 1384 in
676 1353 859 1395 praemissis
879 1353 1086 1394 successerit,
1123 1354 1224 1387 solvat

479 1403 590 1437 decem
616 1404 712 1437 libras
737 1405 859 1440 ratione
885 1407 1116 1450 primitiarum,
1144 1417 1224 1450 quas

481 1457 602 1501 integre
622 1458 734 1503 recipit
758 1470 794 1492 ex
812 1459 931 1503 oppido
952 1461 1056 1500 Matet,
1073 1471 1155 1504 quac
1172 1472 1223 1494 va-

478 1511 554 1544 loris
585 1518 660 1545 sunt
696 1513 825 1556 triginta
861 1513 1005 1557 quinque
1042 1514 1196 1548 librarum
1211 1543 1218 1556 ,

477 1564 615 1598 duorum
648 1565 824 1599 solidorum
852 1572 883 1599 et
915 1577 967 1600 sex
1000 1567 1218 1601 denariorum.

477 1618 683 1661 Applicantur
715 1624 744 1652 ct
769 1620 1000 1661 consignantur
1024 1625 1096 1653 octo
1122 1620 1222 1654 librae

477 1682 512 1704 ex
538 1671 694 1705 reditibus
721 1673 797 1705 olim
823 1673 862 1705 ad
899 1674 1090 1716 mesquitam
1111 1674 1221 1717 oppidi

478 1725 571 1759 Matet
596 1726 851 1769 pertinentibus,
885 1728 939 1770 qui
971 1728 1144 1770 quotannis
1169 1729 1222 1761 de-

478 1790 546 1812 cem
570 1785 600 1812 et
636 1786 708 1813 octo
737 1779 832 1813 libras
868 1781 982 1814 valent.
1014 1781 1223 1824 Applieantur

478 1839 641 1877 practerea
663 1844 715 1866 sex
730 1833 842 1873 librae,
861 1833 973 1867 decem
996 1840 1026 1867 et
1040 1841 1112 1868 octo
1129 1834 1221 1868 solidi

478 1891 507 1918 ct
522 1896 634 1919 novem
647 1885 769 1919 denarii
780 1897 816 1919 ex
827 1886 1043 1920 oblationibus
1057 1893 1087 1921 et
1101 1889 1223 1921 emolu-

481 1939 592 1971 mentis
613 1950 650 1972 ex
675 1939 755 1982 pede
773 1938 880 1972 altaris
899 1940 1159 1983 provenientibus
1176 1940 1223 1973 di-

480 1998 606 2025 ctorum
622 1992 761 2025 duorum
781 1993 987 2036 oppidorum,
1009 2004 1091 2036 quae
1112 2004 1223 2027 omnes

479 2056 622 2079 summae
641 2052 769 2079 centum
788 2046 884 2079 libras
902 2047 1047 2080 efficiunt
1060 2074 1067 2086 ,
1103 2054 1134 2081 et
1166 2059 1224 2092 pro

479 2097 554 2131 dote
568 2098 671 2131 dictae
688 2099 877 2143 parochialis
892 2099 930 2134 de
945 2100 1074 2144 Gayriel
1091 2102 1223 2145 eiusque

480 2152 614 2185 rectoris
627 2156 846 2196 pei-praelatos
864 2153 1105 2187 contribuentcs
1120 2164 1225 2197 respe—

480 2204 560 2236 ctive
578 2205 720 2248 quolitwt
748 2217 832 2239 anno
850 2213 1004 2250 perpetuo
1032 2207 1223 2247 solvendae,

481 2257 697 2300 applicantur.
724 2259 774 2291 lus
798 2270 873 2292 vero
907 2265 1092 2303 patronatus
1131 2271 1226 2303 penes

484 2310 687 2345 (ludin-‘trium
715 2319 889 2346 remancat.
914 2313 1027 2346 Rector
1044 2324 1140 2354 vcro,
1168 2314 1224 2358 qui

483 2364 512 2396 in
528 2364 647 2407 oppido
661 2366 787 2410 Gayviel
806 2377 890 2399 nunc
912 2367 1042 2407 residet,
1059 2367 1228 2400 dominicis

482 2416 596 2449 dia-bus
617 2424 647 2451 ct
673 2419 790 2452 ltus-rivis
808 2419 888 2452 duas
907 2425 1051 2453 teneatur
1067 2420 1228 2453 celebrare

485 2470 608 2510 ritissas,
625 2472 758 2505 alteram
794 2472 824 2504 in
857 2473 989 2505 ecclesia
1015 2473 1054 2506 de
1088 2473 1226 2517 Gayrivl,

483 2523 615 2555 alteram
643 2525 673 2557 in
706 2526 840 2558 ccclesia
857 2526 897 2559 de
916 2526 1030 2565 Mater,
1060 2537 1143 2570 quae
1170 2526 1230 2559 sub

484 2574 684 2610 invocatione
710 2578 741 2610 S.
766 2578 892 2611 loannis
918 2578 1075 2621 Baptistae
1100 2579 1230 2613 l'undata

483 2636 540 2661 cst.
565 2629 596 2662 ln
623 2632 754 2663 ecclesia:
772 2630 810 2664 da:
839 2632 965 2675 (iayvicl
993 2632 1156 2665 :eliciatur
1181 2644 1231 2665 sa-

1066 236 1251 261 BULLARIUM
1267 235 1422 261 ROMANUM

1261 285 1378 326 crisma,
1397 291 1491 329 prout
1520 291 1666 319 notatum
1684 292 1746 327 est,
1773 292 1803 321 et
1827 287 1941 322 domus
1969 288 2002 321 in

1260 349 1323 382 qua
1340 345 1447 372 rector
1470 339 1604 380 habitet,
1623 340 1865 381 aedificetur(in
1875 341 2002 385 porticu

1260 392 1292 424 in
1303 403 1367 435 quo
1378 403 1464 426 nunc
1474 392 1568 426 iurati
1583 398 1614 426 et
1630 393 1802 427 consiliarii
1816 394 2003 428 universita—

1260 446 1299 479 tis
1313 446 1523 489 conveniunt)
1538 445 1625 480 iuxta
1637 447 1772 480 formam
1792 447 2003 491 designatam.

1261 499 1377 532 Terrae
1394 509 1468 532 vero
1478 504 1509 532 et
1521 499 1655 538 reditus,
1666 500 1742 533 olim
1756 501 1794 534 ad
1812 502 2003 544 mesquitam

1260 552 1467 595 pertinentes,
1488 551 1632 586 eeclesiis
1656 553 1830 596 respective
1851 554 2003 598 applicati

1261 610 1411 638 maneant
1435 610 1466 638 et
1491 605 1628 645 rectori,
1655 611 1687 638 ut
1709 606 1898 649 praefertur.

1482 685 1602 720 Castell
1631 686 1778 719 Moman.

1303 766 1462 810 Oppidum
1477 767 1596 800 Castell
1609 767 1745 800 Montan
1761 773 1921 802 remotum
1935 769 2005 812 qui-

1259 818 1343 860 dem,
1359 826 1389 853 et
1402 819 1434 852 in
1455 820 1639 864 asperrimis
1652 820 1732 854 locis
1742 821 1850 863 situm,
1868 822 2005 856 dominii

1259 873 1444 916 temporalis
1461 873 1497 907 D.
1517 872 1650 906 Michael
1663 873 1827 915 Vallterra‚
1848 875 2005 918 quinqua-

1258 925 1345 969 ginta
1360 926 1502 960 continet
1522 926 1636 959 domus
1647 926 1899 961 christianorum
1912 927 2004 961 novi-

1259 984 1307 1012 ter
1324 978 1362 1010 ad
1380 979 1477 1012 tidem
1496 980 1687 1013 catholicam
1704 989 1946 1014 conversorum.
1968 981 2004 1014 In

1258 1042 1296 1065 eo
1322 1032 1512 1075 parochialis
1547 1033 1680 1066 ecclesia
1706 1038 1753 1067 est
1780 1033 1912 1077 antiqua
1943 1033 2004 1067 sub

1258 1083 1458 1118 invocatione
1468 1084 1500 1117 S.
1515 1085 1668 1119 Bernardi
1678 1085 1809 1119 Abbatis
1821 1113 1828 1126 ‚
1843 1086 2005 1131 habetque

1258 1149 1316 1182 pro
1334 1139 1464 1172 annexis
1481 1138 1598 1182 oppida
1619 1138 1708 1172 Villa
1721 1149 1838 1180 neura,
1854 1145 1885 1173 et
1897 1139 2006 1173 Fuent

1258 1191 1296 1224 de
1313 1192 1493 1235 laste-rma,
1521 1203 1603 1236 quae
1624 1192 1734 1236 viginti
1760 1200 1833 1227 octo
1853 1193 2004 1227 domibus

1259 1252 1403 1280 constant
1427 1247 1674 1280 christianorum
1696 1253 1851 1288 veterum,
1874 1258 1892 1280 a
1909 1257 2004 1291 paro-

1258 1299 1353 1333 chiali
1368 1300 1538 1343 plusquam
1552 1299 1642 1333 leuca
1663 1310 1728 1333 una
1759 1300 1864 1343 asperi
1881 1299 2003 1333 itineris

1257 1351 1416 1386 distantia.
1454 1353 1568 1387 llector
1607 1353 1777 1388 dominicis
1817 1353 1932 1387 diebus
1971 1360 2003 1388 et

1258 1405 1377 1439 festivis
1401 1406 1481 1439 duas
1505 1406 1644 1440 celebrat
1662 1407 1786 1447 missas,
1813 1407 1947 1440 alteram
1967 1407 2002 1440 in

1255 1459 1387 1492 eeclesia
1413 1459 1453 1492 de
1486 1459 1600 1493 Castcll
1624 1460 1767 1497 Montan,
1801 1460 1934 1494 alteram
1969 1461 2000 1494 in

1256 1512 1390 1546 ecclesia
1408 1513 1455 1564 'de
1472 1513 1551 1546 Villa
1564 1523 1678 1552 neuva,
1700 1514 1738 1546 ad
1757 1523 1854 1557 quam
1879 1513 2002 1547 habita-

1257 1572 1340 1599 tores
1353 1566 1393 1599 de
1412 1566 1441 1599 la
1460 1567 1560 1600 Fuent
1577 1567 1616 1600 de
1629 1567 1657 1599 la
1672 1567 1778 1611 Reyna
1792 1567 2001 1608 conveniunt,

1256 1624 1286 1653 et
1302 1619 1335 1653 in
1352 1619 1471 1664 oppido
1488 1620 1527 1654 de
1545 1620 1623 1653 Villa
1633 1631 1735 1653 neuva
1750 1621 1905 1654 continuo
1922 1621 2002 1654 resi-

1256 1673 1326 1711 det:
1346 1673 1505 1717 habetque
1523 1684 1581 1717 pro
1599 1673 1673 1707 dote
1690 1679 1718 1707 et
1749 1674 1866 1708 salario
1886 1684 2002 1709 omnes

1256 1726 1411 1770 primitias
1445 1727 1605 1761 dictorum
1639 1728 1735 1761 trium
1770 1728 1935 1768 locorum,
1971 1724 2002 1762 et

1255 1780 1350 1813 etiam
1376 1780 1548 1823 quamdam
1567 1786 1688 1824 partem
1703 1780 1862 1824 primitiae
1881 1786 2001 1822 terrae,

1255 1843 1337 1877 quae
1354 1833 1506 1867 diciturel
1516 1834 1667 1874 Sem-esto,
1681 1833 1810 1867 termini
1821 1833 1860 1867 de
1876 1833 1997 1875 Cercia‚

1255 1896 1337 1930 quae
1363 1896 1474 1920 omnes
1499 1886 1656 1930 primitiae
1682 1892 1809 1920 centum
1844 1886 1999 1920 librarum

1257 1940 1396 1973 valorem
1425 1939 1595 1972 excedunt.
1614 1939 1651 1972 Et
1669 1939 1821 1983 quoniam
1841 1939 1958 1983 oppida
1977 1940 2006 1972 la

1258 1993 1338 2026 Villa
1349 2003 1463 2033 neuva,
1481 1999 1509 2026 et
1526 1993 1624 2027 Fuent
1644 1993 1684 2026 de
1701 1994 1729 2026 la
1747 1993 1854 2037 Rcyna
1869 1992 2004 2026 multum

1257 2057 1274 2078 a
1292 2045 1466 2090 parochiali
1485 2046 1621 2086 distant,
1643 2052 1671 2079 et
1690 2057 1707 2079 a
1725 2045 1906 2079 christianis
1922 2050 2006 2079 vete-

1259 2100 1346 2132 ribus
1364 2099 1561 2135 incoluntur.
1586 2099 1712 2133 videtur
1732 2100 1820 2144 quod
1845 2100 2005 2133 dismem-

1260 2152 1410 2193 brentur,
1442 2164 1514 2186 rum
1534 2153 1599 2186 suis
1617 2153 1764 2197 primitiis
1787 2164 1803 2186 a
1831 2152 2006 2196 parochiali

1260 2206 1394 2239 ecclesia
1411 2206 1449 2238 di·
1480 2206 1593 2239 Castcll
1616 2207 1758 2247 Montan,
1778 2211 1806 2239 et
1826 2206 1856 2239 in
1886 2205 2005 2250 oppido

1261 2260 1289 2292 la
1299 2259 1376 2292 Villa
1388 2270 1490 2293 neura
1502 2259 1634 2293 ecclesia
1649 2259 1841 2304 parochialis
1850 2258 2005 2302 erigatur,

1262 2318 1297 2345 ut
1313 2312 1394 2345 inl'ra
1414 2312 1552 2347 dicetur:
1567 2318 1595 2345 et
1615 2312 1700 2356 quod
1720 2317 1826 2346 rector
1843 2312 1882 2345 dc
1895 2311 2007 2346 Castell

1262 2366 1389 2399 Moutan
1408 2372 1571 2399 remaneat
1593 2376 1665 2399 cum
1687 2365 1838 2410 primitiis
1863 2365 2006 2398 eiusdem

1263 2419 1384 2463 oppidi,
1407 2431 1488 2463 quac
1514 2420 1630 2453 valoris
1665 2426 1738 2453 sunt
1766 2418 2004 2464 quinquaginta

1264 2473 1433 2512 librarum,
1453 2479 1481 2506 vt
1506 2473 1592 2517 quod
1621 2473 1750 2507 dotetur
1773 2473 1812 2505 de
1831 2472 1900 2506 aliis
1916 2472 2008 2516 qvin-

1264 2525 1416 2570 quaginta
1432 2525 1520 2559 libris
1538 2526 1568 2559 in
1595 2526 1762 2566 reditibus,
1783 2526 1840 2559 lioc
1862 2524 2009 2558 videlicet

1267 2579 1378 2612 modo:
1411 2579 1498 2623 quod
1541 2589 1650 2612 mensa
1683 2577 1874 2623 episcopalis
1906 2577 2006 2620 Sego-

1268 2632 1422 2665 briccnsis
1454 2633 1551 2666 solvat
1578 2632 1688 2675 viginti
1721 2637 1860 2675 quatuor
1891 2629 2006 2670 libras,
