2253 3195
846 203 993 229 CLEMENS
1010 202 1067 228 VIII
1088 203 1137 228 1³1².

273 254 407 299 Cantera
417 254 443 288 A
447 253 603 298 postolica
615 264 673 297 pro
690 258 864 297 ananie-nto
882 254 973 286 Mon-

274 308 314 340 tis
334 308 538 341 novennalis.

441 400 575 427 Clemens
591 399 669 434 Papa
683 399 759 430 vul,

378 452 414 480 ad
429 453 563 479 futuram
578 452 623 480 rei
643 451 826 479 memoriam.

690 502 704 511 η

274 523 289 566 ᾗ
310 523 340 556 l.
365 523 441 556 Cum
463 533 567 567 nuper
588 523 897 565 Congregatiouibus
919 533 971 555 re-

12 558 17 619 l,
31 584 97 638 4⁰:53⁸
110 584 215 635 3³22?ss
230 576 395 619 gularibus
409 576 630 620 infrascriptis,
647 576 794 609 videlicet
811 576 975 609 Cassinen-

31 637 215 686 {fflssssssefflfflss
229 640 272 662 sis
292 635 322 662 et
342 630 455 663 Montis
467 629 591 669 Oliveti,
606 629 733 663 Ordinis
751 630 780 663 S.
796 629 971 667 Benedicti,

230 683 472 723 Lateranensis,
502 683 737 728 Canonicorum
767 683 973 725 Regularium

229 737 288 770 sub
308 737 421 779 regula
433 737 463 770 S.
479 737 659 779 Augustini,
674 738 972 777 Carthusianorum,

229 790 543 831 Camaldulensium,
576 791 841 829 Coelestinorum,
869 791 975 825 Sancti

229 844 400 877 Salvatoris
420 844 646 883 Bononiensis,
671 844 766 877 etiam
793 844 974 878 Canonico-

231 907 302 930 rum
320 897 546 940 Regulariuin,
570 898 665 931 Vallis
686 898 873 939 Umbrosae,
894 898 974 931 Cru—

231 950 406 983 ciserorum
429 956 457 984 el
478 951 508 984 S.
533 940 661 993 Geor'gii
691 951 722 983 in
743 951 832 993 Alga‚
856 951 978 995 pariter

231 1004 464 1038 Canonicorum
485 1005 710 1047 Regularium‚
734 1011 764 1038 et
783 1005 974 1039 Cistercien-

232 1057 314 1090 sium
328 1056 551 1099 Lombardiae,
566 1069 602 1091 ac
622 1058 652 1092 S.
668 1058 855 1103 Hieronymi
876 1064 906 1092 et
918 1070 976 1103 pro

1007 254 1146 297 pretium
1168 252 1281 286 exinde
1302 251 1518 296 percipiendi,
1548 261 1647 294 penes
1668 250 1750 283 dile-

1008 313 1092 340 rtum
1116 306 1218 339 filiuni
1245 307 1399 339 loannem
1423 304 1596 349 Baptistam
1622 303 1753 337 Uberti-

1008 372 1084 393 num
1113 366 1295 393 nostrarum
1326 364 1356 392 et
1375 359 1526 393 Gamerae
1551 357 1756 402 Apostolicae

1008 414 1220 457 pecuniarum
1243 412 1474 456 depositarium
1497 412 1694 454 generalem,
1716 410 1756 443 ad

1009 467 1158 500 effectum
1180 467 1360 510 praefatum
1392 465 1587 509 deponendi,
1611 465 1753 508 plenam,

1009 520 1144 553 liberam
1166 526 1194 552 et
1211 519 1350 563 amplam
1367 520 1549 552 facultatem
1572 518 1757 551 dederimus

1010 579 1040 606 et
1071 574 1336 613 concesserimus,
1362 578 1458 616 prout
1489 572 1519 604 in
1551 573 1667 606 nostris
1698 571 1756 604 sub

1010 627 1130 660 annulo
1151 626 1321 659 Piscatoris
1343 626 1393 659 die
1422 637 1441 659 v
1471 625 1580 669 aprilis
1611 625 1756 669 proxime

1010 680 1184 724 praeteriti,
1200 679 1356 723 expeditis
1376 679 1490 712 litteris
1507 678 1600 711 latius
1613 678 1757 711 contine-

1013 740 1074 774 tur,
1097 744 1234 777 quarum
1257 738 1349 766 tenor
1369 739 1415 765 est
1437 732 1491 776 qui
1519 731 1682 775 sequitur,
1706 731 1754 763 vi-

1012 788 1141 821 delicet:
1163 788 1308 820 Clemens
1334 787 1419 830 Papa
1448 785 1530 826 VIII,
1555 785 1594 818 ad
1616 785 1756 817 futuram

1012 841 1058 874 rei
1090 841 1292 874 memoriam.
1328 841 1361 873 In
1393 838 1541 872 maximis
1571 839 1757 871 reddituum

1012 894 1177 937 angustiis,
1201 894 1283 927 sicut.
1304 893 1430 926 divinae
1461 891 1615 936 placitum
1637 897 1682 925 est
1702 901 1758 924 vo-

1012 949 1137 989 luntati,
1150 947 1313 981 constituti
1324 953 1354 980 et
1366 945 1572 989 gravissimis,
1583 949 1638 978 etc.
1648 945 1759 988 (prout

1011 1002 1138 1045 supra).

1056 1058 1073 1099 ἕ
1094 1056 1124 1088 2.
1148 1055 1290 1095 Quarum
1317 1055 1497 1087 litterarum
1527 1053 1646 1096 vigore,
1679 1052 1760 1086 sicut

1652 190 1717 225 113
1764 200 1812 228 An.
1835 199 1950 228 01594

1810 1063 1876 1082 Aucto
1886 1061 1958 1087 itaque

1774 1089 1887 1109 novennali
1902 1088 1959 1108 Mon-

232 1111 276 1144 eis
297 1112 500 1155 procuratori
516 1112 657 1154 generali
679 1111 782 1145 dictae
797 1112 978 1155 Congrega-

233 1165 327 1199 tionis
337 1166 531 1200 Cassinensis
542 1172 572 1199 ct
592 1166 693 1210 priori
710 1166 740 1200 S.
755 1167 840 1200 Petri
852 1167 891 1200 ad
904 1167 977 1199 Vin-

233 1219 304 1252 cula
324 1219 429 1260 Urbis,
453 1219 585 1252 nomine
598 1219 744 1253 omnium
757 1220 975 1264 praefatarum

233 1271 539 1315 Congregastonum,
562 1279 597 1306 ut.
620 1284 781 1306 summam
810 1279 975 1307 scutorum

1011 1110 1206 1154 accepimus,
1237 1109 1344 1142 dilecti
1366 1108 1422 1140 filii
1443 1107 1577 1141 Basilius
1599 1107 1637 1139 de
1654 1106 1755 1147 Istria‚
1774 1118 1809 1152 ¹⁸,-
1825 1115 1959 1153 >vetustisque

1011 1170 1205 1208 procurator
1225 1162 1414 1196 substitutus
1430 1161 1593 1205 praefatae
1618 1160 1758 1202 Congre-
1773 1142 1960 1206 233'1'1?{¹⁵Sl'3533

1011 1217 1148 1261 gationis
1165 1215 1371 1256 Cassinensis,
1387 1216 1459 1248 loco
1473 1213 1692 1258 procuratoris
1706 1223 1759 1255 ge·
1773 1195 1960 1259 iifibfissiffissss

1011 1272 1128 1305 neralis
1149 1270 1299 1311 absentis,
1317 1281 1353 1303 ac
1370 1268 1560 1303 Ambrosius
1573 1267 1756 1307 Morandus,
1774 1254 1866 1295 ixffi‘i'ii
1886 1251 1960 1295 ’ἶῗέιῗιὲἶ

1775 1308 1831 1322 cese.

233 1326 396 1369 sexaginta
414 1326 562 1368 millium,
584 1338 680 1371 quani
700 1327 786 1372 ipsae
797 1327 976 1371 Congrega-

235 1379 338 1413 tiones
357 1380 450 1414 nobis
481 1381 521 1414 ad
542 1381 618 1414 belli
648 1387 806 1426 sumptim,
831 1388 862 1415 et
881 1393 975 1426 opem

235 1433 422 1467 charissimo
444 1434 474 1467 in
492 1434 615 1468 Christo
635 1434 703 1468 filio
723 1441 834 1469 nostro
856 1436 977 1470 Rodul-

236 1487 301 1531 pho
320 1488 541 1527 Romanorum
563 1489 629 1532 regi
650 1489 765 1522 illustri
784 1490 815 1522 in
833 1490 975 1534 impera-

235 1546 339 1573 torem
361 1541 463 1574 electo
481 1542 632 1576 adversus
644 1543 820 1576 Turcarum
842 1544 980 1588 impetus

236 1594 268 1626 in
284 1594 469 1628 Pannoniae
496 1595 576 1628 fines
596 1595 845 1640 irrumpentium
872 1597 980 1630 seren-

237 1648 323 1689 dam,
347 1648 476 1682 tradere
497 1655 527 1682 et
548 1649 755 1684 contribuere
779 1651 859 1684 velle
880 1651 977 1684 obtu-

236 1702 354 1743 lerunt,
370 1702 493 1736 facilius
506 1703 658 1746 colligere
672 1710 703 1737 et
724 1714 913 1748 comparare
926 1716 980 1738 va-

237 1756 341 1797 leant,
367 1756 506 1790 Montem
526 1758 739 1791 novennalem
759 1764 980 1802 nuncupatum

237 1810 387 1852 augendi,
411 1810 582 1854 eidemque
603 1817 707 1844 laxam
735 1811 876 1855 aliquam
899 1812 982 1845 inter

238 1873 271 1896 se
291 1873 328 1896 ex
357 1864 471 1897 annuis
491 1864 647 1907 cuiusque
676 1864 872 1905 redditibus,
907 1876 981 1898 cum

238 1916 419 1950 interventu
441 1923 547 1950 tamen
568 1917 675 1950 dilecti
704 1917 762 1950 filii
791 1917 982 1951 thesaurarii

238 1970 337 2003 nostri
359 1970 529 2013 generalis,
542 1970 758 2004 constituendi
776 1977 807 2004 et
817 1971 982 2014 assignan-

240 2023 284 2064 di,
299 2034 335 2056 ac
356 2024 478 2057 fructus
498 2024 611 2057 Montis
628 2024 762 2068 praefati
782 2025 822 2058 ad
841 2035 895 2058 sex
915 2031 984 2058 tan-

240 2083 307 2110 tum
327 2087 387 2121 pro
408 2078 553 2121 quolibet
572 2078 644 2111 loco
665 2078 852 2117 reducendi,
876 2085 907 2112 et
925 2090 981 2112 su-

240 2142 299 2174 per
310 2131 496 2164 huiusmodi
508 2137 579 2164 taxa
596 2137 643 2164 tot
655 2131 725 2164 loca
738 2131 882 2165 eiusdem
895 2132 985 2165 Mon-

242 2185 280 2218 tis
301 2185 341 2218 ad
360 2184 519 2218 rationem
540 2190 704 2218 scutorum
729 2195 781 2218 sex
803 2195 985 2218 annuorum

242 2250 302 2283 pro
322 2239 469 2283 quolibet
492 2240 563 2272 loco
592 2238 739 2281 exigendi
771 2244 802 2272 et
833 2238 983 2279 addendi,

243 2298 323 2336 quot
333 2303 392 2336 pro
404 2302 530 2326 summa
540 2292 682 2336 praefata
692 2291 895 2334 congerenda
907 2301 988 2334 opus

244 2357 312 2380 esse
329 2346 559 2391 compererint,
572 2345 722 2390 dictaque
739 2345 810 2378 loca
823 2345 868 2378 sic
881 2344 989 2377 addita

245 2400 437 2444 cuicumque
458 2399 640 2440 mercatori,
664 2410 721 2432 seu
738 2398 808 2432 aliis
828 2397 985 2442 personis,

246 2453 413 2487 meliorem
436 2453 653 2487 conditionem
675 2452 900 2493 offerentibus,
914 2462 989 2496 pre-

247 2507 290 2540 tio
311 2507 394 2540 inter
406 2517 471 2549 eos,
488 2518 561 2540 cum
582 2507 760 2540 interventu
774 2506 916 2539 eiusdem
933 2515 990 2538 no-

248 2560 305 2593 stri
325 2559 514 2593 thesaurarii
541 2559 761 2594 conveniendo
789 2565 820 2592 et.
850 2568 987 2592 concor-

250 2613 368 2654 dandO,
385 2613 542 2647 vendendi
563 2619 594 2647 et
613 2612 786 2654 alienandi,
803 2612 991 2655 dictumque

299 2675 376 2703 Bull.
399 2676 478 2704 Rom.
504 2676 563 2703 Vol.
585 2676 611 2703 Χ
837 2675 870 2700 15

1010 1325 1233 1365 Bononiensis,
1261 1324 1350 1369 prior
1379 1323 1409 1356 S.
1438 1321 1523 1355 Petri
1556 1321 1596 1353 ad
1627 1320 1761 1353 Vincula

1011 1380 1116 1421 Urbis,
1131 1379 1227 1412 etiarn
1248 1389 1265 1410 a
1286 1376 1438 1422 praefatis
1458 1375 1609 1408 omnibus
1622 1374 1761 1416 Congre-

1013 1434 1195 1478 gationibus
1223 1432 1263 1466 ad
1284 1432 1315 1465 id
1347 1429 1490 1475 deputati
1521 1435 1552 1462 et
1583 1427 1757 1469 constituti,

1014 1499 1087 1522 cum
1109 1487 1290 1520 interventu
1320 1484 1415 1518 etiam
1436 1482 1538 1517 nostri
1568 1481 1760 1516 thesaurarii

1014 1541 1174 1585 generalis
1187 1550 1285 1584 super
1299 1537 1480 1571 redditibus
1498 1542 1529 1569 et
1544 1536 1638 1569 bonis
1655 1535 1761 1568 cuius-

1015 1605 1077 1639 que
1095 1595 1253 1628 dictarum
1273 1591 1564 1634 congregationum
1585 1589 1761 1633 quamdam

1015 1655 1119 1682 taxam
1150 1653 1314 1681 scutorum
1340 1645 1437 1678 trium
1466 1643 1604 1677 millium
1632 1648 1760 1676 centum

1015 1701 1250 1746 quinquaginta
1269 1710 1384 1733 novem
1406 1704 1437 1732 et
1456 1698 1521 1731 bol.
1546 1708 1586 1730 Lx
1613 1702 1762 1729 monetae

1016 1756 1262 1794 constituerunt,
1286 1759 1315 1786 et
1337 1752 1420 1785 inter
1440 1762 1472 1784 se
1492 1761 1552 1795 pro
1565 1756 1635 1783 rata
1648 1749 1760 1783 distri-

1015 1811 1166 1849 buerunt,
1188 1808 1340 1851 illamque
1360 1805 1457 1840 Monti
1485 1804 1628 1849 praefato
1653 1804 1760 1848 appli-

1017 1869 1131 1897 carunt
1159 1868 1189 1895 et
1215 1861 1434 1903 assignarunt,
1468 1859 1656 1901 fructusque
1688 1857 1763 1890 dicti

1017 1917 1131 1951 Montis
1151 1916 1192 1949 ad
1216 1925 1323 1948 annua
1351 1919 1440 1947 scuta
1469 1923 1522 1946 sex
1553 1917 1676 1945 tantum
1704 1922 1763 1955 pro

1018 1971 1163 2015 quolibet
1181 1971 1254 2003 loco
1284 1968 1480 2001 reduxerunt
1513 1972 1544 1999 et
1569 1965 1761 2005 limitarunt,

1018 2036 1054 2058 ac
1074 2035 1171 2069 super
1190 2029 1261 2057 taxa
1281 2028 1313 2055 et
1332 2031 1459 2055 summa
1487 2019 1663 2064 praedicta,
1695 2019 1764 2052 loca

1019 2079 1193 2123 quingenta
1209 2076 1319 2120 viginti
1340 2086 1404 2113 sex,
1425 2085 1499 2108 cum
1527 2074 1628 2107 tribus
1646 2073 1765 2116 quintis

1019 2132 1165 2176 partibus
1185 2129 1316 2163 alterius
1336 2128 1397 2162 loci
1415 2128 1502 2161 dicto
1515 2127 1612 2160 Monti
1634 2126 1767 2159 addide-

1019 2190 1094 2218 runt
1114 2190 1144 2218 et
1174 2184 1357 2223 univerunt,
1392 2182 1562 2224 eidemque
1594 2179 1690 2213 Monti
1722 2179 1767 2211 sic

1021 2239 1130 2271 addito
1148 2243 1179 2270 et
1198 2237 1300 2277 unito,
1323 2246 1380 2269 seu
1401 2235 1485 2267 illius
1501 2233 1696 2277 depositario
1718 2232 1767 2265 di-

1022 2295 1104 2322 ctam
1132 2298 1293 2322 summam
1313 2297 1372 2330 pro
1403 2291 1472 2318 rata
1503 2294 1768 2329 unamquamque

1023 2343 1180 2375 dictarum
1210 2339 1501 2383 Congregationum
1533 2343 1695 2380 tangente,
1730 2337 1769 2370 de

1022 2394 1168 2428 bimestri
1182 2394 1214 2427 in
1225 2394 1377 2427 bimestre
1391 2391 1574 2435 anticipate,
1587 2391 1671 2424 ultra
1683 2401 1770 2424 sum-

1024 2459 1092 2481 mas
1112 2458 1191 2492 quas
1217 2447 1306 2491 prius
1337 2446 1520 2485 solvebant,
1552 2455 1571 2477 a
1592 2444 1643 2477 die
1664 2444 1770 2487 prima

1024 2501 1099 2535 dit-ti
1113 2501 1231 2534 mensis
1245 2500 1319 2533 maii
1341 2499 1536 2543 incipiendo,
1561 2504 1589 2531 et
1608 2498 1653 2531 sic
1674 2497 1767 2531 dein-

1025 2566 1098 2599 ceps
1116 2555 1148 2588 in
1169 2555 1311 2588 futurum
1333 2552 1564 2594 continuando,
1585 2552 1637 2585 hic
1650 2552 1771 2585 Romae

1025 2610 1056 2642 in
1079 2615 1208 2642 moneta
1229 2612 1392 2649 argentea,
1425 2606 1525 2639 libere
1546 2605 1669 2638 solvere
1689 2616 1767 2649 pro-
