2253 3195
234 265 283 291 An.
303 265 332 292 c.
352 264 420 292 1602
467 255 531 289 8502

270 1180 378 1200 Protea-tor
394 1179 419 1197 sit

236 1206 255 1226 in
266 1207 297 1226 lex
330 1212 342 1226 ο
346 1213 384 1226 ιιιιιι
388 1212 421 1225 um

235 1343 286 1360 tium
311 1346 357 1360 ‘'uiu
379 1346 421 1360 am-

236 1367 335 1391 plissimis
358 1367 422 1387 sucu?-

237 1394 329 1416 tui-bus,

431 325 537 353 sonas,
554 313 758 357 quantumvis
775 311 1051 356 privilegiatas,ex
1072 311 1178 345 officio

432 378 527 409 agere
558 366 680 410 possint
712 372 743 399 et
774 366 910 398 valeant.
935 366 1070 409 Ipseque
1097 375 1176 409 pro-

433 426 533 453 tector
552 421 705 453 adversus
733 419 877 462 singulos
902 419 1098 463 praemissis,
1127 423 1181 452 aut

433 485 544 507 eorum
566 475 661 507 alicui
687 485 746 518 pro
768 480 914 517 tempore
934 473 1181 517 quomodolibet

433 527 724 567 contravenientes,
743 527 838 560 etiam
854 538 912 570 per
923 526 1178 570 inquisitionem,

433 591 469 613 ac
483 581 643 614 criminali
657 587 688 614 et
699 580 929 614 carcerationis
943 580 1003 619 via,
1021 585 1072 613 aut
1088 579 1178 616 alias,

432 640 529 678 prout
550 634 579 667 ei
600 634 682 667 bene
702 634 804 667 visum
828 639 859 667 et
879 633 982 676 magis
1010 631 1182 677 expediens

433 688 538 728 fuerit,
566 688 732 731 procedat,
753 699 791 721 ac
808 698 928 731 poenas
949 697 1007 730 per
1031 697 1106 720 eum
1120 686 1182 718 im-

433 741 601 785 ponendas
640 741 827 774 huiusmodi
865 751 883 773 a
923 740 1182 784 quibuscumque

434 794 754 827 contravenientibus
784 793 1050 827 irremissibiliter
1081 793 1178 836 exigi,

423 853 465 896 *et
481 847 615 880 arbitrio
636 858 694 880 suo
716 847 873 891 applicari
892 847 1034 887 mandet,
1055 847 1182 891 aliaque

435 901 544 934 omnia
564 907 594 934 et
614 901 741 944 singula
761 901 867 940 saciat,
885 907 975 943 gerat
996 906 1027 933 et
1046 911 1183 945 exequa-

436 961 498 995 tur,
522 965 606 998 quae
623 955 655 987 in
676 954 872 998 praemissis,
897 954 945 987 vel
966 954 1051 987 circa
1071 965 1108 987 ea
1128 965 1183 988 ne-

435 1008 574 1041 cessaria
609 1007 730 1041 suerint
760 1019 817 1041 seu
849 1008 1098 1051 quomodolibet
1126 1019 1183 1052 op-

436 1068 589 1106 poi-tuna.

481 1117 497 1157 g
519 1113 571 1148 ⁴10.
595 1115 776 1154 Praeterea,
801 1125 860 1159 pro
882 1114 1019 1148 faciliori
1049 1120 1080 1148 et
1101 1115 1184 1148 cele-

436 1168 514 1201 riori
534 1169 637 1201 litium
656 1174 687 1202 et
704 1168 1010 1209 controversiarum,
1025 1179 1108 1212 quae
1117 1174 1182 1202 tam

288 1242 299 1253 i
328 1240 346 1252 m
369 1233 422 1268 ⁶,³··
437 1222 607 1256 occasione
624 1223 889 1266 praemissorum,
907 1223 961 1255 ubi
979 1222 1085 1265 agitur
1095 1223 1184 1266 prin-

362 1267 396 1306 ΓΕ
411 1297 417 1301 -
437 1276 583 1319 cipaliter
596 1276 636 1309 de
654 1276 808 1309 interesse
829 1276 928 1320 ipsius
946 1276 1071 1316 Montis,
1086 1286 1183 1320 quam

437 1330 516 1362 alias
533 1330 686 1362 adversus
703 1330 840 1363 Montem
863 1335 893 1362 et
914 1329 1182 1363 archiconfrater-

437 1383 568 1416 nitatem
595 1383 802 1424 huiusmodi,
826 1393 881 1416 seu
909 1382 994 1416 illius
1020 1383 1184 1416 ministros

437 1430 592 1469 hactenus
612 1442 701 1469 ortae
721 1442 794 1469 sunt
810 1463 817 1476 ,
842 1442 872 1469 et
902 1436 980 1469 oriri
1013 1436 1185 1478 contigerit

438 1490 470 1522 in
493 1491 654 1529 futurum,
679 1499 739 1532 pro
766 1495 911 1533 tempore
937 1489 1082 1523 existenti
1108 1489 1183 1523 dicti

437 1543 552 1577 Montis
577 1543 752 1587 protectori
773 1553 885 1576 omnes
917 1548 948 1576 et
976 1542 1118 1585 singulas
1146 1543 1184 1576 li—

439 1604 502 1637 tes,
535 1608 648 1630 causas
677 1603 707 1630 et
737 1597 957 1637 differentias,
983 1602 1045 1629 tam
1078 1596 1185 1630 civiles

438 1662 534 1694 quam
561 1650 746 1683 criminales
771 1662 808 1683 ac
836 1650 970 1690 mixtas,
995 1656 1058 1682 tam
1088 1660 1186 1694 super

438 1704 591 1747 depositis
629 1703 812 1736 buiusniodi
849 1709 997 1746 respectu
1031 1703 1185 1737 interesse

439 1758 515 1790 dicti
530 1758 645 1791 Montis
659 1758 815 1790 hactenus
829 1757 1076 1801 quomodolibet
1096 1758 1186 1791 sactis

439 1817 469 1844 et
491 1811 656 1850 faciendis,
681 1822 777 1854 quani
800 1810 914 1844 Montis
934 1822 990 1844 seu
1011 1811 1180 1844 archicon-

438 1865 644 1898 fraternitatis
666 1864 851 1897 buiusmodi
873 1864 976 1905 bonis,
1001 1865 1108 1906 rebus,
1133 1865 1183 1898 iu-

439 1919 528 1952 ribus
559 1925 589 1952 et
617 1918 799 1951 actionibus
829 1918 1104 1962 quibuscumque,
1128 1929 1187 1952 nec

440 1984 502 2004 non
536 1971 773 2009 locationibus,
799 1971 1059 2011 venditionibus,
1088 1972 1185 2005 dona-

441 2026 602 2065 tionibus,
627 2025 757 2066 togatis,
783 2025 1062 2066 fideicommissis,
1088 2031 1184 2058 testa-

440 2079 566 2118 mentis,
589 2078 842 2111 baereditatibns
864 2084 893 2111 et
913 2078 1040 2111 illarum
1067 2078 1187 2112 discus-

439 2134 583 2166 sionibus·
598 2145 633 2165 ac
646 2133 906 2176 qnilniscumquc
920 2133 990 2165 aliis
1004 2132 1187 2176 dispositio-

440 2188 550 2226 nibus,
564 2187 750 2230 iurininqne
765 2192 791 2218 nt
808 2186 971 2218 actionum
988 2186 1187 2219 cessionibus

440 2246 470 2272 vt
485 2240 554 2272 aliis
572 2240 833 2283 ‹piibuscinnque
855 2239 1035 2273 interrivos
1048 2245 1076 2272 ct
1093 2250 1186 2272 causa

441 2294 576 2333 mortis,
613 2294 657 2325 wi
692 2293 781 2336 quasi
815 2293 1056 2332 contractibus,
1091 2293 1185 2326 etiam

444 2347 504 2379 vini
527 2347 695 2379 ‹·.·uueralis
731 2347 938 2387 obli-,gationis
969 2347 1183 2387 babentibus,

441 2399 594 2432 interi-sse
625 2400 738 2432 Montis
771 2406 799 2433 ct
825 2399 1188 2433 ;·1·‹-11icontrater-nitatis

442 2453 625 2485 lnnnsinoili
643 2481 650 2492 ,
679 2454 774 2486 etiam
801 2453 971 2486 occasione
1003 2453 1186 2486 buiusniodi

441 2506 675 2548 depositos-nnn,
694 2507 747 2539 nbi
769 2507 884 2546 agitur,
899 2513 928 2539 nt
952 2518 1059 2550 supra,
1082 2507 1120 2539 ile
1139 2506 1186 2539 in-

443 2565 558 2590 tem-ssi·
582 2561 704 2599 Montis,
717 2567 744 2592 ct
767 2567 929 2604 tainquain
953 2560 1183 2604 principaliter,

443 2612 536 2643 aeti-*ini
561 2625 616 2655 prr
642 2614 721 2644 vinni
752 2613 949 2646 necessariae
978 2613 1183 2653 (intensionis,

442 2670 469 2695 et
493 2665 570 2696 alias
591 2667 836 2708 qnonnnlolilwt
851 2673 1082 2700 ‹zoiiireruentrs
1103 2667 1187 2700 inter

1019 263 1205 287 BULLARIUM
1222 262 1376 286 ROMANUM

1213 310 1333 344 dictum
1352 311 1503 351 Montem,
1531 309 1597 343 sive
1621 309 1707 343 illius
1726 309 1909 354 provisores
1929 315 1960 343 et

1213 363 1368 397 officiales
1389 369 1420 396 et
1446 363 1610 397 ministros
1635 373 1695 407 pro
1722 368 1868 407 tempore
1896 363 1960 396 exi-

1214 422 1343 456 stentes,
1367 427 1404 449 ac
1424 427 1646 460 quascumque
1674 415 1753 449 alias
1779 421 1843 449 tam
1863 415 1959 449 laicas

1215 481 1312 515 quam
1333 469 1575 510 ecclesiasticas,
1596 469 1830 513 cuiuscumque
1846 474 1957 510 status,

1215 525 1348 567 gradus,
1370 524 1502 564 ordinis,
1527 523 1690 566 dignitatis
1717 529 1747 557 et
1766 523 1961 557 conditionis

1215 579 1262 612 vel
1284 577 1560 622 praeeminentiae
1586 577 1758 611 existentes
1781 588 1936 621 personas
1950 605 1958 619 ,

1216 633 1496 677 qualitercumque
1515 633 1746 677 privilegiatas,
1769 632 1961 667 universita-

1218 693 1274 728 tes,
1297 687 1478 728 societates,
1502 687 1780 730 congregationes,
1803 686 1958 729 collegia,
1978 708 1983 712 -

1216 752 1253 774 ac
1273 746 1337 774 tam
1358 741 1514 781 virorum,
1538 751 1635 784 quam
1658 740 1830 774 mulierum
1852 750 1963 773 mona-

1216 793 1322 835 steria,
1347 793 1520 837 hospitalia
1540 799 1571 826 et
1595 793 1658 826 alia
1688 793 1742 837 pia
1770 793 1843 826 loca
1862 803 1962 837 quae-

1217 857 1356 891 cumque
1387 847 1555 891 privilegia
1584 857 1641 880 seu
1672 846 1797 880 indulta
1823 847 1963 890 desuper

1217 900 1379 941 habentia,
1403 911 1459 934 seu
1480 900 1599 934 habere
1615 900 1874 944 praetendentia,
1899 893 1962 933 iam

1217 954 1434 987 communiter
1453 964 1551 998 quam
1572 954 1711 995 divisim,
1732 959 1763 987 et
1780 960 1844 987 tam
1862 952 1964 988 active

1217 1019 1314 1052 quam
1335 1008 1470 1052 passive,
1486 1009 1571 1041 ultro
1585 1008 1743 1052 citroque,
1757 1008 1796 1041 ad
1811 1007 1960 1049 invicem,

1218 1062 1266 1095 vel
1284 1062 1362 1095 alias
1383 1062 1627 1105 quomodolibet
1649 1067 1752 1095 motas
1765 1062 1814 1094 vel
1834 1072 1964 1095 moven-

1218 1116 1286 1156 das,
1314 1126 1351 1149 ac
1380 1115 1477 1149 etiam
1503 1126 1563 1159 per
1593 1115 1856 1159 appellationem,
1879 1115 1964 1149 etin

1218 1179 1422 1214 quacumque
1453 1169 1626 1209 instantia,
1658 1179 1767 1202 coram
1800 1169 1965 1212 quibusvis

1218 1222 1390 1262 iudicibus,
1419 1221 1513 1254 etiam
1546 1232 1716 1255 causarum
1746 1221 1859 1255 Palatii
1880 1223 1965 1266 Apo-

1217 1275 1322 1308 stolici
1348 1275 1551 1308 auditoribus
1577 1270 1776 1308 introductas
1797 1280 1825 1308 et
1845 1275 1966 1309 indeci-

1217 1340 1267 1362 sas
1292 1329 1480 1372 pendentes,
1509 1339 1590 1372 quas
1620 1339 1733 1362 omnes
1763 1334 1794 1362 et
1823 1328 1966 1371 singulas

1218 1383 1257 1415 ab
1278 1382 1353 1426 ipsis
1379 1382 1559 1422 iudicibus,
1581 1382 1697 1415 barum
1725 1382 1819 1422 serie,
1847 1382 1887 1416 ad
1907 1392 1966 1416 nos

1218 1446 1390 1469 avocamus
1420 1440 1451 1468 et
1482 1435 1735 1474 reassumimus,
1759 1445 1817 1479 per
1842 1446 1893 1476 se,
1917 1435 1965 1469 vel

1218 1489 1317 1523 alium
1346 1499 1401 1522 seu
1421 1488 1511 1530 alios,
1543 1499 1639 1533 quem
1667 1500 1723 1522 seu
1744 1499 1825 1533 quos
1844 1489 1883 1523 ad
1904 1488 1966 1523 hoc

1219 1543 1345 1577 duxerit
1365 1543 1586 1586 deputandum
1613 1553 1668 1576 seu
1694 1543 1908 1587 deputandos,
1931 1553 1965 1576 e-

1219 1597 1294 1631 tiam
1316 1596 1494 1630 summarie
1515 1602 1546 1629 et
1566 1597 1605 1629 de
1625 1596 1734 1639 plano,
1751 1606 1788 1629 ac
1808 1595 1964 1640 simplici-

1220 1657 1267 1684 ter
1287 1657 1318 1684 et
1337 1650 1406 1683 sine
1426 1650 1562 1694 strepitu
1583 1655 1614 1683 et
1634 1649 1738 1692 figura
1763 1649 1885 1690 iudicii,
1898 1649 1966 1683 sola

1220 1704 1292 1737 sacti
1313 1704 1445 1737 veritate
1467 1703 1621 1747 inspecta,
1643 1709 1673 1736 et
1693 1703 1788 1736 etiam
1808 1713 1904 1736 manu
1917 1714 1966 1737 re-

1219 1758 1282 1800 gia,
1307 1757 1394 1790 omni
1427 1763 1457 1790 et
1489 1767 1696 1800 quacumque
1728 1757 1962 1800 appellatione,

1221 1811 1468 1852 reclamatione,
1493 1811 1667 1852 revisione,
1697 1822 1829 1845 recursu
1853 1817 1883 1844 et
1910 1822 1963 1845 re-

1221 1865 1386 1899 stitutione
1419 1865 1451 1898 in
1480 1865 1641 1907 integrum
1663 1865 1813 1905 remotis,
1835 1875 1909 1898 oum
1930 1875 1966 1898 o-

1222 1919 1350 1952 mnibus
1370 1925 1399 1952 et
1421 1919 1555 1961 singulis
1575 1919 1640 1952 suis
1661 1917 1887 1959 incidentibus,
1911 1918 1967 1952 de-

1223 1972 1436 2016 pendentibus
1451 1999 1458 2013 ,
1494 1971 1734 2014 emergentibus
1749 1999 1758 2012 ‚
1781 1971 1913 2005 annexis
1938 1977 1968 2006 et

1222 2025 1384 2065 connexis,
1414 2036 1450 2058 ac
1477 2031 1543 2058 toto
1570 2025 1705 2067 negocio
1726 2025 1912 2069 principali,
1936 2035 1968 2059 e-

1223 2079 1297 2112 tiain
1321 2078 1475 2122 privative
1494 2079 1601 2122 quoad
1623 2089 1736 2112 omncs
1753 2078 1833 2112 alios
1853 2084 1884 2112 ct
1903 2078 1968 2112 sin-

1222 2133 1313 2173 gulos
1335 2131 1456 2165 indices
1482 2131 1663 2165 ordinarios
1683 2138 1714 2165 ct
1734 2131 1915 2175 delegatos,
1938 2137 1969 2166 et

1221 2188 1372 2220 Cainerae
1394 2185 1597 2230 Apostolicae
1625 2185 1808 2227 generalem
1835 2185 1964 2218 audito-

1222 2251 1301 2279 rcin,
1323 2240 1417 2273 etiam
1434 2239 1487 2272 ubi
1509 2239 1615 2281 agitur
1635 2239 1744 2280 vigore
1763 2238 1968 2280 obligationis

1221 2293 1400 2333 ‹saniei-atis,
1417 2303 1596 2336 eorumque
1617 2292 1723 2325 cin-ias
1743 2297 1773 2325 ct
1796 2291 1967 2326 tribunalia

1222 2347 1436 2381 ecclesiastica
1450 2347 1496 2379 vel
1518 2346 1695 2379 saecularia
1713 2346 1901 2386 audiendas,
1914 2357 1967 2381 co-

1222 2401 1441 2442 gnoscendas,
1474 2400 1668 2433 decidendas
1703 2399 1831 2444 [ineque
1858 2399 1966 2434 debito

1223 2454 1452 2493 tei-ininaintas,
1469 2463 1594 2486 necnon
1613 2463 1837 2496 quoscumque
1856 2453 1967 2487 adver-

1221 2507 1341 2547 san-ios,
1366 2512 1395 2540 et
1423 2506 1503 2539 alios
1529 2506 1681 2539 interesse
1703 2506 1878 2546 babentes,
1903 2511 1965 2539 tam

1223 2561 1252 2593 in
1267 2560 1350 2593 (liuta
1369 2559 1456 2592 curia
1475 2571 1570 2603 quam
1593 2565 1680 2592 extra
1702 2570 1785 2598 eam,
1799 2559 1894 2592 etiam
1910 2569 1967 2603 per

1221 2613 1361 2646 edii-tuni
1381 2612 1558 2657 publicum,
1582 2612 1719 2645 constito
1745 2611 1804 2644 sibi
1825 2622 1967 2645 summa-

1222 2667 1268 2700 rie
1288 2667 1328 2700 de
1350 2677 1414 2699 non
1441 2671 1508 2699 tuto
1527 2676 1668 2706 accessu,
1692 2664 1823 2706 citandi,
1840 2675 1876 2698 ac
1897 2664 1967 2709 qui-
