2253 3195
67 304 115 330 An.
133 302 159 329 C.
184 301 250 330 1590

68 469 251 518 ”aauqtlffissrffli
267 459 346 491 nulli
379 460 555 492 successori
588 459 759 502 episcopo,
788 470 892 502 neque
918 458 1008 491 vobis

85 1747 184 1777 'Stalutis
200 1753 251 1773 poc-

69 1779 100 1794 nis
106 1778 178 1796 contra
186 1779 251 1796 trans-

71 1807 186 1827 grcssores,

91 2174 208 2202 Additoque
225 2176 254 2197 iu-

72 2204 256 2229 ramentoperepi-

73 2233 146 2253 scopos
158 2232 177 2249 et
192 2236 254 2249 cano-

72 2254 129 2274 nicos
144 2255 169 2276 de
185 2257 255 2277 obser-

74 2281 140 2310 vando
149 2282 254 2303 huiusmo-

73 2306 93 2327 di
108 2310 192 2329 statuta.

883 303 1030 327 CLEMENS
1048 304 1106 327 vul
1123 304 1173 327 I‘P.

268 351 442 395 episcopali
455 351 658 384 vindicentur
676 356 707 384 et
727 351 929 391 addicantur,
950 351 1008 383 ibi-

268 415 330 448 que
362 411 518 449 perpetuo
551 405 770 438 adserventur,
805 405 946 445 Deinde,
975 410 1008 437 ut

267 511 343 554 ipsis
357 512 451 545 liceat
462 523 498 544 ex
513 522 623 545 mensa
635 511 808 555 episcopali
821 521 901 543 nova
915 511 1009 544 leuda

267 565 473 605 constituere,
497 565 545 597 vel
567 570 714 597 naturam
737 570 765 597 et
788 564 1007 597 conditionem

267 618 353 652 feudi
390 619 524 651 alicuius
547 619 732 658 immutare,
757 624 812 651 aut
832 619 870 651 dc
889 618 1008 650 familia

267 672 298 704 in
329 672 512 712 familiam,
545 673 593 704 vel
620 673 657 705 de
693 677 787 714 gente
818 672 850 704 in
879 678 1007 714 gentem

266 725 448 765 transferre,
473 726 570 769 idque
593 736 650 757 nec
670 735 828 758 consensu
851 725 1004 768 capituli3

265 790 361 823 quem
382 779 407 812 si
428 779 499 822 quis
529 780 697 817 alterutro,
719 790 775 811 scu
796 778 882 811 scudi
905 778 1007 822 aperti

266 838 322 865 aut
343 832 516 872 commissi,
548 832 612 865 sive
633 832 870 871 commutandi,
895 837 949 864 aut
969 832 1007 864 de

252 897 348 929 ¹novo
370 886 598 926 constituendi,
621 897 695 918 casu
714 885 924 918 emendicatis
937 886 1004 917 sus-

265 939 372 981 sragiis
390 939 506 972 elicere
527 940 720 979 contendat,
737 939 761 972 is
782 945 889 972 tamen
903 949 1008 981 neque

265 992 412 1025 universe
433 1004 538 1036 neque
567 992 755 1035 singillatim
778 992 1004 1032 adhibeantur,

265 1057 370 1090 neque
389 1046 523 1080 consilio
537 1052 590 1079 aut
605 1057 665 1090 ope
683 1046 817 1079 alicuius
831 1046 896 1078 ullo
911 1047 1007 1078 modo

265 1100 419 1133 foveatur.
443 1100 474 1133 Si
495 1111 570 1133 vero
592 1100 669 1143 quid
682 1099 930 1137 contradictum,
955 1105 1004 1132 at-

267 1159 445 1194 tentatum,
468 1155 516 1188 vel
549 1155 668 1187 factum
701 1154 808 1194 suerit,
845 1159 946 1187 totum
976 1154 1007 1187 id

265 1207 384 1240 nullius
405 1207 571 1247 momenti,
595 1207 750 1251 ponderis
771 1213 801 1240 et
821 1207 939 1240 valoris
954 1207 1004 1247 sit,

266 1260 424 1304 pleneque
458 1266 643 1301 revocetur,
676 1271 781 1304 neque
799 1261 886 1301 ulla,
911 1261 1006 1293 etiam

266 1313 445 1356 longissimi
472 1314 520 1346 vel
546 1314 737 1347 memoriam
756 1314 925 1346 hominum
942 1325 1004 1347 ›cx-

267 1368 409 1401 cedentis
427 1368 593 1412 temporis,
618 1369 665 1401 vel
686 1368 897 1412 possessionis
918 1379 1008 1401 exce-

265 1422 376 1466 ptione
394 1423 575 1462 adiuvetur,
599 1424 653 1456 sed
674 1423 807 1456 omnino
826 1434 842 1456 a
863 1423 1009 1466 quolibet

266 1476 454 1519 pracsertim
473 1476 620 1519 proximo
641 1487 825 1509 successore
857 1476 1008 1520 episcopo

266 1534 479 1570 retractetur,
501 1530 587 1573 quod
613 1530 858 1572 diligentissime
883 1529 1009 1562 curabit

266 1582 464 1626 capitulum,
497 1583 690 1627 urgebitque
722 1583 983 1616 retractationem
998 1611 1005 1624 ‚

266 1636 315 1668 vel
336 1636 506 1669 demortuo
539 1636 692 1680 episcopo
721 1647 794 1669 cum
824 1647 1009 1669 successore

267 1699 336 1722 eam
357 1689 451 1722 inibit
471 1695 500 1722 et
514 1690 682 1733 perficiet3
700 1690 724 1723 is
738 1696 845 1723 autem
867 1690 921 1733 qui
934 1701 1010 1723 con-

268 1750 315 1777 tra
336 1744 459 1787 aliquid
486 1744 610 1785 moliri,
635 1750 769 1784 tentare,
799 1745 914 1783 facere,
939 1755 1008 1777 sua-

267 1798 364 1838 dere,
394 1799 442 1831 vel
471 1809 678 1842 quocumque
705 1799 801 1831 modo
831 1809 889 1842 per
909 1810 941 1832 se
961 1799 1009 1830 vel

267 1862 325 1895 per
337 1851 435 1884 alium
457 1852 679 1885 contravenire
698 1863 793 1885 ausus
814 1845 921 1891 suerit,
946 1852 1010 1885 sive

268 1904 436 1948 episcopus
466 1905 490 1938 is
511 1905 560 1945 sit,
585 1905 650 1938 sive
663 1916 757 1944 unus,
779 1906 826 1938 vcl
848 1906 956 1949 plures
975 1916 1009 1938 ex

268 1957 408 2000 capitulo
423 1985 430 1997 ‚
461 1969 498 1991 eo
520 1958 589 2001 ipso
607 1958 798 1991 sententiam
825 1969 1010 1991 excommu-

268 2010 438 2043 nicationis
458 2010 612 2051 incurrat,
637 2023 655 2044 a
675 2022 738 2055 qua
758 2012 818 2045 nisi
840 2023 856 2044 a
877 2013 1010 2045 Summo

268 2063 433 2104 Pontifice‚
451 2070 582 2108 excepto
600 2065 712 2098 mortis
725 2065 872 2105 articulo,
891 2066 1011 2098 absolvi

269 2123 419 2161 nequeat.
435 2118 604 2151 Praeterea
617 2119 930 2159 omnilmsecclcsiis,
943 2130 1011 2152 mo-

270 2170 416 2204 nasteriis
437 2177 467 2204 et
487 2171 557 2204 aliis
578 2182 635 2215 per
656 2182 727 2204 eum
751 2172 889 2205 detentis
912 2173 1011 2205 bene—

271 2224 363 2264 ficiis,
381 2235 419 2257 eo
433 2224 502 2268 ipso
520 2224 674 2267 privetur,
695 2231 841 2265 exuatur,
866 2225 1013 2258 infamia-

271 2288 333 2321 que
360 2284 516 2321 perpctua
545 2283 684 2311 notetur.
719 2279 758 2311 Ut
790 2284 895 2311 autem
935 2279 1013 2312 baec

271 2331 380 2364 onmia
401 2331 502 2373 magis
523 2331 659 2364 sollicite
680 2337 711 2364 et
725 2332 838 2364 maiori
861 2332 968 2364 studio
983 2338 1014 2364 et

271 2385 396 2417 fervore
431 2384 707 2427 amplecteremini
737 2390 767 2417 et
802 2395 1014 2428 prosequere-

271 2437 373 2477 mini,
398 2443 509 2470 mutuo
534 2448 589 2470 vos
610 2437 818 2471 iureiurando
839 2438 878 2470 ad
900 2447 1032 2470 corum¹

270 2490 528 2524 observationem
548 2491 735 2524 solemniter
751 2497 781 2524 ct
798 2491 856 2523 rite
878 2491 1014 2523 adstrin-

271 2544 357 2577 xistis
371 2550 399 2577 et
415 2544 623 2585 obligaristis‚
639 2544 726 2587 quod
745 2544 1013 2587 quotiescumque

271 2599 310 2631 ad
331 2597 462 2630 alterius
491 2597 632 2641 episcopi
649 2598 855 2637 ,electionem
884 2599 1014 2631 accedet

271 2651 459 2694 capitulum,
488 2651 527 2683 ab
555 2651 624 2694 ipso
646 2651 792 2684 renovari
823 2656 854 2683 ct
881 2651 1009 2692 iterari,

272 2714 376 2748 neque
396 2704 486 2748 prius
507 2704 683 2748 quidquam
703 2705 741 2738 de
755 2715 939 2738 successore
961 2705 1014 2738 de-

1042 351 1198 393 signando
1220 351 1466 394 adlegendoque
1488 350 1661 384 consultari
1691 361 1784 394 posse

1041 404 1194 443 voluistis,
1209 415 1305 447 quam
1325 404 1356 437 in
1370 405 1467 437 verba
1487 410 1517 437 et
1538 410 1676 437 mentem
1689 403 1784 437 buius

1041 458 1161 498 statuti,
1182 458 1286 501 deque
1315 468 1353 490 eo
1389 458 1580 491 inconcussa
1607 463 1638 490 ct
1662 458 1784 490 illibata

1042 511 1245 544 observantia
1276 511 1488 544 custodiendo
1516 511 1678 544 iuraverit.
1707 512 1780 544 Ele-

1043 568 1111 596 ctus
1132 575 1260 607 quoqne
1282 575 1298 597 e
1318 564 1463 606 vestigm,
1481 570 1595 597 ctante
1614 565 1699 597 idem
1721 565 1784 597 ius-

1043 616 1215 649 iurandum
1236 622 1387 660 praestet,
1412 628 1508 660 quam
1531 618 1783 651 administratio-

1042 680 1116 701 nem
1137 669 1340 713 episcopatus
1358 670 1389 702 in
1410 682 1442 703 se
1469 671 1612 714 recipiat,
1641 671 1784 715 alioquin

1042 723 1145 763 irrita,
1169 734 1249 756 vana
1274 729 1304 756 et
1329 724 1455 757 inutilia
1475 725 1539 757 sint
1559 736 1784 769 quaecumque

1042 777 1198 819 gesserit,
1231 777 1375 810 statuerit
1407 779 1453 810 vel
1484 779 1604 811 fecerit.
1633 779 1783 812 Canonici

1043 831 1118 863 item
1137 841 1209 863 eum
1228 831 1259 863 in
1282 831 1457 875 capitulum
1477 832 1695 875 adoptantur,
1719 843 1784 865 non

1042 884 1130 928 prius
1152 896 1260 918 vocem
1280 885 1509 927 etsuffragium
1523 885 1554 918 in
1572 896 1610 918 eo
1631 886 1781 927 habeant,

1043 949 1138 982 quam
1172 939 1283 971 cadem
1310 938 1517 972 iurisiurandi
1548 939 1703 981 religione
1735 945 1782 972 te-

1043 998 1198 1033 neantur,
1230 1003 1266 1025 ac
1297 1003 1387 1025 more
1408 998 1562 1026 consueto
1584 993 1611 1026 ci
1633 1004 1664 1026 sc
1686 993 1784 1025 devo-

1042 1046 1142 1079 verint
1165 1052 1195 1079 et
1210 1046 1431 1088 obligaverint.
1449 1047 1631 1079 Praefectus
1646 1046 1785 1090 denique

1043 1099 1145 1139 aulae,
1170 1100 1380 1132 cancellarius
1401 1105 1433 1132 et
1453 1100 1626 1133 consiliarii
1655 1100 1782 1144 episco—

1043 1154 1130 1197 pales
1147 1164 1219 1186 cum
1240 1154 1382 1197 primum
1402 1154 1439 1187 iis
1460 1154 1638 1187 bonoribus
1663 1160 1693 1187 et
1714 1165 1784 1187 mu-

1043 1206 1173 1238 neribus
1197 1206 1450 1250 praeficiuntur,
1484 1206 1569 1239 idem
1591 1213 1698 1240 sancte
1731 1207 1782 1239 iu-

1043 1266 1124 1300 rent,
1149 1266 1268 1293 etcum
1298 1260 1432 1304 reliquis
1459 1260 1565 1294 officio
1592 1271 1705 1293 eorum
1727 1271 1784 1293 an-

1043 1314 1130 1346 nexis
1155 1314 1297 1347 articulis
1317 1314 1536 1358 praemittant.

1088 1368 1102 1411 g
1123 1367 1152 1400 ⁶2.
1174 1368 1250 1401 Cum
1270 1372 1388 1407 autem,
1406 1367 1487 1400 sicut
1502 1367 1613 1400 cadem
1629 1367 1784 1411 expositio

1043 1421 1280 1463 subiungebat,
1304 1431 1358 1453 vos
1393 1431 1451 1464 pro
1480 1420 1594 1453 maiori
1630 1421 1785 1464 praedicti

1043 1475 1151 1508 statuti
1172 1475 1324 1508 firmitate
1345 1475 1568 1519 cupiatisillud
1586 1475 1786 1507 auctoritatis

1044 1528 1238 1572 apostolicae
1258 1528 1374 1561 robore
1384 1527 1592 1568 communiri,
1609 1527 1702 1560 nobis
1712 1538 1787 1571 pro-

1044 1587 1155 1625 pterea
1175 1582 1340 1615 humiliter
1360 1581 1535 1625 supplicari
1553 1581 1681 1621 fecistis,
1699 1587 1734 1614 ut
1755 1581 1787 1613 in

1043 1635 1227 1679 praemissis
1241 1641 1422 1679 opportune
1442 1635 1612 1678 providere
1631 1635 1669 1668 de
1690 1634 1784 1667 beni-

1044 1690 1163 1732 gnitate
1185 1690 1361 1733 apostolica
1382 1689 1601 1731 dignaremur.

1089 1742 1150 1786 §3
1185 1743 1248 1776 Nos
1280 1743 1377 1785 igitur
1403 1743 1545 1776 honestis
1577 1742 1786 1786 petitionibus

1044 1796 1174 1835 vestris,
1206 1797 1396 1840 praesertim
1429 1796 1583 1829 ecclesiae
1615 1795 1786 1829 utilitatem

1044 1850 1291 1894 respicientibus
1306 1877 1313 1891 ‚
1348 1856 1505 1894 quantum
1542 1860 1613 1882 cum
1649 1849 1786 1882 Domino

1046 1915 1234 1947 possumus,
1258 1914 1420 1943 annuere,
1445 1914 1563 1946 vosque
1595 1903 1787 1946 specialibus

1047 1957 1208 1990 favoribus
1222 1963 1253 1990 et
1270 1957 1378 1999 gratiis
1396 1956 1548 2000 prosequi
1565 1956 1719 1995 volentes,
1733 1967 1786 1989 ve-

1045 2017 1146 2044 strum
1162 2011 1340 2054 quemlibet
1357 2021 1375 2042 a
1387 2010 1551 2054 quibusvis
1568 2009 1788 2042 excommuni-

1046 2064 1192 2104 cationis,
1215 2064 1434 2107 suspensionis
1454 2069 1484 2096 et
1503 2062 1683 2102 interdicti,
1702 2062 1787 2095 aliis-

1047 2129 1108 2161 que
1130 2117 1353 2150 ecclesiasticis
1380 2116 1562 2156 sententiis,
1596 2115 1738 2149 censuris
1759 2121 1789 2148 ct

1047 2171 1170 2215 poenis,
1189 2182 1206 2203 a
1224 2171 1294 2203 iure
1314 2171 1362 2203 vel
1384 2171 1422 2202 ab
1441 2170 1573 2203 bomine
1594 2169 1704 2212 quavis
1729 2180 1786 2201 oc-

1047 2224 1175 2257 casione
1196 2224 1244 2256 vel
1266 2235 1360 2257 causa
1381 2223 1462 2262 latis,
1479 2223 1503 2256 si
1522 2223 1638 2266 quibus
1652 2232 1789 2265 quomo-

1048 2277 1170 2310 dolibet
1201 2277 1373 2310 innodatus
1409 2276 1532 2316 existit,
1571 2276 1610 2308 ad
1643 2275 1788 2307 effectum

1048 2330 1266 2374 praesentium
1306 2323 1468 2363 dumtaxat
1501 2329 1786 2372 consequendum,

1049 2383 1163 2416 barum
1185 2383 1266 2416 serie
1293 2383 1514 2422 absolventes,
1543 2388 1573 2414 et
1607 2382 1788 2414 absolutum

1050 2437 1116 2469 sore
1135 2442 1313 2476 censentes,
1336 2436 1523 2469 huiusmodi
1544 2435 1789 2479 supplicationi-

1049 2491 1107 2523 bus
1128 2490 1282 2530 inclinati,
1306 2495 1458 2522 statutum
1480 2490 1711 2533 supradictum,
1733 2500 1789 2521 au-

1049 2543 1194 2576 ctoritate
1216 2543 1402 2586 apostolica,
1428 2549 1538 2576 tenore
1557 2543 1787 2586 praesentium,

1049 2603 1204 2641 perpetuo
1227 2597 1458 2630 confirmamus
1487 2602 1517 2630 ct
1548 2597 1786 2640 approbamus,

1030 2643 1159 2694 litlique
1187 2657 1360 2695 perpetuae
1388 2657 1414 2683 et
1444 2650 1635 2683 inviolabilis
1656 2656 1786 2693 aposto-

1049 2705 1128 2738 licae
1144 2705 1302 2738 firmitatis
1316 2705 1415 2738 robur
1426 2704 1606 2745 adiicimus,
1627 2715 1664 2737 ac
1678 2715 1790 2737 omnes

1685 292 1750 325 523
1796 302 1844 329 An.
1868 303 1896 330 c.
1917 303 1983 330 1599

1827 1382 1883 1402 Petit
1898 1388 1922 1402 ea
1936 1387 1985 1407 apo-

1801 1409 1874 1429 stolica
1893 1411 1987 1437 auctori-

1801 1438 1843 1456 tate
1859 1436 1984 1456 continuari.

1816 1744 1930 1765 Confirmat
1943 1743 1987 1764 Cle-

1802 1777 1866 1792 mens.
