2253 3195
224 229 275 257 An.
294 228 323 257 c.
340 228 409 257 1597
455 219 519 254 328

250 1290 305 1309 Alias
321 1290 408 1314 triginta

224 1316 276 1336 duas
305 1317 408 1336 mnnialvs

224 1343 303 1362 induxit
323 1345 408 1363 rationi-

224 1369 262 1388 Ιιυι
290 1370 323 1389 tw·
356 1369 409 1389 imii-

224 1403 283 1416 cais.

423 278 622 311 scordiarum
643 277 727 310 inter
745 276 883 319 virgines
896 277 1032 319 collegio
1045 277 1165 311 adscri-

423 337 504 374 ptas,
521 337 549 364 et
569 332 634 364 Deo
654 331 786 369 dicatas,
801 341 859 363 seu
872 330 1028 364 moniales
1040 331 1164 364 ratione

256 392 381 412 Pensionem
396 398 408 413 a
423 384 580 427 portionis
600 384 718 417 eisdem
733 383 927 417 monialibus
940 385 1161 428 praestandae,

225 419 314 443 ratlegio
330 419 408 439 monia-

225 445 408 465 nbussnivemum
423 436 608 479 voluitjpse
627 435 764 469 Didacus
785 436 966 480 episcopus,
986 443 1022 470 ut
1041 447 1101 481 pro
1119 437 1164 470 vi-

223 472 303 491 statuit.

423 495 473 521 ctu
501 495 529 521 et
566 489 679 521 vestitu
711 488 853 532 ipsarum
891 489 1104 530 monialium,
1127 501 1164 524 ac

422 542 520 575 servis
540 548 568 574 et
597 542 720 576 ancillis
735 570 742 580 ,
766 553 892 576 necnon
919 544 1066 585 medico,
1090 544 1161 577 chi-

421 604 519 636 rurgo
540 600 570 627 et
592 594 786 638 pharmacis,
802 607 839 629 ac
851 596 982 630 demum
1003 607 1062 641 pro
1076 608 1160 638 cera,

421 646 494 680 vino
514 653 545 680 et
565 648 636 681 oleo
661 649 701 681 ad
728 649 849 682 cultum
878 649 1022 683 divinum
1048 660 1160 683 neces-

421 699 523 740 sariis,
547 700 655 733 dilecti
675 700 733 733 filii
753 702 906 745 praefecti
926 713 982 736 seu
1001 702 1165 746 praesides

423 752 496 785 dicti
515 753 640 795 collegii
660 754 850 797 pensionem
871 765 1011 788 annuam
1032 755 1120 788 mille
1133 760 1165 788 et

422 806 669 849 quingentarum
700 807 857 841 librarum
893 814 1042 842 monetae
1069 819 1161 842 com-

422 859 527 892 munis
547 859 674 893 illarum
699 861 838 904 partium
855 889 862 902 ,
883 872 966 906 quae
995 862 1072 894 inibi
1093 872 1164 895 ver-

421 913 534 946 nacule
553 924 642 957 pesos
668 914 706 947 de
725 915 879 959 zv'pusque
903 921 1036 949 vocatur
1049 943 1056 955 ,
1079 926 1166 949 sum-

422 975 506 998 mam
520 967 770 1009 nonigentorum
793 974 824 1002 et
843 969 954 1011 viginti
969 969 1160 1003 ducatorum

421 1019 489 1051 auri
508 1019 547 1052 de
564 1019 708 1059 Camera,
729 1022 776 1054 vel
797 1021 882 1055 circa
900 1022 1164 1056 constituentium

421 1072 635 1114 penderetur,
659 1074 827 1118 dictaeque
852 1075 1017 1119 pensionis
1047 1076 1165 1110 solutio

421 1131 534 1168 quarto
547 1136 677 1170 quoque
690 1137 800 1160 mense
817 1138 876 1172 pro
896 1129 964 1161 eius
978 1135 1045 1162 rata
1058 1129 1161 1169 fieret,

386 1220 393 1229 Χ
421 1188 457 1211 ac
475 1189 511 1211 ea
524 1179 686 1213 mediante
699 1180 871 1223 collegium
889 1182 1067 1225 praefatum
1085 1182 1164 1215 nihil

422 1233 507 1265 ultra
536 1234 731 1267 monasterio
758 1240 786 1267 et
817 1235 1011 1269 monialibus
1031 1235 1162 1280 praedi-

423 1286 481 1319 ctis
501 1287 626 1321 debeat.
654 1288 822 1322 Caeterum
848 1289 923 1333 quia
955 1289 1012 1323 iste
1037 1290 1162 1323 duode-

423 1338 486 1371 cim
507 1340 696 1373 monialium
714 1352 868 1375 numerus
894 1342 937 1375 ita
963 1342 1094 1385 exiguus
1115 1342 1162 1375 vi'-

423 1392 570 1433 debatur,
592 1400 628 1427 ut
648 1404 666 1427 a
689 1400 752 1427 tam
778 1395 888 1438 paucis
919 1395 1027 1429 divina
1056 1396 1165 1429 munia

422 1446 481 1479 rite
505 1447 675 1491 adimpleri
707 1449 901 1492 nequirent,
924 1449 1113 1493 praesertim
1140 1449 1164 1482 si

421 1509 438 1532 e
458 1499 543 1533 dicto
563 1511 699 1535 numero
721 1508 785 1535 tres
805 1502 962 1535 moniales
976 1513 1035 1547 pro
1049 1502 1165 1536 instru-

421 1553 548 1595 ctione,
573 1554 771 1588 institutione
800 1561 831 1589 et
855 1555 1077 1589 moderatione
1095 1556 1163 1589 vir-

420 1605 530 1647 ginum
557 1607 587 1640 in
608 1608 745 1650 collegio
769 1609 935 1652 praedicto
960 1609 1165 1643 existentium

421 1659 654 1700 educerentur,
678 1671 714 1693 ac
736 1661 767 1694 in
788 1661 857 1705 ipso
878 1661 1015 1704 collegio
1041 1662 1162 1695 retine-

423 1717 552 1753 rentur;
575 1713 747 1747 declaravit
773 1715 857 1748 ultra
883 1720 914 1748 et
938 1721 1066 1759 praeter
1091 1715 1166 1749 istas

423 1765 592 1798 duodecim
615 1766 788 1806 moniales,
813 1767 936 1810 aliquas
961 1767 1040 1801 alias
1064 1767 1166 1801 hone-

422 1824 485 1851 stas
506 1819 644 1861 virgines
665 1820 696 1852 in
717 1820 871 1863 praedicti
891 1821 1076 1854 monasterii
1102 1821 1166 1854 eri-

423 1872 517 1913 gendi
544 1872 699 1906 moniales
719 1873 843 1906 admitti
864 1879 896 1906 et
915 1873 1013 1917 recipi
1035 1874 1163 1915 debere,

422 1925 527 1958 soluta
548 1930 653 1958 tamen
675 1931 761 1959 certa
791 1926 1001 1969 pecuniarum
1033 1927 1163 1970 quanti-

424 1983 486 2010 tate
505 1978 535 2010 in
550 1989 659 2011 earum
674 1979 922 2023 eleemosynam,
939 1985 974 2013 ut
994 1980 1092 2013 moris
1106 1986 1163 2021 est,

423 2031 493 2064 aliis
514 2031 639 2064 illarum
661 2032 801 2076 partium
832 2032 1020 2066 monialium
1054 2044 1166 2067 mona-

422 2085 546 2125 steriis·,
578 2085 840 2129 quandoquidem
863 2085 922 2119 bac
944 2086 1066 2119 ratione
1084 2087 1167 2121 istud

424 2139 655 2172 monasterium
677 2139 866 2179 erigendum
890 2139 1073 2173 huiusmodi
1095 2141 1166 2173 sub-

423 2191 511 2224 sidiis
532 2192 697 2224 sutl‘ultnm
720 2192 854 2225 firmiori
876 2192 1047 2226 stabilitate
1067 2193 1168 2226 subsi-

423 2250 493 2277 stc-t.
519 2245 562 2277 Nc».
584 2251 689 2278 tamen
722 2256 875 2278 numerus
906 2245 1094 2279 monialium
1122 2246 1166 2280 sic

424 2297 681 2341 recipiendarum
704 2298 735 2331 in
749 2298 941 2331 innuensum
957 2306 1166 2340 excresceret,

425 2350 562 2394 indeque
579 2351 738 2390 confusio,
760 2357 811 2384 aut
836 2351 973 2384 nimium
995 2363 1167 2394 gravamen

425 2405 618 2437 monasm-io
636 2405 790 2445 erigendo
806 2405 988 2445 inferretur,
1007 2407 1169 2440 mandavit

424 2463 457 2489 nt
479 2469 577 2501 usqne
599 2459 637 2490 ad
664 2458 792 2498 triginta
816 2459 895 2491 duas
916 2459 1073 2492 moniales
1094 2471 1166 2492 cum

1003 229 1188 255 BULLAan
1206 229 1361 255 Romnum

1199 277 1285 311 dicto
1304 279 1423 312 Ioanne
1443 278 1614 312 fundatore
1644 279 1764 313 relictis
1787 280 1915 313 alentur
1929 307 1936 320 ‚

1198 331 1379 374 explebitur
1398 342 1553 365 numerus
1569 332 1782 376 quadraginta
1801 338 1942 376 quatuor

1198 383 1400 425 monialium,
1417 395 1554 428 quarum
1572 385 1785 429 quadraginta
1799 396 1871 418 cum
1885 386 1940 419 ab·

1197 436 1315 470 batissa
1328 447 1384 470 seu
1396 437 1560 481 priorissa,
1573 438 1620 471 uti
1639 438 1739 471 choro
1756 438 1938 479 adstrictae,

1199 488 1313 522 divinis
1333 489 1433 523 officis
1453 490 1608 524 continuo
1628 500 1741 524 vacare
1764 495 1938 533 poterunt,

1198 547 1229 574 et
1248 542 1391 586 reliquae
1409 548 1472 576 tres
1492 543 1649 576 moniales
1668 543 1826 585 gubernio
1846 542 1942 585 virgi-

1197 605 1275 628 num
1289 595 1531 638 collegiatarum
1551 596 1733 641 praefectae
1753 596 1941 630 earumdem

1198 647 1390 682 institutioni
1403 649 1572 683 vacabunt.
1588 650 1700 691 Porro,
1723 649 1800 693 quia
1820 649 1941 683 dietum

1198 701 1371 743 collegium
1402 702 1563 735 tenebitur
1594 702 1788 736 monialibus
1808 702 1941 735 domum

1198 753 1409 788 sufficientem
1436 761 1467 788 et
1490 766 1640 799 capacem
1671 755 1939 795 subministrare,

1199 807 1331 851 ipsaque
1349 808 1464 841 domus
1484 819 1544 852 pro
1564 809 1764 842 habitatione
1784 808 1942 842 dictarum

1200 860 1329 903 triginta
1357 861 1495 894 duarum
1525 861 1714 895 monialium
1745 862 1830 895 ultra
1865 871 1918 895 eas
1932 888 1940 901 ,

1200 924 1279 957 quas
1300 914 1404 948 dictus
1422 915 1558 948 Ioannes
1578 916 1730 949 fundator
1749 915 1917 949 destinavit
1933 941 1940 955 ,

1199 967 1347 1011 ampliari
1369 968 1508 1009 debebit,
1532 979 1571 1002 ne
1592 968 1705 1002 exinde
1725 967 1830 1001 eidem
1847 968 1944 1001 eolle-

1199 1020 1252 1061 gio
1276 1031 1451 1063 gravamen
1471 1021 1628 1054 inseratur
1646 1021 1731 1054 ultra
1751 1026 1893 1054 mentem
1913 1025 1944 1054 et

1200 1074 1397 1108 voluntatem
1415 1075 1544 1108 loannis
1565 1074 1724 1108 testatoris
1743 1073 1940 1114 huiusmodi,

1201 1127 1285 1160 idem
1303 1127 1440 1161 Didacus
1470 1128 1640 1172 episcopus
1654 1155 1662 1168 ‚
1685 1128 1801 1161 intuitu
1832 1127 1943 1161 huius-

1201 1180 1287 1213 modi
1307 1180 1524 1224 ampliationis
1543 1180 1694 1222 aedisicii,
1708 1181 1818 1214 statuit
1833 1186 1866 1214 et
1885 1191 1941 1214 01·-

1200 1233 1331 1274 dinavit,
1356 1235 1444 1278 quod
1462 1234 1659 1267 monasterio
1684 1239 1824 1278 quatuor
1844 1233 1944 1266 millia

1200 1286 1357 1321 librarum
1378 1288 1481 1321 dictae
1510 1293 1659 1321 monetae
1688 1288 1775 1321 iuxta
1804 1287 1940 1321 taxatio-

1200 1351 1274 1374 nem
1296 1347 1324 1374 et
1347 1341 1605 1374 moderationem
1629 1341 1811 1385 peritorum
1837 1341 1944 1375 eidem

1200 1393 1337 1436 collegio
1356 1394 1497 1438 pendere
1522 1394 1658 1435 debeat,
1681 1394 1852 1438 ipsumque
1871 1394 1941 1428 col-

1200 1447 1318 1489 legium
1340 1447 1422 1496 hanc
1443 1458 1614 1489 summam,
1637 1459 1674 1481 ex
1693 1448 1848 1492 pensione
1868 1458 1941 1482 mo-

1200 1501 1338 1534 nialibus
1365 1506 1401 1534 ut
1426 1512 1523 1546 supra
1542 1501 1734 1545 praestanda
1748 1529 1755 1543 ,
1778 1511 1837 1546 per
1856 1507 1944 1535 certa

1201 1554 1355 1598 temporis
1375 1555 1477 1599 spatia
1501 1555 1648 1599 quolibet
1667 1565 1751 1589 anno
1771 1565 1945 1600 excompu-

1201 1613 1267 1640 tare
1287 1607 1427 1652 poterit;
1449 1608 1474 1640 si
1493 1619 1568 1642 vero
1589 1608 1760 1652 contigerit
1778 1613 1813 1641 ut
1833 1617 1945 1641 mona-

1200 1660 1333 1694 sterium
1355 1661 1439 1694 ultra
1458 1661 1576 1695 limites
1596 1661 1724 1695 aedium
1749 1661 1789 1695 ad
1809 1661 1870 1694 hoc
1890 1660 1944 1695 de-

1200 1713 1389 1747 stinatarum
1411 1714 1644 1758 ampliandum,
1667 1725 1704 1748 ac
1724 1714 1860 1759 proinde
1880 1714 1944 1748 cir-

1201 1766 1399 1800 cumvicinae
1420 1767 1536 1800 domus
1555 1767 1752 1801 coemendae
1770 1767 1885 1808 serent,
1907 1777 1944 1800 ea

1201 1830 1278 1853 cura
1295 1819 1490 1853 monasterio
1504 1820 1659 1863 erigendo
1680 1826 1711 1854 et
1730 1819 1798 1854 eius
1818 1819 1944 1853 monia-

1201 1873 1295 1913 libus,
1318 1883 1382 1906 non
1403 1879 1510 1907 autem
1532 1874 1668 1917 collegio
1688 1874 1875 1908 huiusmodi
1896 1874 1944 1908 in-

1201 1926 1341 1960 cumbat.
1369 1926 1415 1960 Ad
1441 1926 1520 1960 haec
1539 1927 1668 1967 omnia,
1691 1927 1767 1972 quia
1787 1938 1805 1961 a
1825 1938 1940 1962 mona-

1201 1979 1298 2013 sterio
1313 1979 1500 2012 monialium
1515 1980 1621 2014 Sancti
1643 1981 1827 2025 Hieronymi
1847 1981 1944 2015 lilexi·

1202 2032 1347 2067 canensis
1377 2033 1452 2066 dicti
1484 2032 1612 2067 Ordinis
1638 2035 1820 2068 avocandae
1849 2040 1945 2068 erunt

1201 2098 1252 2120 sex
1271 2086 1427 2120 moniales
1447 2087 1486 2120 ad
1508 2088 1688 2130 regularem
1707 2088 1942 2122 observantiam

1203 2140 1234 2173 in
1255 2140 1316 2173 hoc
1335 2150 1418 2173 novo
1445 2140 1642 2174 monasterio
1662 2141 1817 2183 erigendo
1837 2141 1940 2175 intro-

1203 2193 1405 2233 ducendam,
1425 2193 1608 2237 praecepit,
1632 2199 1667 2227 ut
1692 2193 1769 2227 istae
1794 2205 1847 2228 sex
1869 2204 1940 2228 mo-

1203 2246 1303 2279 niales
1324 2246 1355 2279 in
1375 2256 1512 2279 numero
1533 2257 1642 2279 carum
1665 2247 1849 2286 duodecim,
1865 2257 1944 2291 quas

1203 2299 1307 2333 dictus
1327 2299 1461 2332 loannes
1483 2304 1615 2332 testator
1636 2299 1781 2340 instituit,
1804 2309 1941 2344 compu-

1204 2357 1330 2392 tentur;
1353 2351 1497 2395 reliquae
1522 2362 1598 2385 vero
1627 2363 1679 2385 sex
1705 2362 1741 2384 ex
1768 2351 1945 2395 virginibus

1204 2405 1233 2438 in
1255 2405 1368 2438 eodem
1390 2405 1526 2445 collegio
1547 2404 1756 2439 existentibus
1779 2415 1945 2439 assuman-

1204 2464 1264 2497 tur,
1288 2463 1317 2490 et
1342 2457 1531 2490 adveniente
1552 2457 1641 2491 obitu
1660 2457 1860 2499 earumdem,
1876 2463 1942 2492 sta-

424 2511 632 2555 ‹-l‹·a·m‹›synis
654 2513 878 2545 tantmumodo
899 2513 1164 2551 adnumerentur,
1203 2511 1258 2544 tim
1279 2511 1318 2543 de
1340 2511 1408 2555 ipso
1432 2510 1521 2544 obitu
1552 2511 1591 2544 ad
1617 2511 1701 2555 ipsas
1725 2511 1864 2553 virgines
1883 2511 1941 2545 de-

425 2564 791 2606 quibusadim-tisetiam
807 2566 868 2598 illis
885 2566 1069 2605 duodecim,
1086 2576 1167 2609 quae
1202 2563 1367 2597 num-tatio
1395 2563 1466 2603 liat,
1490 2569 1524 2596 ut
1548 2575 1584 2596 ex
1605 2564 1651 2597 eis
1683 2563 1714 2597 in
1743 2569 1942 2597 mortuarum

425 2617 463 2648 de
486 2617 577 2649 bonis
597 2618 699 2650 cidem
721 2619 857 2660 collegio
883 2619 922 2652 ad
950 2619 1009 2652 lioc
1030 2630 1046 2651 a
1067 2629 1164 2662 prae·
1203 2618 1308 2651 locum
1344 2617 1384 2651 ad
1421 2617 1650 2651 monasterium
1685 2617 1874 2660 erigendum
1912 2617 1943 2650 in

1949 231 2001 259 An.
2018 233 2047 259 (Ζ.
2064 232 2130 261 1597
2184 205 2201 259 f

1989 662 2078 689 Altaque
2091 667 2139 684 eon-

1956 689 2025 709 stituit
2039 690 2100 715 quao'
2106 694 2138 710 τι·

1956 716 2076 735 censentur.

1985 2143 2060 2165 rom·
2073 2141 2095 2165 ln
2107 2145 2140 2165 n·

1958 2169 2063 2217 cluniam:
2080 2167 2142 2191 nom·

1959 2201 2043 2245 aaz}
2059 2200 2084 2242 ¹3·
2096 2198 2139 2217 ¹⁴¹·
