2253 3195
79 231 128 258 An.
150 230 180 257 (ἶ.
193 230 261 258 1597

275 284 452 312 strumenta
473 285 504 313 et
531 280 652 314 litteras
667 308 674 319 ,
698 281 872 325 omniaque
897 288 927 314 et
951 282 1016 315 sin-

275 332 348 374 gula
369 332 400 365 in
419 333 479 365 illis
500 340 659 373 contenta,
685 334 778 367 salvis
792 335 1013 378 infrascriptis,

275 390 306 418 et
325 386 502 419 dummodo
524 393 630 420 tamen
652 387 764 431 pensio
785 398 804 421 n
825 388 1015 420 ducatorum

275 449 339 472 non
369 440 500 473 excedat
528 446 674 484 quartam
706 446 830 484 partem
856 441 1015 473 fructuum

276 493 547 526 monasteriorum
562 494 815 536 praedictorum,
826 493 1016 526 auctoritate

274 546 459 588 apostolica,
481 552 636 590 perpetuo
657 546 829 579 confirmes
850 552 879 578 et
900 556 1017 589 appro-

274 597 341 638 bes,
359 599 486 642 illisque
503 605 678 642 perpetuae
692 605 722 631 et
735 598 928 631 inviolabilis
941 609 1016 641 apo-

275 651 405 684 stolicae
417 651 579 684 firmitatis
593 652 693 684 robur
704 651 846 691 adiicias,
857 662 893 684 ac
905 661 1016 684 omues

275 710 306 738 et
325 705 467 747 singulos
489 711 550 738 tam
569 705 646 738 iuris
664 716 760 749 quam
774 705 847 738 sacti
861 705 1013 744 desectus,

275 757 300 790 si
321 758 375 801 qui
396 757 428 790 in
449 758 569 791 eisdem
590 758 829 797 intervenerint,
853 758 1012 802 suppleas,

275 821 310 844 ac
332 817 396 844 tam
417 811 601 855 Philippum
619 822 727 854 regem
742 813 875 855 eiusque
889 822 1015 845 succes-

274 875 362 899 sores
378 867 594 910 Portugalliae
615 873 645 900 et
665 867 888 909 Algarbiorum
910 876 1012 908 regeS,

274 930 371 963 quam
392 921 523 955 abbates
544 928 575 955 et
599 927 796 960 conventus,
820 932 857 954 ac
886 920 1015 953 univer-

273 983 340 1006 sam
373 974 659 1018 Congregationem
690 975 873 1019 praedictos
904 974 944 1006 ad
979 983 1015 1006 o-

274 1027 397 1060 mnium
434 1034 465 1061 et
499 1029 701 1071 singulorum
737 1027 1011 1072 praemissorum,

273 1087 370 1124 prout
393 1092 447 1115 eos
467 1082 641 1125 respective
662 1086 878 1118 concernunt,
903 1080 1015 1113 obser-

273 1134 433 1168 vationem
447 1146 579 1168 exnunc
600 1140 756 1178 perpetuo
773 1134 874 1167 teneri
892 1138 923 1166 et
935 1132 1016 1166 obli-

273 1193 363 1230 gatos
387 1188 469 1229 fore,
497 1199 557 1221 nec
577 1188 616 1221 ab
637 1188 674 1221 iis
694 1187 806 1231 quovis
825 1192 1012 1231 praetextu,

273 1252 379 1281 causa,
404 1243 453 1275 vel
484 1242 653 1275 occasione
683 1240 915 1285 quoquomodo
939 1239 1016 1272 resi-

272 1295 330 1328 lire
350 1306 463 1339 posse:
486 1295 596 1339 sicque
616 1306 673 1339 per
693 1304 914 1339 quoscumque
935 1293 1017 1326 iudi-

273 1360 325 1382 ces
345 1349 526 1383 ordinarios
551 1356 581 1382 et
613 1349 776 1391 delegatos
791 1376 798 1389 ,
822 1348 919 1381 etiam
940 1358 1015 1381 cau-

273 1413 380 1436 sarum
394 1403 505 1447 palatii
518 1402 686 1447 apostolici
703 1402 876 1441 auditores,
891 1401 1016 1434 sublata

274 1456 318 1490 eis
336 1462 367 1490 et
390 1467 504 1489 eorum
524 1456 655 1489 cuilibet
682 1456 792 1500 quavis
822 1455 915 1488 aliter
934 1454 1017 1487 iudi-

274 1510 367 1544 candi
388 1516 419 1543 et
438 1510 669 1554 interpretandi
689 1510 837 1542 facultate
858 1515 888 1542 et
908 1515 1017 1542 aucto--

274 1563 378 1604 ritate,
396 1563 530 1596 iudicari
544 1569 575 1596 et
594 1562 722 1596 definiri
743 1562 872 1601 debere,
887 1573 924 1595 ac
944 1562 1016 1595 irri-

274 1623 343 1650 tum
358 1623 389 1650 et
408 1617 503 1650 inane
524 1616 681 1660 quidquid
706 1627 797 1649 secus
817 1626 913 1660 super
932 1615 982 1649 his
999 1627 1017 1648 a

276 1681 453 1714 quoquam,
469 1670 580 1714 quavis
601 1669 800 1710 auctoritate,
818 1669 956 1702 scienter
968 1669 1015 1702 vel

275 1724 470 1766 ignoranter,
488 1723 658 1766 contigerit
676 1723 825 1756 attentari
848 1723 1012 1756 decernas.

318 1777 380 1822 §5
405 1778 559 1811 Volumus
589 1777 686 1810 etiam
712 1783 746 1810 ut
776 1788 849 1810 cum
874 1777 1015 1820 primum

101 1831 192 1858 ’ΜΨ
211 1833 259 1853 Phi·
275 1831 470 1865 monasteria
490 1832 604 1864 Beatae
626 1831 743 1864 Mariae
765 1830 802 1863 de
821 1831 852 1864 F
853 1831 917 1863 iaes
934 1832 1013 1864 Bra-

76 1858 89 1878 li
121 1864 133 1878 ο
201 1859 204 1862 ’

77 1862 437 1918 C¹3¹38¹2⁸}‘c'fil0112u1i1charensis
458 1890 488 1918 et
507 1885 537 1918 S.
561 1884 646 1917 Petri
667 1885 725 1917 das
744 1885 872 1928 Ayuias
898 1885 1013 1918 Lama-

76 1910 261 1987 {fiffiffiaeffiss}
277 1938 379 1971 censis
399 1948 456 1981 per
476 1937 600 1970 obitum
622 1937 775 1970 abbatum
796 1943 827 1970 et
847 1948 1013 1971 commen-

76 1992 261 2043 {iecffi'gssiiilssffssssss
277 1991 475 2025 datariorum
498 1996 728 2035 perpetuorum
754 2001 791 2024 ea
810 1992 850 2024 ad
867 2002 1017 2035 praesens

76 2044 165 2093 3322&
198 2053 260 2068 “³⁰²²-
277 2045 503 2085 obtinentium,
523 2045 699 2088 respective
718 2044 908 2086 vacaverint,
932 2045 1016 2078 idem

276 2098 453 2142 Philippus,
470 2098 518 2131 vel
536 2097 604 2130 eius
619 2108 784 2131 successor
804 2098 1018 2140 Portugalliae

276 2157 307 2186 et
327 2152 551 2195 Algarbiorum
572 2162 637 2191 rex,
660 2152 858 2195 praedictam
878 2152 1018 2194 Congre-

275 2206 438 2250 gationem
457 2205 488 2238 in
514 2206 703 2238 eorumdem
725 2204 993 2238 monasteriorum
1008 2232 1015 2245 ,

276 2266 307 2293 et
330 2260 564 2303 cuiuscumque
585 2259 715 2292 illorum
743 2258 918 2302 respective
943 2269 1018 2301 pos-

275 2313 449 2347 sessionem
467 2313 568 2357 (itaut
594 2312 746 2355 deinceps
773 2311 805 2344 in
825 2317 1017 2355 perpetuum

275 2377 334 2409 per
360 2367 492 2400 abbates
512 2366 685 2399 triennales
706 2365 849 2398 eiusdem
882 2365 1019 2406 Congre-

276 2419 413 2461 gationis
437 2420 609 2463 professos,
629 2424 725 2463 prout
745 2418 807 2451 alia
828 2418 927 2462 ipsius
940 2418 1019 2451 Con-

276 2473 470 2515 gregationis
491 2472 696 2513 monasteria,
717 2472 881 2515 regantur)
901 2471 1020 2504 immit-

277 2532 354 2566 tere,
378 2526 511 2570 ipsaque
531 2525 727 2559 monasteria
752 2524 811 2568 ipsi
842 2524 1020 2567 Congrega-

278 2579 356 2612 tioni
387 2579 489 2612 libera
509 2579 636 2612 tradere
660 2583 852 2619 teneantur,
876 2577 1019 2622 alioquin

277 2639 460 2678 praesentes
480 2633 587 2668 nullae
610 2633 684 2667 sint.

892 234 1040 258 CLEMENS
1059 234 1117 258 vm
1137 234 1188 258 Pr.

1697 223 1755 258 351
1807 235 1856 261 An.
1877 233 1990 261 c.1597

1097 284 1113 324 g
1134 282 1164 315 6.
1188 282 1257 315 Non
1282 282 1481 316 obstantibus
1512 281 1792 316 constitutionibus
1835 295 1926 324 nqmgai
1943 301 1991 315 enn-

1052 340 1082 366 et
1101 333 1358 367 ordinationibus
1386 333 1570 377 apostolicis
1590 339 1621 366 et
1636 361 1643 373 ,
1667 333 1692 366 si
1712 344 1792 377 opus
1808 323 1885 342 “³⁸¹³

1051 387 1100 427 sit,
1125 389 1236 429 regula
1256 394 1366 421 nostra
1383 389 1422 421 de
1444 388 1636 432 praestando
1657 398 1792 421 consen-

1050 451 1086 472 su
1107 440 1138 472 in
1159 441 1378 484 pensionibus,
1402 452 1438 474 ac
1458 442 1585 475 Ordinis
1605 447 1636 475 et
1655 442 1793 483 Congre-

1051 493 1205 534 gationis,
1230 505 1266 527 ac
1292 495 1493 537 singulorum
1524 495 1792 528 monasteriorum

1050 547 1306 589 praedictorum,
1332 549 1427 582 etiam
1455 549 1646 589 iuramento,
1676 548 1794 581 confir-

1051 599 1191 633 matione
1219 601 1404 644 apostolica,
1432 602 1480 634 vel
1504 602 1614 645 quavis
1643 601 1794 634 firmitate

1051 652 1112 684 alia
1131 653 1290 686 roboratis
1310 654 1435 687 statutis
1449 654 1791 693 etconsuetudinibus,

1050 705 1224 748 privilegiis
1238 717 1379 751 quoque,
1397 708 1529 741 indultis
1542 714 1574 741 et
1586 708 1700 741 litteris
1717 717 1794 751 apo-

1050 759 1170 793 stolicis
1191 760 1223 793 in
1245 761 1443 794 contrarium
1464 761 1713 805 praemissorum
1728 761 1794 794 cui-

1049 813 1106 854 vis,
1130 824 1185 848 seu
1206 815 1370 858 quibusvis
1391 827 1427 849 ex
1447 816 1631 859 praedictis,
1648 821 1704 848 aut
1724 814 1794 848 aliis

1050 867 1308 912 quibuscumque
1328 869 1484 913 personis,
1507 870 1566 902 sub
1586 869 1794 912 quibuscum-

1050 931 1112 963 que
1143 922 1315 955 verborum
1348 922 1458 955 formis
1488 927 1518 955 et
1550 922 1734 962 tenoribus,
1764 928 1795 954 et

1050 986 1123 1008 cum
1144 976 1309 1019 quibusvis
1329 976 1480 1009 clausulis
1500 981 1531 1009 et
1559 975 1695 1009 decretis
1715 986 1794 1019 quo-

1051 1029 1228 1062 modolibet
1245 1030 1415 1069 concessis,
1440 1029 1650 1069 confirmatis,
1678 1039 1794 1072 appro-

1050 1082 1131 1115 batis
1152 1088 1182 1115 et
1203 1082 1371 1116 innovatis.
1389 1083 1510 1122 Quibus
1527 1083 1678 1116 omnibus
1689 1082 1795 1115 etsin-

1049 1135 1142 1177 gulis,
1155 1139 1226 1175 etc„
1241 1136 1399 1179 specialis,
1416 1136 1576 1180 specifica,
1590 1141 1620 1169 et
1641 1136 1679 1169 de
1697 1136 1794 1169 verbo

1050 1188 1090 1220 ad
1110 1188 1243 1221 verbum
1264 1199 1413 1232 expressa
1433 1189 1554 1222 mentio
1568 1189 1726 1228 habenda,
1741 1195 1795 1221 aut

1051 1240 1158 1284 aliqua
1185 1241 1248 1274 alia
1277 1242 1433 1286 exquisita
1454 1242 1557 1275 forma
1576 1242 1616 1275 ad
1639 1242 1700 1275 hoc
1729 1252 1793 1275 ser-

1050 1295 1153 1327 vanda
1174 1296 1267 1337 soret,
1291 1302 1418 1330 tenores
1438 1296 1635 1337 huiusmodi,
1656 1306 1692 1328 ac
1710 1295 1735 1328 si
1756 1295 1795 1328 de

1050 1348 1147 1380 verbo
1168 1348 1207 1381 ad
1228 1349 1363 1382 verbum
1384 1349 1620 1389 insererentur,
1643 1359 1796 1392 praesen-

1050 1401 1134 1434 tibus
1148 1412 1206 1445 pro
1221 1402 1389 1446 expressis,
1407 1408 1437 1436 et
1454 1403 1494 1435 ad
1514 1402 1648 1435 verbum
1669 1401 1796 1435 insertis

1050 1454 1216 1495 habentes,
1239 1455 1299 1489 hac
1327 1455 1395 1489 vice
1415 1456 1580 1489 dumtaxat
1600 1455 1792 1499 specialiter,

1051 1513 1081 1541 et
1101 1518 1249 1552 expresse
1272 1509 1476 1552 derogamus,
1501 1509 1700 1553 caeterisque
1721 1519 1796 1542 con-

1051 1561 1155 1594 trariis
1175 1562 1444 1606 quibuscumque.
1479 1563 1541 1596 Aut
1561 1562 1586 1596 si
1608 1562 1770 1606 aliquibus
1785 1590 1792 1603 ,

1051 1616 1267 1648 communiter
1283 1617 1332 1649 vel
1350 1616 1487 1656 divisim,
1504 1616 1544 1648 ab
1558 1615 1741 1659 Apostolica
1757 1615 1797 1649 sit

1050 1668 1130 1701 Sede
1151 1669 1330 1710 indultum,
1354 1670 1442 1713 quod
1464 1669 1634 1709 interdici,
1657 1669 1794 1713 supendi

1051 1722 1097 1754 vel
1116 1722 1389 1755 excommunicari
1410 1733 1475 1756 non
1492 1722 1616 1766 possint
1635 1733 1694 1766 per
1713 1722 1796 1755 litte-

1050 1786 1101 1808 ras
1122 1776 1313 1820 apostolicas
1337 1786 1403 1809 non
1434 1776 1586 1809 facientes
1615 1776 1745 1819 plenam
1767 1781 1797 1808 et

1051 1840 1252 1872 expressam,
1274 1840 1310 1862 ac
1334 1830 1374 1863 de
1404 1829 1502 1863 verbo
1533 1830 1573 1862 ad
1606 1829 1736 1862 verbum
1757 1829 1797 1862 de

1051 1882 1175 1916 indulto
1195 1882 1383 1916 huiusmodi
1404 1882 1614 1916 mentionem.

1097 1938 1112 1978 ξ
1143 1936 1171 1968 7.
1203 1936 1357 1970 Volumus
1386 1942 1491 1969 autem
1525 1941 1682 1980 quatenus
1713 1935 1796 1968 dicta
1838 1943 1995 1991 Assi31212225223

1052 1990 1225 2023 concordia
1236 2001 1294 2034 per
1312 1996 1353 2031 te,
1368 1996 1402 2023 ut
1414 1990 1605 2034 praefertur,
1622 1988 1796 2022 confirme-
1811 1975 1953 2025 ggiisioii'n’s‘n

1052 2050 1114 2083 tur,
1128 2049 1164 2077 ut
1176 2044 1260 2077 dicta
1271 2043 1483 2086 Congregatio
1497 2043 1685 2087 pensionem
1703 2052 1796 2086 prae-

1053 2097 1187 2137 dictam,
1208 2097 1340 2130 nomine
1360 2097 1490 2130 illorum
1511 2096 1794 2134 monasteriorum,

1053 2151 1085 2184 in
1106 2162 1244 2195 quorum
1265 2150 1467 2195 possessione
1484 2150 1596 2191 existit,
1614 2161 1632 2183 a
1652 2149 1702 2183 die
1722 2160 1798 2183 con-

1052 2204 1245 2238 firmationis
1265 2215 1323 2248 per
1341 2210 1370 2237 te
1387 2203 1562 2243 faciendae,
1585 2203 1709 2236 ratione
1722 2213 1796 2236 vero

1052 2258 1189 2291 aliorum
1227 2258 1519 2296 monasteriorum,
1543 2267 1561 2290 a
1593 2257 1644 2290 die
1669 2257 1796 2290 habitae

1053 2317 1124 2355 post
1143 2312 1290 2345 eamdem
1316 2311 1595 2345 confirmationem
1613 2310 1790 2354 possessio-

1053 2364 1101 2397 nis
1115 2369 1250 2403 tantum,
1266 2370 1296 2397 et
1313 2375 1377 2398 non
1389 2364 1477 2403 alias,
1493 2364 1616 2397 solvere
1634 2368 1791 2396 teneatur.

1096 2418 1210 2451 Datum
1228 2419 1348 2451 Romae
1368 2418 1454 2461 apud
1470 2417 1500 2450 S.
1517 2417 1646 2450 Petrum
1664 2416 1723 2449 sub
1736 2427 1790 2450 an-

1053 2472 1130 2504 nulo
1155 2471 1343 2512 Piscatoris,
1368 2471 1419 2504 dic
1438 2481 1512 2504 xxtv
1541 2470 1615 2503 maii
1641 2480 1773 2504 unxcvn

1054 2524 1258 2568 pontificatus
1283 2525 1384 2558 nostri
1404 2534 1489 2558 anno
1506 2535 1548 2558 v1.

1090 2578 1148 2606 Dat.
1164 2578 1207 2606 die
1222 2578 1256 2606 24
1276 2578 1339 2606 maii
1355 2578 1432 2612 1597,
1451 2577 1546 2614 pontis.
1568 2586 1611 2605 an.
1635 2584 1669 2605 vt.
