2253 3195
205 241 254 268 Au.
276 242 306 268 e.
325 242 392 268 1592
439 232 502 266 188

248 673 343 694 elenu-ns
362 673 393 693 di-

208 702 253 720 ctas
279 700 393 720 tir-linitio-

209 734 246 748 πως
261 728 392 753 comprobat.

233 2084 330 2104 Clau-ula
342 2085 389 2105 *nb-

205 2111 252 2130 tat...

406 290 493 323 mnia
513 291 691 335 apostolico
712 291 891 324 munimine
908 290 1067 330 roborari,
1090 300 1148 323 no-

406 344 455 377 bis
473 344 638 378 humiliter
657 345 830 388 supplicari
850 345 1005 385 fecerunt,
1029 349 1146 388 quate-

406 409 466 430 nus
483 408 595 430 eorum
617 397 777 431 desiderio
790 397 977 431 huiusmodi
991 407 1146 442 annuere,

407 462 443 484 ac
463 451 541 484 alias
565 450 596 483 in
615 451 812 494 praemissis·
825 457 1011 495 opportune
1036 451 1146 495 provi-

408 505 484 537 dere
519 505 558 537 de
588 504 786 546 benignitate
818 505 996 548 apostolica
1031 504 1147 547 digna-

409 567 527 590 remur:

452 609 533 653 ἓΞΟ.
551 611 623 651 Nos,
640 610 749 644 habita
763 622 861 655 super
878 611 1064 655 praemissis
1077 622 1151 645 cum

409 663 644 697 venerabilibus
678 664 832 697 fratribus
862 665 981 698 nostris
1016 665 1152 698 Sanctae

408 718 569 750 Romanae
609 717 768 751 Ecclesiae
803 718 1021 752 cardinalibus
1056 730 1153 763 super

407 770 697 804 consultationibus
717 771 944 815 episcoporum
968 777 999 805 et
1024 773 1152 814 regula-

407 823 489 856 rium
504 824 676 868 deputatis,
691 825 809 869 quibus
822 825 1022 869 praeinserta
1034 830 1153 859 statuta

407 877 619 911 examinanda
639 878 915 918 demandavimus,
934 885 1060 912 matura
1077 890 1154 912 con-

395 930 615 971 ·sultatione,b
628 931 791 965 uiusmodi
804 932 1094 976 supplicationibus
1108 932 1155 966 in-

407 983 534 1024 clinati,
549 985 658 1018 omnia
676 991 707 1018 et
724 985 850 1028 singula
871 986 1070 1030 praeinserta
1090 991 1154 1019 sta-

409 1042 486 1077 tuta,
508 1038 685 1082 apostolica
701 1039 904 1079 auctoritate,
932 1044 1043 1073 tenore
1064 1051 1157 1083 prae-

408 1090 559 1131 sentium,
583 1103 620 1125 ex
640 1097 727 1125 certa
747 1097 856 1125 nostra
874 1092 1018 1133 scientia,
1039 1103 1155 1137 perpe-

409 1151 465 1179 tuo
479 1145 698 1189 approbamus
718 1151 750 1179 et
769 1145 1012 1187 confirn‘iamus,
1029 1146 1156 1190 illisque

410 1204 586 1242 perpetuae
606 1204 638 1232 et
658 1198 850 1232 inviolabilis
869 1199 1032 1232 firmitatis
1056 1200 1157 1233 robur

410 1252 591 1292 adiicimus,
619 1263 655 1285 ac
675 1263 788 1285 omnes
808 1258 837 1285 et
858 1252 1002 1295 singulos
1027 1253 1104 1286 iuris
1125 1259 1156 1286 et

411 1305 504 1346 sacti,
532 1316 567 1338 ac
598 1305 838 1339 solemnitatum
874 1316 1155 1350 quarumcumque

410 1359 656 1403 quomodolibet
676 1359 880 1399 emissarum,
904 1365 933 1392 et
960 1359 1039 1393 alios
1060 1370 1155 1404 quos-

409 1423 547 1456 cumque
568 1413 722 1453 desectuS,
739 1412 764 1446 si
785 1412 838 1456 qui
860 1412 1103 1446 intervenerunt
1123 1413 1154 1446 in

409 1466 542 1507 eisdem,
565 1467 764 1510 supplemus,
789 1477 891 1510 eaque
912 1467 1020 1500 omnia
1040 1473 1070 1500 et
1090 1467 1155 1501 sin-

408 1520 482 1562 gula
512 1516 669 1564 perpetuo
702 1520 804 1554 valida
840 1526 870 1553 et
897 1520 1037 1554 efficacia
1061 1522 1150 1563 iore,

406 1585 545 1618 suosque
567 1574 728 1618 plenarios
741 1579 772 1607 et
787 1574 929 1616 integros
941 1574 1073 1608 effectus
1086 1586 1154 1609 sor-

408 1628 470 1668 tiri,
495 1639 568 1667 aea
589 1628 764 1665 modernis,
789 1633 819 1660 et
840 1638 898 1671 pro
920 1633 1066 1672 tempore
1087 1629 1152 1662 exi-

406 1681 563 1715 stentibus
584 1681 658 1714 dicti
685 1680 812 1715 Ordinis
835 1681 987 1723 magistro
1009 1683 1151 1724 generali

405 1734 539 1778 aliisque
556 1734 789 1779 superioribus.
812 1735 965 1768 fratribus
985 1741 1016 1768 et
1035 1746 1149 1779 perso-

406 1788 454 1821 nis
467 1788 737 1832 quibuscumque,
753 1788 981 1822 inviolabiliter
995 1795 1152 1833 perpetuo

405 1842 585 1882 observari,
609 1853 728 1886 eosque
749 1853 861 1876 omnes
892 1849 923 1876 et
942 1843 1085 1886 singulos
1111 1845 1150 1878 ad

406 1895 533 1929 illorum
567 1895 711 1929 omnium
741 1895 998 1928 observationem
1029 1897 1099 1939 cogi
1121 1903 1151 1930 et

405 1950 554 1993 compelli
577 1961 680 1993 posse.
726 1980 728 1982 ,
1091 1993 1094 1996 ψ

450 2005 465 2047 ,ξ
483 2003 534 2036 21.
548 2003 663 2047 Sicque
677 2009 706 2037 et
721 2014 785 2037 non
800 2004 893 2037 aliter
906 2015 963 2047 per
979 2004 1077 2048 ipsius
1094 2007 1150 2038 Or-

405 2057 488 2090 dinis
506 2057 695 2099 magistrum
710 2058 893 2099 generalem
914 2062 945 2090 et
965 2057 1150 2101 superiores

404 2121 440 2143 ac
453 2121 675 2154 quoscumque
690 2110 821 2150 iudices,
835 2110 945 2154 quavis
959 2110 1149 2144 auctoritate

406 2165 584 2203 fungentes,
605 2169 635 2196 et
655 2165 790 2197 Sanctae
808 2164 971 2197 Romanae
990 2164 1148 2197 Ecclesiae

405 2218 594 2258 cardinales,
612 2229 647 2250 ae
668 2217 764 2250 etiam
787 2218 826 2250 de
848 2218 946 2251 intere
969 2218 1100 2259 legatos,
1119 2224 1149 2251 ct

404 2282 572 2304 causarum
612 2270 720 2315 palatii
758 2271 925 2315 apostolici
961 2271 1145 2312 auditores,

404 2324 529 2357 sublata
548 2323 593 2357 eis
619 2330 650 2357 vt
669 2334 780 2357 eorum
803 2323 935 2357 cuilibet
961 2324 1072 2368 quavis
1093 2325 1148 2358 ali-

406 2383 453 2410 tvi·
473 2377 632 2411 indie-andi
655 2384 685 2411 et
703 2378 938 2422 inte1·p1·1.·tan‹li
955 2379 1104 2411 facultate
1118 2385 1148 2412 et

404 2431 609 2469 matoria-nv,
640 2431 758 2475 ubique
791 2431 924 2464 indicari
956 2437 983 2463 vt
1019 2432 1146 2465 deliniri

406 2484 544 2521 debvrc',
569 2484 694 2517 irritum
716 2496 846 2529 qunque
877 2491 906 2518 οι
941 2485 1034 2518 inane
1055 2485 1147 2529 quid-

405 2538 480 2581 qnid
502 2550 592 2570 svs-us
613 2551 709 2582 super
730 2539 777 2571 bis
798 2552 814 2571 a
835 2551 1013 2583 «μμημιτιιιι,
1036 2540 1147 2584 quavis

406 2592 607 2631 :un-torinna,
628 2593 765 2625 scienter
791 2594 835 2626 rel
859 2593 1056 2634 ignoranter,
1071 2604 1148 2626 con-

407 2645 511 2686 tigerit
533 2645 691 2678 niu-utari.

992 243 1176 267 BULLMUUM
1194 242 1348 266 ROMANUM

1942 241 1992 269 An.
2013 241 2042 270 C.
2059 228 2142 272 ΔΞΥ-ΙΝ]
2157 281 2162 284 .

1213 290 1242 334 ⁴5
1260 289 1314 323 22.
1330 290 1367 323 Et
1386 289 1598 323 nihilominus
1617 282 1853 324 venerabilibus
1866 291 1929 324 fra·
1986 293 2080 335 anue

1183 343 1285 376 tribus
1310 343 1464 376 Toletano
1491 347 1522 376 et
1552 343 1846 386 Caesaraugustam
1871 354 1925 377 ar·
1943 331 2122 391 ἓῗῖιῖἱςῗὲῗῗιᾞ..
2151 369 2155 374 -
2206 349 2231 389 ’ς

1184 396 1412 440 chiepiscopis,
1442 407 1479 430 ac
1511 396 1630 430 dilecto
1659 396 1726 431 filio
1759 407 1929 430 causarum
1943 383 2074 436 gffiponum
2089 384 2118 408 π

1184 451 1297 484 Curiae
1317 451 1469 485 Gamerae
1485 450 1689 495 Apostolicae
1714 451 1854 484 auditori
1874 461 1930 494 ge-

1185 504 1287 537 nerali
1317 516 1377 548 per
1413 509 1600 549 praesentes
1634 504 1866 538 committimus
1901 509 1933 537 et

1187 558 1397 599 mandamus,
1425 563 1585 602 quatenus
1611 557 1689 602 ipsi,
1715 558 1764 591 vel
1787 558 1852 591 duo
1877 563 1934 591 aut

1186 621 1269 644 unus
1290 622 1414 652 eorum,
1435 622 1494 655 per
1513 623 1546 645 se
1566 612 1615 644 vel
1635 611 1746 652 alium,
1763 621 1819 644 seu
1838 611 1929 650 alios,

1185 664 1241 697 ubi
1255 670 1285 698 et
1298 666 1428 709 quando
1448 668 1531 709 opus
1551 665 1658 705 suerit,
1680 669 1866 708 praesentes
1882 664 1934 698 lit—

1189 724 1271 752 teras
1292 725 1323 752 et
1342 719 1373 751 in
1395 719 1441 752 eis
1461 724 1611 753 contenta
1631 729 1855 763 quaecumque
1875 729 1930 753 so-

1187 772 1337 805 lemniter
1348 773 1560 816 publicantes,
1577 773 1696 806 faciant
1707 777 1826 806 statuta
1838 783 1932 817 prae-

1187 826 1249 859 fata
1262 825 1285 870 [a
1299 826 1451 868 magistro
1468 826 1610 869 generali
1632 831 1664 859 et
1685 825 1838 859 fratribus
1855 826 1932 860 dicti

1187 879 1330 920 Ordinis,
1353 890 1438 913 nunc
1459 884 1491 913 et
1516 890 1574 924 pro
1595 885 1740 923 tempore
1764 879 1929 913 existenti-

1187 935 1258 975 bus,
1275 939 1432 978 perpetuo
1450 934 1626 975 observari,
1649 945 1686 967 ac
1703 944 1758 968 eos
1777 944 1858 978 quos
1878 934 1933 967 iila

1190 993 1388 1022 concernunt
1411 993 1441 1021 et
1462 998 1658 1022 concernere
1675 992 1829 1032 poterunt
1846 999 1929 1032 quo-

1191 1041 1370 1076 modolibet
1384 1041 1416 1075 in
1430 1042 1584 1083 futurum,
1604 1042 1643 1075 ad
1657 1052 1770 1075 eorum
1787 1041 1931 1076 omnium

1191 1095 1448 1129 observationem
1467 1095 1618 1129 omnibus
1638 1095 1716 1128 iuris
1736 1100 1767 1128 et
1785 1095 1858 1129 sac-ti
1875 1105 1930 1129 re-

1191 1149 1322 1190 mediis,
1349 1155 1467 1192 cogant
1481 1154 1520 1182 et
1541 1149 1754 1193 compellant;
1777 1159 1842 1182 non
1859 1159 1933 1193 per-

1191 1204 1354 1237 mittentes
1374 1202 1494 1246 aliquid
1516 1207 1627 1236 contra
1648 1202 1777 1236 illorum
1798 1207 1934 1236 statuto-

1190 1268 1260 1290 rum
1283 1256 1515 1290 continentiam
1536 1261 1567 1289 et
1593 1261 1739 1288 tenorem
1760 1265 1818 1299 per
1836 1265 1934 1299 quos-

1190 1320 1346 1354 cumque,
1363 1309 1476 1354 quovis
1494 1314 1660 1353 praetextu
1674 1309 1721 1342 vel
1736 1309 1856 1350 colore,
1879 1314 1935 1342 aut

1190 1363 1268 1397 alias
1287 1362 1550 1407 quomodolibet,
1573 1362 1740 1403 attentari,
1764 1363 1931 1397 contradi-

1190 1423 1295 1451 ctores
1308 1417 1471 1461 quoslibet
1487 1422 1517 1451 et
1537 1416 1683 1457 rebelles,
1700 1413 1737 1450 c't'c
1750 1416 1934 1460 praemissis

1189 1482 1253 1505 non
1274 1476 1424 1515 parentes
1450 1481 1508 1514 per
1527 1469 1702 1503 sententias
1728 1475 1757 1503 et
1783 1480 1934 1504 censuras

1188 1525 1430 1565 ecclesiasticas,
1453 1534 1490 1557 ac
1510 1524 1605 1557 etiam
1627 1522 1830 1567 pecuniarias
1849 1534 1930 1568 poe-

1189 1589 1256 1616 nas,
1280 1578 1407 1622 aliaque
1427 1582 1612 1621 opportuna
1633 1576 1712 1610 iuris
1731 1582 1763 1610 et
1787 1576 1860 1610 sacti
1881 1587 1932 1610 re-

1190 1632 1313 1671 media,
1342 1631 1559 1675 appellatione
1591 1630 1768 1674 postposita
1795 1639 1929 1674 compe-

1187 1686 1323 1725 scendo,
1348 1696 1384 1718 ac
1411 1684 1562 1727 legitimis
1582 1694 1679 1728 super
1704 1683 1752 1716 bis
1776 1683 1932 1718 habendis

1187 1738 1319 1772 servatis
1339 1738 1554 1782 processibus,
1578 1736 1762 1777 sententias,
1779 1747 1932 1771 censuras

1187 1798 1217 1826 et
1232 1803 1352 1836 poenas
1373 1792 1530 1835 praefatas
1549 1790 1765 1832 aggravando,
1784 1790 1931 1824 invocato

1187 1845 1283 1879 etiam
1305 1845 1344 1878 ad
1367 1845 1438 1885 boc,
1455 1844 1480 1877 si
1499 1854 1580 1888 opus
1600 1843 1704 1883 suerit,
1726 1843 1843 1877 auxilio
1857 1843 1930 1877 bra-

1187 1897 1248 1931 cbii
1274 1897 1459 1931 saecularis.

1231 1951 1318 1993 5⁹23.
1342 1951 1410 1985 Non
1437 1950 1638 1984 obstantibus
1669 1949 1929 1994 quibuscumque

1185 2005 1467 2040 constitutionibus
1480 2010 1510 2038 et
1523 2004 1781 2038 ordinationibus
1801 2010 1930 2048 aposto-

1184 2060 1264 2101 licis,
1287 2071 1323 2093 ac
1345 2060 1421 2093 dieti
1442 2058 1570 2093 Ordinis
1594 2058 1742 2102 illiusque
1769 2063 1929 2092 monaste-

1184 2114 1327 2154 riorum,
1348 2114 1541 2150 domorum.
1570 2111 1810 2156 provinciarum
1832 2117 1862 2145 et
1883 2111 1930 2145 lo-

1184 2178 1295 2201 corum
1311 2176 1604 2210 quorumcumque,
1621 2164 1717 2198 etiam
1733 2164 1925 2204 iuramento,

1184 2220 1430 2254 confirmatione
1451 2219 1638 2264 apostolica,
1664 2218 1710 2252 vel
1737 2217 1847 2261 quavis
1872 2218 1928 2251 tir-

1185 2274 1293 2307 mitatc
1314 2273 1376 2307 alia
1396 2273 1573 2313 roboratis,
1597 2271 1723 2305 stabitis
1740 2277 1771 2304 et
1794 2281 1929 2305 consue-

1185 2327 1360 2366 tudinibus,
1385 2325 1557 2370 privilegiis
1578 2336 1719 2369 quoque,
1745 2324 1878 2358 indultis
1897 2329 1930 2358 et

1184 2381 1298 2414 litteris
1318 2379 1501 2424 apostolicis
1522 2384 1633 2412 contra
1653 2377 1849 2422 praemissa,
1874 2383 1929 2411 aut

1183 2433 1261 2467 alias
1278 2433 1520 2477 ‹pummdolibet
1541 2431 1711 2469 concessis,
1729 2430 1928 2465 confirmatis

1182 2493 1213 2520 et
1234 2486 1401 2520 innovatis.
1419 2486 1539 2525 Quibus
1557 2484 1707 2517 omnibus
1728 2492 1755 2517 et
1778 2484 1923 2525 singuli&

1182 2541 1305 2574 etiamsi
1340 2550 1398 2584 pro
1428 2539 1554 2573 illorum
1587 2538 1758 2572 sullis-,iculi
1784 2539 1923 2581 deroga·

1183 2592 1280 2631 tione,
1304 2592 1342 2625 de
1366 2591 1426 2624 illis
1446 2601 1624 2634 eorumque
1647 2589 1720 2623 totis
1747 2588 1922 2629 tenoribus,

1181 2645 1338 2690 specialis,
1355 2645 1514 2689 specifica,
1529 2655 1675 2688 expressa
1697 2650 1724 2677 et
1748 2643 1923 2683 individua,

2104 448 2149 462 ,k

1971 1955 2081 1976 cunti-arto
2099 1964 2101 1973 ι
2113 1948 2134 1977 *J

1945 1982 2063 2008 derogatio.
