2253 3195
73 245 122 272 An.
138 244 168 272 C.
190 244 257 272 1597

879 241 1026 265 CLEMENS
1047 240 1104 264 VIII
1125 240 1174 263 PP-

234 294 237 296 “
269 291 431 331 nisestum,
456 300 580 323 necnon
611 289 758 323 illicitum
791 290 1009 327 detentorem,

84 461 192 482 Rebellem
203 465 254 485 quo·

72 493 113 514 quo
128 489 149 507 et
169 486 255 506 crimino

72 514 141 535 laesae
157 513 254 535 maiesta-

71 541 97 561 tis
123 545 194 561 reum.
216 544 255 559 nec

71 572 113 588 nnn
136 571 253 587 excummu-

70 593 170 614 nii-atum.

96 2159 188 2186 Eiusque
208 2165 253 2180 suc-

71 2186 189 2207 cessoribus
210 2187 254 2206 nul-

72 2212 112 2233 lutn
133 2219 196 2238 super
217 2213 254 2236 iiz,

72 2243 125 2265 quan
145 2240 178 2260 ille
194 2246 254 2260 occu-

71 2266 139 2291 pavit,
154 2266 186 2287 ius
199 2273 253 2287 com-

71 2294 150 2318 petere.

270 357 306 379 ac
320 351 465 379 nostrum
480 351 510 378 et
522 345 656 378 Sanctae
666 344 1008 384 Romanaelsscclesiac,

270 399 425 442 Sedisque
442 406 472 431 et
484 399 635 432 Gamerae
655 398 838 442 praedictae
860 397 1012 429 rebellem

271 457 299 484 et
320 452 465 491 hostem,
491 452 622 485 maioris
647 449 1008 488 excommunicationis,

271 505 483 538 anathematis
503 510 531 537 ct
551 503 787 537 maledictionis
807 502 1009 541 senteutiam,

270 563 366 601 atque
398 558 476 590 alias
511 567 662 590 censuras
693 555 924 589 ecclesiasticas
956 566 1013 597 per

269 610 528 653 supradictorum
563 610 781 642 Romanorum
819 608 1011 641 Pontilicum

270 663 513 696 constitutiones
534 674 570 695 ac
590 663 712 695 litteras
730 662 780 695 die
803 663 923 696 Cocnae
942 661 1008 693 Do-

268 717 355 749 mini
380 716 441 758 legi
469 716 597 753 solitas,
621 726 747 748 necnon
777 715 872 748 etiam
905 725 1012 748 sacros

268 779 407 802 canones
418 769 617 811 generalium
635 768 859 807 conciliorum,
877 774 906 800 et
920 778 1012 811 prae-

267 822 377 856 sertim
392 822 592 855 oecumenici
613 821 772 864 generalis
793 821 925 855 Concilii
945 822 1013 854 Tri-

268 875 390 908 dentini
408 876 537 909 decreta
551 903 558 913 ,
582 881 613 908 et
631 881 799 918 practerea
826 875 1012 907 rebellionis

267 930 372 962 laesae
398 928 574 962 maiestatis
600 928 743 961 criminis
771 928 803 961 in
830 929 935 972 primo
962 940 1013 962 ca-

268 983 333 1027 pite
346 1010 353 1023 ,
370 989 400 1016 et
417 983 494 1016 alias
514 992 656 1026 poenas,
681 982 775 1015 etiam
806 993 862 1025 per
888 988 1012 1015 nostras

269 1036 497 1077 monitoriales,
513 1037 716 1070 inhibitorias
737 1042 767 1069 ct
787 1036 949 1070 citatorias
962 1048 1012 1070 su-

268 1090 429 1134 pradictas
449 1090 585 1123 inflictas
606 1090 674 1133 ipso
707 1091 790 1123 sacto
815 1090 1009 1131 incurrisse,

267 1155 406 1187 eumque
437 1150 609 1188 propterea
639 1144 790 1176 omnibus
819 1149 849 1176 et
879 1144 1013 1185 singulis

266 1197 386 1240 gratiis,
411 1197 521 1238 titulis,
546 1197 735 1235 honoribus,
759 1198 1009 1241 praerogativis,

266 1250 486 1293 dignitatibus,
507 1250 693 1294 privilegiis,
717 1250 889 1291 favoribus,
914 1252 1013 1284 sacul-

267 1303 397 1343 tatibus‚
422 1303 517 1336 etiam
538 1304 680 1346 gabellas
699 1314 756 1337 seu
777 1304 928 1337 collectas
952 1305 1012 1336 im-

265 1357 407 1400 ponendi
429 1362 460 1390 et
480 1357 643 1399 exigendi,
661 1356 803 1397 indultis,
821 1357 1009 1398 toleramus,

266 1410 529 1450 remissionibus,
554 1410 775 1450 libertatibus,
801 1410 1012 1444 immunitati-

266 1463 337 1503 bus,
352 1463 638 1503 iurisdictionibus,
651 1473 779 1496 necnon
800 1463 895 1496 etiam
910 1465 1013 1497 omni-

267 1516 326 1549 bus
339 1522 370 1549 et
382 1516 640 1560 quibuscumque
662 1516 732 1549 aliis
753 1516 784 1549 in
805 1517 891 1550 hunc
912 1529 1013 1561 usque

267 1570 352 1603 diem
378 1570 515 1603 obtentis
540 1570 802 1604 concessionibus
824 1577 855 1604 ct
881 1572 1013 1605 locatio-

266 1624 372 1664 nibus,
389 1634 425 1656 ac
441 1628 610 1667 praeterea
630 1623 822 1663 civitatibus,
843 1635 880 1657 ac
901 1635 1012 1658 earum

268 1677 381 1717 terriS,
406 1677 535 1717 castris,
559 1677 708 1721 oppidis,
733 1678 894 1711 fortalitiis
914 1684 945 1711 et
965 1679 1013 1711 lo-

267 1730 323 1769 eis,
347 1729 483 1770 iuribus,
507 1729 802 1770 iurisdictionibus,
827 1736 855 1763 et
878 1731 1013 1764 ulterius

266 1783 360 1816 bonis
380 1783 576 1827 quibuslibet
597 1789 661 1816 tam
683 1784 887 1817 allodialibus
905 1791 1013 1817 etem-

266 1836 472 1880 phiteuticis‚
496 1847 592 1880 quam
614 1836 711 1869 etiam
734 1837 924 1878 feudalibus,
941 1849 1014 1871 cae-

269 1890 407 1934 terisque
415 1891 674 1935 quibuscumque
684 1902 742 1935 per
750 1902 823 1925 eum
838 1898 910 1925 ante
922 1904 1015 1936 prae-

268 1944 364 1977 missa
383 1945 490 1978 forsan
513 1955 531 1977 a
561 1945 821 1989 quibuscumque
847 1946 989 1979 ecclesiis
1004 1974 1011 1983 ,

267 1998 315 2029 vel
333 1997 373 2030 ab
394 1997 438 2030 cis
459 1998 706 2041 quomodolibet
732 1998 990 2041 dependentibus
1004 2027 1011 2040 ,

269 2051 431 2084 hactenus
443 2051 572 2091 habitis,
597 2061 652 2083 seu
678 2051 790 2094 quovis
816 2052 914 2085 modo
936 2063 1012 2095 pos—

269 2104 382 2145 sessis,
403 2115 440 2137 ac
460 2104 491 2136 in
513 2104 629 2147 quibus
655 2109 685 2137 et
709 2105 749 2137 ad
773 2115 856 2148 quae
883 2105 930 2138 ius
955 2105 1014 2138 sibi

270 2156 515 2201 quomodolibet
544 2157 749 2200 competebat
780 2163 812 2189 et
839 2157 1012 2201 competit3

270 2222 307 2244 ac
327 2211 459 2254 insuper
479 2210 623 2243 eiusdem
655 2210 796 2243 Caesaris
825 2210 929 2251 tilios,
954 2211 1016 2243 sra-

270 2270 344 2305 tres,
362 2275 539 2307 omnesque
552 2264 632 2297 alios
646 2263 731 2297 illius
745 2264 1012 2306 consanguineos,

270 2318 398 2359 affines,
422 2318 605 2362 proximos,
629 2322 684 2350 aut
705 2317 748 2349 illi
775 2317 887 2360 quovis
915 2318 1016 2359 gradu

270 2372 458 2405 coniunctos
476 2371 508 2404 in
528 2370 724 2415 praemissiS,
745 2381 801 2403 scu
819 2381 930 2403 corum
953 2370 1013 2402 ali-

270 2424 406 2468 quibus„
422 2425 475 2461 vel,
491 2425 531 2457 ad
552 2424 606 2456 illa
627 2423 872 2467 quomodolibet
892 2424 941 2456 ius
962 2424 1017 2456 lia-

271 2479 383 2511 bentes
405 2483 435 2510 ct
455 2477 574 2510 habere
595 2478 842 2521 praetendentes
863 2477 1015 2520 (quorum

270 2531 417 2565 omnium
443 2537 473 2564 ct
502 2531 703 2572 singulorum
730 2530 861 2563 nomina
882 2536 909 2563 et
932 2541 1014 2573 qua-

270 2585 385 2625 litates,
414 2584 636 2628 praesentibus
660 2594 718 2627 pro
740 2583 937 2616 sufficienter
957 2595 1012 2615 ex-

271 2638 389 2684 pressis
410 2638 520 2672 haberi
544 2638 710 2680 volumus)
731 2648 767 2670 ac
793 2637 938 2671 omnium
960 2647 1016 2671 eo-

1695 225 1758 259 397

1047 298 1119 320 rum
1140 287 1234 327 filios,
1258 291 1404 330 posteros
1424 290 1455 318 ct
1475 294 1675 318 successores
1695 294 1791 327 quos-

1048 351 1186 383 cumque
1206 345 1338 383 propter
1357 338 1543 382 praemissa,
1561 337 1623 370 illis
1640 336 1791 370 omnibus

1048 399 1076 426 et
1097 393 1249 435 singulis,
1272 403 1308 425 ac
1329 392 1418 425 omni
1438 391 1471 424 in
1496 390 1557 423 illis
1581 389 1791 423 successionis

1048 447 1117 479 iurc
1139 447 1169 479 in
1191 452 1383 490 perpetuum
1410 445 1551 489 privatos
1566 472 1573 485 ,
1597 444 1766 487 incapaces
1781 471 1788 484 ,

1047 505 1143 542 atque
1164 499 1313 541 indignos
1343 499 1382 531 ad
1412 498 1466 530 illa
1492 503 1523 530 et
1548 497 1710 541 quaelibet
1730 497 1791 529 alia

1047 553 1163 585 similia
1194 553 1241 585 vel
1274 552 1441 585 dissimilia
1473 552 1684 595 imposterum
1711 551 1792 583 obti-

1047 607 1163 647 nenda,
1181 612 1212 639 et
1229 607 1269 639 ad
1287 616 1399 639 omnes
1419 611 1508 639 actus
1528 605 1689 647 legitimos
1701 615 1792 637 exer-

1047 660 1165 692 cendos
1191 659 1369 695 inhabiles,
1394 664 1425 691 et
1449 669 1465 691 a
1486 658 1659 702 praedictis
1688 657 1793 700 priva-

1049 711 1161 752 tionis,
1199 711 1418 755 incapacitatis
1459 717 1490 743 et
1526 710 1793 743 inhabilitationis

1047 765 1159 808 poenis
1191 765 1374 805 neminem,
1407 770 1437 797 et
1473 764 1664 807 supradictis
1698 763 1792 796 etiam

1046 823 1212 861 praetextu
1234 817 1367 851 minoris
1385 817 1507 857 aetatis,
1524 821 1579 849 aut
1593 827 1685 849 sexus
1700 827 1793 849 excu-

1047 871 1121 908 sari,
1134 882 1231 914 seque
1244 871 1283 903 ab
1295 871 1356 903 illis
1370 871 1522 911 eximere,
1535 875 1590 903 aut
1607 869 1689 902 tueri
1700 880 1793 912 posse

1047 925 1219 969 quominus
1227 930 1360 968 propter
1368 923 1543 967 praemissa
1557 923 1595 956 ab
1607 923 1792 956 huiusmodi

1047 978 1384 1022 successionepenitus
1393 977 1582 1011 exclusisint
1596 983 1623 1010 et
1639 987 1707 1010 esse
1721 987 1795 1010 cen-

1048 1038 1195 1073 seantur,
1213 1033 1253 1065 de
1271 1032 1368 1065 simili
1385 1032 1521 1065 fratrum
1536 1031 1670 1064 consilio
1691 1036 1721 1063 et
1739 1041 1791 1063 as-

1048 1097 1163 1126 sensu,
1187 1097 1224 1119 ac
1245 1086 1285 1118 de
1305 1085 1501 1129 apostolicae
1527 1084 1692 1128 potestatis
1721 1084 1792 1127 ple-

1048 1140 1206 1179 nitudine,
1230 1151 1265 1171 ex
1285 1144 1371 1171 certa
1384 1143 1495 1171 nostra
1515 1137 1658 1177 scientia,
1682 1142 1794 1170 aucto-

1048 1194 1142 1226 ritate
1163 1192 1349 1236 apostotiva,
1367 1198 1477 1224 tenore
1495 1182 1725 1235 praesentium,
1742 1191 1796 1224 de-

1049 1247 1210 1280 cernimus
1235 1251 1262 1278 ct
1286 1246 1497 1278 declaramus.
1532 1266 1534 1268 -

1093 1302 1109 1342 ξ
1131 1299 1182 1331 19).
1207 1299 1244 1331 Et
1274 1298 1486 1331 nihilominus
1515 1286 1741 1330 sententiando
1763 1297 1794 1330 in

1049 1354 1197 1387 eumdem
1240 1352 1407 1385 Caesarem
1450 1350 1795 1384 excommunicationis

1048 1407 1202 1446 maioris,
1239 1405 1453 1438 anathematis
1490 1404 1793 1448 maledictionisque

1048 1459 1253 1498 sententiam,
1279 1458 1347 1501 ipso
1369 1458 1449 1498 iure,
1472 1462 1507 1490 ut
1528 1457 1720 1500 praefertur,
1744 1457 1793 1489 in-

1049 1524 1187 1554 cursam,
1206 1513 1245 1546 de
1267 1512 1403 1545 consilio
1422 1516 1452 1544 et
1472 1521 1603 1544 assensu
1621 1510 1792 1550 similibus,

1048 1567 1303 1610 promulgamus,
1315 1575 1454 1608 eumque
1466 1563 1792 1604 excommunicatum,

1047 1620 1351 1654 anathematizatum
1366 1625 1396 1651 et,
1408 1618 1618 1651 maledictum
1632 1628 1691 1661 per
1703 1628 1795 1661 prae-

1047 1680 1151 1707 sentes
1173 1672 1416 1706 denunciamus.
1438 1673 1462 1705 A
1488 1682 1551 1715 qua
1572 1671 1795 1704 excommuni-

1048 1728 1204 1768 cationis,
1239 1726 1453 1760 anathematis
1488 1731 1519 1759 et
1559 1725 1796 1758 maledictionis

1047 1782 1216 1818 sententia,
1230 1786 1456 1824 praeterquam
1477 1780 1508 1812 in
1530 1779 1643 1813 mortis
1660 1779 1796 1812 articulo

1048 1836 1240 1869 constitutus
1261 1835 1338 1877 (nec
1370 1833 1466 1867 etiam
1499 1839 1595 1873 tunc,
1616 1832 1677 1866 nisi
1708 1832 1797 1875 prius

1048 1889 1213 1934 praedicta
1237 1887 1378 1921 indebite
1400 1893 1557 1930 occupata
1586 1897 1660 1920 cum
1681 1886 1797 1919 effectu

1049 1944 1142 1977 nobis
1162 1948 1193 1976 et
1214 1944 1378 1976 Romanae
1398 1942 1558 1975 Ecclesiae
1574 1969 1581 1981 ,
1605 1952 1641 1974 ac
1672 1940 1745 1974 Sedi
1766 1946 1795 1973 et

1049 1998 1200 2031 Gamerae
1232 1996 1417 2040 praedictae
1445 1995 1644 2037 restituerit.)
1665 1994 1704 2027 ab
1734 1993 1797 2026 alio

1050 2056 1276 2094 praeterquam
1312 2060 1330 2082 a
1366 2049 1459 2082 nobis
1473 2076 1480 2087 ,
1513 2059 1568 2081 seu
1600 2059 1617 2080 a
1651 2048 1797 2080 Romano

1049 2104 1205 2137 Pontifice
1234 2114 1293 2147 pro
1324 2109 1470 2147 tempore
1500 2102 1675 2142 existente,
1701 2101 1796 2134 etiam

1052 2163 1139 2191 motu
1164 2157 1297 2201 proprio
1325 2163 1353 2190 et
1386 2156 1671 2196 consistorialiter,
1700 2165 1795 2198 prac—

1051 2217 1138 2244 textu
1159 2211 1392 2254 cuiuscumque
1414 2209 1541 2247 indulti,
1558 2208 1727 2252 privilegii,
1745 2214 1796 2241 aut

1051 2264 1211 2297 facultatis
1229 2264 1328 2297 cuivis
1345 2274 1515 2308 personae,
1539 2262 1744 2306 quantumvis
1758 2263 1797 2295 ad

1051 2318 1266 2361 imperatoris,
1291 2328 1420 2359 regum,
1441 2317 1488 2349 vel
1510 2316 1646 2349 aliorum
1672 2315 1794 2359 princi-

1051 2381 1126 2414 pum
1146 2370 1395 2403 christianorum
1422 2369 1604 2403 instantiam
1624 2379 1795 2402 concessae

1051 2429 1105 2456 aut
1134 2424 1383 2460 concedendae,
1408 2429 1434 2455 et
1466 2423 1538 2455 licet
1569 2422 1699 2466 speciali
1721 2427 1795 2454 nota

1051 2477 1178 2518 dignae,
1200 2477 1247 2509 vcl
1269 2476 1399 2509 alterius
1420 2476 1653 2518 cuiuscumque
1676 2474 1798 2515 gratiae

1051 2535 1082 2562 et
1102 2529 1333 2570 indulgentiae,
1362 2528 1574 2561 absolutionis
1602 2527 1796 2561 beneficium

1052 2583 1198 2615 obtinere
1231 2588 1387 2626 nequcat;
1422 2593 1458 2615 ac
1493 2582 1596 2626 ipsum
1628 2582 1796 2615 Caesarem

1052 2637 1245 2677 civitatibus,
1272 2637 1375 2677 terris,
1400 2636 1530 2677 castris,
1556 2635 1704 2680 oppidis,
1727 2636 1793 2670 sor«

1805 234 1856 260 An.
1873 234 1902 261 C.
1920 233 1986 261 1597

1822 1309 1908 1330 Nonnisi
1927 1314 1945 1327 m
1961 1313 1992 1326 :ir-

1809 1337 1874 1356 licui.»
1885 1337 1964 1354 morti-3
1974 1336 1995 1353 rt

1809 1364 1912 1383 restitutis
1938 1366 1993 1387 quae

1809 1388 1929 1414 occuparit,
1957 1387 1993 1406 ab·

1809 1416 1861 1437 solvi
1880 1420 1942 1441 posse
1958 1413 1993 1433 de-

1808 1443 1882 1464 cernit.
