2253 3195
227 244 276 271 An.
296 223 324 272 c.
343 246 411 274 ¹597
457 236 521 271 350

427 296 599 336 asserebat,
616 296 702 340 quod
720 295 822 329 dictus
835 306 889 329 rex
902 302 966 329 tam
981 306 1050 337 suo,
1067 306 1164 340 quam

427 358 539 391 regum
559 359 689 382 suorum
715 359 935 382 successorum
961 349 1092 382 nomine
1112 349 1166 382 de-

245 408 412 434 Phitiixvusvero
427 401 555 434 sistebat
575 402 614 434 ab
632 401 784 434 omnibus
797 402 877 442 iure,
894 402 1019 436 actione
1033 407 1063 435 et
1073 413 1167 446 prae-

233 434 405 461 iurcpaironatus

227 466 290 487 super
318 463 410 489 quinque

227 489 356 509 monasteria
377 495 410 509 ce·

227 513 293 535 deret.

248 2470 319 2490 Parin
331 2476 406 2489 rantur

234 2499 289 2517 itui..
326 2500 407 2517 mmm

234 2529 279 2546 rum

411 2477 630 2516 1sinuulorum
652 2479 804 2511 abbatum
826 2485 855 2512 et
872 2484 1088 2511 conventuum
1105 2489 1173 2511 mo-

427 454 577 494 tentione‚
595 465 690 498 quam
712 455 810 488 modo
831 455 939 499 aliquo
960 455 1100 489 habebat
1112 460 1167 488 aut

426 507 544 540 babere
573 513 715 550 poterat,
739 513 802 541 tam
831 508 955 542 ratione
985 509 1164 542 litterarum

425 560 672 603 apostolicarum
693 572 788 605 quam
814 562 922 606 aliqua
945 562 1007 595 alia
1034 562 1067 595 in
1087 562 1166 595 iuri-

424 613 484 646 bus
503 619 690 657 patronatus
715 621 745 648 et
769 615 838 648 iure
865 616 1092 659 praesentandi
1112 616 1165 649 ab·

424 666 513 700 bates
532 667 564 699 in
583 668 757 711 praedictis
777 669 919 713 quinque
941 669 1163 710 monasteriis,

424 725 455 752 et
474 719 506 752 in
529 731 727 765 unoquoque
748 722 889 763 illorum,
913 722 963 756 eui
984 723 1046 756 iuri
1067 723 1163 756 cede-

424 773 497 813 bat,
520 774 753 816 renunciabat,
778 775 921 819 illudque
946 776 1108 816 donabat,
1137 781 1167 809 et

424 831 527 860 totum
552 827 583 860 in
610 828 758 862 abbatem
787 830 990 871 generalem,
1013 829 1166 863 Ordinem

424 885 454 913 et
477 880 763 923 Congregationem
788 882 971 925 praedictos
1000 882 1042 915 ita
1073 888 1163 915 tran-

423 933 577 974 sferebat,
601 940 636 968 ut
655 945 691 967 ex
712 940 786 968 tunc
807 935 837 968 in
855 941 1047 979 perpetuum
1068 946 1164 980 prae-

424 986 508 1019 dicta
521 987 664 1031 quinque
685 988 879 1021 monasteria
899 994 1003 1021 essent
1022 988 1124 1022 libera
1137 994 1167 1022 et

424 1045 571 1084 exempta
592 1041 630 1073 ab
651 1041 740 1074 omni
760 1052 870 1082 onere,
894 1041 1092 1075 subiectione
1112 1042 1184 1086 iu*

425 1092 656 1136 rispatronatus
692 1100 723 1127 et
755 1095 1001 1138 praesentandi,
1033 1096 1164 1139 praedi-

425 1151 558 1190 ctusque
577 1146 663 1180 Ordo
684 1147 725 1195 ad
745 1148 799 1180 illa
825 1158 900 1181 suos
929 1148 1089 1191 praelatos
1109 1148 1167 1182 eli-

425 1209 499 1242 gere
512 1200 612 1234 libere
625 1207 731 1245 posset
747 1206 778 1234 et
795 1201 923 1241 valeret,
944 1201 1025 1235 sieut
1045 1202 1077 1235 in
1097 1213 1168 1236 cae-

426 1252 502 1286 teris
520 1254 704 1297 praedictae
721 1254 983 1297 Congregationis
1001 1261 1164 1289 monaste-

425 1306 481 1339 riis
501 1307 605 1340 facere
624 1307 768 1340 solebat:
793 1314 824 1341 et
843 1309 929 1352 quod
950 1309 989 1341 ad
1011 1309 1096 1342 hunc
1121 1310 1167 1342 ef-
1184 1321 1185 1331 ¹

426 1359 543 1392 fectum
560 1387 567 1400 ,
592 1366 621 1393 et
641 1366 675 1393 ut
697 1371 733 1393 ea
754 1361 862 1394 omnia
883 1362 1046 1405 praedicta
1071 1363 1168 1396 modo

426 1418 457 1445 et
482 1413 584 1446 forma
610 1413 748 1446 aliorum
775 1415 1038 1455 reformarentur,
1069 1416 1165 1448 cede-

426 1465 490 1506 bat,
503 1466 643 1499 donabat
656 1472 685 1499 et
701 1467 911 1500 transferebat
930 1467 1168 1511 iuspatronatus

426 1519 622 1560 huiusmodi,
643 1532 715 1553 cum
735 1521 963 1561 declaratione,
979 1523 1065 1565 quod
1083 1522 1167 1556 idem

426 1573 615 1606 Laurentius
635 1574 776 1607 Monzam
795 1575 902 1607 abbati
923 1576 1064 1615 generali
1079 1586 1168 1619 prae-

427 1626 530 1665 dicto,
555 1632 585 1659 et
613 1627 683 1660 aliis
708 1627 807 1671 ipsius
827 1627 954 1661 Ordinis
974 1634 1003 1661 et
1024 1629 1167 1671 Congre-

426 1680 563 1722 gationis
587 1680 733 1724 patribus
757 1681 848 1713 daret
879 1691 975 1714 unam
1006 1682 1166 1725 provisio-

427 1743 500 1766 nem
523 1733 660 1777 Philippi
683 1733 766 1776 regis
787 1734 970 1777 praedictis,
994 1746 1053 1778 per
1073 1746 1168 1779 quam

429 1786 505 1830 ipse,
533 1786 614 1819 sieut
639 1787 720 1820 inter
745 1787 830 1831 ipsos
855 1787 1003 1821 abbatem
1029 1798 1166 1830 genera-

429 1840 489 1872 lem
511 1846 542 1872 et
558 1840 765 1873 Laurentium
784 1841 983 1884 praedictum
1003 1847 1071 1874 erat
1095 1853 1170 1874 con-

429 1893 608 1933 cordatum,
631 1893 835 1937 approbaret,
854 1894 1105 1928 confirmaretet
1120 1906 1170 1928 ra-

429 1952 495 1978 tum
511 1946 659 1979 baberet:
684 1957 780 1990 quam
801 1947 930 1990 quidem
954 1947 1169 1990 provisionem

429 1999 618 2032 Laurentius
638 1999 704 2042 ipse
723 1999 805 2031 intra
827 2010 968 2032 mensem
991 2010 1008 2032 a
1029 2000 1090 2039 die,
1108 2011 1171 2044 qua

428 2052 487 2085 sibi
521 2053 671 2085 abbatum
699 2059 729 2085 et
757 2058 972 2085 conventuum
1005 2059 1168 2086 monaste-

429 2106 550 2139 riorum
571 2105 811 2149 praedietorum
832 2116 1006 2139 consensus
1024 2106 1166 2146 daretur,

429 2160 707 2203 computandum,
737 2160 812 2193 dare
839 2159 1005 2203 promisit,
1034 2170 1070 2192 ar,
1095 2160 1171 2193 alias

430 2218 492 2244 tam
520 2212 607 2255 ipse,
636 2223 732 2255 quam
759 2212 857 2244 abbas
886 2211 1044 2251 generalis
1073 2223 1167 2255 prae-

430 2265 532 2297 dit-tus
563 2266 727 2304 severum,
756 2270 957 2304 statuerunt,
981 2265 1172 2298 ordinarunt

431 2324 458 2349 et
472 2319 720 2355 concordarunt.
735 2325 831 2362 prout
846 2319 876 2351 in
892 2319 1105 2352 instrumento
1115 2319 1171 2351 de-

431 2383 526 2414 super
544 2373 690 2404 confecto
711 2372 803 2405 latins
817 2372 935 2404 divitur
955 2372 1123 2405 contineri.

477 2428 492 2462 ξ
516 2426 543 2457 2.
573 2425 694 2464 Quibus
715 2425 865 2458 omnibus
886 2436 958 2457 cum
981 2425 1125 2458 oninium
1142 2431 1171 2457 et

435 2532 645 2563 nasu-riorum
668 2533 906 2575 pi·.‘iedi‹:tormu
929 2542 1099 2576 expressus
1119 2542 1172 2564 ac-

435 2585 560 2616 ‹mlum-t
582 2596 767 2623 renisu-usus,
782 2581 863 2618 sieut
883 2597 940 2628 per
953 2585 1100 2617 abbatem
1122 2595 1174 2625 tze-

435 2638 576 2670 neralem
603 2639 801 2681 praedictum
828 2639 1022 2683 promissum
1049 2640 1172 2679 fuerat,

1007 247 1191 273 nummum
1210 247 1364 273 ROMANUM

1182 997 1297 1030 ⁴quam
1329 988 1490 1030 generalis
1514 994 1546 1022 et
1573 988 1627 1021 alii
1651 988 1782 1022 abbates
1806 989 1942 1032 Congre-
1964 1000 2046 1024 petunt-

1184 1263 1185 1289 1
1202 1254 1384 1298 praedictas
1404 1254 1600 1299 apostolicae
1619 1255 1820 1288 auctoritatis
1841 1256 1944 1289 muni-

1957 249 1994 275 An

1199 295 1284 329 idem
1314 295 1481 340 Philippus
1511 306 1566 329 rex
1595 307 1654 340 per
1687 308 1759 331 suas
1786 298 1940 342 speciales

1199 348 1320 382 litteras
1341 349 1373 381 in
1393 349 1495 382 forma
1515 349 1706 393 provisionis
1730 356 1761 383 et
1784 351 1936 392 mandati,

1199 401 1308 434 omnia
1339 407 1369 434 et
1393 401 1536 444 singula,
1565 413 1647 446 quae
1678 403 1762 436 inter
1792 403 1939 437 abbatem

1199 454 1383 496 generalem
1409 460 1439 488 et
1462 455 1670 488 Laurentium
1697 455 1764 489 eius
1792 456 1940 490 assisten-

1200 513 1264 541 tem
1295 508 1478 551 praedictos
1508 514 1668 542 transacta
1693 514 1723 541 et
1748 509 1941 542 concordata

1199 562 1342 603 fuerant,
1370 567 1406 595 ut
1432 563 1633 606 praefertur,
1657 562 1804 596 similiter
1823 574 1941 607 appro-

1200 615 1285 648 bavit
1302 620 1333 648 et
1349 625 1386 648 ex
1406 621 1493 648 certa
1518 616 1650 649 scientia
1668 615 1880 657 confirmavit,
1904 627 1942 650 eo

1201 669 1298 702 modo
1325 674 1354 702 et
1380 669 1495 710 forma,
1524 680 1560 703 ac
1581 680 1653 702 cum
1680 670 1829 703 omnibus
1849 671 1939 703 clau-

1199 721 1277 754 sulis
1297 727 1328 755 et
1347 722 1598 763 conditionibus,
1626 723 1743 766 quibus
1762 734 1820 767 per
1843 734 1938 768 prae-

1200 774 1303 808 dictos
1327 781 1486 809 transacta
1513 781 1543 809 et
1569 777 1764 810 concordata
1791 777 1938 817 fuerant,

1201 827 1384 869 declaravit,
1408 822 1526 862 statuit'
1548 834 1578 861 et
1602 829 1771 870 ordinavit,
1795 835 1892 874 prout
1910 830 1942 863 in

1201 881 1277 924 ipsis
1302 881 1416 915 litteris
1436 882 1531 916 latius
1549 883 1644 916 etiam
1665 883 1858 916 continetur.

1245 933 1309 976 §3
1334 935 1410 968 Cum
1435 941 1543 968 autem
1574 942 1637 969 tam
1670 935 1836 981 Philippus
1864 947 1938 978 rex,
2010 943 2142 966 pontificiam

1964 971 2142 994 confirmationem

1201 1039 1338 1082 gationis
1358 1046 1388 1073 et
1408 1041 1678 1074 monasteriorum
1702 1042 1941 1085 praedictorum

1201 1094 1388 1138 respective,
1414 1099 1510 1138 atque
1535 1095 1616 1128 adeo
1636 1095 1786 1128 universa
1805 1096 1943 1139 Congre-

1201 1147 1287 1189 gatto
1321 1147 1486 1191 praedicta
1514 1148 1644 1191 cupiant
1674 1148 1881 1182 concordiam
1913 1154 1944 1182 et

1203 1201 1464 1242 transactionem,
1481 1213 1518 1235 ac
1538 1202 1753 1236 instrumenta
1771 1208 1803 1236 et
1822 1203 1944 1236 litteras

1203 1307 1289 1340 mine
1310 1307 1479 1346 roborari;
1503 1308 1596 1341 nobis
1627 1313 1798 1352 propterea
1825 1308 1945 1353 Philip-

1203 1372 1261 1404 pus
1282 1372 1335 1394 rex
1356 1371 1414 1404 per
1434 1361 1502 1394 eius
1522 1371 1660 1394 coronae
1684 1361 1899 1404 Portugalliae
1912 1362 1945 1395 in

1203 1415 1347 1448 Romana
1373 1414 1466 1447 Curia
1496 1420 1666 1457 agentem,
1691 1415 1849 1457 generalis
1869 1425 1945 1449 vero

1203 1473 1234 1500 et
1259 1467 1312 1500 alii
1334 1467 1464 1501 abbates
1496 1472 1527 1500 et
1556 1467 1766 1510 Congregatio
1790 1468 1945 1512 praedicti

1203 1530 1260 1564 per
1273 1530 1386 1553 eorum
1404 1520 1552 1554 similiter
1564 1519 1595 1552 in
1608 1521 1754 1554 Romana
1767 1520 1858 1554 Curia
1872 1531 1946 1565 pro-

1204 1578 1385 1606 curatorem
1417 1573 1600 1615 generalem
1631 1573 1796 1611 humiliter
1826 1574 1946 1618 suppli-

1205 1627 1268 1659 cari
1285 1627 1439 1666 fecerunt,
1457 1632 1492 1659 ut
1510 1626 1541 1659 in
1563 1627 1746 1670 praemissis
1765 1633 1946 1671 opportune

1204 1680 1372 1724 providere
1403 1680 1441 1713 de
1472 1679 1669 1722 benignitate
1698 1680 1872 1724 apostolica
1893 1681 1944 1714 di-

1205 1743 1388 1775 gnaremur.
2198 1771 2201 1780 Ι

1250 1787 1266 1828 ς
1287 1785 1317 1818 4.
1332 1786 1394 1819 Nos
1409 1785 1507 1828 igitur
1520 1786 1754 1819 controversias
1772 1797 1884 1821 omnes
1896 1799 1947 1821 su-
1975 1794 2145 1842 ,⁰'⁰-¹¹2⁶¹¹⁸,-⁶⁰¹¹⁸·
2191 1791 2206 1811 s

1206 1851 1263 1884 per
1283 1839 1466 1883 praemissis
1496 1846 1622 1872 exortas
1651 1846 1809 1884 perpetuo
1840 1841 1944 1874 extin-
1962 1826 2146 1896 ἓοᾝτιῖἓῗῑιιῗὲἶῖἓ

1205 1898 1348 1935 guentes,
1372 1902 1430 1925 nec
1451 1902 1514 1924 non
1533 1892 1715 1933 generalem
1736 1898 1767 1926 et
1787 1893 1866 1927 alios
1885 1893 1944 1927 ab-
1963 1880 2057 1950 ἕὲἓῗιῗω
2070 1879 2147 1922 'eonni'u
2180 1903 2185 1905 ·

1206 1945 1305 1984 batos,
1333 1955 1369 1977 ac
1394 1944 1571 1987 singulares
1598 1945 1741 1978 eiusdem
1771 1946 1948 1990 Congrega-
2007 1943 2012 1948 “

1207 1998 1300 2031 tionis
1322 2008 1475 2041 personas
1495 2010 1512 2031 a
1537 1998 1700 2042 quibusvis
1721 2000 1945 2033 excommuni-

1206 2052 1350 2092 cationis,
1361 2051 1579 2095 suspensionis
1591 2057 1621 2085 et
1633 2052 1804 2093 interdicti,
1814 2053 1950 2098 aliisque

1206 2105 1429 2139 ecelesiasticis
1449 2105 1626 2145 sententiis,
1654 2106 1796 2140 censuris
1816 2112 1847 2140 et
1866 2117 1946 2151 poe-

1206 2158 1254 2191 nis
1274 2169 1291 2191 a
1312 2158 1380 2191 iure
1401 2158 1448 2190 vel
1475 2158 1514 2190 ab
1543 2158 1696 2197 homine,
1721 2159 1831 2202 quavis
1851 2169 1947 2193 occa--

1205 2212 1295 2245 sione
1316 2212 1363 2244 vel
1385 2222 1495 2251 causa,
1521 2211 1612 2251 latis,
1636 2211 1659 2243 si
1682 2211 1797 2255 quibus
1815 2222 1951 2256 quomo-

1207 2265 1328 2298 dolibet
1357 2265 1528 2297 innodatae
1559 2264 1712 2304 existunt,
1737 2265 1776 2297 ad
1801 2265 1949 2299 effectum

1207 2318 1423 2362 praesentium
1434 2318 1597 2351 dumtaxat
1610 2318 1884 2361 consequendum,
1895 2318 1950 2352 ha—

1208 2383 1277 2404 rum
1299 2371 1381 2404 serie
1402 2371 1602 2404 absolventes
1633 2377 1660 2403 et
1695 2371 1857 2405 absolutos
1883 2373 1949 2406 fore

1207 2430 1384 2464 censentes,
1403 2424 1457 2456 tibi
1473 2435 1529 2468 per
1546 2430 1730 2467 praesentes
1746 2425 1947 2466 mandamus,

1208 2485 1238 2510 m
1261 2479 1284 2511 si
1308 2490 1364 2523 per
1382 2478 1568 2518 diligentem
1584 2478 1841 2512 informationem
1857 2489 1949 2523 prae-

1210 2531 1302 2563 missa
1324 2531 1455 2564 veritate
1476 2531 1531 2564 niti
1559 2531 1715 2575 repereris
1743 2533 1862 2575 (super
1886 2541 1950 2576 quo

1210 2591 1294 2617 tuam
1327 2584 1557 2617 conscientiam
1586 2586 1800 2627 oneramus),
1824 2584 1950 2627 praedi-

1210 2637 1310 2670 dietas
1331 2637 1578 2670 transactionem
1600 2643 1630 2670 et
1651 2636 1868 2678 concordiam,
1896 2636 1946 2669 in-
