2253 3195
66 291 115 320 An.
133 292 162 320 C.
181 291 248 319 1598

96 991 172 1011 Tribuz
182 991 253 1011 senio-

69 1018 127 1038 ribus
161 1018 252 1038 familiae

70 1045 185 1065 Gliisleriae
194 1044 253 1065 attri-

69 1071 115 1092 buit
128 1071 254 1091 nominatiu-

69 1104 116 1118 nrm
125 1099 254 1118 alumnorum

872 288 1019 313 CLEMENS
1038 287 1096 311 VIII
1118 288 1156 311 Pr
1163 305 1168 310 .

310 341 326 382 3
347 339 377 372 t.
398 339 490 378 Sane,
514 338 595 372 sicut
611 338 805 382 accepimus,
823 338 944 371 dudum
965 337 1008 370 sc-

103 408 162 438 rin<
178 407 193 440 y
210 406 251 442 ςοι-
266 393 335 426 licis
365 394 599 427 recordatiouis
630 393 702 426 Pius
722 393 757 433 V,
780 393 1009 436 praedecessor

67 434 252 491 litteraliter:

68 490 127 508 rexit.

267 452 387 487 noster,
405 447 435 479 in
455 447 581 479 civitate
601 446 759 490 Papiensi,
781 446 812 478 in
833 456 896 489 qua
913 443 1008 478 studii

267 501 426 542 generalis
445 500 634 533 universitas
654 499 748 541 viget,
772 509 872 531 unum
905 498 1006 530 colle—

267 554 355 596 gium
369 554 562 588 Ghislerium
576 564 612 586 cx
630 552 769 585 familiae
782 562 858 585 suae
878 550 1009 583 nomine

266 612 499 650 nuncupatum,
518 606 549 638 in
563 616 626 649 quo
640 616 798 649 pauperes
812 604 941 636 iuvenes
953 603 1010 635 bo-

266 660 315 693 nis
336 660 481 692 moribus
501 665 531 692 et
554 658 667 691 litteris
696 668 827 701 operam
853 657 929 689 dare
950 665 1007 688 vo-

266 714 369 747 lentes
389 713 609 757 reciperentur
630 717 659 745 et
680 712 906 750 educarentur,
922 720 958 742 ac
978 709 1009 741 in

267 777 473 810 quacumque
487 767 637 799 facultate
657 766 797 805 studere,
814 770 845 798 et
864 764 1012 797 doctora-

267 826 317 854 tus
336 821 480 854 lauream
498 820 660 864 suscipere
679 820 832 859 valerent,
853 823 1010 862 perpetuo

267 873 366 907 erexit
386 879 416 906 et
438 873 585 907 instituit.

313 929 329 969 3
350 927 380 960 ⁶2.
402 928 446 960 Ac
464 927 547 960 inter
574 927 635 960 alia
657 926 757 960 voluit
788 931 819 959 et
837 924 1008 964 ordinavit,

267 986 303 1014 ut
322 980 513 1019 nominatio,
537 991 593 1013 seu
614 980 727 1014 electio
747 978 942 1012 scholarium
964 977 1013 1010 di-

269 1034 310 1067 cti
331 1035 457 1077 collegii
476 1035 515 1067 ad
535 1045 594 1078 pro
608 1041 752 1078 tempore
767 1033 937 1066 existentes
950 1037 1014 1064 tres

269 1087 413 1120 seniores
433 1088 471 1121 de
490 1098 548 1121 sua
564 1087 684 1120 familia
697 1087 941 1125 Ghisleriorum,
958 1095 1014 1128 op-

269 1140 337 1184 pidi
354 1141 478 1181 Boschi,
503 1141 716 1175 Terdonensis
737 1139 907 1179 dioecesis,
928 1138 1013 1171 unde

270 1194 337 1237 ipse
363 1195 523 1237 originem
558 1195 667 1235 traxit,
691 1194 856 1238 ipsiusque
888 1190 1013 1234 collegii

270 1248 509 1291 iuspatronatus
528 1248 714 1292 pertineret,
731 1259 768 1280 ac
781 1258 840 1291 pro
854 1246 929 1279 dicti
951 1245 1015 1278 col-

268 1301 343 1344 legii
358 1302 514 1344 regimine
527 1302 649 1342 statuit,
665 1302 763 1345 quod,
777 1300 831 1344 qui
841 1310 900 1344 pro
911 1298 1015 1342 prima

270 1354 337 1388 vice
359 1355 562 1388 describendi
579 1355 735 1395 venirent,
751 1364 810 1398 pro
830 1352 974 1397 patronis
986 1357 1016 1384 et

271 1408 464 1442 electoribus
484 1409 644 1442 dictorum
662 1407 859 1441 scholarium
879 1407 910 1439 in
930 1406 1015 1439 dicto

270 1462 390 1506 oppido
404 1462 516 1495 Boschi
537 1462 668 1506 proprie
680 1467 711 1495 et
730 1472 803 1494 vere
816 1460 883 1493 nati
896 1466 1012 1500 essent,

271 1521 302 1548 et
322 1526 389 1549 esse
410 1516 576 1557 deberent,
608 1516 647 1549 de
667 1521 793 1548 caetero
822 1519 930 1547 autem
956 1513 1012 1553 illi,

270 1569 326 1613 qui
355 1569 395 1602 ab
415 1569 483 1602 istis
503 1569 608 1613 primo
635 1568 804 1612 descriptis
834 1567 1011 1601 descende-

270 1628 352 1662 rent,
370 1628 402 1655 et
421 1628 632 1656 nascerentur
651 1623 683 1655 in
704 1622 878 1662 infinitum,
899 1621 962 1654 sive
983 1620 1015 1652 in

271 1677 391 1720 oppido
411 1677 556 1720 praefato
581 1676 706 1717 Boschi,
734 1676 798 1709 sive
818 1681 906 1708 extra
936 1674 1016 1707 illud

270 1731 407 1764 ubilibet
417 1736 637 1771 nascerentur,
649 1731 690 1763 ad
701 1730 950 1773 iuspatronatus,
960 1739 1015 1761 seu

271 1784 526 1818 nominationem
547 1783 743 1817 scholarium
764 1782 1017 1816 huiusmodiad-

272 1838 488 1878 mitterentur,
501 1847 537 1870 ex
550 1837 667 1880 quibus
678 1837 722 1870 sic
733 1835 902 1879 descriptis
911 1835 1016 1879 primo

272 1892 343 1925 loco
364 1893 404 1925 de
426 1891 510 1925 dicta
531 1891 654 1924 familia
673 1897 737 1924 tres
757 1890 899 1923 seniores
930 1900 1017 1922 assu-

273 1951 449 1985 merentur,
464 1945 504 1978 ad
518 1955 599 1988 quos
616 1949 775 1988 spectaret
789 1954 866 1976 cura
879 1943 1016 1985 eligendi

273 1999 375 2032 dictos
388 1999 560 2039 scholares,
575 2003 606 2031 et
625 1998 688 2031 alia
700 1997 837 2031 faciendi
853 2002 1016 2041 tamquam

274 2054 312 2086 ad
331 2053 407 2086 dicti
426 2052 552 2094 collegii
573 2057 739 2095 patronos,
764 2051 891 2095 quibuS,
907 2057 937 2084 ct
958 2061 1015 2084 eo-

272 2116 344 2139 rum
367 2105 635 2139 descendentibus
651 2105 707 2145 sic,
728 2110 764 2137 ut
782 2115 880 2148 supra
900 2104 1019 2137 descri-

273 2159 346 2203 ptis,
371 2158 606 2198 deficientibus,
630 2158 787 2201 quosdam
807 2157 886 2190 alios
903 2158 1018 2191 substi-

276 2213 344 2253 tuit,
362 2213 403 2245 ita
424 2218 531 2245 tamen
549 2217 594 2251 ut,
618 2211 742 2244 oriente
762 2211 846 2244 inter
865 2216 1019 2254 patronos

275 2265 506 2305 controversia,
523 2264 654 2308 quinam
667 2263 793 2297 admitti
814 2264 969 2297 deberent
980 2265 1019 2297 ad

276 2319 377 2352 dictos
398 2318 559 2351 scholares
591 2317 769 2359 eligendos,
795 2327 853 2360 pro
875 2322 1020 2360 tempore

275 2376 440 2415 protector
460 2371 557 2404 talem
578 2369 832 2404 controversiam
854 2369 937 2402 intra
957 2375 1021 2403 tres

276 2435 403 2457 menses
431 2424 591 2465 definiret,
615 2435 688 2457 cum
721 2423 791 2456 aliis
817 2423 1022 2467 amplissimis

278 2477 482 2511 facultatibus
519 2477 604 2511 dicto
643 2476 818 2521 protectori
850 2476 1019 2517 concessis,

277 2538 375 2576 prout
395 2531 427 2564 in
448 2531 561 2564 litteris
581 2542 677 2575 super
697 2531 772 2564 dicti
798 2530 924 2573 collegii
956 2541 1024 2563 ere-

278 2585 396 2625 ctione,
421 2585 705 2618 constitutionibus
737 2590 768 2617 et
788 2584 1020 2623 declaratione,

278 2639 336 2672 sub
355 2639 463 2671 datum
482 2643 597 2682 quarto
619 2638 689 2671 idus
710 2637 847 2671 ianuarii
861 2648 980 2671 MDinx
995 2643 1025 2671 et

279 2697 393 2736 quarto
414 2692 567 2725 kalendas
589 2691 742 2725 februarii
768 2691 913 2726 eiusdem
934 2691 1021 2732 anni,

368 2755 446 2782 Ball.
468 2756 549 2783 Rom.
574 2755 633 2783 Vol.
655 2755 689 2782 Χ.
904 2754 938 2782 59

1043 342 1073 369 et
1094 335 1188 369 tertio
1207 335 1277 368 idus
1297 333 1487 379 septembris
1508 343 1625 373 MDLXX,
1647 343 1703 365 seu
1724 331 1787 364 alio

1042 389 1159 422 veriori
1174 394 1329 432 tempore,
1342 388 1518 431 respective
1532 385 1697 430 expeditis,
1711 396 1788 428 qua-

1044 454 1114 476 rum
1136 448 1280 476 tenorem
1306 442 1528 486 praesentilms
1552 452 1612 485 pro
1639 450 1788 484 expresso

1044 496 1155 529 haberi
1176 496 1335 533 volumus,
1360 495 1454 527 latius
1474 494 1668 527 continetur.

1090 552 1105 591 3
1127 549 1157 582 3.
1174 550 1251 582 Cum
1269 554 1388 588 autem,
1410 548 1558 581 detimcto
1577 557 1690 591 nuper,
1707 546 1789 579 sicut

1044 604 1108 636 Deo
1139 602 1270 646 placuit,
1302 602 1406 634 bonae
1436 601 1611 634 memoriae
1638 599 1789 633 Michaele

1045 656 1195 699 episcopo
1227 655 1415 695 Albanensi,
1451 654 1613 687 cardinale
1648 653 1787 686 Alexan—

1046 709 1139 742 drino
1170 715 1370 753 nuncupato,
1393 709 1536 742 eiusdem
1557 707 1683 750 collegii
1710 717 1788 750 pro-

1046 768 1166 796 tectore
1185 773 1244 806 per
1263 763 1369 806 ipsum
1396 762 1488 795 Pium
1510 762 1790 805 praedecessorem

1046 818 1210 861 deputato,
1234 823 1304 850 orta
1325 823 1417 857 esset,
1440 827 1496 850 seu
1524 816 1602 849 oriri
1624 815 1790 847 dubitare-

1047 876 1098 904 tur
1118 871 1297 904 differentia
1317 882 1373 904 seu
1394 870 1610 904 controversia
1635 869 1718 902 inter
1744 868 1793 901 di-

1047 924 1146 957 lectos
1172 924 1257 958 filios
1283 924 1506 958 Sebastianum
1533 923 1733 956 sacerdotem
1754 922 1790 954 U.

1048 977 1070 1010 l.
1094 978 1144 1018 D.,
1168 988 1205 1011 ac
1235 983 1382 1011 nostrum
1411 983 1442 1011 et
1472 977 1562 1010 Sedis
1592 975 1794 1020 Apostolieae

1048 1031 1227 1071 notarium,
1251 1031 1426 1064 Antonium
1447 1036 1477 1064 et.
1505 1030 1691 1063 Michaelem
1712 1029 1795 1061 filios

1049 1086 1213 1128 quondam
1245 1085 1410 1127 Paganini,
1435 1090 1465 1117 et
1489 1084 1580 1117 Pium
1614 1094 1725 1116 eorum
1759 1094 1795 1115 ex

1049 1139 1214 1181 quondam
1249 1138 1397 1181 Philippo
1433 1138 1535 1170 milite
1564 1137 1693 1170 Militiae
1725 1136 1796 1169 lesu

1049 1191 1164 1224 Christi
1184 1192 1281 1224 fratre
1302 1196 1453 1235 nepotem
1482 1202 1519 1223 ex
1547 1201 1622 1230 una,
1646 1196 1677 1223 et
1703 1190 1795 1222 Pium

1050 1247 1214 1289 quondam
1235 1246 1365 1279 Antonii
1387 1256 1423 1279 ex
1441 1245 1514 1286 alia,
1530 1255 1642 1277 omnes
1656 1245 1694 1277 de
1712 1244 1796 1277 dicta

1050 1299 1170 1333 familia
1186 1299 1418 1333 Ghisleriorum
1440 1299 1515 1332 dicti
1537 1297 1647 1342 oppidi
1667 1297 1793 1337 Boschi,

1051 1354 1089 1387 de
1110 1359 1140 1386 et
1157 1364 1255 1397 super
1274 1352 1480 1392 admissione,
1505 1362 1541 1384 ac
1567 1351 1793 1394 iurepatrona-

1051 1413 1100 1440 tus
1121 1407 1196 1441 dicti
1214 1406 1352 1449 collegii,
1375 1406 1606 1450 praetendente
1628 1404 1712 1438 dicto
1740 1404 1797 1436 Pio

1050 1462 1215 1505 quondam
1236 1460 1376 1499 Antonii,
1401 1470 1434 1493 se
1454 1460 1558 1492 solum
1588 1458 1695 1502 primo
1724 1457 1796 1490 loco

1050 1526 1124 1549 cum
1153 1515 1218 1548 suis
1237 1514 1332 1548 etiam
1354 1512 1622 1546 descendentibus
1642 1522 1710 1545 esse
1742 1521 1797 1544 vo-

1051 1574 1169 1609 catum,
1192 1568 1368 1611 habitoque
1389 1567 1429 1600 ad
1450 1577 1508 1599 nos
1527 1576 1587 1609 pro
1608 1570 1698 1609 parte
1712 1565 1797 1608 ipso-

1050 1632 1123 1654 rum
1136 1621 1314 1654 Sebastiani
1336 1626 1364 1653 et
1386 1619 1596 1659 consortium,
1618 1618 1658 1651 ad
1678 1618 1792 1650 huius-

1051 1675 1139 1708 modi
1175 1673 1427 1708 controversiam
1462 1672 1584 1706 facilius
1619 1672 1795 1705 sedandam

1052 1739 1195 1768 recursu,
1219 1739 1255 1761 ac
1286 1727 1454 1760 humiliter
1483 1726 1674 1770 supplicato,
1710 1731 1745 1758 ut
1764 1725 1797 1757 in

1052 1781 1248 1826 praemissis,
1279 1782 1319 1814 de
1344 1786 1545 1824 opportunae
1572 1778 1798 1812 declarationis

1053 1835 1209 1875 remedio,
1233 1846 1269 1868 ex
1289 1834 1486 1876 benignitate
1506 1832 1693 1877 apostolica,
1716 1842 1795 1876 pro-

1052 1890 1162 1923 videre
1183 1889 1403 1931 dignaremur.

1098 1945 1114 1986 3
1134 1943 1166 1976 4.
1189 1943 1263 1982 Nos,
1287 1942 1341 1986 qui
1368 1941 1472 1974 litium
1506 1946 1537 1973 et
1563 1940 1797 1973 discordiarum

1053 1997 1187 2037 semina,
1200 2001 1356 2039 quantum
1377 2005 1449 2028 cum
1464 1994 1601 2028 Domino
1615 2004 1795 2037 possumus,

1054 2051 1093 2084 de
1113 2049 1221 2083 medio
1252 2049 1380 2087 tollere,
1415 2059 1452 2081 ac
1483 2047 1551 2091 pias
1578 2047 1796 2087 fundatorum,

1053 2104 1243 2148 praesertim
1263 2104 1484 2136 Romanorum
1511 2101 1703 2134 Pontificum
1739 2112 1797 2133 vo-

1054 2158 1193 2191 luntates
1224 2157 1350 2190 debitae
1373 2155 1582 2199 exequutioni
1612 2155 1799 2188 demandari

1056 2217 1215 2250 tenemur,
1246 2211 1390 2243 volentes
1411 2209 1486 2242 dicti
1518 2208 1645 2251 collegii
1673 2208 1797 2241 stabili-

1055 2270 1163 2298 mento
1194 2275 1231 2297 ac
1250 2269 1425 2308 perpetuae
1449 2262 1594 2295 firmitati
1619 2263 1798 2303 consulere,

1056 2329 1093 2351 ac
1112 2318 1190 2351 alias
1207 2328 1244 2351 ex
1263 2323 1374 2351 nostro
1396 2316 1547 2360 pastorali
1562 2315 1679 2355 officio,
1695 2327 1731 2349 ac
1744 2326 1802 2359 pro

1056 2371 1210 2415 peculiari
1230 2377 1340 2404 nostra
1360 2381 1436 2412 erga
1454 2369 1530 2403 dicti
1548 2369 1594 2402 Pii
1614 2370 1804 2413 praedeces-

1058 2424 1138 2457 soris
1158 2424 1256 2457 nostri
1279 2435 1329 2457 res
1350 2429 1380 2456 et
1397 2423 1549 2456 familiam
1569 2423 1800 2466 propensione,

1059 2477 1138 2517 eius,
1151 2477 1236 2510 circa
1246 2476 1423 2520 praemissa
1450 2476 1656 2516 voluntatem,
1672 2475 1805 2508 sublatis

1060 2530 1314 2569 difficultatibus,
1339 2529 1560 2571 exequendam
1584 2539 1652 2561 esse
1673 2539 1806 2561 censen-

1061 2590 1128 2624 tes,
1167 2583 1337 2625 negocium
1368 2581 1554 2615 huiusmodi
1587 2581 1711 2615 dilectis
1731 2582 1805 2614 tiliis

1061 2637 1178 2671 nostris
1206 2637 1339 2671 Camillo
1361 2637 1391 2671 S.
1416 2637 1543 2670 Eusebii
1572 2637 1748 2679 Burghesio
1769 2647 1806 2669 ac

1062 2691 1233 2725 Laurentio
1272 2692 1302 2724 S.
1339 2690 1498 2724 Laurentii
1544 2690 1574 2723 in
1610 2690 1805 2735 Panisperna

1690 273 1755 306 465
1801 281 1850 308 An.
1868 281 1896 308 C.
1918 281 1986 309 1598

1853 556 1924 576 Oritur
1939 561 1989 575 con-

1804 584 1907 603 trmersia
1935 585 1989 602 tulvi·

1805 610 1990 633 Ghisleriossuper

1804 636 1932 662 pertinentia
1953 636 1989 654 lm-

1806 662 1896 683 iusmoili
1918 664 1989 688 patro-

1806 692 1874 710 natus.

1841 1942 1936 1963 Clemens
1947 1947 1999 1962 non-

1814 1970 1875 1990 nullis
1886 1968 1999 1989 cardinali-

1814 1997 1852 2016 bus
1859 2002 1944 2016 causam
1951 2000 1998 2015 exa-

1814 2022 1935 2043 minandam
1943 2027 1999 2042 coru-

1814 2052 1884 2070 mttltt.
