2253 3195
5 303 8 334 l

5 340 9 362 t

5 368 9 395 t

38 241 84 268 An.
106 239 132 267 (ἶ.
155 239 219 267 teca

845 238 990 262 Cttcttffis
1010 239 1067 261 t'ttt
1089 237 1138 261 ΙΨ.

1655 226 1718 258 ‹3th

235 287 388 330 cuiusque
404 292 469 320 toto
485 293 592 319 tenore
608 286 755 319 habenda
767 286 973 320 sitinnostris
1008 296 1099 329 posse
1115 313 1122 323 ,
1157 296 1193 318 ac
1221 296 1279 328 pro
1305 283 1389 317 illius
1422 282 1637 317 reservatione
1663 285 1748 327 apud

234 340 346 372 litteris
365 340 485 372 mentio
507 340 664 384 specialis.
689 339 771 372 i‘utti
791 350 889 381 ergo,
914 344 968 372 etc.
1007 349 1065 371 nos
1087 339 1351 371 intercedendum
1373 348 1440 370 esse
1462 338 1596 370 censuit.

278 393 390 425 Datum
412 393 532 425 Romae
553 393 637 436 apud
659 393 808 425 Sanctum
827 393 969 432 Petrum,

234 456 318 479 anno
339 446 570 479 incarnationis
595 446 780 478 Dominirae
802 445 972 477 millesimo

234 500 479 536 sexcentesimo,
510 499 602 532 nonis
623 499 817 537 novembris,
842 499 973 542 pontiti-

234 559 323 586 catus
343 553 442 586 nostri
460 563 544 585 anno
562 564 604 586 ix.

270 615 328 642 Dat.
350 615 394 642 die
414 616 430 641 5
445 614 601 642 novembris
624 614 700 643 1600.
723 614 817 649 pontif.
835 621 877 640 an.
895 620 928 639 tx.

545 784 652 817 CCXLI
659 811 664 816 .

234 881 363 915 Similis
387 882 560 914 reservatio
578 881 746 924 pensionis
767 880 909 913 bismille
921 880 977 923 flo-

278 942 432 977 renorum
448 946 556 987 farore
571 944 795 977 universitatis
808 944 911 976 studii
926 954 978 986 qe-

280 1007 402 1040 neralis
415 1007 603 1045 Duaeensis,
617 1007 840 1040 attrebatensis
858 1006 977 1038 dioece-

279 1071 334 1109 sis,
345 1080 441 1113 super
459 1069 617 1112 fructibus
630 1069 773 1101 eiusdem
790 1068 980 1101 'nonasterii

280 1131 384 1163 sancti
409 1130 538 1163 Ved'asti
557 1130 576 1162 ¹.

265 1221 397 1248 Clemens
414 1221 584 1255 episcopus,
609 1227 714 1247 servus
731 1226 887 1247 servorum
901 1219 963 1251 Dei,

364 1275 400 1302 ad
415 1277 592 1309 perpetuam
607 1274 651 1302 rei
667 1275 849 1301 memoriam.

280 1355 403 1397 Magna,
424 1365 507 1398 quae
527 1354 558 1387 in
580 1354 658 1394 dies,
682 1358 737 1386 etr.
764 1354 812 1397 (ut
833 1354 866 1385 in
887 1363 979 1396 prae-

237 1408 370 1451 cedenti)
397 1408 578 1452 providere.

283 1463 299 1503 g
321 1461 351 1494 1.
375 1461 461 1494 Alias
482 1460 640 1504 siquidem
662 1460 760 1493 felicis
780 1459 979 1492 recordatio-

237 1514 287 1547 nis
306 1514 423 1547 Paulus
443 1515 526 1558 Papa
547 1514 599 1555 IV,
623 1514 853 1557 praedecessor
873 1519 981 1546 noster

239 1568 349 1611 (prout
368 1578 480 1610 supra,
506 1568 589 1610 cto).

284 1622 300 1663 g
322 1620 351 1653 ⁶2.
372 1621 410 1654 Et
429 1620 510 1653 sieut
529 1620 669 1653 exhibita
686 1620 779 1653 nobis
799 1630 903 1663 nuper
922 1630 980 1663 pro

240 1679 330 1718 parte
362 1674 553 1707 dilectorum
591 1673 732 1706 filiorum
771 1673 978 1706 administra—

241 1733 347 1761 torum
374 1727 477 1760 dictae
496 1727 712 1760 universitatis
738 1727 850 1771 petitio
879 1726 982 1760 conti-

239 1782 357 1822 nebat,
397 1781 481 1815 idem
516 1781 682 1825 Philippus
727 1791 781 1813 rex
816 1781 983 1814 attendens

240 1836 427 1869 mandatum
448 1835 646 1875 huiusmodi,
672 1840 806 1878 propter
828 1835 983 1867 tumultus

240 1889 384 1931 Belgicos
405 1894 435 1922 et
455 1899 490 1921 ex
509 1888 578 1921 aliis
593 1888 707 1928 causis,
727 1888 766 1921 ad
787 1887 935 1920 effectum
954 1894 984 1920 et

241 1942 488 1986 exequutionem
511 1942 621 1975 saltem
649 1941 680 1973 in
709 1946 809 1974 totum
828 1941 984 1974 hactenus

241 1996 434 2039 productum
456 2005 520 2028 non
545 1994 662 2035 fuisse,
686 2005 723 2027 ac
750 1994 982 2027 monasterium

241 2048 347 2082 Sancti
365 2048 490 2081 Vedasti
511 2048 740 2088 Atrebatensis‚
757 2048 884 2081 Ordinis
904 2048 983 2081 San-

242 2102 282 2134 cti
314 2102 489 2142 Benedicti,
515 2107 589 2134 tunc
614 2107 700 2135 certo
728 2102 825 2134 modo
846 2112 980 2142 vacare,

245 2155 410 2199 ipsiusque
432 2155 619 2188 monasterii
641 2155 762 2188 fructus
777 2182 784 2195 ‚
807 2155 929 2188 reditus
955 2161 983 2188 et

242 2214 415 2252 proventus
436 2208 511 2241 satis
529 2208 663 2252 pingues
684 2214 714 2241 et
733 2208 859 2247 uberes,
875 2219 911 2240 ac
929 2208 984 2240 ali-

243 2272 379 2306 quarum
412 2261 603 2305 pensionum
638 2271 818 2294 annuarum
852 2271 985 2304 capaces

243 2326 332 2356 esse,
356 2316 428 2348 ideo
449 2320 484 2348 ut
510 2315 693 2359 praedictae
722 2314 920 2347 universitati
946 2315 985 2347 de

244 2369 438 2412 competenti
459 2374 490 2401 et
510 2368 616 2401 debita
641 2368 715 2400 dote
736 2367 981 2411 provideretur,

245 2422 480 2465 infrascriptam
508 2421 696 2465 pensionem
727 2420 865 2453 bismille
887 2421 985 2453 libra—

244 2487 314 2509 rum
341 2486 396 2509 seu
418 2476 616 2508 llorenorum
647 2485 743 2519 super
769 2474 888 2507 eisdem
915 2474 983 2506 sru-

246 2529 368 2570 eribus,
406 2529 563 2562 reditibus
610 2533 641 2561 et
686 2527 895 2572 proventibus
930 2538 987 2571 per

245 2582 359 2615 Sedem
392 2582 589 2625 praedictam
628 2581 798 2614 commode
834 2579 987 2613 reservari

284 2647 293 2672 t
318 2644 354 2671 Ex
375 2644 482 2680 Regest.
500 2644 524 2670 in
548 2644 650 2670 Secret.
674 2643 809 2670 Brevium.

63 1402 200 1424 Prooemium.

56 1508 112 1529 Pauli
124 1508 150 1529 lv
167 1514 221 1529 eorn-

43 1536 112 1565 mtssie
127 1537 188 1565 prout
203 1536 223 1555 in

42 1568 151 1589 superiori.

86 1676 162 1698 Petilio
177 1676 224 1696 rbi-

44 1704 92 1731 lippi
114 1704 142 1727 ll.
164 1704 226 1728 prout

44 1732 64 1752 in
89 1729 226 1757 praecedenti

45 1757 198 1779 constitutione.

1052 392 1066 433 ξ,
1087 391 1116 424 a.
1142 392 1217 425 Cum
1241 397 1367 429 autem,
1391 391 1470 423 sicut
1497 391 1608 423 eadem
1637 391 1749 434 petitio

1007 444 1232 486 subiungebat,
1250 450 1323 477 ante
1344 445 1506 477 obtentam
1529 455 1546 476 a
1566 444 1659 477 nobis
1674 455 1749 488 pen-

1008 497 1105 530 sionis
1134 498 1319 531 huiusmodi
1354 498 1626 537 reservationem,
1648 498 1751 530 dictus

1009 550 1173 593 l‘liilepus
1194 561 1247 582 rex
1270 551 1350 582 viam
1374 550 1540 583 universae
1570 550 1674 583 carnis
1696 549 1747 582 in-

1009 613 1135 644 gressus
1156 603 1262 643 fuerit,
1278 609 1305 635 et
1329 603 1464 636 dilectus
1484 603 1569 635 iilius
1586 603 1752 646 Philippus

1010 656 1048 689 de
1062 656 1311 695 Caverelfflbbas
1329 656 1404 689 dicti
1427 656 1612 689 monasterii
1626 657 1677 698 (de
1699 667 1753 689 cu-

1010 710 1059 742 ius
1078 720 1217 753 persona
1237 710 1404 754 praedicto
1423 711 1618 743 monasterio
1636 710 1681 743 sic
1700 721 1754 743 va-

1011 764 1094 796 canti
1116 764 1155 796 ad
1181 763 1474 806 praesentationem
1496 764 1652 807 praedicti
1673 764 1750 796 Phi-

1012 816 1088 860 lippi
1110 817 1194 859 regis
1227 817 1335 859 vigore
1364 817 1478 849 indulti
1505 817 1672 861 apostolici
1694 817 1753 850 sibi

1012 869 1150 913 desuper
1163 870 1305 903 concessi
1328 871 1443 903 factam
1462 870 1650 903 anctoritate
1664 880 1755 913 prae-

1013 923 1097 956 dicta
1117 924 1309 967 provisum),
1324 924 1457 967 ipseque
1477 923 1643 967 Philippus
1663 923 1757 956 Cave-

1014 977 1059 1009 rel
1080 977 1165 1010 dicto
1187 977 1383 1010 monasterio
1409 978 1439 1009 in
1461 977 1610 1010 abbatem
1631 978 1757 1020 praese-

1014 1035 1082 1063 ctus
1097 1030 1155 1063 fuit
1167 1041 1225 1074 pro
1236 1031 1474 1074 complemento
1488 1030 1753 1074 praemissorum,

1014 1088 1044 1115 et
1072 1083 1149 1116 alias
1170 1095 1206 1116 ex
1228 1083 1324 1116 certis
1353 1083 1457 1116 causis
1488 1083 1633 1116 animum
1662 1094 1756 1116 suum

1014 1137 1239 1174 moventibus,
1281 1136 1489 1169 reservationi
1535 1137 1757 1180 infrascriptae

1014 1190 1177 1233 pensionis
1197 1200 1256 1233 pro
1278 1190 1390 1222 eadem
1411 1190 1618 1223 universitate
1639 1190 1670 1222 in
1691 1201 1758 1223 ma—

1013 1243 1108 1276 nibus
1128 1243 1246 1277 nostris
1267 1243 1448 1276 consentire
1480 1243 1667 1276 decreverit.
1696 1244 1759 1276 Nos

1014 1298 1118 1331 eidem
1144 1297 1342 1331 universitati
1371 1303 1401 1329 et
1432 1297 1666 1338 cathedraticis,
1694 1297 1758 1330 sive

1014 1351 1202 1384 doctoribus
1221 1351 1406 1395 praedictis,
1428 1356 1460 1383 ut
1481 1350 1590 1383 munia
1610 1351 1711 1389 obire,
1729 1356 1759 1383 et

1014 1415 1114 1437 onera
1144 1404 1204 1437 sibi
1236 1404 1349 1437 exinde
1382 1404 1602 1437 incumbentia
1634 1404 1758 1436 facilius

1014 1459 1158 1501 perferre
1175 1458 1312 1497 valeant,
1328 1458 1366 1490 de
1384 1457 1519 1490 alicuius
1539 1457 1759 1490 subventionis

1015 1510 1133 1544 auxilio
1154 1511 1335 1554 providere,
1359 1510 1469 1554 eisque
1489 1510 1661 1553 specialem
1683 1520 1758 1552 gra-

1016 1565 1093 1597 tiam
1115 1565 1220 1597 facere
1241 1565 1396 1604 volentes,
1421 1564 1572 1607 ipsosque
1593 1564 1760 1597 cathedra-

1017 1618 1096 1651 ticos
1122 1629 1178 1651 seu
1206 1618 1365 1657 doctores,
1389 1627 1426 1650 ac
1447 1617 1723 1650 administratores
1743 1628 1761 1650 a

1017 1672 1181 1716 quibusvis
1198 1670 1553 1711 excommunicationis,
1574 1675 1644 1711 etc„
1669 1671 1761 1704 abso-

1017 1727 1101 1758 lutos
1132 1725 1201 1757 sore
1232 1731 1415 1763 censentes3
1450 1734 1486 1757 ac
1511 1724 1669 1757 d1etarum
1703 1724 1757 1756 lit-

1018 1784 1170 1818 terarum,
1204 1784 1234 1811 et
1262 1778 1335 1810 inde
1362 1782 1574 1821 sequutorum
1604 1788 1760 1821 quorum-

1018 1842 1156 1875 cumque
1182 1837 1310 1864 tenores
1331 1831 1427 1864 etiam
1453 1831 1605 1871 veriores,
1621 1841 1656 1863 ac
1673 1831 1762 1864 datas

1017 1885 1239 1930 praesentibus
1267 1895 1327 1928 pro
1348 1884 1504 1928 expressis
1526 1884 1696 1920 babentes,
1720 1884 1764 1916 ei-

1018 1940 1091 1973 dem
1116 1937 1315 1971 universitati
1346 1938 1534 1981 pensionem
1557 1948 1695 1970 annuam
1723 1938 1762 1970 ab

1018 1992 1106 2025 omni
1121 1991 1256 2031 decima,
1269 1996 1392 2034 quarta,
1410 1991 1516 2023 media
1528 1996 1559 2023 et
1573 1990 1683 2034 quavis
1701 1991 1762 2023 alia

1018 2046 1180 2078 fructuum
1211 2049 1311 2087 parte,
1335 2053 1461 2076 necnon
1491 2043 1586 2075 ctiam
1616 2043 1762 2076 subsidio

1019 2097 1218 2138 charitativo,
1231 2103 1263 2130 et
1283 2106 1489 2140 quocumque
1508 2095 1570 2129 alio
1590 2102 1653 2129 tam
1675 2096 1762 2129 ordi-

1018 2151 1109 2184 nario
1139 2161 1236 2194 quam
1268 2148 1523 2183 extraordinario
1554 2159 1652 2181 onere
1683 2159 1763 2192 quo-

1020 2205 1195 2238 modolibet
1217 2209 1415 2246 nuncupato,
1436 2202 1546 2246 quavis
1559 2203 1653 2235 etiam
1675 2203 1763 2235 ordi-

1019 2259 1108 2291 naria
1120 2258 1168 2291 vel
1186 2257 1362 2301 apostoliea
1376 2255 1577 2296 auctoritate,
1595 2262 1672 2289 etex
1686 2267 1764 2300 qua—

1019 2322 1157 2354 cumque
1171 2311 1267 2343 etiam
1282 2309 1508 2351 urgentissima
1522 2314 1553 2342 et
1569 2310 1760 2348 necessaria,

1019 2377 1055 2398 ae
1069 2366 1107 2397 de
1121 2364 1309 2397 necessitate
1324 2362 1533 2406 exprimenda
1546 2373 1652 2403 causa,
1668 2363 1763 2395 etiam

1020 2429 1078 2462 pro
1090 2417 1335 2462 praeparatione
1349 2423 1379 2449 et
1392 2416 1670 2449 sabricabasilicac
1681 2417 1766 2449 Prin-

1020 2472 1099 2516 cipis
1116 2471 1343 2515 Apostolorum
1365 2470 1404 2503 de
1421 2470 1517 2509 Urbe,
1534 2470 1680 2504 Cruciata
1694 2481 1765 2503 san-

1021 2531 1081 2565 cta,
1106 2531 1136 2558 ct
1153 2524 1355 2568 expeditione
1374 2529 1485 2556 contra
1502 2524 1619 2556 'l'urcas
1638 2529 1668 2557 et
1686 2524 1765 2557 alios

1022 2579 1096 2612 fidel
1118 2578 1315 2611 orthodoxae
1330 2577 1447 2615 hostes⁷
1461 2587 1497 2610 ac
1510 2577 1765 2610 substentatione

1023 2633 1130 2665 classis
1159 2631 1350 2668 triremium,
1368 2631 1463 2664 etiam
1486 2631 1524 2664 ad
1547 2630 1761 2675 imperatoris,

1766 236 1812 262 Λιι.
1831 237 1856 263 C.
1884 237 1948 264 1?th

1806 400 1901 420 Clemens
1917 407 1948 421 re-

1765 429 1835 446 servat
1868 429 1949 452 pensio-

1765 460 1811 473 neni
1834 454 1865 473 bis
1894 455 1949 474 millu

1766 480 1899 500 tlurenotum.
