<?xml version="1.0" encoding="UTF-8"?>
<!DOCTYPE html PUBLIC "-//W3C//DTD XHTML 1.0 Transitional//EN"
    "http://www.w3.org/TR/xhtml1/DTD/xhtml1-transitional.dtd">
<html xmlns="http://www.w3.org/1999/xhtml" xml:lang="en" lang="en">
 <head>
  <title>
</title>
<meta http-equiv="Content-Type" content="text/html;charset=utf-8" />
  <meta name='ocr-system' content='tesseract 3.04.00' />
  <meta name='ocr-capabilities' content='ocr_page ocr_carea ocr_par ocr_line ocrx_word'/>
</head>
<body>
  <div class='ocr_page' id='page_1' title='image "./bullarumdiplomat10cath_0742.png"; bbox 0 0 2253 3195; ppageno 0'>
   <div class='ocr_carea' id='block_1_1' title="bbox 327 264 1269 2723">
    <p class='ocr_par' dir='ltr' id='par_1_1' title="bbox 327 264 1269 2723">
     <span class='ocr_line' id='line_1_1' title="bbox 327 264 621 301; baseline -0.007 -2"><span class='ocrx_word' id='word_1_1' title='bbox 327 273 379 300; x_wconf 73' lang='lat' dir='ltr'>An.</span> <span class='ocrx_word' id='word_1_2' title='bbox 397 272 425 299; x_wconf 89' lang='lat' dir='ltr'>c.</span> <span class='ocrx_word' id='word_1_3' title='bbox 443 273 506 301; x_wconf 79' lang='lat'>1601</span> <span class='ocrx_word' id='word_1_4' title='bbox 558 264 621 298; x_wconf 66' lang='lat'>682</span> 
     </span>
     <span class='ocr_line' id='line_1_2' title="bbox 526 322 1264 368; baseline 0.004 -14"><span class='ocrx_word' id='word_1_5' title='bbox 526 322 663 355; x_wconf 85' lang='lat' dir='ltr'>aliorum</span> <span class='ocrx_word' id='word_1_6' title='bbox 681 322 850 355; x_wconf 87' lang='lat' dir='ltr'>feudorum</span> <span class='ocrx_word' id='word_1_7' title='bbox 869 323 909 356; x_wconf 82' lang='lat' dir='ltr'>ad</span> <span class='ocrx_word' id='word_1_8' title='bbox 929 322 1059 356; x_wconf 89' lang='lat' dir='ltr'>eosdem</span> <span class='ocrx_word' id='word_1_9' title='bbox 1078 323 1176 357; x_wconf 88' lang='lat' dir='ltr'>duces</span> <span class='ocrx_word' id='word_1_10' title='bbox 1189 334 1264 368; x_wconf 89' lang='lat' dir='ltr'>spe-</span> 
     </span>
     <span class='ocr_line' id='line_1_3' title="bbox 526 375 1269 420; baseline 0.003 -12"><span class='ocrx_word' id='word_1_11' title='bbox 526 375 693 416; x_wconf 88' lang='lat' dir='ltr'>ctantium,</span> <span class='ocrx_word' id='word_1_12' title='bbox 716 385 773 409; x_wconf 90' lang='lat' dir='ltr'>seu</span> <span class='ocrx_word' id='word_1_13' title='bbox 794 376 833 408; x_wconf 87' lang='lat' dir='ltr'>ab</span> <span class='ocrx_word' id='word_1_14' title='bbox 854 376 899 409; x_wconf 90' lang='lat' dir='ltr'>eis</span> <span class='ocrx_word' id='word_1_15' title='bbox 920 376 1173 420; x_wconf 78' lang='lat' dir='ltr'>dependentium</span> <span class='ocrx_word' id='word_1_16' title='bbox 1193 377 1269 411; x_wconf 85' lang='lat' dir='ltr'>sub-</span> 
     </span>
     <span class='ocr_line' id='line_1_4' title="bbox 525 429 1265 471; baseline 0.004 -10"><span class='ocrx_word' id='word_1_17' title='bbox 525 430 611 471; x_wconf 83' lang='lat' dir='ltr'>sunt)</span> <span class='ocrx_word' id='word_1_18' title='bbox 633 435 892 463; x_wconf 81' lang='lat' dir='ltr'>conservatorem</span> <span class='ocrx_word' id='word_1_19' title='bbox 909 456 916 470; x_wconf 93' lang='lat'>,</span> <span class='ocrx_word' id='word_1_20' title='bbox 937 429 1141 464; x_wconf 78' lang='lat' dir='ltr'>defensorem</span> <span class='ocrx_word' id='word_1_21' title='bbox 1163 437 1194 464; x_wconf 91' lang='lat' dir='ltr'>et</span> <span class='ocrx_word' id='word_1_22' title='bbox 1213 430 1265 464; x_wconf 91' lang='lat' dir='ltr'>iu-</span> 
     </span>
     <span class='ocr_line' id='line_1_5' title="bbox 526 482 1268 528; baseline 0.005 -14"><span class='ocrx_word' id='word_1_23' title='bbox 526 482 630 515; x_wconf 81' lang='lat' dir='ltr'>dicem</span> <span class='ocrx_word' id='word_1_24' title='bbox 644 487 709 515; x_wconf 90' lang='lat' dir='ltr'>tam</span> <span class='ocrx_word' id='word_1_25' title='bbox 723 482 924 516; x_wconf 86' lang='lat' dir='ltr'>ordinarium</span> <span class='ocrx_word' id='word_1_26' title='bbox 939 494 1037 528; x_wconf 86' lang='lat' dir='ltr'>quam</span> <span class='ocrx_word' id='word_1_27' title='bbox 1052 495 1070 517; x_wconf 87' lang='lat' dir='ltr'>a</span> <span class='ocrx_word' id='word_1_28' title='bbox 1082 484 1163 518; x_wconf 90' lang='lat' dir='ltr'>Sede</span> <span class='ocrx_word' id='word_1_29' title='bbox 1176 495 1268 528; x_wconf 88' lang='lat' dir='ltr'>prae-</span> 
     </span>
     <span class='ocr_line' id='line_1_6' title="bbox 525 534 1269 581; baseline 0.005 -14"><span class='ocrx_word' id='word_1_30' title='bbox 525 534 620 576; x_wconf 85' lang='lat' dir='ltr'>dicta,</span> <span class='ocrx_word' id='word_1_31' title='bbox 637 541 667 569; x_wconf 88' lang='lat' dir='ltr'>et</span> <span class='ocrx_word' id='word_1_32' title='bbox 680 535 868 570; x_wconf 88' lang='lat' dir='ltr'>auctoritate</span> <span class='ocrx_word' id='word_1_33' title='bbox 882 537 1070 580; x_wconf 84' lang='lat' dir='ltr'>apostolica,</span> <span class='ocrx_word' id='word_1_34' title='bbox 1087 537 1269 581; x_wconf 80' lang='lat' dir='ltr'>specialiter</span> 
     </span>
     <span class='ocr_line' id='line_1_7' title="bbox 524 588 1269 632; baseline 0.005 -12"><span class='ocrx_word' id='word_1_35' title='bbox 524 588 725 632; x_wconf 88' lang='lat' dir='ltr'>deputatum,</span> <span class='ocrx_word' id='word_1_36' title='bbox 750 589 833 623; x_wconf 89' lang='lat' dir='ltr'>vices</span> <span class='ocrx_word' id='word_1_37' title='bbox 858 589 954 622; x_wconf 91' lang='lat' dir='ltr'>etiam</span> <span class='ocrx_word' id='word_1_38' title='bbox 973 596 1110 631; x_wconf 86' lang='lat' dir='ltr'>nostras,</span> <span class='ocrx_word' id='word_1_39' title='bbox 1135 596 1165 624; x_wconf 86' lang='lat' dir='ltr'>et</span> <span class='ocrx_word' id='word_1_40' title='bbox 1185 591 1269 624; x_wconf 90' lang='lat' dir='ltr'>eius-</span> 
     </span>
     <span class='ocr_line' id='line_1_8' title="bbox 524 642 1267 685; baseline 0.004 -11"><span class='ocrx_word' id='word_1_41' title='bbox 524 642 596 674; x_wconf 90' lang='lat' dir='ltr'>dem</span> <span class='ocrx_word' id='word_1_42' title='bbox 619 642 709 676; x_wconf 90' lang='lat' dir='ltr'>Sedis</span> <span class='ocrx_word' id='word_1_43' title='bbox 729 648 908 685; x_wconf 80' lang='lat' dir='ltr'>gerentem,</span> <span class='ocrx_word' id='word_1_44' title='bbox 922 654 1050 677; x_wconf 83' lang='lat' dir='ltr'>necnon</span> <span class='ocrx_word' id='word_1_45' title='bbox 1070 644 1267 679; x_wconf 82' lang='lat' dir='ltr'>visitatorem</span> 
     </span>
     <span class='ocr_line' id='line_1_9' title="bbox 523 696 1266 741; baseline 0.007 -14"><span class='ocrx_word' id='word_1_46' title='bbox 523 696 750 739; x_wconf 84' lang='lat' dir='ltr'>apostolicum,</span> <span class='ocrx_word' id='word_1_47' title='bbox 775 707 885 730; x_wconf 85' lang='lat' dir='ltr'>coram</span> <span class='ocrx_word' id='word_1_48' title='bbox 907 708 984 741; x_wconf 90' lang='lat' dir='ltr'>quo,</span> <span class='ocrx_word' id='word_1_49' title='bbox 1009 709 1064 732; x_wconf 92' lang='lat' dir='ltr'>seu</span> <span class='ocrx_word' id='word_1_50' title='bbox 1082 710 1100 732; x_wconf 89' lang='lat' dir='ltr'>a</span> <span class='ocrx_word' id='word_1_51' title='bbox 1120 705 1151 732; x_wconf 89' lang='lat' dir='ltr'>te</span> <span class='ocrx_word' id='word_1_52' title='bbox 1171 699 1266 732; x_wconf 83' lang='lat' dir='ltr'>etiam</span> 
     </span>
     <span class='ocr_line' id='line_1_10' title="bbox 522 750 1268 796; baseline 0.005 -15"><span class='ocrx_word' id='word_1_53' title='bbox 522 759 581 791; x_wconf 90' lang='lat' dir='ltr'>pro</span> <span class='ocrx_word' id='word_1_54' title='bbox 603 755 748 793; x_wconf 88' lang='lat' dir='ltr'>tempore</span> <span class='ocrx_word' id='word_1_55' title='bbox 781 750 969 794; x_wconf 90' lang='lat' dir='ltr'>deputando</span> <span class='ocrx_word' id='word_1_56' title='bbox 998 752 1047 784; x_wconf 91' lang='lat' dir='ltr'>vel</span> <span class='ocrx_word' id='word_1_57' title='bbox 1074 752 1268 796; x_wconf 86' lang='lat' dir='ltr'>deputandis</span> 
     </span>
     <span class='ocr_line' id='line_1_11' title="bbox 522 801 1268 846; baseline 0.005 -12"><span class='ocrx_word' id='word_1_58' title='bbox 522 801 716 845; x_wconf 86' lang='lat' dir='ltr'>probisviris</span> <span class='ocrx_word' id='word_1_59' title='bbox 734 803 765 835; x_wconf 92' lang='lat' dir='ltr'>in</span> <span class='ocrx_word' id='word_1_60' title='bbox 787 803 945 846; x_wconf 73' lang='lat' dir='ltr'>dignitate</span> <span class='ocrx_word' id='word_1_61' title='bbox 965 804 1183 838; x_wconf 85' lang='lat' dir='ltr'>ecclesiastica</span> <span class='ocrx_word' id='word_1_62' title='bbox 1192 815 1268 838; x_wconf 89' lang='lat' dir='ltr'>con-</span> 
     </span>
     <span class='ocr_line' id='line_1_12' title="bbox 521 855 1267 901; baseline 0.005 -14"><span class='ocrx_word' id='word_1_63' title='bbox 521 855 649 895; x_wconf 86' lang='lat' dir='ltr'>stitutis,</span> <span class='ocrx_word' id='word_1_64' title='bbox 671 856 703 888; x_wconf 89' lang='lat' dir='ltr'>in</span> <span class='ocrx_word' id='word_1_65' title='bbox 725 856 876 900; x_wconf 88' lang='lat' dir='ltr'>dictoque</span> <span class='ocrx_word' id='word_1_66' title='bbox 895 857 1016 901; x_wconf 91' lang='lat' dir='ltr'>oppido</span> <span class='ocrx_word' id='word_1_67' title='bbox 1037 858 1267 892; x_wconf 85' lang='lat' dir='ltr'>commoranti-</span> 
     </span>
     <span class='ocr_line' id='line_1_13' title="bbox 522 908 1267 955; baseline 0.005 -14"><span class='ocrx_word' id='word_1_68' title='bbox 522 908 593 948; x_wconf 87' lang='lat' dir='ltr'>bus,</span> <span class='ocrx_word' id='word_1_69' title='bbox 616 919 673 942; x_wconf 90' lang='lat' dir='ltr'>seu</span> <span class='ocrx_word' id='word_1_70' title='bbox 697 915 769 953; x_wconf 90' lang='lat' dir='ltr'>post</span> <span class='ocrx_word' id='word_1_71' title='bbox 790 920 903 944; x_wconf 92' lang='lat' dir='ltr'>eorum</span> <span class='ocrx_word' id='word_1_72' title='bbox 924 911 1110 945; x_wconf 90' lang='lat' dir='ltr'>huiusmodi</span> <span class='ocrx_word' id='word_1_73' title='bbox 1132 912 1267 955; x_wconf 82' lang='lat' dir='ltr'>deputa-</span> 
     </span>
     <span class='ocr_line' id='line_1_14' title="bbox 522 962 1267 1006; baseline 0.007 -12"><span class='ocrx_word' id='word_1_74' title='bbox 522 962 642 995; x_wconf 90' lang='lat' dir='ltr'>tionem</span> <span class='ocrx_word' id='word_1_75' title='bbox 657 965 920 1006; x_wconf 88' lang='lat' dir='ltr'>commoraturis,</span> <span class='ocrx_word' id='word_1_76' title='bbox 939 965 1035 998; x_wconf 87' lang='lat' dir='ltr'>etiam</span> <span class='ocrx_word' id='word_1_77' title='bbox 1053 965 1101 998; x_wconf 91' lang='lat' dir='ltr'>uti</span> <span class='ocrx_word' id='word_1_78' title='bbox 1118 965 1267 999; x_wconf 87' lang='lat' dir='ltr'>moderni</span> 
     </span>
     <span class='ocr_line' id='line_1_15' title="bbox 525 1018 1268 1063; baseline 0.007 -15"><span class='ocrx_word' id='word_1_79' title='bbox 525 1025 562 1048; x_wconf 82' lang='lat' dir='ltr'>ac</span> <span class='ocrx_word' id='word_1_80' title='bbox 589 1026 648 1059; x_wconf 92' lang='lat' dir='ltr'>pro</span> <span class='ocrx_word' id='word_1_81' title='bbox 673 1021 819 1061; x_wconf 88' lang='lat' dir='ltr'>tempore</span> <span class='ocrx_word' id='word_1_82' title='bbox 839 1018 1002 1052; x_wconf 84' lang='lat' dir='ltr'>existentis</span> <span class='ocrx_word' id='word_1_83' title='bbox 1022 1019 1165 1063; x_wconf 85' lang='lat' dir='ltr'>episcopi</span> <span class='ocrx_word' id='word_1_84' title='bbox 1190 1020 1268 1053; x_wconf 90' lang='lat' dir='ltr'>Leo-</span> 
     </span>
     <span class='ocr_line' id='line_1_16' title="bbox 521 1069 1267 1114; baseline 0.007 -13"><span class='ocrx_word' id='word_1_85' title='bbox 521 1069 640 1102; x_wconf 89' lang='lat' dir='ltr'>diensis</span> <span class='ocrx_word' id='word_1_86' title='bbox 660 1069 853 1104; x_wconf 86' lang='lat' dir='ltr'>officialibus</span> <span class='ocrx_word' id='word_1_87' title='bbox 881 1077 912 1105; x_wconf 92' lang='lat' dir='ltr'>et</span> <span class='ocrx_word' id='word_1_88' title='bbox 928 1071 1056 1105; x_wconf 86' lang='lat' dir='ltr'>vicariis</span> <span class='ocrx_word' id='word_1_89' title='bbox 1076 1072 1225 1114; x_wconf 79' lang='lat' dir='ltr'>foraneis,</span> <span class='ocrx_word' id='word_1_90' title='bbox 1250 1084 1267 1107; x_wconf 89' lang='lat' dir='ltr'>a</span> 
     </span>
     <span class='ocr_line' id='line_1_17' title="bbox 521 1122 1264 1170; baseline 0.008 -16"><span class='ocrx_word' id='word_1_91' title='bbox 521 1122 614 1156; x_wconf 87' lang='lat' dir='ltr'>nobis</span> <span class='ocrx_word' id='word_1_92' title='bbox 644 1129 750 1158; x_wconf 84' lang='lat' dir='ltr'>tamen</span> <span class='ocrx_word' id='word_1_93' title='bbox 792 1125 957 1158; x_wconf 81' lang='lat' dir='ltr'>dumtaxat</span> <span class='ocrx_word' id='word_1_94' title='bbox 988 1126 1264 1170; x_wconf 80' lang='lat' dir='ltr'>dependentibus,</span> 
     </span>
     <span class='ocr_line' id='line_1_18' title="bbox 520 1178 1267 1224; baseline 0.009 -16"><span class='ocrx_word' id='word_1_95' title='bbox 520 1185 633 1210; x_wconf 90' lang='lat' dir='ltr'>omnes</span> <span class='ocrx_word' id='word_1_96' title='bbox 661 1183 692 1211; x_wconf 91' lang='lat' dir='ltr'>et</span> <span class='ocrx_word' id='word_1_97' title='bbox 726 1178 873 1221; x_wconf 81' lang='lat' dir='ltr'>singulae</span> <span class='ocrx_word' id='word_1_98' title='bbox 897 1179 989 1221; x_wconf 87' lang='lat' dir='ltr'>lites,</span> <span class='ocrx_word' id='word_1_99' title='bbox 1020 1191 1145 1221; x_wconf 88' lang='lat' dir='ltr'>causae,</span> <span class='ocrx_word' id='word_1_100' title='bbox 1169 1191 1267 1224; x_wconf 89' lang='lat' dir='ltr'>quae-</span> 
     </span>
     <span class='ocr_line' id='line_1_19' title="bbox 520 1229 1267 1273; baseline 0.008 -12"><span class='ocrx_word' id='word_1_101' title='bbox 520 1229 640 1263; x_wconf 87' lang='lat' dir='ltr'>stiones</span> <span class='ocrx_word' id='word_1_102' title='bbox 660 1236 691 1263; x_wconf 94' lang='lat' dir='ltr'>et</span> <span class='ocrx_word' id='word_1_103' title='bbox 710 1231 888 1273; x_wconf 84' lang='lat' dir='ltr'>molestiae,</span> <span class='ocrx_word' id='word_1_104' title='bbox 905 1232 1013 1266; x_wconf 88' lang='lat' dir='ltr'>civiles</span> <span class='ocrx_word' id='word_1_105' title='bbox 1032 1238 1061 1266; x_wconf 90' lang='lat' dir='ltr'>et</span> <span class='ocrx_word' id='word_1_106' title='bbox 1084 1233 1267 1267; x_wconf 81' lang='lat' dir='ltr'>criminales</span> 
     </span>
     <span class='ocr_line' id='line_1_20' title="bbox 521 1284 1267 1325; baseline 0.008 -10"><span class='ocrx_word' id='word_1_107' title='bbox 521 1293 557 1315; x_wconf 90' lang='lat' dir='ltr'>ac</span> <span class='ocrx_word' id='word_1_108' title='bbox 575 1284 702 1325; x_wconf 83' lang='lat' dir='ltr'>mixtae,</span> <span class='ocrx_word' id='word_1_109' title='bbox 720 1285 815 1318; x_wconf 86' lang='lat' dir='ltr'>etiam</span> <span class='ocrx_word' id='word_1_110' title='bbox 838 1286 1090 1320; x_wconf 81' lang='lat' dir='ltr'>matrimoniales</span> <span class='ocrx_word' id='word_1_111' title='bbox 1111 1287 1194 1320; x_wconf 90' lang='lat' dir='ltr'>inter</span> <span class='ocrx_word' id='word_1_112' title='bbox 1213 1298 1267 1320; x_wconf 92' lang='lat' dir='ltr'>su-</span> 
     </span>
     <span class='ocr_line' id='line_1_21' title="bbox 520 1337 1266 1384; baseline 0.008 -16"><span class='ocrx_word' id='word_1_113' title='bbox 520 1337 681 1379; x_wconf 86' lang='lat' dir='ltr'>pradictas</span> <span class='ocrx_word' id='word_1_114' title='bbox 706 1349 859 1382; x_wconf 85' lang='lat' dir='ltr'>personas</span> <span class='ocrx_word' id='word_1_115' title='bbox 880 1339 1112 1374; x_wconf 87' lang='lat' dir='ltr'>ecclesiasticas</span> <span class='ocrx_word' id='word_1_116' title='bbox 1139 1342 1266 1384; x_wconf 81' lang='lat' dir='ltr'>regula-</span> 
     </span>
     <span class='ocr_line' id='line_1_22' title="bbox 523 1392 1268 1439; baseline 0.005 -16"><span class='ocrx_word' id='word_1_117' title='bbox 523 1401 573 1424; x_wconf 87' lang='lat' dir='ltr'>res</span> <span class='ocrx_word' id='word_1_118' title='bbox 593 1397 624 1424; x_wconf 91' lang='lat' dir='ltr'>et</span> <span class='ocrx_word' id='word_1_119' title='bbox 644 1392 835 1433; x_wconf 86' lang='lat' dir='ltr'>saeculares,</span> <span class='ocrx_word' id='word_1_120' title='bbox 852 1404 888 1426; x_wconf 87' lang='lat' dir='ltr'>ac</span> <span class='ocrx_word' id='word_1_121' title='bbox 903 1394 1100 1427; x_wconf 89' lang='lat' dir='ltr'>merelaicas</span> <span class='ocrx_word' id='word_1_122' title='bbox 1121 1401 1151 1428; x_wconf 87' lang='lat' dir='ltr'>ct</span> <span class='ocrx_word' id='word_1_123' title='bbox 1170 1405 1268 1439; x_wconf 89' lang='lat' dir='ltr'>super</span> 
     </span>
     <span class='ocr_line' id='line_1_23' title="bbox 520 1445 1267 1492; baseline 0.007 -15"><span class='ocrx_word' id='word_1_124' title='bbox 520 1445 780 1490; x_wconf 83' lang='lat' dir='ltr'>quibuscumque</span> <span class='ocrx_word' id='word_1_125' title='bbox 794 1446 921 1479; x_wconf 86' lang='lat' dir='ltr'>illarum</span> <span class='ocrx_word' id='word_1_126' title='bbox 942 1454 972 1480; x_wconf 89' lang='lat' dir='ltr'>ct</span> <span class='ocrx_word' id='word_1_127' title='bbox 991 1448 1164 1481; x_wconf 87' lang='lat' dir='ltr'>cuiuslibet</span> <span class='ocrx_word' id='word_1_128' title='bbox 1184 1449 1267 1492; x_wconf 87' lang='lat' dir='ltr'>ipsa-</span> 
     </span>
     <span class='ocr_line' id='line_1_24' title="bbox 522 1498 1264 1541; baseline 0.007 -11"><span class='ocrx_word' id='word_1_129' title='bbox 522 1508 594 1531; x_wconf 85' lang='lat' dir='ltr'>rum</span> <span class='ocrx_word' id='word_1_130' title='bbox 626 1498 741 1540; x_wconf 89' lang='lat' dir='ltr'>bonis,</span> <span class='ocrx_word' id='word_1_131' title='bbox 776 1500 888 1539; x_wconf 85' lang='lat' dir='ltr'>rebus,</span> <span class='ocrx_word' id='word_1_132' title='bbox 913 1500 1048 1541; x_wconf 84' lang='lat' dir='ltr'>iuribus,</span> <span class='ocrx_word' id='word_1_133' title='bbox 1082 1502 1264 1535; x_wconf 79' lang='lat' dir='ltr'>actionibus</span> 
     </span>
     <span class='ocr_line' id='line_1_25' title="bbox 520 1552 1264 1599; baseline 0.007 -15"><span class='ocrx_word' id='word_1_134' title='bbox 520 1552 653 1596; x_wconf 82' lang='lat' dir='ltr'>aliisque</span> <span class='ocrx_word' id='word_1_135' title='bbox 676 1553 862 1597; x_wconf 79' lang='lat' dir='ltr'>praemissis</span> <span class='ocrx_word' id='word_1_136' title='bbox 889 1554 1124 1599; x_wconf 87' lang='lat' dir='ltr'>cuiuscumque</span> <span class='ocrx_word' id='word_1_137' title='bbox 1160 1556 1264 1599; x_wconf 85' lang='lat' dir='ltr'>quali-</span> 
     </span>
     <span class='ocr_line' id='line_1_26' title="bbox 521 1606 1266 1649; baseline 0.005 -11"><span class='ocrx_word' id='word_1_138' title='bbox 521 1606 592 1639; x_wconf 87' lang='lat' dir='ltr'>tatis</span> <span class='ocrx_word' id='word_1_139' title='bbox 613 1607 831 1649; x_wconf 71' lang='lat' dir='ltr'>existentibus,</span> <span class='ocrx_word' id='word_1_140' title='bbox 855 1607 951 1641; x_wconf 88' lang='lat' dir='ltr'>etiam</span> <span class='ocrx_word' id='word_1_141' title='bbox 973 1609 1011 1640; x_wconf 89' lang='lat' dir='ltr'>ab</span> <span class='ocrx_word' id='word_1_142' title='bbox 1033 1609 1153 1642; x_wconf 87' lang='lat' dir='ltr'>eisdem</span> <span class='ocrx_word' id='word_1_143' title='bbox 1177 1609 1266 1643; x_wconf 88' lang='lat' dir='ltr'>laicis</span> 
     </span>
     <span class='ocr_line' id='line_1_27' title="bbox 521 1661 1261 1704; baseline 0.008 -14"><span class='ocrx_word' id='word_1_144' title='bbox 521 1665 625 1693; x_wconf 84' lang='lat' dir='ltr'>motae</span> <span class='ocrx_word' id='word_1_145' title='bbox 654 1666 681 1692; x_wconf 87' lang='lat' dir='ltr'>et</span> <span class='ocrx_word' id='word_1_146' title='bbox 715 1661 911 1701; x_wconf 83' lang='lat' dir='ltr'>movendae,</span> <span class='ocrx_word' id='word_1_147' title='bbox 935 1661 974 1694; x_wconf 86' lang='lat' dir='ltr'>ad</span> <span class='ocrx_word' id='word_1_148' title='bbox 1008 1661 1112 1695; x_wconf 87' lang='lat' dir='ltr'>sorum</span> <span class='ocrx_word' id='word_1_149' title='bbox 1132 1668 1261 1704; x_wconf 87' lang='lat' dir='ltr'>tamen,</span> 
     </span>
     <span class='ocr_line' id='line_1_28' title="bbox 520 1713 1263 1754; baseline 0.007 -10"><span class='ocrx_word' id='word_1_150' title='bbox 520 1713 566 1745; x_wconf 86' lang='lat' dir='ltr'>vel</span> <span class='ocrx_word' id='word_1_151' title='bbox 590 1713 741 1754; x_wconf 87' lang='lat' dir='ltr'>tribunal,</span> <span class='ocrx_word' id='word_1_152' title='bbox 765 1714 988 1748; x_wconf 83' lang='lat' dir='ltr'>autiudicium</span> <span class='ocrx_word' id='word_1_153' title='bbox 1011 1715 1263 1750; x_wconf 84' lang='lat' dir='ltr'>ecclesiasticum</span> 
     </span>
     <span class='ocr_line' id='line_1_29' title="bbox 518 1767 1260 1813; baseline 0.007 -14"><span class='ocrx_word' id='word_1_154' title='bbox 518 1767 715 1810; x_wconf 81' lang='lat' dir='ltr'>pertinentes</span> <span class='ocrx_word' id='word_1_155' title='bbox 736 1779 808 1801; x_wconf 88' lang='lat' dir='ltr'>cum</span> <span class='ocrx_word' id='word_1_156' title='bbox 831 1769 983 1801; x_wconf 88' lang='lat' dir='ltr'>omnibus</span> <span class='ocrx_word' id='word_1_157' title='bbox 1004 1775 1034 1803; x_wconf 87' lang='lat' dir='ltr'>et</span> <span class='ocrx_word' id='word_1_158' title='bbox 1051 1770 1185 1813; x_wconf 79' lang='lat' dir='ltr'>singulis</span> <span class='ocrx_word' id='word_1_159' title='bbox 1206 1781 1260 1803; x_wconf 84' lang='lat' dir='ltr'>ea-</span> 
     </span>
     <span class='ocr_line' id='line_1_30' title="bbox 519 1821 1265 1867; baseline 0.007 -14"><span class='ocrx_word' id='word_1_160' title='bbox 519 1832 589 1853; x_wconf 89' lang='lat' dir='ltr'>rum</span> <span class='ocrx_word' id='word_1_161' title='bbox 611 1821 838 1864; x_wconf 84' lang='lat' dir='ltr'>incidentibus,</span> <span class='ocrx_word' id='word_1_162' title='bbox 862 1823 1132 1867; x_wconf 82' lang='lat' dir='ltr'>dependentibus,</span> <span class='ocrx_word' id='word_1_163' title='bbox 1162 1835 1265 1858; x_wconf 88' lang='lat' dir='ltr'>emer-</span> 
     </span>
     <span class='ocr_line' id='line_1_31' title="bbox 519 1875 1263 1919; baseline 0.007 -12"><span class='ocrx_word' id='word_1_164' title='bbox 519 1875 689 1915; x_wconf 73' lang='lat' dir='ltr'>gentibus,</span> <span class='ocrx_word' id='word_1_165' title='bbox 723 1876 853 1909; x_wconf 81' lang='lat' dir='ltr'>annexis</span> <span class='ocrx_word' id='word_1_166' title='bbox 884 1882 913 1909; x_wconf 91' lang='lat' dir='ltr'>ct</span> <span class='ocrx_word' id='word_1_167' title='bbox 944 1878 1113 1919; x_wconf 78' lang='lat' dir='ltr'>connexis,</span> <span class='ocrx_word' id='word_1_168' title='bbox 1139 1884 1202 1912; x_wconf 89' lang='lat' dir='ltr'>tam</span> <span class='ocrx_word' id='word_1_169' title='bbox 1232 1879 1263 1912; x_wconf 92' lang='lat' dir='ltr'>in</span> 
     </span>
     <span class='ocr_line' id='line_1_32' title="bbox 517 1928 1263 1974; baseline 0.005 -13"><span class='ocrx_word' id='word_1_170' title='bbox 517 1928 738 1972; x_wconf 80' lang='lat' dir='ltr'>spiritualibus</span> <span class='ocrx_word' id='word_1_171' title='bbox 756 1940 851 1973; x_wconf 82' lang='lat' dir='ltr'>quam</span> <span class='ocrx_word' id='word_1_172' title='bbox 874 1931 1105 1974; x_wconf 77' lang='lat' dir='ltr'>temporalibus</span> <span class='ocrx_word' id='word_1_173' title='bbox 1125 1932 1263 1974; x_wconf 86' lang='lat' dir='ltr'>tractari,</span> 
     </span>
     <span class='ocr_line' id='line_1_33' title="bbox 518 1982 1260 2026; baseline 0.005 -12"><span class='ocrx_word' id='word_1_174' title='bbox 518 1982 680 2023; x_wconf 80' lang='lat' dir='ltr'>cognosci,</span> <span class='ocrx_word' id='word_1_175' title='bbox 697 1988 728 2016; x_wconf 84' lang='lat' dir='ltr'>et</span> <span class='ocrx_word' id='word_1_176' title='bbox 741 1989 837 2026; x_wconf 91' lang='lat' dir='ltr'>prout</span> <span class='ocrx_word' id='word_1_177' title='bbox 856 1983 935 2016; x_wconf 83' lang='lat' dir='ltr'>iuris</span> <span class='ocrx_word' id='word_1_178' title='bbox 957 1983 1061 2024; x_wconf 86' lang='lat' dir='ltr'>suerit,</span> <span class='ocrx_word' id='word_1_179' title='bbox 1085 1984 1260 2018; x_wconf 89' lang='lat' dir='ltr'>decidide-</span> 
     </span>
     <span class='ocr_line' id='line_1_34' title="bbox 519 2035 1262 2082; baseline 0.007 -15"><span class='ocrx_word' id='word_1_180' title='bbox 519 2035 626 2076; x_wconf 80' lang='lat' dir='ltr'>beant,</span> <span class='ocrx_word' id='word_1_181' title='bbox 651 2036 692 2069; x_wconf 84' lang='lat' dir='ltr'>ita</span> <span class='ocrx_word' id='word_1_182' title='bbox 713 2042 744 2069; x_wconf 83' lang='lat' dir='ltr'>ct</span> <span class='ocrx_word' id='word_1_183' title='bbox 765 2047 836 2069; x_wconf 84' lang='lat' dir='ltr'>cum</span> <span class='ocrx_word' id='word_1_184' title='bbox 859 2037 920 2070; x_wconf 89' lang='lat' dir='ltr'>boc</span> <span class='ocrx_word' id='word_1_185' title='bbox 947 2038 1032 2081; x_wconf 81' lang='lat' dir='ltr'>quod</span> <span class='ocrx_word' id='word_1_186' title='bbox 1066 2038 1202 2082; x_wconf 84' lang='lat' dir='ltr'>quoties,</span> <span class='ocrx_word' id='word_1_187' title='bbox 1226 2049 1262 2073; x_wconf 86' lang='lat' dir='ltr'>ac</span> 
     </span>
     <span class='ocr_line' id='line_1_35' title="bbox 519 2090 1262 2132; baseline 0.007 -12"><span class='ocrx_word' id='word_1_188' title='bbox 519 2090 674 2132; x_wconf 79' lang='lat' dir='ltr'>‹pianidiu</span> <span class='ocrx_word' id='word_1_189' title='bbox 696 2090 742 2122; x_wconf 90' lang='lat' dir='ltr'>vel</span> <span class='ocrx_word' id='word_1_190' title='bbox 763 2096 790 2123; x_wconf 86' lang='lat' dir='ltr'>te</span> <span class='ocrx_word' id='word_1_191' title='bbox 806 2091 852 2123; x_wconf 83' lang='lat' dir='ltr'>vel</span> <span class='ocrx_word' id='word_1_192' title='bbox 872 2091 952 2124; x_wconf 87' lang='lat' dir='ltr'>alios</span> <span class='ocrx_word' id='word_1_193' title='bbox 974 2091 1159 2125; x_wconf 85' lang='lat' dir='ltr'>huiusmodi</span> <span class='ocrx_word' id='word_1_194' title='bbox 1181 2102 1262 2125; x_wconf 91' lang='lat' dir='ltr'>nun-</span> 
     </span>
     <span class='ocr_line' id='line_1_36' title="bbox 519 2143 1260 2186; baseline 0.007 -12"><span class='ocrx_word' id='word_1_195' title='bbox 519 2143 585 2176; x_wconf 78' lang='lat' dir='ltr'>cios</span> <span class='ocrx_word' id='word_1_196' title='bbox 605 2149 659 2176; x_wconf 90' lang='lat' dir='ltr'>aut</span> <span class='ocrx_word' id='word_1_197' title='bbox 691 2145 833 2177; x_wconf 76' lang='lat' dir='ltr'>rovocari</span> <span class='ocrx_word' id='word_1_198' title='bbox 856 2150 911 2177; x_wconf 89' lang='lat' dir='ltr'>aut</span> <span class='ocrx_word' id='word_1_199' title='bbox 939 2145 1017 2178; x_wconf 89' lang='lat' dir='ltr'>alias</span> <span class='ocrx_word' id='word_1_200' title='bbox 1037 2145 1170 2186; x_wconf 82' lang='lat' dir='ltr'>abesse,</span> <span class='ocrx_word' id='word_1_201' title='bbox 1206 2158 1260 2180; x_wconf 80' lang='lat' dir='ltr'>scu</span> 
     </span>
     <span class='ocr_line' id='line_1_37' title="bbox 519 2196 1259 2243; baseline 0.005 -15"><span class='ocrx_word' id='word_1_202' title='bbox 519 2196 629 2239; x_wconf 75' lang='lat' dir='ltr'>deesse</span> <span class='ocrx_word' id='word_1_203' title='bbox 651 2197 830 2239; x_wconf 66' lang='lat' dir='ltr'>contigerit,</span> <span class='ocrx_word' id='word_1_204' title='bbox 854 2197 1063 2231; x_wconf 89' lang='lat' dir='ltr'>nibilominus</span> <span class='ocrx_word' id='word_1_205' title='bbox 1084 2199 1137 2243; x_wconf 78' lang='lat' dir='ltr'>qui</span> <span class='ocrx_word' id='word_1_206' title='bbox 1161 2199 1191 2232; x_wconf 90' lang='lat' dir='ltr'>in</span> <span class='ocrx_word' id='word_1_207' title='bbox 1211 2200 1259 2232; x_wconf 84' lang='lat' dir='ltr'>vi-</span> 
     </span>
     <span class='ocr_line' id='line_1_38' title="bbox 520 2250 1262 2290; baseline 0.009 -11"><span class='ocrx_word' id='word_1_208' title='bbox 520 2250 641 2282; x_wconf 84' lang='lat' dir='ltr'>carium</span> <span class='ocrx_word' id='word_1_209' title='bbox 669 2261 723 2283; x_wconf 82' lang='lat' dir='ltr'>scu</span> <span class='ocrx_word' id='word_1_210' title='bbox 756 2250 901 2290; x_wconf 77' lang='lat' dir='ltr'>vicarios,</span> <span class='ocrx_word' id='word_1_211' title='bbox 929 2257 983 2283; x_wconf 86' lang='lat' dir='ltr'>aut</span> <span class='ocrx_word' id='word_1_212' title='bbox 1007 2251 1177 2285; x_wconf 80' lang='lat' dir='ltr'>officialem</span> <span class='ocrx_word' id='word_1_213' title='bbox 1206 2264 1262 2286; x_wconf 83' lang='lat' dir='ltr'>seu</span> 
     </span>
     <span class='ocr_line' id='line_1_39' title="bbox 520 2303 1262 2350; baseline 0.008 -17"><span class='ocrx_word' id='word_1_214' title='bbox 520 2303 673 2336; x_wconf 74' lang='lat' dir='ltr'>officiales</span> <span class='ocrx_word' id='word_1_215' title='bbox 695 2305 842 2337; x_wconf 56' lang='lat' dir='ltr'>turannos</span> <span class='ocrx_word' id='word_1_216' title='bbox 861 2304 921 2336; x_wconf 80' lang='lat' dir='ltr'>boc</span> <span class='ocrx_word' id='word_1_217' title='bbox 939 2310 1032 2348; x_wconf 88' lang='lat' dir='ltr'>pacto</span> <span class='ocrx_word' id='word_1_218' title='bbox 1047 2305 1189 2348; x_wconf 78' lang='lat' dir='ltr'>deputati</span> <span class='ocrx_word' id='word_1_219' title='bbox 1203 2316 1262 2350; x_wconf 89' lang='lat' dir='ltr'>pro</span> 
     </span>
     <span class='ocr_line' id='line_1_40' title="bbox 522 2357 1258 2399; baseline 0.005 -11"><span class='ocrx_word' id='word_1_220' title='bbox 522 2361 666 2399; x_wconf 77' lang='lat' dir='ltr'>tetiipore</span> <span class='ocrx_word' id='word_1_221' title='bbox 688 2357 816 2397; x_wconf 75' lang='lat' dir='ltr'>tuerint,</span> <span class='ocrx_word' id='word_1_222' title='bbox 841 2357 870 2389; x_wconf 91' lang='lat' dir='ltr'>in</span> <span class='ocrx_word' id='word_1_223' title='bbox 893 2357 1078 2391; x_wconf 81' lang='lat' dir='ltr'>huiusmodi</span> <span class='ocrx_word' id='word_1_224' title='bbox 1107 2359 1210 2391; x_wconf 60' lang='lat' dir='ltr'>camis</span> <span class='ocrx_word' id='word_1_225' title='bbox 1231 2365 1258 2392; x_wconf 90' lang='lat' dir='ltr'>ct</span> 
     </span>
     <span class='ocr_line' id='line_1_41' title="bbox 521 2410 1261 2455; baseline 0.005 -14"><span class='ocrx_word' id='word_1_226' title='bbox 521 2410 615 2442; x_wconf 74' lang='lat' dir='ltr'>rebus</span> <span class='ocrx_word' id='word_1_227' title='bbox 646 2421 744 2454; x_wconf 72' lang='lat' dir='ltr'>supra</span> <span class='ocrx_word' id='word_1_228' title='bbox 773 2417 803 2443; x_wconf 85' lang='lat' dir='ltr'>et</span> <span class='ocrx_word' id='word_1_229' title='bbox 838 2411 1049 2455; x_wconf 76' lang='lat' dir='ltr'>infrascriptis</span> <span class='ocrx_word' id='word_1_230' title='bbox 1085 2413 1261 2455; x_wconf 82' lang='lat' dir='ltr'>procedere</span> 
     </span>
     <span class='ocr_line' id='line_1_42' title="bbox 521 2464 1262 2510; baseline 0.007 -16"><span class='ocrx_word' id='word_1_231' title='bbox 521 2464 652 2506; x_wconf 74' lang='lat' dir='ltr'>possint,</span> <span class='ocrx_word' id='word_1_232' title='bbox 673 2464 776 2497; x_wconf 83' lang='lat' dir='ltr'>‹lonec</span> <span class='ocrx_word' id='word_1_233' title='bbox 795 2465 898 2497; x_wconf 71' lang='lat' dir='ltr'>muntii</span> <span class='ocrx_word' id='word_1_234' title='bbox 920 2465 1087 2508; x_wconf 79' lang='lat' dir='ltr'>apostolici</span> <span class='ocrx_word' id='word_1_235' title='bbox 1110 2466 1262 2510; x_wconf 75' lang='lat' dir='ltr'>deinceps</span> 
     </span>
     <span class='ocr_line' id='line_1_43' title="bbox 521 2518 1261 2562; baseline 0.007 -15"><span class='ocrx_word' id='word_1_236' title='bbox 521 2528 578 2559; x_wconf 85' lang='lat' dir='ltr'>pro</span> <span class='ocrx_word' id='word_1_237' title='bbox 600 2522 744 2561; x_wconf 68' lang='lat' dir='ltr'>tempore</span> <span class='ocrx_word' id='word_1_238' title='bbox 764 2518 864 2551; x_wconf 85' lang='lat' dir='ltr'>illisin</span> <span class='ocrx_word' id='word_1_239' title='bbox 888 2519 1032 2562; x_wconf 80' lang='lat' dir='ltr'>partibus</span> <span class='ocrx_word' id='word_1_240' title='bbox 1046 2519 1261 2552; x_wconf 83' lang='lat' dir='ltr'>constituendi</span> 
     </span>
     <span class='ocr_line' id='line_1_44' title="bbox 521 2571 1259 2606; baseline 0.008 -6"><span class='ocrx_word' id='word_1_241' title='bbox 521 2571 648 2602; x_wconf 66' lang='lat' dir='ltr'>cosdem</span> <span class='ocrx_word' id='word_1_242' title='bbox 679 2572 813 2605; x_wconf 76' lang='lat' dir='ltr'>vicarios</span> <span class='ocrx_word' id='word_1_243' title='bbox 841 2584 895 2604; x_wconf 59' lang='lat' dir='ltr'>scu</span> <span class='ocrx_word' id='word_1_244' title='bbox 928 2572 1080 2605; x_wconf 73' lang='lat' dir='ltr'>officiales</span> <span class='ocrx_word' id='word_1_245' title='bbox 1113 2573 1259 2606; x_wconf 77' lang='lat' dir='ltr'>duxerint</span> 
     </span>
     <span class='ocr_line' id='line_1_45' title="bbox 522 2624 1262 2667; baseline 0.008 -14"><span class='ocrx_word' id='word_1_246' title='bbox 522 2624 729 2661; x_wconf 68' lang='lat' dir='ltr'>revocandos,</span> <span class='ocrx_word' id='word_1_247' title='bbox 745 2625 920 2667; x_wconf 77' lang='lat' dir='ltr'>apostolica</span> <span class='ocrx_word' id='word_1_248' title='bbox 932 2626 1133 2665; x_wconf 73' lang='lat' dir='ltr'>auctoritate,</span> <span class='ocrx_word' id='word_1_249' title='bbox 1152 2633 1262 2659; x_wconf 72' lang='lat' dir='ltr'>tenore</span> 
     </span>
     <span class='ocr_line' id='line_1_46' title="bbox 523 2678 1257 2723; baseline 0.007 -16"><span class='ocrx_word' id='word_1_250' title='bbox 523 2678 750 2718; x_wconf 44' lang='lat' dir='ltr'>pra-*ominum</span> <span class='ocrx_word' id='word_1_251' title='bbox 777 2679 814 2710; x_wconf 78' lang='lat' dir='ltr'>:nt</span> <span class='ocrx_word' id='word_1_252' title='bbox 838 2685 981 2711; x_wconf 65' lang='lat' dir='ltr'>nostruin</span> <span class='ocrx_word' id='word_1_253' title='bbox 1005 2685 1031 2711; x_wconf 71' lang='lat' dir='ltr'>vt</span> <span class='ocrx_word' id='word_1_254' title='bbox 1059 2680 1149 2711; x_wconf 56' lang='lat' dir='ltr'>statis</span> <span class='ocrx_word' id='word_1_255' title='bbox 1172 2681 1257 2723; x_wconf 76' lang='lat' dir='ltr'>Apo-</span> 
     </span>
    </p>
   </div>
   <div class='ocr_carea' id='block_1_2' title="bbox 1101 275 1457 301">
    <p class='ocr_par' dir='ltr' id='par_1_2' title="bbox 1101 275 1457 301">
     <span class='ocr_line' id='line_1_47' title="bbox 1101 275 1457 301; baseline 0.003 -1"><span class='ocrx_word' id='word_1_256' title='bbox 1101 275 1285 300; x_wconf 76' lang='lat' dir='ltr'><strong>BULLARIUM</strong></span> <span class='ocrx_word' id='word_1_257' title='bbox 1304 275 1457 301; x_wconf 78' lang='lat' dir='ltr'><strong>ROMANUM</strong></span> 
     </span>
    </p>
   </div>
   <div class='ocr_carea' id='block_1_3' title="bbox 1296 324 2045 2722">
    <p class='ocr_par' dir='ltr' id='par_1_3' title="bbox 1301 324 2044 421">
     <span class='ocr_line' id='line_1_48' title="bbox 1301 324 2044 369; baseline 0.004 -12"><span class='ocrx_word' id='word_1_258' title='bbox 1301 324 1433 358; x_wconf 85' lang='lat' dir='ltr'>stolicae</span> <span class='ocrx_word' id='word_1_259' title='bbox 1444 325 1683 369; x_wconf 87' lang='lat' dir='ltr'>heneplacitum</span> <span class='ocrx_word' id='word_1_260' title='bbox 1701 326 1927 360; x_wconf 85' lang='lat' dir='ltr'>constituimus</span> <span class='ocrx_word' id='word_1_261' title='bbox 1948 332 1978 360; x_wconf 91' lang='lat' dir='ltr'>et</span> <span class='ocrx_word' id='word_1_262' title='bbox 1990 327 2044 361; x_wconf 93' lang='lat' dir='ltr'>de-</span> 
     </span>
     <span class='ocr_line' id='line_1_49' title="bbox 1302 383 1464 421; baseline 0.006 -10"><span class='ocrx_word' id='word_1_263' title='bbox 1302 383 1464 421; x_wconf 83' lang='lat' dir='ltr'>putamus.</span> 
     </span>
    </p>

    <p class='ocr_par' dir='ltr' id='par_1_4' title="bbox 1296 430 2045 2722">
     <span class='ocr_line' id='line_1_50' title="bbox 1347 430 2042 476; baseline 0.003 -12"><span class='ocrx_word' id='word_1_264' title='bbox 1347 432 1364 473; x_wconf 71' lang='lat'>§</span> <span class='ocrx_word' id='word_1_265' title='bbox 1392 430 1423 464; x_wconf 82' lang='lat'>3.</span> <span class='ocrx_word' id='word_1_266' title='bbox 1457 431 1591 476; x_wconf 87' lang='lat' dir='ltr'>Tibique</span> <span class='ocrx_word' id='word_1_267' title='bbox 1616 443 1653 465; x_wconf 87' lang='lat' dir='ltr'>ac</span> <span class='ocrx_word' id='word_1_268' title='bbox 1678 442 1737 476; x_wconf 90' lang='lat' dir='ltr'>pro</span> <span class='ocrx_word' id='word_1_269' title='bbox 1765 437 1911 476; x_wconf 89' lang='lat' dir='ltr'>tempore</span> <span class='ocrx_word' id='word_1_270' title='bbox 1935 432 2042 467; x_wconf 82' lang='lat' dir='ltr'>futuro</span> 
     </span>
     <span class='ocr_line' id='line_1_51' title="bbox 1303 483 2044 530; baseline 0.004 -14"><span class='ocrx_word' id='word_1_271' title='bbox 1303 483 1447 518; x_wconf 89' lang='lat' dir='ltr'>eiusdem</span> <span class='ocrx_word' id='word_1_272' title='bbox 1465 484 1555 519; x_wconf 90' lang='lat' dir='ltr'>Sedis</span> <span class='ocrx_word' id='word_1_273' title='bbox 1580 485 1695 519; x_wconf 90' lang='lat' dir='ltr'>nuntio</span> <span class='ocrx_word' id='word_1_274' title='bbox 1708 485 1873 530; x_wconf 87' lang='lat' dir='ltr'>praedicto</span> <span class='ocrx_word' id='word_1_275' title='bbox 1897 487 1938 520; x_wconf 87' lang='lat' dir='ltr'>ad</span> <span class='ocrx_word' id='word_1_276' title='bbox 1958 486 2044 520; x_wconf 91' lang='lat' dir='ltr'>hunc</span> 
     </span>
     <span class='ocr_line' id='line_1_52' title="bbox 1302 536 2040 584; baseline 0.004 -14"><span class='ocrx_word' id='word_1_277' title='bbox 1302 536 1452 571; x_wconf 81' lang='lat' dir='ltr'>effectum</span> <span class='ocrx_word' id='word_1_278' title='bbox 1484 538 1626 572; x_wconf 85' lang='lat' dir='ltr'>tribunal</span> <span class='ocrx_word' id='word_1_279' title='bbox 1651 539 1683 571; x_wconf 90' lang='lat' dir='ltr'>in</span> <span class='ocrx_word' id='word_1_280' title='bbox 1708 539 1795 573; x_wconf 88' lang='lat' dir='ltr'>dicto</span> <span class='ocrx_word' id='word_1_281' title='bbox 1825 539 1945 584; x_wconf 91' lang='lat' dir='ltr'>oppido</span> <span class='ocrx_word' id='word_1_282' title='bbox 1975 540 2040 573; x_wconf 92' lang='lat' dir='ltr'>eri-</span> 
     </span>
     <span class='ocr_line' id='line_1_53' title="bbox 1302 592 2043 634; baseline 0.004 -10"><span class='ocrx_word' id='word_1_283' title='bbox 1302 592 1411 634; x_wconf 83' lang='lat' dir='ltr'>gendi,</span> <span class='ocrx_word' id='word_1_284' title='bbox 1434 602 1471 625; x_wconf 90' lang='lat' dir='ltr'>ac</span> <span class='ocrx_word' id='word_1_285' title='bbox 1491 598 1633 625; x_wconf 90' lang='lat' dir='ltr'>erectum</span> <span class='ocrx_word' id='word_1_286' title='bbox 1660 593 1801 634; x_wconf 88' lang='lat' dir='ltr'>tenendi,</span> <span class='ocrx_word' id='word_1_287' title='bbox 1825 599 1856 626; x_wconf 92' lang='lat' dir='ltr'>et</span> <span class='ocrx_word' id='word_1_288' title='bbox 1876 593 1907 626; x_wconf 89' lang='lat' dir='ltr'>in</span> <span class='ocrx_word' id='word_1_289' title='bbox 1927 594 2043 627; x_wconf 90' lang='lat' dir='ltr'>eodem</span> 
     </span>
     <span class='ocr_line' id='line_1_54' title="bbox 1302 645 2044 690; baseline 0.001 -12"><span class='ocrx_word' id='word_1_290' title='bbox 1302 645 1455 686; x_wconf 88' lang='lat' dir='ltr'>sedendi,</span> <span class='ocrx_word' id='word_1_291' title='bbox 1485 656 1612 679; x_wconf 88' lang='lat' dir='ltr'>necnon</span> <span class='ocrx_word' id='word_1_292' title='bbox 1637 656 1695 690; x_wconf 92' lang='lat' dir='ltr'>per</span> <span class='ocrx_word' id='word_1_293' title='bbox 1713 652 1754 687; x_wconf 90' lang='lat' dir='ltr'>te,</span> <span class='ocrx_word' id='word_1_294' title='bbox 1777 651 1832 679; x_wconf 89' lang='lat' dir='ltr'>aut</span> <span class='ocrx_word' id='word_1_295' title='bbox 1851 657 1951 679; x_wconf 92' lang='lat' dir='ltr'>unum</span> <span class='ocrx_word' id='word_1_296' title='bbox 1965 673 1972 687; x_wconf 97' lang='lat'>,</span> <span class='ocrx_word' id='word_1_297' title='bbox 1995 647 2044 680; x_wconf 91' lang='lat' dir='ltr'>vel</span> 
     </span>
     <span class='ocr_line' id='line_1_55' title="bbox 1302 698 2045 744; baseline 0.003 -13"><span class='ocrx_word' id='word_1_298' title='bbox 1302 699 1410 742; x_wconf 88' lang='lat' dir='ltr'>plures</span> <span class='ocrx_word' id='word_1_299' title='bbox 1429 698 1529 740; x_wconf 89' lang='lat' dir='ltr'>viros,</span> <span class='ocrx_word' id='word_1_300' title='bbox 1553 705 1588 733; x_wconf 91' lang='lat' dir='ltr'>ut</span> <span class='ocrx_word' id='word_1_301' title='bbox 1608 710 1723 743; x_wconf 87' lang='lat' dir='ltr'>supra,</span> <span class='ocrx_word' id='word_1_302' title='bbox 1747 698 1965 743; x_wconf 70' lang='lat' dir='ltr'>deputandos,</span> <span class='ocrx_word' id='word_1_303' title='bbox 1989 701 2045 744; x_wconf 88' lang='lat' dir='ltr'>qui</span> 
     </span>
     <span class='ocr_line' id='line_1_56' title="bbox 1303 751 2045 793; baseline 0.004 -9"><span class='ocrx_word' id='word_1_304' title='bbox 1303 751 1351 785; x_wconf 90' lang='lat' dir='ltr'>ius</span> <span class='ocrx_word' id='word_1_305' title='bbox 1371 752 1523 793; x_wconf 89' lang='lat' dir='ltr'>sedendi,</span> <span class='ocrx_word' id='word_1_306' title='bbox 1548 752 1644 786; x_wconf 89' lang='lat' dir='ltr'>etiam</span> <span class='ocrx_word' id='word_1_307' title='bbox 1672 752 1717 786; x_wconf 90' lang='lat' dir='ltr'>uti</span> <span class='ocrx_word' id='word_1_308' title='bbox 1739 753 1892 786; x_wconf 85' lang='lat' dir='ltr'>officiales</span> <span class='ocrx_word' id='word_1_309' title='bbox 1913 759 1943 786; x_wconf 91' lang='lat' dir='ltr'>et</span> <span class='ocrx_word' id='word_1_310' title='bbox 1961 753 2045 787; x_wconf 83' lang='lat' dir='ltr'>vica-</span> 
     </span>
     <span class='ocr_line' id='line_1_57' title="bbox 1301 804 2044 851; baseline 0.004 -14"><span class='ocrx_word' id='word_1_311' title='bbox 1301 804 1341 837; x_wconf 89' lang='lat' dir='ltr'>rii</span> <span class='ocrx_word' id='word_1_312' title='bbox 1371 805 1495 838; x_wconf 87' lang='lat' dir='ltr'>foranei</span> <span class='ocrx_word' id='word_1_313' title='bbox 1524 805 1644 839; x_wconf 89' lang='lat' dir='ltr'>ibidem</span> <span class='ocrx_word' id='word_1_314' title='bbox 1673 805 1832 847; x_wconf 87' lang='lat' dir='ltr'>habeant,</span> <span class='ocrx_word' id='word_1_315' title='bbox 1865 817 2044 851; x_wconf 87' lang='lat' dir='ltr'>eorumque</span> 
     </span>
     <span class='ocr_line' id='line_1_58' title="bbox 1301 859 2043 903; baseline 0.003 -12"><span class='ocrx_word' id='word_1_316' title='bbox 1301 859 1410 892; x_wconf 90' lang='lat' dir='ltr'>sedem</span> <span class='ocrx_word' id='word_1_317' title='bbox 1426 859 1632 900; x_wconf 83' lang='lat' dir='ltr'>constituant,</span> <span class='ocrx_word' id='word_1_318' title='bbox 1650 869 1763 893; x_wconf 87' lang='lat' dir='ltr'>omnes</span> <span class='ocrx_word' id='word_1_319' title='bbox 1777 865 1808 893; x_wconf 90' lang='lat' dir='ltr'>et</span> <span class='ocrx_word' id='word_1_320' title='bbox 1827 859 1970 903; x_wconf 84' lang='lat' dir='ltr'>singulas</span> <span class='ocrx_word' id='word_1_321' title='bbox 1982 860 2043 893; x_wconf 92' lang='lat' dir='ltr'>hu-</span> 
     </span>
     <span class='ocr_line' id='line_1_59' title="bbox 1302 910 2042 953; baseline 0.003 -9"><span class='ocrx_word' id='word_1_322' title='bbox 1302 910 1442 945; x_wconf 90' lang='lat' dir='ltr'>iusmodi</span> <span class='ocrx_word' id='word_1_323' title='bbox 1463 912 1544 953; x_wconf 88' lang='lat' dir='ltr'>lites,</span> <span class='ocrx_word' id='word_1_324' title='bbox 1568 915 1680 945; x_wconf 88' lang='lat' dir='ltr'>causas</span> <span class='ocrx_word' id='word_1_325' title='bbox 1698 917 1729 946; x_wconf 89' lang='lat' dir='ltr'>et</span> <span class='ocrx_word' id='word_1_326' title='bbox 1746 912 1953 953; x_wconf 81' lang='lat' dir='ltr'>differentias,</span> <span class='ocrx_word' id='word_1_327' title='bbox 1978 918 2042 946; x_wconf 88' lang='lat' dir='ltr'>tam</span> 
     </span>
     <span class='ocr_line' id='line_1_60' title="bbox 1302 965 2044 1009; baseline 0.001 -11"><span class='ocrx_word' id='word_1_328' title='bbox 1302 965 1409 998; x_wconf 89' lang='lat' dir='ltr'>civiles</span> <span class='ocrx_word' id='word_1_329' title='bbox 1434 975 1531 1009; x_wconf 87' lang='lat' dir='ltr'>quam</span> <span class='ocrx_word' id='word_1_330' title='bbox 1558 965 1741 999; x_wconf 84' lang='lat' dir='ltr'>criminales</span> <span class='ocrx_word' id='word_1_331' title='bbox 1768 971 1799 999; x_wconf 84' lang='lat' dir='ltr'>et</span> <span class='ocrx_word' id='word_1_332' title='bbox 1826 965 1940 999; x_wconf 86' lang='lat' dir='ltr'>mixtas</span> <span class='ocrx_word' id='word_1_333' title='bbox 1960 966 2044 999; x_wconf 82' lang='lat' dir='ltr'>inter</span> 
     </span>
     <span class='ocr_line' id='line_1_61' title="bbox 1301 1019 2045 1063; baseline 0 -11"><span class='ocrx_word' id='word_1_334' title='bbox 1301 1029 1456 1063; x_wconf 87' lang='lat' dir='ltr'>personas</span> <span class='ocrx_word' id='word_1_335' title='bbox 1483 1019 1676 1063; x_wconf 87' lang='lat' dir='ltr'>praedictas,</span> <span class='ocrx_word' id='word_1_336' title='bbox 1700 1024 1731 1052; x_wconf 93' lang='lat' dir='ltr'>et</span> <span class='ocrx_word' id='word_1_337' title='bbox 1748 1025 1861 1053; x_wconf 85' lang='lat' dir='ltr'>eontra</span> <span class='ocrx_word' id='word_1_338' title='bbox 1881 1020 1962 1061; x_wconf 90' lang='lat' dir='ltr'>illas,</span> <span class='ocrx_word' id='word_1_339' title='bbox 1984 1030 2045 1053; x_wconf 90' lang='lat' dir='ltr'>nec</span> 
     </span>
     <span class='ocr_line' id='line_1_62' title="bbox 1301 1072 2045 1117; baseline 0.001 -11"><span class='ocrx_word' id='word_1_340' title='bbox 1301 1083 1367 1106; x_wconf 92' lang='lat' dir='ltr'>non</span> <span class='ocrx_word' id='word_1_341' title='bbox 1387 1083 1483 1117; x_wconf 89' lang='lat' dir='ltr'>super</span> <span class='ocrx_word' id='word_1_342' title='bbox 1503 1073 1607 1115; x_wconf 90' lang='lat' dir='ltr'>bonis,</span> <span class='ocrx_word' id='word_1_343' title='bbox 1630 1073 1737 1114; x_wconf 87' lang='lat' dir='ltr'>rebus,</span> <span class='ocrx_word' id='word_1_344' title='bbox 1754 1073 1889 1114; x_wconf 85' lang='lat' dir='ltr'>iuribus,</span> <span class='ocrx_word' id='word_1_345' title='bbox 1909 1072 2045 1107; x_wconf 85' lang='lat' dir='ltr'>actioni—</span> 
     </span>
     <span class='ocr_line' id='line_1_63' title="bbox 1301 1126 2044 1171; baseline 0.001 -11"><span class='ocrx_word' id='word_1_346' title='bbox 1301 1127 1361 1160; x_wconf 88' lang='lat' dir='ltr'>bus</span> <span class='ocrx_word' id='word_1_347' title='bbox 1381 1133 1412 1160; x_wconf 91' lang='lat' dir='ltr'>et</span> <span class='ocrx_word' id='word_1_348' title='bbox 1431 1126 1501 1160; x_wconf 86' lang='lat' dir='ltr'>aliis</span> <span class='ocrx_word' id='word_1_349' title='bbox 1521 1127 1727 1171; x_wconf 85' lang='lat' dir='ltr'>praemissis,</span> <span class='ocrx_word' id='word_1_350' title='bbox 1751 1138 1788 1160; x_wconf 88' lang='lat' dir='ltr'>ac</span> <span class='ocrx_word' id='word_1_351' title='bbox 1810 1137 1923 1161; x_wconf 88' lang='lat' dir='ltr'>eorum</span> <span class='ocrx_word' id='word_1_352' title='bbox 1952 1137 2044 1161; x_wconf 85' lang='lat' dir='ltr'>occa-</span> 
     </span>
     <span class='ocr_line' id='line_1_64' title="bbox 1301 1180 2043 1222; baseline 0.001 -9"><span class='ocrx_word' id='word_1_353' title='bbox 1301 1180 1403 1221; x_wconf 85' lang='lat' dir='ltr'>sione,</span> <span class='ocrx_word' id='word_1_354' title='bbox 1427 1191 1553 1214; x_wconf 90' lang='lat' dir='ltr'>necnon</span> <span class='ocrx_word' id='word_1_355' title='bbox 1574 1181 1728 1215; x_wconf 88' lang='lat' dir='ltr'>interesse</span> <span class='ocrx_word' id='word_1_356' title='bbox 1749 1181 1825 1214; x_wconf 88' lang='lat' dir='ltr'>dicti</span> <span class='ocrx_word' id='word_1_357' title='bbox 1846 1181 1946 1222; x_wconf 90' lang='lat' dir='ltr'>cleri,</span> <span class='ocrx_word' id='word_1_358' title='bbox 1977 1187 2043 1214; x_wconf 84' lang='lat' dir='ltr'>tam</span> 
     </span>
     <span class='ocr_line' id='line_1_65' title="bbox 1301 1234 2042 1279; baseline 0 -12"><span class='ocrx_word' id='word_1_359' title='bbox 1301 1234 1333 1267; x_wconf 92' lang='lat' dir='ltr'>in</span> <span class='ocrx_word' id='word_1_360' title='bbox 1365 1234 1469 1279; x_wconf 86' lang='lat' dir='ltr'>capite</span> <span class='ocrx_word' id='word_1_361' title='bbox 1503 1245 1600 1279; x_wconf 84' lang='lat' dir='ltr'>quam</span> <span class='ocrx_word' id='word_1_362' title='bbox 1631 1235 1663 1268; x_wconf 90' lang='lat' dir='ltr'>in</span> <span class='ocrx_word' id='word_1_363' title='bbox 1694 1235 1849 1269; x_wconf 89' lang='lat' dir='ltr'>membris</span> <span class='ocrx_word' id='word_1_364' title='bbox 1877 1241 2042 1279; x_wconf 89' lang='lat' dir='ltr'>tamquam</span> 
     </span>
     <span class='ocr_line' id='line_1_66' title="bbox 1301 1287 2040 1332; baseline 0.003 -12"><span class='ocrx_word' id='word_1_365' title='bbox 1301 1287 1523 1331; x_wconf 84' lang='lat' dir='ltr'>principaliter</span> <span class='ocrx_word' id='word_1_366' title='bbox 1540 1315 1547 1329; x_wconf 93' lang='lat'>,</span> <span class='ocrx_word' id='word_1_367' title='bbox 1571 1299 1607 1322; x_wconf 86' lang='lat' dir='ltr'>ac</span> <span class='ocrx_word' id='word_1_368' title='bbox 1628 1288 1724 1322; x_wconf 87' lang='lat' dir='ltr'>etiam</span> <span class='ocrx_word' id='word_1_369' title='bbox 1745 1298 1804 1332; x_wconf 88' lang='lat' dir='ltr'>per</span> <span class='ocrx_word' id='word_1_370' title='bbox 1822 1288 1906 1321; x_wconf 86' lang='lat' dir='ltr'>viam</span> <span class='ocrx_word' id='word_1_371' title='bbox 1926 1298 2040 1322; x_wconf 88' lang='lat' dir='ltr'>neces-</span> 
     </span>
     <span class='ocr_line' id='line_1_67' title="bbox 1301 1341 2045 1385; baseline 0.003 -12"><span class='ocrx_word' id='word_1_372' title='bbox 1301 1341 1404 1375; x_wconf 89' lang='lat' dir='ltr'>sariae</span> <span class='ocrx_word' id='word_1_373' title='bbox 1425 1341 1631 1382; x_wconf 87' lang='lat' dir='ltr'>defensionis,</span> <span class='ocrx_word' id='word_1_374' title='bbox 1648 1352 1685 1375; x_wconf 88' lang='lat' dir='ltr'>ac</span> <span class='ocrx_word' id='word_1_375' title='bbox 1702 1341 1780 1375; x_wconf 90' lang='lat' dir='ltr'>alias</span> <span class='ocrx_word' id='word_1_376' title='bbox 1798 1341 2045 1385; x_wconf 88' lang='lat' dir='ltr'>quomodolibet</span> 
     </span>
     <span class='ocr_line' id='line_1_68' title="bbox 1301 1394 2040 1436; baseline 0 -9"><span class='ocrx_word' id='word_1_377' title='bbox 1301 1394 1589 1435; x_wconf 86' lang='lat' dir='ltr'>concernentibus,</span> <span class='ocrx_word' id='word_1_378' title='bbox 1613 1394 1810 1428; x_wconf 86' lang='lat' dir='ltr'>coniunctim</span> <span class='ocrx_word' id='word_1_379' title='bbox 1832 1395 1880 1427; x_wconf 87' lang='lat' dir='ltr'>vel</span> <span class='ocrx_word' id='word_1_380' title='bbox 1902 1394 2040 1436; x_wconf 87' lang='lat' dir='ltr'>divisim,</span> 
     </span>
     <span class='ocr_line' id='line_1_69' title="bbox 1301 1447 2043 1492; baseline 0 -12"><span class='ocrx_word' id='word_1_381' title='bbox 1301 1458 1337 1480; x_wconf 83' lang='lat' dir='ltr'>ac</span> <span class='ocrx_word' id='word_1_382' title='bbox 1358 1453 1422 1480; x_wconf 84' lang='lat' dir='ltr'>tam</span> <span class='ocrx_word' id='word_1_383' title='bbox 1444 1448 1545 1481; x_wconf 88' lang='lat' dir='ltr'>active</span> <span class='ocrx_word' id='word_1_384' title='bbox 1566 1458 1662 1492; x_wconf 88' lang='lat' dir='ltr'>quam</span> <span class='ocrx_word' id='word_1_385' title='bbox 1680 1447 1815 1491; x_wconf 87' lang='lat' dir='ltr'>passive,</span> <span class='ocrx_word' id='word_1_386' title='bbox 1840 1447 1926 1480; x_wconf 91' lang='lat' dir='ltr'>ultro</span> <span class='ocrx_word' id='word_1_387' title='bbox 1947 1447 2043 1481; x_wconf 90' lang='lat' dir='ltr'>citro-</span> 
     </span>
     <span class='ocr_line' id='line_1_70' title="bbox 1301 1500 2039 1545; baseline -0.001 -11"><span class='ocrx_word' id='word_1_388' title='bbox 1301 1512 1364 1545; x_wconf 88' lang='lat' dir='ltr'>que</span> <span class='ocrx_word' id='word_1_389' title='bbox 1383 1501 1423 1534; x_wconf 85' lang='lat' dir='ltr'>ab</span> <span class='ocrx_word' id='word_1_390' title='bbox 1445 1501 1603 1542; x_wconf 87' lang='lat' dir='ltr'>invicem,</span> <span class='ocrx_word' id='word_1_391' title='bbox 1627 1501 1675 1534; x_wconf 89' lang='lat' dir='ltr'>vel</span> <span class='ocrx_word' id='word_1_392' title='bbox 1696 1501 1775 1534; x_wconf 90' lang='lat' dir='ltr'>alias</span> <span class='ocrx_word' id='word_1_393' title='bbox 1803 1501 1899 1534; x_wconf 86' lang='lat' dir='ltr'>etiam</span> <span class='ocrx_word' id='word_1_394' title='bbox 1930 1501 1971 1534; x_wconf 88' lang='lat' dir='ltr'>ad</span> <span class='ocrx_word' id='word_1_395' title='bbox 1988 1500 2039 1534; x_wconf 90' lang='lat' dir='ltr'>in-</span> 
     </span>
     <span class='ocr_line' id='line_1_71' title="bbox 1299 1554 2039 1599; baseline 0 -12"><span class='ocrx_word' id='word_1_396' title='bbox 1299 1555 1448 1589; x_wconf 88' lang='lat' dir='ltr'>stantiam</span> <span class='ocrx_word' id='word_1_397' title='bbox 1470 1565 1683 1599; x_wconf 84' lang='lat' dir='ltr'>personarum</span> <span class='ocrx_word' id='word_1_398' title='bbox 1711 1554 1866 1588; x_wconf 88' lang='lat' dir='ltr'>laicarum</span> <span class='ocrx_word' id='word_1_399' title='bbox 1898 1564 2039 1599; x_wconf 83' lang='lat' dir='ltr'>quomo-</span> 
     </span>
     <span class='ocr_line' id='line_1_72' title="bbox 1300 1608 2041 1649; baseline 0 -8"><span class='ocrx_word' id='word_1_400' title='bbox 1300 1608 1419 1642; x_wconf 87' lang='lat' dir='ltr'>dolibet</span> <span class='ocrx_word' id='word_1_401' title='bbox 1443 1615 1545 1642; x_wconf 85' lang='lat' dir='ltr'>motas</span> <span class='ocrx_word' id='word_1_402' title='bbox 1567 1609 1612 1642; x_wconf 88' lang='lat' dir='ltr'>vel</span> <span class='ocrx_word' id='word_1_403' title='bbox 1639 1609 1830 1649; x_wconf 89' lang='lat' dir='ltr'>movendas,</span> <span class='ocrx_word' id='word_1_404' title='bbox 1861 1608 1901 1641; x_wconf 90' lang='lat' dir='ltr'>ad</span> <span class='ocrx_word' id='word_1_405' title='bbox 1921 1608 2041 1642; x_wconf 91' lang='lat' dir='ltr'>dictum</span> 
     </span>
     <span class='ocr_line' id='line_1_73' title="bbox 1301 1662 2042 1704; baseline 0 -9"><span class='ocrx_word' id='word_1_406' title='bbox 1301 1668 1406 1696; x_wconf 88' lang='lat' dir='ltr'>tamen</span> <span class='ocrx_word' id='word_1_407' title='bbox 1428 1663 1533 1696; x_wconf 88' lang='lat' dir='ltr'>sorum</span> <span class='ocrx_word' id='word_1_408' title='bbox 1554 1673 1610 1696; x_wconf 87' lang='lat' dir='ltr'>seu</span> <span class='ocrx_word' id='word_1_409' title='bbox 1629 1662 1781 1704; x_wconf 88' lang='lat' dir='ltr'>tribunal,</span> <span class='ocrx_word' id='word_1_410' title='bbox 1805 1668 1860 1696; x_wconf 85' lang='lat' dir='ltr'>aut</span> <span class='ocrx_word' id='word_1_411' title='bbox 1885 1662 2042 1697; x_wconf 89' lang='lat' dir='ltr'>iudicium</span> 
     </span>
     <span class='ocr_line' id='line_1_74' title="bbox 1301 1715 2039 1760; baseline 0 -11"><span class='ocrx_word' id='word_1_412' title='bbox 1301 1715 1564 1756; x_wconf 83' lang='lat' dir='ltr'>ecclesiasticum,</span> <span class='ocrx_word' id='word_1_413' title='bbox 1577 1716 1687 1760; x_wconf 89' lang='lat' dir='ltr'>quavis</span> <span class='ocrx_word' id='word_1_414' title='bbox 1694 1716 1863 1750; x_wconf 88' lang='lat' dir='ltr'>occasione</span> <span class='ocrx_word' id='word_1_415' title='bbox 1873 1716 1921 1750; x_wconf 89' lang='lat' dir='ltr'>vel</span> <span class='ocrx_word' id='word_1_416' title='bbox 1932 1726 2039 1757; x_wconf 84' lang='lat' dir='ltr'>causa,</span> 
     </span>
     <span class='ocr_line' id='line_1_75' title="bbox 1299 1769 2038 1814; baseline -0.001 -11"><span class='ocrx_word' id='word_1_417' title='bbox 1299 1775 1479 1814; x_wconf 82' lang='lat' dir='ltr'>spectantes</span> <span class='ocrx_word' id='word_1_418' title='bbox 1507 1775 1537 1803; x_wconf 86' lang='lat' dir='ltr'>et</span> <span class='ocrx_word' id='word_1_419' title='bbox 1555 1770 1774 1813; x_wconf 85' lang='lat' dir='ltr'>pertinentes,</span> <span class='ocrx_word' id='word_1_420' title='bbox 1803 1769 1835 1802; x_wconf 89' lang='lat' dir='ltr'>in</span> <span class='ocrx_word' id='word_1_421' title='bbox 1860 1769 1962 1813; x_wconf 87' lang='lat' dir='ltr'>prima</span> <span class='ocrx_word' id='word_1_422' title='bbox 1987 1769 2038 1802; x_wconf 88' lang='lat' dir='ltr'>in-</span> 
     </span>
     <span class='ocr_line' id='line_1_76' title="bbox 1299 1823 2042 1857; baseline 0.001 -1"><span class='ocrx_word' id='word_1_423' title='bbox 1299 1823 1415 1857; x_wconf 87' lang='lat' dir='ltr'>stantia</span> <span class='ocrx_word' id='word_1_424' title='bbox 1436 1834 1500 1857; x_wconf 88' lang='lat' dir='ltr'>non</span> <span class='ocrx_word' id='word_1_425' title='bbox 1521 1823 1624 1857; x_wconf 85' lang='lat' dir='ltr'>solum</span> <span class='ocrx_word' id='word_1_426' title='bbox 1654 1823 1699 1856; x_wconf 87' lang='lat' dir='ltr'>uti</span> <span class='ocrx_word' id='word_1_427' title='bbox 1724 1823 1818 1857; x_wconf 86' lang='lat' dir='ltr'>iudex</span> <span class='ocrx_word' id='word_1_428' title='bbox 1840 1823 1959 1856; x_wconf 89' lang='lat' dir='ltr'>ibidem</span> <span class='ocrx_word' id='word_1_429' title='bbox 1991 1833 2042 1857; x_wconf 88' lang='lat' dir='ltr'>or-</span> 
     </span>
     <span class='ocr_line' id='line_1_77' title="bbox 1299 1875 2038 1920; baseline 0.001 -12"><span class='ocrx_word' id='word_1_430' title='bbox 1299 1875 1453 1916; x_wconf 89' lang='lat' dir='ltr'>dinarius,</span> <span class='ocrx_word' id='word_1_431' title='bbox 1478 1876 1664 1920; x_wconf 87' lang='lat' dir='ltr'>episcopum</span> <span class='ocrx_word' id='word_1_432' title='bbox 1683 1875 1804 1909; x_wconf 90' lang='lat' dir='ltr'>scilicet</span> <span class='ocrx_word' id='word_1_433' title='bbox 1831 1885 1887 1909; x_wconf 88' lang='lat' dir='ltr'>seu</span> <span class='ocrx_word' id='word_1_434' title='bbox 1913 1875 2038 1910; x_wconf 85' lang='lat' dir='ltr'>officia-</span> 
     </span>
     <span class='ocr_line' id='line_1_78' title="bbox 1299 1929 2040 1973; baseline 0 -11"><span class='ocrx_word' id='word_1_435' title='bbox 1299 1931 1360 1963; x_wconf 86' lang='lat' dir='ltr'>lem</span> <span class='ocrx_word' id='word_1_436' title='bbox 1375 1930 1584 1963; x_wconf 87' lang='lat' dir='ltr'>Leodiensem</span> <span class='ocrx_word' id='word_1_437' title='bbox 1599 1934 1854 1973; x_wconf 85' lang='lat' dir='ltr'>repraesentans,</span> <span class='ocrx_word' id='word_1_438' title='bbox 1877 1930 1932 1963; x_wconf 89' lang='lat' dir='ltr'>sed</span> <span class='ocrx_word' id='word_1_439' title='bbox 1945 1929 2040 1963; x_wconf 86' lang='lat' dir='ltr'>etiam</span> 
     </span>
     <span class='ocr_line' id='line_1_79' title="bbox 1299 1983 2041 2028; baseline 0.001 -12"><span class='ocrx_word' id='word_1_440' title='bbox 1299 1989 1462 2028; x_wconf 85' lang='lat' dir='ltr'>tamquam</span> <span class='ocrx_word' id='word_1_441' title='bbox 1488 1994 1505 2016; x_wconf 92' lang='lat' dir='ltr'>a</span> <span class='ocrx_word' id='word_1_442' title='bbox 1530 1983 1614 2016; x_wconf 88' lang='lat' dir='ltr'>dicta</span> <span class='ocrx_word' id='word_1_443' title='bbox 1634 1983 1715 2017; x_wconf 88' lang='lat' dir='ltr'>Scdc</span> <span class='ocrx_word' id='word_1_444' title='bbox 1743 1983 1926 2027; x_wconf 84' lang='lat' dir='ltr'>specialiter</span> <span class='ocrx_word' id='word_1_445' title='bbox 1954 1983 2041 2017; x_wconf 87' lang='lat' dir='ltr'>dele—</span> 
     </span>
     <span class='ocr_line' id='line_1_80' title="bbox 1297 2035 2039 2079; baseline 0.003 -11"><span class='ocrx_word' id='word_1_446' title='bbox 1297 2042 1389 2077; x_wconf 70' lang='lat' dir='ltr'>gatus</span> <span class='ocrx_word' id='word_1_447' title='bbox 1409 2046 1482 2069; x_wconf 89' lang='lat' dir='ltr'>cum</span> <span class='ocrx_word' id='word_1_448' title='bbox 1509 2036 1659 2069; x_wconf 80' lang='lat' dir='ltr'>omnibus</span> <span class='ocrx_word' id='word_1_449' title='bbox 1676 2041 1720 2069; x_wconf 81' lang='lat' dir='ltr'>·et</span> <span class='ocrx_word' id='word_1_450' title='bbox 1740 2035 1874 2079; x_wconf 82' lang='lat' dir='ltr'>singulis</span> <span class='ocrx_word' id='word_1_451' title='bbox 1899 2036 1964 2070; x_wconf 89' lang='lat' dir='ltr'>suis</span> <span class='ocrx_word' id='word_1_452' title='bbox 1990 2036 2039 2070; x_wconf 91' lang='lat' dir='ltr'>in-</span> 
     </span>
     <span class='ocr_line' id='line_1_81' title="bbox 1297 2089 2039 2133; baseline 0.001 -11"><span class='ocrx_word' id='word_1_453' title='bbox 1297 2089 1495 2131; x_wconf 82' lang='lat' dir='ltr'>cidentibus,</span> <span class='ocrx_word' id='word_1_454' title='bbox 1535 2089 1812 2133; x_wconf 84' lang='lat' dir='ltr'>dependentibus,</span> <span class='ocrx_word' id='word_1_455' title='bbox 1846 2089 2039 2133; x_wconf 86' lang='lat' dir='ltr'>emergenti-</span> 
     </span>
     <span class='ocr_line' id='line_1_82' title="bbox 1297 2142 2040 2186; baseline 0.003 -12"><span class='ocrx_word' id='word_1_456' title='bbox 1297 2142 1366 2183; x_wconf 86' lang='lat' dir='ltr'>bus,</span> <span class='ocrx_word' id='word_1_457' title='bbox 1391 2142 1521 2176; x_wconf 84' lang='lat' dir='ltr'>annexis</span> <span class='ocrx_word' id='word_1_458' title='bbox 1535 2148 1567 2176; x_wconf 87' lang='lat' dir='ltr'>et</span> <span class='ocrx_word' id='word_1_459' title='bbox 1579 2142 1742 2184; x_wconf 87' lang='lat' dir='ltr'>connexis,</span> <span class='ocrx_word' id='word_1_460' title='bbox 1760 2148 1892 2186; x_wconf 89' lang='lat' dir='ltr'>totoque</span> <span class='ocrx_word' id='word_1_461' title='bbox 1908 2142 2040 2186; x_wconf 77' lang='lat' dir='ltr'>negotio</span> 
     </span>
     <span class='ocr_line' id='line_1_83' title="bbox 1297 2195 2039 2240; baseline 0 -12"><span class='ocrx_word' id='word_1_462' title='bbox 1297 2196 1478 2240; x_wconf 83' lang='lat' dir='ltr'>principali,</span> <span class='ocrx_word' id='word_1_463' title='bbox 1495 2196 1590 2230; x_wconf 88' lang='lat' dir='ltr'>ctiam</span> <span class='ocrx_word' id='word_1_464' title='bbox 1612 2195 1764 2240; x_wconf 85' lang='lat' dir='ltr'>privative</span> <span class='ocrx_word' id='word_1_465' title='bbox 1782 2196 1889 2240; x_wconf 85' lang='lat' dir='ltr'>quoad</span> <span class='ocrx_word' id='word_1_466' title='bbox 1918 2196 2039 2230; x_wconf 87' lang='lat' dir='ltr'>dictum</span> 
     </span>
     <span class='ocr_line' id='line_1_84' title="bbox 1297 2250 2041 2294; baseline 0.003 -12"><span class='ocrx_word' id='word_1_467' title='bbox 1297 2250 1484 2294; x_wconf 87' lang='lat' dir='ltr'>episcopum</span> <span class='ocrx_word' id='word_1_468' title='bbox 1506 2260 1562 2283; x_wconf 87' lang='lat' dir='ltr'>seu</span> <span class='ocrx_word' id='word_1_469' title='bbox 1594 2250 1764 2283; x_wconf 83' lang='lat' dir='ltr'>officialem</span> <span class='ocrx_word' id='word_1_470' title='bbox 1781 2277 1788 2290; x_wconf 93' lang='lat'>,</span> <span class='ocrx_word' id='word_1_471' title='bbox 1812 2259 1989 2294; x_wconf 89' lang='lat' dir='ltr'>omnesque</span> <span class='ocrx_word' id='word_1_472' title='bbox 2010 2255 2041 2283; x_wconf 88' lang='lat' dir='ltr'>et</span> 
     </span>
     <span class='ocr_line' id='line_1_85' title="bbox 1296 2303 2040 2345; baseline 0 -8"><span class='ocrx_word' id='word_1_473' title='bbox 1296 2303 1441 2345; x_wconf 73' lang='lat' dir='ltr'>singulos</span> <span class='ocrx_word' id='word_1_474' title='bbox 1462 2303 1542 2336; x_wconf 87' lang='lat' dir='ltr'>alios</span> <span class='ocrx_word' id='word_1_475' title='bbox 1567 2303 1688 2337; x_wconf 86' lang='lat' dir='ltr'>iudices</span> <span class='ocrx_word' id='word_1_476' title='bbox 1719 2303 1903 2337; x_wconf 84' lang='lat' dir='ltr'>ordinarios</span> <span class='ocrx_word' id='word_1_477' title='bbox 1931 2309 1962 2337; x_wconf 87' lang='lat' dir='ltr'>et</span> <span class='ocrx_word' id='word_1_478' title='bbox 1985 2303 2040 2337; x_wconf 89' lang='lat' dir='ltr'>dc-</span> 
     </span>
     <span class='ocr_line' id='line_1_86' title="bbox 1298 2357 2038 2401; baseline 0 -11"><span class='ocrx_word' id='word_1_479' title='bbox 1298 2358 1437 2399; x_wconf 79' lang='lat' dir='ltr'>lcgatos,</span> <span class='ocrx_word' id='word_1_480' title='bbox 1466 2368 1647 2401; x_wconf 82' lang='lat' dir='ltr'>corumque</span> <span class='ocrx_word' id='word_1_481' title='bbox 1672 2357 1776 2390; x_wconf 88' lang='lat' dir='ltr'>curias</span> <span class='ocrx_word' id='word_1_482' title='bbox 1806 2363 1836 2390; x_wconf 87' lang='lat' dir='ltr'>ct.</span> <span class='ocrx_word' id='word_1_483' title='bbox 1867 2357 2038 2390; x_wconf 85' lang='lat' dir='ltr'>tribunalia</span> 
     </span>
     <span class='ocr_line' id='line_1_87' title="bbox 1297 2410 2039 2454; baseline 0 -11"><span class='ocrx_word' id='word_1_484' title='bbox 1297 2410 1510 2444; x_wconf 74' lang='lat' dir='ltr'>cc‹,·.lcsiastica</span> <span class='ocrx_word' id='word_1_485' title='bbox 1524 2410 1571 2443; x_wconf 89' lang='lat' dir='ltr'>vcl</span> <span class='ocrx_word' id='word_1_486' title='bbox 1593 2410 1769 2444; x_wconf 88' lang='lat' dir='ltr'>saecularia</span> <span class='ocrx_word' id='word_1_487' title='bbox 1784 2410 1814 2443; x_wconf 89' lang='lat' dir='ltr'>in</span> <span class='ocrx_word' id='word_1_488' title='bbox 1835 2410 1955 2443; x_wconf 89' lang='lat' dir='ltr'>eisdem</span> <span class='ocrx_word' id='word_1_489' title='bbox 1976 2410 2039 2454; x_wconf 94' lang='lat' dir='ltr'>spi-</span> 
     </span>
     <span class='ocr_line' id='line_1_88' title="bbox 1298 2464 2038 2508; baseline 0.001 -11"><span class='ocrx_word' id='word_1_490' title='bbox 1298 2464 1467 2498; x_wconf 87' lang='lat' dir='ltr'>ritualibus</span> <span class='ocrx_word' id='word_1_491' title='bbox 1488 2465 1533 2498; x_wconf 91' lang='lat' dir='ltr'>vcl</span> <span class='ocrx_word' id='word_1_492' title='bbox 1554 2464 1786 2508; x_wconf 84' lang='lat' dir='ltr'>temporalibus</span> <span class='ocrx_word' id='word_1_493' title='bbox 1797 2464 1962 2505; x_wconf 83' lang='lat' dir='ltr'>audiendi,</span> <span class='ocrx_word' id='word_1_494' title='bbox 1985 2474 2038 2498; x_wconf 88' lang='lat' dir='ltr'>co-</span> 
     </span>
     <span class='ocr_line' id='line_1_89' title="bbox 1297 2517 2035 2561; baseline -0.001 -10"><span class='ocrx_word' id='word_1_495' title='bbox 1297 2518 1471 2558; x_wconf 61' lang='lat' dir='ltr'>gnoscendi</span> <span class='ocrx_word' id='word_1_496' title='bbox 1497 2523 1527 2551; x_wconf 88' lang='lat' dir='ltr'>et</span> <span class='ocrx_word' id='word_1_497' title='bbox 1542 2518 1605 2550; x_wconf 85' lang='lat' dir='ltr'>linc</span> <span class='ocrx_word' id='word_1_498' title='bbox 1623 2517 1745 2558; x_wconf 84' lang='lat' dir='ltr'>debito,</span> <span class='ocrx_word' id='word_1_499' title='bbox 1763 2523 1858 2561; x_wconf 87' lang='lat' dir='ltr'>prout</span> <span class='ocrx_word' id='word_1_500' title='bbox 1873 2517 1951 2551; x_wconf 88' lang='lat' dir='ltr'>iuris</span> <span class='ocrx_word' id='word_1_501' title='bbox 1964 2518 2035 2551; x_wconf 87' lang='lat' dir='ltr'>t&#39;ue-</span> 
     </span>
     <span class='ocr_line' id='line_1_90' title="bbox 1298 2571 2037 2614; baseline -0.001 -10"><span class='ocrx_word' id='word_1_502' title='bbox 1298 2572 1347 2609; x_wconf 81' lang='lat' dir='ltr'>rit,</span> <span class='ocrx_word' id='word_1_503' title='bbox 1381 2571 1593 2609; x_wconf 85' lang='lat' dir='ltr'>terminandi·,</span> <span class='ocrx_word' id='word_1_504' title='bbox 1633 2581 1691 2603; x_wconf 88' lang='lat' dir='ltr'>nec</span> <span class='ocrx_word' id='word_1_505' title='bbox 1723 2581 1786 2604; x_wconf 91' lang='lat' dir='ltr'>non</span> <span class='ocrx_word' id='word_1_506' title='bbox 1816 2580 2037 2614; x_wconf 80' lang='lat' dir='ltr'>quoscumque</span> 
     </span>
     <span class='ocr_line' id='line_1_91' title="bbox 1298 2624 2033 2668; baseline -0.001 -10"><span class='ocrx_word' id='word_1_507' title='bbox 1298 2626 1450 2659; x_wconf 71' lang='lat' dir='ltr'>interesse</span> <span class='ocrx_word' id='word_1_508' title='bbox 1480 2626 1634 2658; x_wconf 83' lang='lat' dir='ltr'>babentes</span> <span class='ocrx_word' id='word_1_509' title='bbox 1649 2631 1712 2658; x_wconf 86' lang='lat' dir='ltr'>tam</span> <span class='ocrx_word' id='word_1_510' title='bbox 1735 2625 1765 2658; x_wconf 88' lang='lat' dir='ltr'>in</span> <span class='ocrx_word' id='word_1_511' title='bbox 1778 2625 1898 2668; x_wconf 88' lang='lat' dir='ltr'>oppido</span> <span class='ocrx_word' id='word_1_512' title='bbox 1923 2624 2033 2657; x_wconf 82' lang='lat' dir='ltr'>Traie-</span> 
     </span>
     <span class='ocr_line' id='line_1_92' title="bbox 1298 2677 2034 2722; baseline 0 -12"><span class='ocrx_word' id='word_1_513' title='bbox 1298 2679 1396 2711; x_wconf 64' lang='lat' dir='ltr'>cti-nsi</span> <span class='ocrx_word' id='word_1_514' title='bbox 1412 2691 1507 2721; x_wconf 78' lang='lat' dir='ltr'>qnam</span> <span class='ocrx_word' id='word_1_515' title='bbox 1527 2679 1554 2711; x_wconf 86' lang='lat' dir='ltr'>in</span> <span class='ocrx_word' id='word_1_516' title='bbox 1571 2679 1672 2722; x_wconf 61' lang='lat' dir='ltr'>pagis.</span> <span class='ocrx_word' id='word_1_517' title='bbox 1692 2678 1779 2716; x_wconf 73' lang='lat' dir='ltr'>laris,</span> <span class='ocrx_word' id='word_1_518' title='bbox 1797 2677 1994 2711; x_wconf 82' lang='lat' dir='ltr'>districtibus</span> <span class='ocrx_word' id='word_1_519' title='bbox 2007 2683 2034 2711; x_wconf 85' lang='lat' dir='ltr'>ct</span> 
     </span>
    </p>
   </div>
   <div class='ocr_carea' id='block_1_4' title="bbox 2239 206 2253 553">
    <p class='ocr_par' dir='ltr' id='par_1_5' title="bbox 2239 206 2253 553">
     <span class='ocr_line' id='line_1_93' title="bbox 2240 206 2253 407; baseline 0 0"><span class='ocrx_word' id='word_1_520' title='bbox 2240 206 2253 407; x_wconf 95' lang='lat' dir='ltr'>   </span> 
     </span>
     <span class='ocr_line' id='line_1_94' title="bbox 2239 407 2253 553; baseline 0 0"><span class='ocrx_word' id='word_1_521' title='bbox 2239 407 2253 553; x_wconf 95' lang='lat' dir='ltr'>  </span> 
     </span>
    </p>
   </div>
   <div class='ocr_carea' id='block_1_5' title="bbox 2059 271 2235 309">
    <p class='ocr_par' dir='ltr' id='par_1_6' title="bbox 2059 271 2235 309">
     <span class='ocr_line' id='line_1_95' title="bbox 2059 271 2235 309; baseline 0.023 -4"><span class='ocrx_word' id='word_1_522' title='bbox 2059 278 2108 305; x_wconf 71' lang='lat' dir='ltr'>An.</span> <span class='ocrx_word' id='word_1_523' title='bbox 2125 278 2153 306; x_wconf 92' lang='lat' dir='ltr'>C.</span> <span class='ocrx_word' id='word_1_524' title='bbox 2175 271 2235 309; x_wconf 62' lang='lat'>1601</span> 
     </span>
    </p>
   </div>
   <div class='ocr_carea' id='block_1_6' title="bbox 2057 446 2238 551">
    <p class='ocr_par' dir='ltr' id='par_1_7' title="bbox 2057 446 2238 551">
     <span class='ocr_line' id='line_1_96' title="bbox 2066 446 2236 475; baseline 0.006 -8"><span class='ocrx_word' id='word_1_525' title='bbox 2066 446 2236 475; x_wconf 73' lang='lat' dir='ltr'>Facultatcmqm</span> 
     </span>
     <span class='ocr_line' id='line_1_97' title="bbox 2057 473 2238 500; baseline 0.011 -6"><span class='ocrx_word' id='word_1_526' title='bbox 2057 473 2126 494; x_wconf 81' lang='lat' dir='ltr'>eidem</span> <span class='ocrx_word' id='word_1_527' title='bbox 2145 473 2238 500; x_wconf 67' lang='lat' dir='ltr'>concedit</span> 
     </span>
     <span class='ocr_line' id='line_1_98' title="bbox 2057 499 2237 525; baseline 0.017 -5"><span class='ocrx_word' id='word_1_528' title='bbox 2057 500 2152 525; x_wconf 76' lang='lat' dir='ltr'>erigendi</span> <span class='ocrx_word' id='word_1_529' title='bbox 2177 499 2237 523; x_wconf 82' lang='lat' dir='ltr'>tribu-</span> 
     </span>
     <span class='ocr_line' id='line_1_99' title="bbox 2057 526 2221 551; baseline 0 -4"><span class='ocrx_word' id='word_1_530' title='bbox 2057 526 2098 551; x_wconf 81' lang='lat' dir='ltr'>ual,</span> <span class='ocrx_word' id='word_1_531' title='bbox 2106 529 2141 547; x_wconf 80' lang='lat' dir='ltr'>etc.</span> <span class='ocrx_word' id='word_1_532' title='bbox 2219 539 2221 541; x_wconf 85' lang='lat'>·</span> 
     </span>
    </p>
   </div>
   <div class='ocr_carea' id='block_1_7' title="bbox 2166 553 2253 3195">
    <p class='ocr_par' dir='ltr' id='par_1_8' title="bbox 2166 553 2253 3195">
     <span class='ocr_line' id='line_1_100' title="bbox 2166 553 2253 3195; baseline 0 0"><span class='ocrx_word' id='word_1_533' title='bbox 2166 553 2253 3195; x_wconf 95' lang='lat' dir='ltr'> </span> 
     </span>
    </p>
   </div>
  </div>
 </body>
</html>
