2253 3195
33 269 81 297 An.
102 268 132 296 C.
150 267 216 296 1602

849 268 995 293 CLEMENS
1015 269 1072 292 VIII
1093 269 1131 292 PP
1138 285 1143 291 .

550 317 658 352 CCXC.

292 423 329 456 In
355 424 439 456 idem
460 428 688 467 (tryumcntmn
704 435 764 467 pro
789 424 916 456 ‹Iiceccsi

505 477 665 510 Oriolensi
685 477 704 509 ¹.

435 567 569 593 Clemens
589 567 668 600 Papa
688 567 769 597 vm,

376 621 412 646 ad
433 620 565 646 futuram
585 620 629 647 rei
649 620 830 646 memoriam.

276 691 449 735 Apostolici
467 690 621 730 muneris,
649 694 705 723 etc.
727 690 866 726 (rstetvru
886 695 920 722 u!
939 691 973 723 in

230 744 464 788 praecedenti).

278 799 294 839 ἓ
316 797 346 829 1.
370 797 453 830 Alias
477 796 633 840 siquidem
658 807 716 839 pro
752 803 840 840 parte
872 798 975 830 clarae

235 850 409 884 memoriae
430 849 568 893 Philippi
593 849 633 889 ΙΙ,
652 854 708 883 acc.
729 850 777 892 (ut
794 851 916 893 supra).

279 904 294 946 ἓ
319 903 350 936 2.
371 904 448 938 Cum
464 909 582 943 autem,
603 904 684 937 sicut
698 914 802 947 nuper
815 913 873 947 pro
886 910 976 947 parte

36 966 221 1016 riosslgssicppggdtss
235 956 412 990 charissimi
437 957 468 989 in
489 956 613 990 Christo
641 957 695 989 filii
717 958 817 990 nostri
838 957 975 1001 Philippi

37 1026 81 1073 3¹1¹}
84 1020 220 1067 upafflgiffis
235 1010 461 1052 Hispaniarum
480 1010 563 1053 regis
573 1010 733 1050 catholici,
745 1021 779 1043 ac
789 1010 976 1043 venerahilis

235 1063 341 1096 fratris
352 1063 477 1106 Iosephi
493 1063 642 1107 Stephani
657 1063 977 1107 episcopiOriolensis

235 1115 327 1149 nobis
345 1116 522 1160 expositum
547 1116 617 1156 tuit,
639 1116 723 1149 idem
742 1116 893 1160 Iosephus
913 1117 977 1160 epi-

235 1179 349 1213 scopus
375 1170 533 1202 mandatis
565 1170 680 1202 nostris
701 1169 884 1203 huiusmodi
903 1170 978 1202 obe—

234 1223 349 1263 diens,
386 1230 416 1256 et
446 1223 613 1268 pastoralis
634 1223 731 1257 officii
756 1224 803 1256 sui
833 1223 976 1256 debitum

235 1277 410 1320 adimplere
424 1287 611 1321 procurans,
628 1277 701 1310 totis
719 1277 838 1310 viribus
855 1276 978 1310 incum-

235 1330 314 1363 bens
333 1358 339 1371 ‚
373 1332 520 1364 universa
555 1330 671 1375 oppida
708 1341 783 1364 suae
823 1330 977 1364 dioecesis

235 1383 418 1425 Oriolensis,
438 1395 519 1428 quae
551 1383 674 1417 noviter
694 1384 835 1417 conversi
862 1384 978 1417 huius-

236 1437 344 1478 modi,
371 1444 401 1471 et
420 1448 474 1471 seu
500 1449 611 1472 eorum
637 1437 867 1471 descendentes
892 1438 979 1471 inco-

235 1491 325 1531 lunt,
344 1492 607 1535 perlustraverit,
634 1497 665 1524 et
684 1491 733 1524 his
758 1491 908 1525 omnibus
948 1498 979 1525 et

236 1545 384 1589 s'ngulis,
412 1557 493 1589 quae
521 1556 580 1589 pro
616 1545 722 1578 debita
754 1545 978 1578 mandatorum

189 1594 192 1598 ”
235 1604 416 1632 nostrorum
441 1599 626 1632 executione
646 1626 652 1639 ‚
683 1605 714 1631 et
738 1598 976 1642 praedictorum

235 1652 359 1685 noviter
379 1662 604 1685 conversorum
626 1652 657 1684 in
678 1663 750 1685 vera
772 1657 803 1684 et
824 1651 978 1684 catholica

236 1705 299 1738 fide
322 1705 533 1739 instructione
558 1704 707 1748 expedire
732 1704 798 1738 visa
823 1706 976 1745 suerunt,

236 1758 392 1791 maturius
413 1758 637 1800 consideratis,
672 1769 709 1791 ac
734 1758 877 1801 diligenti
903 1769 980 1790 cura

235 1811 422 1856 perpensis,
442 1811 647 1845 considerans
671 1812 703 1844 in
724 1811 792 1845 eius
818 1811 979 1846 Oriolensi

236 1864 366 1905 diocesi,
393 1866 425 1898 in
446 1876 510 1909 qua
529 1865 679 1898 undecim
705 1865 828 1898 noviter
849 1875 980 1899 conver-

234 1927 343 1951 sorum
367 1917 551 1952 huiusmodi
573 1917 702 1961 oppida,
725 1923 759 1950 ut
777 1917 908 1951 inferius
926 1918 980 1951 de<

235 1970 423 2014 signabitur,
439 1971 656 2011 eontinentur,
674 1977 707 2005 ut
719 1971 870 2016 neophyti
890 1983 980 2015 prae-

237 2023 326 2064 dicti,
342 2024 436 2057 simili
463 2030 494 2058 et
510 2025 673 2058 communi
695 2026 839 2058 omnium
864 2027 981 2058 instru-

236 2078 352 2117 ctione,
377 2078 451 2110 fidei
473 2079 645 2112 catholicae
665 2078 842 2122 praeceptis
864 2079 978 2118 imbui,

237 2137 268 2164 et
292 2131 365 2164 fidei
392 2132 576 2165 huiusmodi
602 2133 800 2165 incrementa
818 2133 980 2176 suscipere

237 2185 389 2223 valerent,
416 2184 484 2219 fieri
512 2185 691 2229 oporte-bau
709 2192 888 2229 eapropter
907 2196 980 2219 nor-

239 2249 323 2271 mam
343 2238 532 2272 venerahilis
547 2239 651 2272 fratris
676 2239 909 2283 archiepiscopi
925 2240 981 2272 Va-

238 2292 435 2334 lentinensiS,
459 2292 525 2335 qui,
547 2292 654 2335 vigore
681 2293 839 2325 dictarum
865 2292 982 2336 Grego-

239 2346 276 2378 rii
302 2346 370 2379 XIII
395 2346 591 2385 litterarum,
613 2346 753 2380 diversas
785 2346 982 2390 parochiales

239 2399 388 2432 eeclesias
409 2405 439 2432 et
456 2399 589 2433 vicarias
608 2399 756 2440 instituit,
770 2399 980 2442 insequendo,

240 2453 428 2494 erectiones,
443 2453 655 2493 fundationes,
671 2452 854 2493 divisiones,
871 2452 983 2485 distin—

241 2507 380 2547 ctiones,
403 2506 594 2550 dotiumque
621 2507 683 2539 iam
705 2508 858 2539 factarum
888 2511 919 2539 et
938 2513 983 2539 at-

242 2561 449 2601 tributarum,
473 2571 510 2593 ac
529 2560 692 2593 redituum
718 2565 749 2593 et
770 2565 981 2603 proventuum

240 2613 471 2658 parochialium
496 2613 702 2647 ecclesiarum
729 2618 759 2645 et
791 2613 981 2646 vicariarum

280 2677 286 2702 1
309 2676 343 2703 Ex
367 2677 477 2712 llegest.
499 2675 524 2702 iu
545 2676 646 2703 Secret.
670 2675 804 2702 llrevium.

1651 256 1708 288 8531

1004 310 1189 349 huiusmodi
1207 316 1237 349 in
1263 315 1332 348 cius
1350 314 1499 355 dioecesi,
1512 315 1542 348 in
1554 315 1648 354 hanc,
1661 325 1744 357 quae

1005 369 1160 412 sequitur,
1189 370 1324 402 sormam
1345 368 1537 411 designavit,
1564 367 1721 401 videlieet:

1050 422 1254 455 Sanctissimo
1271 423 1306 455 D.
1321 422 1357 455 N.
1382 421 1536 455 Clementi
1562 422 1642 461 VIII,
1664 422 1747 454 lose·
1792 433 1946 470 rint—mofla-

1007 477 1088 519 phus
1102 476 1280 519 Stephanus
1301 476 1470 519 episcopus
1488 475 1671 514 Oriolensis,
1693 475 1747 507 de·
1761 460 1946 512 {2‘2'1‘131530's‘13322-7}

1007 535 1078 563 vota
1103 535 1133 563 et
1153 530 1283 563 humilis
1308 529 1492 563 Sanctitatis
1512 535 1633 562 vestrae
1653 539 1748 561 crca—
1763 519 1791 534 η’

1007 588 1089 622 tura,
1114 589 1185 627 post
1206 583 1323 627 pedum
1350 583 1458 616 oscula
1479 583 1665 621 beatorum,
1699 592 1748 614 sa-

1008 637 1106 669 lutem
1128 642 1158 669 et.
1183 637 1339 670 sinceram
1372 636 1598 669 obedientiam.
1636 635 1749 678 Accepi

1008 689 1129 721 litteras
1161 688 1343 722 Sanctitatis
1378 695 1522 729 vestrae,
1555 699 1610 721 seu
1639 698 1748 721 earum

1008 747 1244 785 transumptum
1270 742 1303 774 in
1328 742 1431 775 forma
1458 742 1561 775 brevis
1583 741 1621 775 ad
1641 752 1750 785 preces

1009 801 1039 828 et
1058 795 1322 839 supplicationem
1353 795 1490 838 Philippi
1513 795 1552 834 ll,
1578 794 1752 838 Hispania-

1009 859 1078 881 rum
1112 849 1193 891 regis
1226 849 1374 882 catholici
1405 849 1579 892 expeditas,
1606 848 1637 881 in
1669 849 1752 882 hanc

1009 903 1154 935 videlicet
1187 903 1333 936 sormam.
1367 903 1401 935 In
1427 903 1563 936 Nomine
1586 901 1751 936 Sanctissi-

1010 965 1079 988 mae
1100 961 1130 988 et
1150 955 1332 989 individuae
1356 955 1531 996 Trinitatis,
1550 959 1604 988 etr.
1634 955 1693 998 (ut
1716 956 1752 987 in

1007 1009 1240 1052 praecedenti).

1054 1062 1097 1095 Ex
1108 1062 1225 1105 quibus
1242 1063 1335 1105 plane
1352 1061 1534 1095 Sanctitatis
1555 1063 1683 1095 Vestrae
1702 1061 1751 1094 lit-

1012 1115 1086 1148 teris
1110 1116 1222 1157 ingens
1245 1116 1381 1159 Philippi
1407 1116 1452 1155 ll,
1479 1116 1570 1149 cuius
1596 1115 1751 1148 memoria

1011 1168 1041 1201 in
1062 1168 1284 1202 benedictione
1304 1175 1369 1208 est,
1399 1179 1477 1203 cura
1501 1174 1532 1201 et
1563 1169 1678 1201 ardens
1698 1169 1752 1201 de-

1010 1221 1162 1254 siderium
1188 1221 1297 1262 eluxit,
1320 1228 1354 1255 ut
1366 1222 1522 1255 Valentini
1540 1222 1627 1265 regni
1642 1232 1753 1263 reeen-

1013 1274 1108 1307 tiores
1145 1274 1311 1308 christiani
1338 1286 1355 1308 a
1379 1276 1495 1308 Mauris
1528 1275 1754 1309 descendentes

1011 1330 1041 1361 in
1064 1339 1136 1361 vera
1156 1327 1270 1362 Christi
1297 1328 1358 1362 tide
1378 1335 1409 1362 et
1432 1329 1586 1372 religione
1612 1329 1756 1362 institue-

1012 1389 1144 1424 rentur,
1172 1388 1202 1416 et
1221 1382 1360 1415 nefariae
1385 1388 1488 1416 sectae
1513 1383 1755 1416 mahometanae

1011 1446 1135 1470 errores
1159 1436 1344 1470 abiicerent.
1372 1436 1491 1470 Eadem
1513 1436 1694 1470 sollicitudo
1724 1437 1755 1469 in

1012 1489 1157 1534 Philippo
1182 1490 1222 1522 ΙΙΙ
1248 1489 1389 1534 parentis
1413 1491 1461 1524 sui
1477 1518 1484 1532 ‚
1512 1501 1577 1524 non
1609 1497 1670 1524 tam
1708 1502 1756 1524 re-

1012 1553 1167 1586 gnorum,
1187 1554 1284 1587 quam
1310 1544 1405 1576 etiam
1435 1544 1596 1587 religionis
1621 1544 1757 1578 haerede

1013 1596 1220 1640 conspicitur.
1235 1595 1293 1634 Qui
1314 1596 1420 1630 statim
1443 1608 1477 1629 ac
1494 1608 1668 1640 regnorum
1684 1608 1757 1631 suo-

1012 1661 1084 1683 rum
1113 1649 1253 1682 habenas
1287 1651 1433 1693 accepit,
1460 1650 1540 1683 nihil
1572 1652 1672 1694 magis
1695 1652 1754 1684 ha-

1013 1703 1082 1736 huit
1117 1704 1147 1736 in
1174 1704 1266 1743 votiS‚
1292 1714 1388 1746 quam
1421 1710 1455 1737 ut
1480 1715 1591 1737 omnes
1617 1704 1756 1748 episcopi

1013 1757 1108 1790 huius
1129 1757 1218 1800 regni
1244 1756 1275 1789 in
1293 1757 1375 1789 hanc
1393 1768 1503 1791 euram
1532 1758 1757 1791 incumberent

1014 1810 1257 1853 niterenturque
1275 1810 1403 1844 eosdem
1422 1812 1599 1855 neophytos
1614 1812 1757 1845 christia-

1014 1874 1071 1897 nos
1096 1863 1274 1904 instituere,
1300 1870 1330 1897 et
1355 1864 1386 1897 in
1408 1864 1471 1897 fide
1491 1865 1646 1897 catholica
1666 1870 1758 1898 etre-

1014 1917 1130 1960 ligione
1155 1917 1310 1950 imbuere.
1334 1917 1463 1951 Vestrae
1478 1929 1607 1962 quoque
1621 1918 1758 1951 Beatitu—

1014 1971 1096 2004 dinis
1117 1971 1213 2005 ardor
1238 1978 1269 2004 ct
1294 1972 1393 2015 pictas
1420 1978 1527 2015 aperte
1549 1972 1754 2016 conspicitur,

1014 2036 1086 2059 cum
1113 2030 1244 2068 paterno
1261 2025 1327 2058 zelo
1346 2032 1376 2058 et
1402 2026 1552 2059 charitate
1577 2037 1614 2059 eo
1636 2027 1758 2059 incum-

1015 2079 1100 2119 bitis,
1127 2084 1161 2111 ut
1197 2078 1387 2123 presbyteri,
1413 2078 1526 2111 litteris
1547 2084 1578 2111 et
1604 2079 1758 2122 religione

1015 2131 1298 2175 prohat.i,singulis
1319 2131 1445 2175 oppidis
1463 2133 1645 2165 Maurorum
1668 2143 1758 2175 prae—

1015 2190 1187 2230 ponantur,
1204 2186 1257 2229 qui
1272 2185 1314 2218 ibi
1334 2196 1444 2218 curam
1470 2185 1649 2218 animarum
1671 2196 1759 2218 exer-

1015 2244 1117 2280 ceant,
1130 2244 1160 2272 et
1173 2249 1230 2272 suo
1241 2239 1386 2282 exemplo
1401 2244 1431 2272 et
1447 2238 1564 2282 pictate
1578 2238 1759 2282 praedictos

1016 2294 1139 2326 Mauros
1161 2293 1198 2324 ad
1218 2292 1313 2325 Iidem
1335 2298 1365 2325 et
1394 2291 1544 2335 pictatem
1575 2291 1755 2325 traducant.

1015 2346 1130 2386 Quare,
1153 2356 1225 2378 eum
1247 2345 1387 2378 studium
1422 2345 1603 2378 Sanctitatis
1632 2346 1759 2378 Vestrae

1017 2399 1186 2439 mandatis,
1204 2405 1234 2432 ct
1248 2398 1385 2441 Philippi
1404 2398 1429 2431 ΙΙ
1444 2398 1597 2431 voluntati
1613 2398 1758 2442 obsequi,

1015 2459 1045 2487 et
1059 2453 1194 2497 Philippi
1213 2453 1251 2485 ΙΙΙ
1266 2452 1424 2486 desiderio
1454 2452 1633 2485 satisfacere
1654 2452 1757 2496 coepi,

1015 2508 1075 2540 hoc
1101 2517 1218 2540 munus
1244 2506 1320 2539 mihi
1341 2517 1358 2539 a
1383 2506 1558 2540 Sanctitate
1578 2507 1687 2539 Vestra
1710 2506 1760 2538 in-

1016 2560 1160 2594 iunctum
1183 2559 1353 2603 diligenter
1365 2559 1538 2603 suscipere,
1555 2566 1583 2593 et
1603 2570 1641 2593 co
1655 2559 1760 2593 studio

1016 2614 1179 2658 prosequi,
1194 2619 1229 2647 ut
1246 2613 1410 2647 faciliuset
1430 2613 1631 2647 commodius
1652 2614 1761 2647 huius-

1017 2667 1101 2701 modi
1136 2667 1331 2711 parochiales
1365 2667 1517 2701 ecclcsiae
1543 2667 1665 2701 institui
1705 2678 1761 2711 po-

1761 266 1810 292 An.
1832 265 1945 293 0160?

1785 913 1856 933 Refert
1871 913 1950 933 litteras

1765 940 1807 959 sihi
1822 945 1834 960 a
1848 939 1950 960 Pontitice

1767 967 1835 986 datas.

1779 1078 1952 1104 Obtemperando

1767 1105 1873 1125 innituit-is
1893 1111 1952 1125 ruau-

1767 1131 1951 1157 dathperdelega·

1767 1161 1799 1178 tus
1807 1164 1855 1178 suos
1867 1158 1950 1178 moduni

1767 1185 1915 1205 slatuitnoias
1931 1191 1951 1205 s-

1767 1211 1860 1237 rigendi,
1882 1212 1951 1236 singu-

1768 1239 1841 1263 lasque
1864 1237 1952 1258 detondi

1767 1264 1889 1290 parochias.
