2253 3195
248 204 299 231 An.
316 204 344 232 o.
364 204 432 233 1596
477 196 553 230 292-

272 1163 352 1184 Causae
364 1165 442 1185 [icien-

258 1190 299 1210 dae
318 1190 443 1212 ‹tettan-auo-

723 253 905 287 CXXXVIII.

449 361 632 394 Declaralio
662 359 749 403 quod·
778 359 846 401 filii
876 359 994 391 civium
1027 359 1190 392 Manasse-

493 413 662 449 riensium‚
687 411 829 454 legitimi
848 415 876 444 et
897 412 1045 454 inyemti,
1059 422 1081 444 a
1100 412 1192 445 bene-

492 465 576 506 ficiis
596 465 856 508 colleqiatartmz,
880 468 908 497 ct
927 464 1019 506 filiae
1042 475 1061 498 a
1078 475 1191 498 mona-

493 518 600 550 storiis
606 528 679 550 mon
685 518 768 550 {aliu
774 528 804 550 m
813 517 943 551 excludi
955 528 1020 550 non
1033 519 1160 562 possint
1168 518 1187 551 ¹.

660 607 794 634 Clemens
811 606 890 640 Papa
904 607 982 639 VIII,

579 660 615 687 ad
629 663 804 694 perpetuam
819 659 864 687 rei
879 660 1065 687 memoriam.

496 731 641 774 Exposcit
663 731 831 774 pastoralis
851 736 980 764 nostrae
1004 731 1194 765 sollicitudi-

283 792 421 813 rrooemium-
454 785 502 818 nis
515 785 670 825 debitum,
693 790 727 818 ut
742 785 773 817 in
790 785 841 818 his
856 785 1054 819 auctoritatis
1066 791 1196 819 nostrae

453 843 559 881 partes
585 838 724 870 libenter
747 837 991 882 interponamus
1005 866 1012 879 ‚
1035 850 1094 883 per
1114 850 1196 883 quae

455 890 688 923 catholicorum
721 891 761 924 ad
786 891 946 924 Ecclesiae
973 892 1049 933 Dei,
1080 892 1113 924 in
1134 903 1197 936 qua

454 953 665 987 personarum
687 944 831 987 acceptio
852 954 916 977 non
942 950 999 985 est,
1020 944 1197 979 ministeria

456 998 647 1031 idoneorum
677 998 772 1031 statui
793 1004 824 1032 et
844 998 1047 1032 indemnitati
1072 1009 1194 1043 oppor-

457 1056 532 1084 tune
553 1051 741 1084 consulitur.
962 1084 966 1090 ,

502 1105 517 1148 ξ
537 1104 567 1137 ’1.
591 1104 685 1145 Sane,
706 1115 791 1146 cum,
815 1105 898 1138 sicut
915 1105 1109 1149 accepimus,
1124 1106 1199 1140 licet

458 1157 489 1190 in
510 1157 686 1200 collegiatis
717 1158 858 1192 ecclesiis
881 1158 912 1192 S.
940 1159 1029 1191 Pauli
1050 1159 1172 1193 Veteris
1187 1187 1194 1200 ,

458 1212 488 1245 S.
511 1212 651 1254 Ludgeri
673 1218 702 1245 et
722 1211 752 1246 S.
776 1212 901 1245 Martini
925 1213 1194 1254 Monasteriensis‚

458 1276 494 1298 ac
514 1265 545 1299 S.
566 1265 703 1298 Mauritii
725 1276 826 1310 prope
846 1272 876 1300 et
904 1272 992 1300 extra
1012 1277 1122 1300 muros
1151 1267 1199 1301 di-

458 1324 526 1352 ctae
555 1318 703 1359 civitatis,
727 1330 787 1353 nec
807 1330 871 1352 non
902 1320 1097 1353 monasterio
1122 1331 1194 1354 mo-

457 1371 592 1404 nialium
621 1372 651 1405 S.
681 1372 785 1414 Egidii
819 1373 962 1406 eiusdem
983 1373 1117 1407 civitatis
1140 1373 1198 1406 filii

458 1430 487 1458 et
511 1424 596 1471 filiae
619 1425 737 1459 civium
767 1426 909 1459 eiusdem
937 1426 1082 1467 civitatis,
1104 1427 1198 1460 dum-

458 1479 555 1511 modo
575 1489 608 1511 se
629 1479 836 1520 orthodoxos,
860 1480 979 1523 probos
1005 1486 1035 1513 et
1057 1480 1096 1513 de
1113 1481 1195 1523 legi-

459 1531 536 1564 timo
559 1531 651 1565 thoro
671 1538 762 1565 natos
787 1533 902 1566 docere
927 1539 1066 1576 possent,
1090 1539 1121 1566 et
1140 1544 1195 1566 ca-

458 1585 574 1618 nonice
594 1586 713 1629 provisi
736 1592 857 1627 essent,
890 1597 954 1620 non
976 1587 1082 1620 minus
1101 1598 1198 1630 quam

458 1638 582 1671 nobiles
615 1638 784 1679 militares,
821 1639 1005 1672 indistincte
1035 1640 1074 1672 ab
1111 1640 1199 1673 omni

458 1690 626 1723 hominum
654 1691 833 1732 memoria,
879 1692 977 1736 recipi
1007 1698 1037 1725 et
1073 1693 1199 1726 admitti

458 1743 707 1781 consuevissent,
732 1744 951 1785 nihilominus,
976 1751 1006 1778 ut
1029 1745 1123 1778 etiam
1141 1756 1197 1778 ac-

458 1796 612 1839 cepimus,
641 1797 747 1829 dilecti
768 1797 823 1829 sitii
848 1797 1027 1841 Capitulum
1050 1805 1077 1831 et
1105 1808 1200 1832 cano-

459 1849 520 1881 nis-i
543 1850 704 1893 praefatae
718 1850 877 1884 Ecclesiae
891 1851 920 1884 S.
938 1851 1074 1884 Mauritii
1089 1862 1107 1884 a
1120 1862 1200 1884 uon-

459 1902 555 1935 nullis
573 1903 663 1935 aunis
675 1903 753 1936 citra
767 1904 929 1947 quoddam
952 1909 1106 1937 statutum
1121 1905 1200 1948 (quo

460 1961 608 1995 cavetur,
645 1962 674 1988 ut
707 1957 882 1990 canonicus
911 1968 969 2001 pro
997 1963 1141 2001 tempore
1168 1958 1199 1990 in

460 2009 545 2042 clima
573 2010 707 2042 ecclesia
737 2010 940 2054 recipie-tulus
969 2017 998 2044 ct
1022 2011 1197 2044 admitten-

461 2064 538 2102 dus,
575 2070 746 2107 autequam
773 2064 811 2096 ad
838 2065 1068 2108 professionem
1103 2076 1200 2099 cano-

462 2117 584 2149 nicatus
616 2123 643 2149 et
676 2117 877 2161 prat-luendae
899 2118 997 2161 ipsius
1024 2119 1196 2159 ecclcsiae,

461 2170 570 2213 quavis
588 2170 682 2203 ctiam
705 2171 881 2214 apostolica
899 2171 1098 2210 auctoritate,
1114 2178 1142 2205 et
1165 2184 1201 2205 ex

462 2234 667 2266 quocumque
693 2234 810 2263 gent-re
832 2224 1015 2262 vacationis,
1050 2225 1144 2257 etiam
1165 2236 1201 2258 ex

462 2287 556 2308 causa
578 2276 822 2319 'wi-mutationis
848 2277 893 2309 vel
918 2277 1109 2309 concordiae
1130 2278 1198 2310 rol-

463 2330 598 2361 latoruut
621 2329 837 2368 imtnt-erttur,
856 2342 912 2373 per
929 2330 1009 2362 (tuos
1028 2336 1122 2363 testes
1135 2331 1202 2363 ido-

464 2393 539 2413 ncos
560 2388 586 2414 ct
607 2383 668 2414 lid·-
694 2382 819 2421 dignos,
844 2383 1025 2427 probosque
1047 2389 1072 2415 rt
1098 2384 1199 2416 lione-

463 2442 527 2467 stm-
560 2436 810 2468 rourersatiouis
831 2436 914 2468 viros
943 2437 1001 2469 sul»
1023 2437 1203 2470 iuramento

465 2500 512 2531 pv·
541 2501 594 2519 vos
610 2490 858 2532 p1:trstatulo,se
877 2489 914 2521 ιΙι·
936 2490 1079 2529 l=·=,:itiuto
1097 2490 1200 2529 thoro,

465 2553 499 2572 :u-
531 2541 680 2580 teutonus
701 2548 730 2575 rt
749 2543 894 2582 iugo-uuis
916 2543 1101 2586 parc-utilius
1125 2554 1201 2587 pro-

504 2604 511 2628 t
538 2603 572 2629 lix
591 2603 696 2638 Ite-gest.
714 2605 739 2630 iu
759 2608 860 2631 set-ret.
883 2605 1014 2632 tit-evium.

1027 206 1210 230 BULLARIUM
1230 205 1384 230 ROMANUM

1221 258 1365 286 creatum
1389 263 1474 294 esse,
1496 253 1639 296 legitime
1663 255 1803 298 probare
1827 255 1960 298 debeat)

1221 306 1411 347 ediderunt,
1431 306 1577 350 illudque
1601 317 1620 340 a
1636 307 1740 342 felicis
1762 309 1961 342 recordatio-

1222 359 1271 392 nis
1297 359 1384 393 Sixto
1412 359 1471 393 PP.
1494 360 1530 400 V,
1550 360 1797 403 praedecessore
1827 367 1938 394 nostro
1953 389 1960 402 ,

1223 411 1410 445 confirmari
1434 412 1656 453 obtinuerunt,
1679 423 1716 446 ac
1736 413 1908 447 novissime
1926 414 1964 446 il-

1223 466 1278 498 lud
1299 465 1361 498 alio
1382 477 1464 500 novo
1484 471 1602 499 statuto
1631 467 1803 500 extendere
1829 467 1869 500 ad
1887 478 1964 511 pro-

1224 518 1388 551 bationem
1409 518 1618 561 legitimitatis
1631 525 1662 552 et
1672 519 1879 562 ingenuitatis
1890 530 1964 553 avo-

1224 582 1297 604 rum
1311 578 1342 606 et
1362 572 1506 606 aviarum
1530 583 1590 616 pro
1609 578 1755 616 tempore
1768 572 1888 617 provisi
1904 573 1966 606 hu-

1226 625 1377 666 iusmodi,
1393 636 1430 659 ac
1442 636 1500 669 per
1519 631 1613 659 testes
1626 625 1770 659 eiusdem
1790 626 1963 669 qualitatis,

1227 689 1264 712 ac
1280 679 1415 722 ipsemet
1430 678 1588 722 provisus,
1610 678 1679 712 sine
1695 677 1786 712 Sedis
1801 679 1964 723 Apostoli-

1227 742 1283 765 cae
1295 731 1498 773 auctoritate,
1514 737 1689 772 tentarunt;
1705 732 1861 765 moniales
1880 742 1964 776 quo-

1228 796 1291 829 que
1311 785 1387 818 dicti
1405 785 1593 818 monasterii
1612 784 1643 818 S.
1666 785 1770 828 Egidii
1790 785 1867 819 alias
1885 785 1967 819 fillas

1228 837 1347 871 civium
1376 837 1520 881 recipere
1539 842 1700 885 recusant,
1723 844 1753 870 et
1772 838 1904 871 timetur
1927 849 1968 871 ne

1228 891 1290 924 alia
1302 901 1432 935 quoque
1449 890 1590 934 capitula
1607 896 1639 924 et
1658 891 1864 932 monasteria,
1875 902 1969 935 prae-

1230 944 1389 978 dictorum
1409 944 1556 988 exemplo
1570 971 1577 985 ,
1606 944 1686 977 haec
1710 943 1779 988 ipsa
1797 949 1920 978 tentent
1938 950 1970 978 et

1229 1003 1390 1037 statuant,
1423 997 1511 1041 quod
1531 997 1564 1030 in
1594 997 1828 1031 catholicorum
1853 997 1969 1031 civium

1229 1050 1529 1084 Monasteriensium
1556 1049 1791 1095 praeiudicium
1811 1056 1966 1093 vergeret.

1275 1105 1290 1148 ἓ
1314 1103 1344 1137 ⁶2.
1368 1103 1445 1137 Ideo
1465 1113 1535 1144 nos,
1565 1103 1621 1147 qui
1641 1104 1832 1138 eorumdem
1853 1103 1970 1137 civium

1230 1158 1263 1190 in
1281 1157 1439 1190 catholica
1456 1156 1613 1199 religione
1630 1156 1662 1189 in
1679 1156 1742 1190 illis
1759 1157 1904 1201 partibus
1920 1168 1970 1191 re-

1231 1210 1363 1244 tinenda
1382 1215 1413 1243 et
1445 1210 1574 1251 tuenda,
1598 1210 1822 1251 constantiam,
1842 1210 1906 1244 fide
1923 1210 1972 1244 di-

1229 1274 1367 1307 gnorum
1398 1263 1540 1296 virorum
1572 1263 1739 1304 relatione,
1772 1269 1971 1308 perspectam

1230 1317 1406 1356 habemus,
1441 1326 1560 1360 eosque
1590 1322 1762 1360 propterea
1788 1317 1972 1361 apostolicis

1231 1371 1392 1404 favoribus
1421 1375 1452 1403 et
1472 1369 1594 1412 gratiis,
1621 1375 1657 1403 ut
1677 1369 1711 1402 in
1737 1370 1804 1404 dies
1825 1370 1974 1405 fortiores

1231 1424 1378 1464 evadant,
1409 1423 1524 1466 dignos
1551 1422 1742 1464 iudicamus,
1774 1423 1974 1458 attendentes

1232 1479 1317 1522 apud
1337 1478 1438 1511 Deum
1455 1487 1521 1510 non
1542 1487 1610 1510 esse
1626 1476 1846 1521 acceptionem
1864 1488 1974 1522 perso-

1232 1542 1359 1572 narum,
1382 1538 1518 1565 nectam
1531 1531 1686 1564 natalium
1698 1536 1729 1564 et
1745 1531 1872 1574 generis
1891 1542 1971 1566 con-

1233 1585 1399 1625 ditionem,
1419 1594 1517 1628 quam
1537 1583 1686 1617 virtutem
1708 1589 1739 1617 et
1758 1594 1886 1618 morum
1899 1595 1975 1629 pro-

1233 1638 1364 1672 bitatem
1388 1637 1436 1671 Illi
1463 1642 1570 1680 gratos
1600 1637 1737 1671 reddere
1763 1637 1832 1671 eius
1848 1637 1971 1679 fideles,

1233 1691 1429 1735 praemissis,
1452 1696 1609 1734 quantum
1634 1701 1707 1728 cum
1731 1690 1869 1724 Domisso
1894 1701 1972 1736 pos-

1233 1756 1354 1786 sumus,
1372 1745 1543 1789 providere
1556 1745 1710 1785 volentes,
1733 1744 1976 1789 supplicationi-

1234 1799 1328 1833 nibus
1348 1799 1444 1832 etiam
1466 1799 1658 1832 dilectorum
1679 1798 1821 1833 filiorum
1853 1809 1973 1832 consu-

1234 1852 1312 1890 lum,
1333 1852 1564 1896 proconsulum
1578 1857 1609 1885 et
1623 1851 1718 1885 totius
1730 1857 1860 1885 senatus
1873 1851 1976 1885 dictae

1234 1904 1368 1938 civitatis
1395 1904 1651 1938 Monasteriensis
1676 1904 1770 1938 nobis
1802 1915 1860 1949 per
1890 1904 1973 1938 dile-

1234 1963 1319 1990 ctum
1334 1957 1436 1990 lilium
1453 1963 1597 1991 nostrum
1610 1957 1790 2002 Cynthium,
1803 1957 1975 1991 diaconum

1234 2010 1430 2044 cardinalem
1452 2011 1482 2044 S.
1505 2010 1633 2053 Georgii
1651 2016 1887 2055 nuncupatum,
1910 2021 1972 2045 no-

1234 2071 1346 2102 strum,
1362 2064 1538 2098 secundum
1560 2074 1700 2105 carnem,
1718 2075 1755 2098 ex
1773 2074 1885 2098 sorore
1905 2075 1977 2107 ger-

1235 2128 1330 2150 mana
1348 2123 1511 2161 nepotem,
1534 2128 1632 2162 super
1645 2117 1706 2151 hoc
1719 2117 1883 2151 humiliter
1902 2128 1976 2162 por-

1236 2165 1339 2204 rectis*
1364 2170 1527 2211 inclinati,
1555 2170 1669 2204 harum
1699 2170 1781 2204 serie
1817 2176 1976 2215 perpetuo

1234 2224 1403 2257 statuimus
1419 2229 1447 2256 et
1475 2223 1664 2258 ordinamus
1677 2251 1684 2262 ,
1712 2229 1747 2258 ut
1767 2223 1885 2257 civium
1905 2225 1974 2258 Mo-

1236 2278 1480 2312 nasteriensium
1495 2277 1552 2311 filii
1564 2277 1698 2318 etfiliae,
1714 2277 1799 2311 iuxta
1809 2277 1976 2322 antiquam

1236 2331 1515 2370 consuetudinem,
1540 2331 1571 2364 in
1589 2330 1733 2364 ecclesiis
1749 2330 1931 2374 praedictis,
1947 2337 1979 2366 et

1238 2385 1267 2418 iu
1289 2385 1432 2429 qualibet
1453 2385 1593 2425 illarum,
1621 2395 1746 2418 necnon
1768 2384 1977 2428 quibuscum-

1237 2449 1298 2482 qur·¹
1320 2438 1507 2472 monialium
1546 2438 1749 2471 monasteriis
1788 2437 1974 2482 respective,

1237 2491 1416 2525 dummodo
1448 2502 1481 2525 se
1507 2491 1701 2529 catholicos,
1732 2491 1852 2535 probos
1877 2496 1909 2525 et
1938 2491 1978 2524 de

1239 2544 1381 2584 legitimo
1403 2544 1611 2578 matrimonio
1633 2551 1726 2579 natos
1745 2555 1813 2579 esse
1826 2544 1974 2589 probent,

1238 2597 1359 2641 absque
1381 2597 1442 2631 alia
1463 2597 1627 2632 ulterioris
1637 2598 1756 2640 gradus
1772 2596 1974 2642 probatione,

1973 206 2022 235 An.
2039 206 2068 234 G.

2006 1115 2134 1140 nectat-atio,
2146 1126 2147 1133 κ

1984 1149 2027 1170 qua
2041 1143 2062 1164 iu
2075 1142 2114 1164 rub
2127 1141 2132 1147 ”
2157 1145 2160 1148 ’
