2253 3195
225 257 275 283 An.
292 256 321 283 c.
345 255 412 283 1598
457 245 522 279 430

287 904 298 917 ι·
311 909 316 917 ;
361 904 377 915 ν.
388 904 408 916 tt-

225 925 334 944 1·-:·li·n-!ae
345 924 409 944 sarti'-

225 954 280 972 tw<-
296 951 321 971 ὼ·
337 957 377 977 *1²¹⁴
389 951 409 971 iu
425 944 586 978 maiorum
616 947 876 987 praeceptorum,
900 941 1051 981 fratrum,
1075 939 1168 983 equi-

226 979 316 997 rubri-ta.

420 303 598 332 charissimo
622 302 652 329 in
673 301 790 329 christo
818 301 880 328 filio
900 303 1004 327 nostro
1025 299 1163 332 Philippo

454 355 657 390 Portugalliae
673 357 704 382 et
716 355 920 388 Algarhiorum
935 352 999 387 regi
1014 351 1164 380 catholico

454 410 629 437 militiarum
648 408 718 435 lesu
739 407 859 439 Christi,
881 408 910 435 S.
928 405 1025 434 lacobi
1040 406 1076 432 de
1092 406 1150 438 Spa

454 465 518 497 tha,
531 466 562 490 et
577 462 604 489 S.
621 461 777 489 Benedicti
794 463 828 488 de
839 460 908 488 Avis
927 466 1087 494 regnorum
1096 460 1165 486 Por-

455 516 600 551 tugalliae
621 518 768 550 perpetuo
784 513 1033 548 administratori,
1046 516 1166 547 aposto-

454 572 512 599 lica
528 570 710 598 auctoritate
727 570 884 604 deputato,

611 636 768 666 Clemens
782 635 876 675 Papa
890 634 984 664 vm.

492 713 672 741 charissime
693 713 723 740 in
745 712 862 740 Christo
881 712 943 746 fili,
965 712 1097 738 salutem

539 769 570 793 et
590 765 787 800 apostolicam
807 764 1059 792 benedictionem.

468 839 483 881 ἓ
499 837 525 870 1.
540 836 710 870 Maiestatis
731 842 815 877 tuae,
832 846 868 868 ac
881 835 1073 868 dilectorum
1087 833 1170 866 filio-

426 901 495 925 rum
507 891 665 935 priorum,
679 889 838 922 maiorum
853 888 1167 927 commendatorum,

426 1003 505 1037 tum,
527 996 665 1029 militum
687 1001 718 1028 et
744 994 879 1027 aliarum
902 993 1111 1036 dignitatum,
1136 1003 1172 1025 ac

425 1059 639 1094 personarum
657 1047 847 1081 militiarum
859 1047 932 1080 Iesu
942 1045 1068 1085 Christi,
1083 1045 1114 1079 S.
1126 1045 1173 1078 la·

425 1103 497 1137 cobi
519 1103 558 1136 de
579 1103 676 1146 Spata
696 1107 727 1134 et
747 1099 955 1135 §.Benedicti
976 1099 1016 1132 de
1033 1098 1104 1132 Avis
1124 1109 1174 1131 re-

425 1167 563 1199 gnorum
604 1154 820 1197 Portugalliae
860 1152 1046 1186 nominibus
1080 1151 1174 1185 nobis

426 1221 530 1254 nuper
549 1209 729 1253 expositum
749 1207 819 1247 suit,
841 1207 927 1250 quod
949 1216 1022 1239 cum
1051 1216 1087 1238 ex
1104 1205 1170 1238 Ro-

427 1272 598 1295 manorum
619 1260 812 1294 Pontificum
832 1258 966 1292 indultis
986 1264 1015 1292 et
1037 1268 1170 1291 conces-

426 1316 588 1355 sionibus,
613 1314 645 1347 in
666 1313 767 1356 regali
798 1312 887 1346 curia
917 1312 1048 1356 quidam
1080 1311 1174 1344 iudex

429 1375 637 1403 conservator
666 1367 824 1411 generalis
857 1367 895 1400 ad
932 1365 1173 1399 universitatem

428 1434 597 1458 causarum
618 1421 858 1466 praedictorum
879 1419 1035 1454 Ordinum
1054 1429 1072 1452 a
1093 1418 1176 1461 regi-

429 1479 487 1511 bus
507 1475 723 1518 portugalliae
750 1473 940 1507 eorumdem
972 1471 1177 1505 administra-

429 1531 551 1564 toribus
572 1528 719 1572 dcputari
738 1533 769 1560 et
789 1526 918 1566 mutari,
936 1537 972 1559 ac
992 1525 1103 1564 alium,
1128 1530 1175 1557 to-

431 1584 488 1617 ties
508 1582 634 1626 quoties
655 1591 736 1625 opus
757 1586 814 1619 cst,
839 1578 998 1612 nominari
1017 1584 1047 1612 et
1065 1578 1175 1611 subro-

430 1636 498 1677 gat-i
520 1634 732 1674 consueverit,
757 1640 787 1667 et
818 1633 967 1666 maiestas
1000 1637 1064 1672 tua,
1093 1631 1178 1665 iuxta

431 1690 516 1724 dicta
537 1689 661 1722 indulta
681 1694 713 1721 ct
733 1686 958 1721 concessiones
978 1685 1176 1725 huiusmodi,

432 1742 657 1787 deputationes
675 1741 804 1784 saepius
821 1739 929 1773 fecerit
949 1745 979 1772 ct
1000 1738 1105 1771 [aciat.
1124 1739 1181 1772 Ye-

432 1809 502 1830 rum
523 1796 597 1839 quia
609 1795 784 1838 aliquando
799 1792 966 1833 contingit,
979 1792 1179 1836 praedictum

434 1850 572 1883 iudicem
588 1853 858 1886 conseiw'atorem,
871 1851 923 1878 aut
939 1845 1102 1877 infirmum
1118 1844 1179 1877 exi-

433 1910 528 1942 stet-e,
558 1907 610 1933 aut
643 1901 682 1933 ab
703 1899 865 1943 aliquibus
889 1904 1073 1942 suspectum
1103 1897 1181 1930 alle-

433 1955 513 1997 gari,
538 1960 593 1987 aut
612 1953 675 1986 alio
697 1952 932 1996 impedimento
953 1950 1106 1989 detineri,
1123 1961 1181 1983 nec

436 2014 568 2053 propter
589 2007 650 2039 loci
672 2005 869 2044 distantiam,
894 2011 921 2036 vt
946 2010 1032 2037 tuam
1059 2014 1075 2035 a
1096 2003 1182 2036 dicto

436 2072 536 2101 rteuno
556 2059 734 2093 absentiam
751 2057 935 2091 buiusmodi
950 2056 1135 2089 substitutio
1153 2062 1183 2088 ct

435 2113 634 2155 subrogatio,
651 2112 780 2155 quando
794 2122 874 2154 opus
888 2115 934 2143 cst
951 2115 981 2142 et
994 2121 1044 2142 res
1065 2109 1106 2142 ita
1120 2109 1183 2141 cxi-

435 2169 490 2208 git,
515 2179 571 2212 pet·
591 2167 738 2200 eamdem
773 2165 969 2198 maiestatem
1000 2170 1085 2196 tuam
1115 2163 1182 2195 tit-ti

437 2227 600 2265 possi-1314
616 2225 800 2264 propterea,
817 2218 919 2251 rausis
934 2217 1117 2250 lmiusmodi
1133 2228 1183 2249 su-

436 2274 559 2318 spensis
590 2272 847 2309 wentaiwntibus,
872 2271 1005 2303 militiae
1026 2282 1060 2303 at'
1092 2270 1181 2314 prio-

439 2341 498 2367 rvs,
531 2326 824 2363 vomu»andnim-os,
856 2330 1092 2368 praeceptores,
1124 2325 1185 2356 sra-

440 2387 512 2417 tnvs,
537 2380 670 2423 «quites,
696 2378 812 2412 milites
840 2383 867 2410 cl
891 2377 971 2410 abac
1003 2377 1183 2416 dignitati-s,

440 2446 474 2465 at·
498 2444 654 2477 'ausonae
676 2431 858 2476 prat-dictat:
873 2431 903 2463 in
922 2441 1034 2463 vorum
1051 2429 1184 2468 iuribus,

441 2498 475 2517 :n-
499 2493 561 2518 tum
586 2486 614 2518 in
637 2484 979 2529 spiritualibus,quam
1003 2481 1188 2526 temporali—

443 2541 499 2571 bus
522 2539 648 2571 iub-rim
672 2538 863 2570 ‹lvtrinwuta
895 2537 1075 2580 patiuntur:
1100 2535 1190 2579 rupis

444 2598 624 2635 propin-rea,
643 2602 700 2635 pro
715 2605 720 2622 t
734 2591 809 2623 vlt-ri
829 2601 996 2623 extimarum
1016 2588 1190 2633 expeditio-

444 2657 493 2684 ne,
507 2651 536 2677 ct
551 2645 788 2689 praedictarum
805 2654 1016 2688 personarum
1033 2641 1191 2675 indemni-

1008 249 1192 276 BULLARIUM
1213 248 1367 273 ROMANUM

1197 302 1274 337 tate,
1297 307 1358 340 per
1377 305 1447 333 nos,
1473 300 1507 328 ut
1537 294 1621 327 infra
1642 294 1820 336 indulgeri:
1843 303 1943 337 quare

1197 349 1290 382 nobis
1318 349 1438 382 eisdem
1474 347 1660 381 nominibus
1691 347 1750 380 fuit
1779 346 1944 379 humiliter

1198 403 1425 447 supplicatum,
1450 407 1483 436 ut
1505 402 1537 434 in
1557 401 1742 445 praemissis
1762 405 1945 444 opportune

1198 456 1369 500 providere
1397 456 1437 489 de
1467 454 1663 497 benignitate
1691 453 1867 498 apostolica
1891 453 1941 486 di-

1200 519 1385 552 gnaremur.

1245 564 1261 605 ξ
1283 562 1312 595 2.
1337 563 1400 595 Nos
1421 561 1520 604 igitur
1543 570 1825 605 quorumcumque
1850 559 1945 604 privi—

1201 615 1372 658 legiorum,
1396 615 1609 654 indultorum,
1632 613 1945 647 conservatoriarum

1201 675 1230 703 et
1245 669 1425 702 litterarum
1438 668 1688 712 apostolicarum
1702 666 1874 711 praedictis
1886 663 1946 698 mi-

1202 723 1276 756 litiis
1287 728 1319 756 et
1327 722 1500 766 prioribus,
1512 720 1842 761 commendatoribus,
1854 730 1947 764 prae-

1203 775 1404 819 ceptoribus,
1434 774 1610 815 fratribus,
1631 774 1814 817 equitibus,
1839 772 1948 806 militi-

1204 829 1273 868 bus,
1294 827 1504 870 dignitatibus
1521 833 1552 860 ot
1564 826 1710 870 personis
1723 835 1947 859 concessarum

1205 888 1332 915 tenores
1365 880 1589 925 praesentibus
1617 890 1677 923 pro
1706 878 1862 923 expressis
1886 878 1946 911 ha-

1205 935 1326 975 bentes,
1343 933 1530 967 huiusmodi
1547 931 1837 977 supplicationibus
1858 931 1950 964 incli-

1205 987 1283 1027 nati,
1308 986 1466 1020 maiestati
1491 992 1584 1026 tuae,
1612 991 1648 1018 ut
1674 985 1947 1029 quandocumque

1206 1040 1407 1084 praedictum
1440 1039 1581 1073 iudicem
1618 1043 1879 1072 conservatorem
1910 1037 1950 1070 ad

1207 1093 1448 1127 universitatem
1474 1103 1643 1126 causarum
1662 1102 1679 1125 a
1699 1097 1731 1125 te
1750 1091 1798 1124 vel
1818 1101 1948 1124 succes-

1207 1147 1334 1181 soribus
1354 1147 1416 1180 tuis
1436 1157 1496 1190 pro
1527 1152 1674 1189 tempore
1705 1144 1949 1188 deputandum,

1208 1201 1386 1233 dummodo
1411 1199 1467 1233 tibi
1493 1210 1528 1232 ex
1551 1199 1677 1232 indulto
1702 1197 1793 1232 Sedis
1817 1198 1953 1241 Aposto-

1209 1253 1288 1286 licae
1319 1252 1496 1296 praemissa
1530 1251 1667 1284 faciendi
1703 1251 1836 1284 facultas
1872 1260 1950 1293 sup-

1209 1312 1305 1350 petat,
1331 1305 1529 1346 infirmitate,
1554 1310 1609 1338 aut
1629 1304 1692 1337 alio
1721 1303 1954 1348 impedimento

1209 1359 1356 1399 detineri,
1373 1365 1427 1392 aut
1447 1363 1631 1402 suspectum
1657 1357 1788 1400 allegari
1810 1356 1954 1398 contige-

1211 1414 1265 1454 rit,
1281 1419 1313 1447 tu
1330 1413 1389 1453 vel,
1413 1418 1444 1446 te
1464 1412 1606 1452 absente,
1630 1411 1800 1445 consilium
1821 1409 1953 1454 praedi-

1211 1474 1335 1501 ctorum
1361 1466 1513 1500 ordinum
1535 1465 1737 1506 militiarum,
1753 1465 1849 1507 vulgo
1864 1474 1955 1497 men-

1209 1532 1261 1554 sae
1279 1520 1495 1554 conscientiae
1509 1525 1537 1553 et
1553 1519 1705 1552 ordinum
1720 1523 1953 1562 nuncupatum,

1209 1575 1295 1618 quod
1305 1574 1336 1606 in
1348 1574 1462 1607 eodem
1478 1583 1578 1615 reguo
1593 1573 1632 1606 ad
1647 1571 1884 1616 praedictarum
1894 1571 1954 1604 mi-
2003 1563 2009 1567 ¹

1210 1628 1350 1661 litiarum
1372 1626 1641 1669 gubernationem
1663 1625 1854 1658 auctoritate
1874 1635 1953 1669 apo-

1211 1681 1323 1714 stolica
1348 1686 1395 1713 est
1415 1679 1607 1719 institutum,
1628 1678 1725 1712 alium
1752 1678 1799 1711 vel
1821 1677 1901 1711 alios
1914 1679 1953 1712 ad

1211 1734 1449 1778 expeditionem
1475 1743 1644 1767 causarum
1666 1731 1854 1765 earumdem
1881 1742 1953 1764 mo-

1214 1793 1329 1824 tarum,
1345 1793 1373 1819 et
1389 1797 1447 1830 pro
1463 1792 1608 1830 tempore
1622 1785 1866 1821 movendarum,
1881 1795 1954 1817 cum

1213 1841 1324 1874 eadem
1345 1840 1492 1873 tacultate
1512 1845 1542 1873 ct
1562 1838 1752 1872 auctoritate
1774 1848 1870 1881 quam
1890 1837 1956 1881 ipse

1215 1894 1308 1928 iudex
1329 1899 1535 1930 conservator
1555 1893 1725 1936 deputatus
1745 1890 1853 1930 babet,
1874 1891 1952 1924 sub-

1214 1948 1378 1989 delegare,
1403 1952 1457 1979 aut
1482 1946 1617 1989 ipsomet
1638 1945 1731 1977 iudex
1752 1949 1959 1977 conservator

1214 2013 1249 2033 ex
1278 1999 1403 2032 indulto
1429 2005 1482 2032 tuo
1508 1999 1547 2031 :td
1573 1998 1759 2031 earumdem
1787 2007 1955 2031 causarum

1215 2055 1450 2098 expeditionem
1466 2063 1523 2096 pet·
1537 2051 1634 2085 alium
1653 2062 1709 2084 sou
1728 2050 1818 2090 alios,
1835 2049 1959 2082 etiamsi

1215 2107 1275 2140 sint
1303 2113 1389 2140 extra
1412 2107 1498 2144 loca,
1524 2104 1555 2137 in
1587 2103 1705 2147 quibus
1731 2103 1797 2146 ipse
1823 2112 1957 2135 conser-

1216 2167 1304 2194 vator
1329 2166 1359 2193 ct
1385 2159 1477 2192 iudex
1499 2163 1545 2190 cst
1566 2158 1737 2200 deputatus
1751 2183 1758 2195 ‚
1783 2155 1868 2188 iuxta
1888 2155 1956 2199 pri-

1217 2214 1341 2254 vilegia,
1367 2213 1500 2248 indulta.
1525 2209 1782 2244 conservatorias
1795 2214 1825 2241 ct
1841 2208 1961 2241 litteras

1218 2266 1407 2311 praedictas,
1425 2265 1599 2309 procedere
1617 2262 1716 2296 libere
1737 2268 1767 2294 ct
1788 2261 1874 2294 licite
1888 2271 1961 2305 pos-

1217 2322 1254 2354 sit
1281 2327 1307 2353 vt
1334 2321 1446 2355 rab-at:
1471 2318 1604 2362 perinde
1629 2329 1665 2349 ac
1686 2317 1710 2349 si
1733 2316 1762 2349 iu
1790 2315 1962 2359 prat-dictis

1220 2373 1403 2419 privilegiis,
1426 2372 1567 2410 indultis,
1591 2369 1838 2404 conservatoriis
1859 2374 1890 2402 et,
1910 2369 1961 2402 lit-

1221 2428 1294 2461 teris
1319 2426 1488 2471 praedictis
1514 2426 1574 2458 boc
1595 2435 1742 2468 expresse
1768 2422 1959 2456 notititiatim

1221 2492 1407 2514 romu-ssimi
1429 2479 1594 2516 extitisset,
1618 2477 1808 2510 anctoritate
1833 2481 1962 2520 aposto-

1223 2535 1301 2574 liva,
1327 2540 1436 2566 tenore
1465 2531 1704 2576 prm-sentium.
1734 2535 1889 2574 [wrpctuo
1912 2530 1959 2561 l‘a-

1222 2588 1372 2619 vntum-m
1399 2585 1607 2618 concedimus
1627 2590 1654 2616 ot
1679 2583 1893 2623 indulgemus.

1267 2640 1331 2681 §th
1354 2640 1420 2672 Nou
1448 2638 1650 2672 obstantibus
1677 2636 1777 2670 felicis
1806 2635 1959 2669 ret-ordn-

1958 244 2007 270 An.
2027 243 2056 270 c.
2074 242 2141 271 1598
2156 272 2158 274 ,
2172 235 2195 287 ff

1987 570 2100 590 Concessio
2115 570 2143 591 ta·
2168 582 2170 585 ·

1960 597 2052 618 cultatis.
