2253 3195
23 274 67 301 An.
86 271 113 298 C.
132 269 191 298 160t

27 1074 128 1096 contraria
142 1073 200 1093 tollit.

53 1496 108 1518 Hanc
122 1497 206 1517 constit.

30 1523 126 1554 ppblirari
143 1529 205 1549 prae-

31 1552 84 1576 eupli.

41 2471 46 2476 .
75 2447 215 2475 'tranzumpns

41 2472 151 2520 :igiinmffl
158 2482 214 2496 mau-

821 268 967 293 CLEMENS
989 268 1044 291 vul
1067 268 1115 290 ΡΡ.

212 316 349 359 vestigiis
371 316 587 353 inhaerentes,
611 316 670 349 hac
692 323 848 359 perpetuo
870 316 948 349 vali-

212 376 282 402 tura
302 369 540 406 constitutione,
554 370 756 403 decernimus
777 376 871 413 atque
892 375 953 402 sta-

213 423 342 463 tuimus,
366 429 398 455 nt
420 423 617 466 quicumque
638 434 702 456 non
724 428 893 466 promotus
914 422 952 454 ad

211 486 336 509 sacrum
362 476 600 519 presbyteratus
632 476 777 509 ordint-m
809 481 954 519 repertus

213 528 307 562 suerit
321 529 490 561 missarum
505 529 755 561 celebrationem
771 538 951 571 usurpasse,

212 581 258 614 vel
268 582 532 614 sacramentalem
543 582 777 614 consessionem
788 581 954 621 audivisse,

212 645 229 666 a
250 634 409 667 iudicibus
429 635 562 668 Sanctae
583 634 802 678 Inquisitionis
832 634 877 666 rel
909 634 955 666 lo-

213 697 324 720 corum
343 687 531 728 Ordinariis,
550 695 711 731 tamquam
727 687 884 720 Ecclesiae
900 686 956 719 mi-

213 741 408 774 sericordiae
430 741 591 783 indignus,
616 752 633 774 a
651 742 720 773 soro
742 741 956 774 ecclesiastico

213 794 392 835 abiiciatur,
417 800 447 827 et
472 795 510 827 ab
530 794 696 828 ordinibus
722 794 954 833 ecclesiasticis,

213 847 238 881 si
256 858 336 892 quos
357 848 518 888 hahuerit,
542 848 601 881 rite
620 848 824 892 degradatus,
852 847 956 880 statim

215 902 322 935 curiae
338 902 492 935 saeculari
516 903 660 934 tradatur
678 912 735 945 per
752 902 873 935 iudices
891 912 958 934 sac-

217 956 343 988 culares
364 955 480 988 debitis
501 955 613 998 poenis
639 955 836 998 plectendus.

261 1008 276 1051 §
301 1008 332 1041 4.
356 1008 426 1041 Non
451 1008 653 1041 obstantibus
678 1007 959 1041 constitutionibus

216 1067 247 1094 et
265 1061 523 1094 ordinationibus
543 1061 746 1105 apostolicis,
771 1071 805 1093 ac
825 1060 855 1092 in
877 1070 955 1093 con-

216 1107 298 1147 ciliis
318 1114 413 1147 etiam
442 1114 646 1156 generalibus
672 1113 781 1152 editis,
806 1113 900 1145 etiam
928 1113 957 1144 in

217 1178 353 1211 corpore
371 1168 448 1200 iuris
466 1168 592 1200 clausis.
616 1167 737 1206 Quibus
762 1167 912 1199 omnibus
930 1172 959 1199 et

217 1221 361 1263 singulis,
390 1221 517 1254 illarum
539 1228 664 1254 tenores
685 1230 743 1264 pro
764 1219 959 1253 sufficienter

218 1274 375 1318 expressis
393 1280 421 1307 et
436 1274 476 1307 ad
490 1274 623 1307 verbum
645 1273 771 1307 insertis
791 1273 956 1313 habentes,

218 1327 400 1371 specialiter
420 1333 451 1360 et
471 1338 617 1370 expresse
648 1327 859 1369 derogamus,
884 1336 957 1358 cae-

221 1381 360 1424 terisque
382 1381 552 1414 contrariis
573 1381 840 1424 quibuscumque.

264 1435 280 1475 g
299 1433 329 1466 5.
343 1434 382 1467 Ut
401 1440 508 1466 autem
523 1433 710 1467 huiusmodi
724 1431 961 1466 constitutionis

220 1487 402 1530 ignorantia
432 1488 470 1521 de
491 1493 618 1521 caetero
638 1487 769 1529 allegari
795 1492 848 1519 aut
867 1496 960 1529 prae-

221 1541 309 1574 tendi
330 1551 508 1584 numquam
526 1541 638 1584 possit,
661 1546 758 1584 atque
778 1545 963 1583 praesentes

220 1594 343 1628 litterae
364 1594 514 1627 omnibus
534 1594 744 1632 innotescant,
761 1593 909 1626 volumus
927 1592 960 1624 il-

220 1648 267 1680 las
287 1648 327 1680 ad
348 1648 452 1680 valvas
479 1648 510 1681 S.
534 1647 662 1680 loannis
690 1646 913 1679 Lateranensis
933 1651 963 1678 et

220 1700 377 1744 Principis
398 1700 626 1744 Apostolorum
648 1700 687 1732 de
704 1699 788 1732 L'rbe
810 1698 960 1731 basilica-

221 1765 304 1795 rum,
329 1760 359 1788 et
379 1754 410 1786 in
432 1754 499 1788 acie
520 1753 629 1796 Campi
650 1753 774 1793 Florae,
796 1762 885 1785 more
914 1761 964 1784 so—

222 1808 291 1849 lito,
323 1808 482 1851 publicari
515 1813 544 1840 et
570 1807 666 1849 affigi,
695 1813 791 1850 atque
823 1806 860 1838 iis
891 1805 964 1838 inde

223 1861 356 1901 amotis,
380 1861 568 1894 earumdem
599 1860 746 1903 exempla
770 1859 866 1892 etiam
900 1858 961 1891 im-

224 1925 334 1957 pressa
358 1914 401 1946 ibi
433 1914 526 1947 affixa
553 1913 710 1957 relinqui,
739 1913 885 1955 factaque
905 1912 964 1944 hu-

224 1967 364 2001 iusmodi
384 1967 613 2012 publicatione,
634 1977 746 2000 omnes
767 1966 868 2010 quiin
882 1966 966 1999 Urbe

225 2027 297 2064 post
322 2031 477 2061 mensem,
501 2020 556 2064 qui
577 2031 652 2053 vero
673 2026 760 2053 extra
781 2030 850 2052 eam
873 2025 903 2051 et
923 2018 967 2051 ci-

226 2079 274 2107 tra
302 2080 450 2115 montes,
474 2080 546 2118 post
575 2080 714 2118 quatuor
742 2083 886 2111 menses,
914 2072 967 2116 qui

226 2128 356 2161 demum
374 2128 457 2161 ultra
478 2133 603 2161 montes
621 2127 749 2167 suerint,
769 2132 840 2170 post
857 2127 967 2159 decem

227 2192 351 2215 menses
372 2192 390 2214 a
416 2181 467 2214 die
498 2180 724 2225 publicationis
753 2180 967 2223 praesentium

227 2235 472 2278 computandos,
507 2234 634 2267 afficere
660 2240 691 2266 et
718 2239 857 2272 arctare,
883 2243 919 2265 ac
945 2232 969 2264 si

227 2298 340 2321 eorum
378 2288 508 2321 cuilibet
550 2286 764 2331 personaliter
807 2285 970 2318 intimatae

229 2341 373 2375 fuissent.

273 2396 290 2437 ξ
311 2395 341 2427 6.
365 2396 409 2428 Ac
429 2400 596 2438 praeterea
624 2394 816 2436 man-(lamus
837 2402 967 2425 earmn-

229 2448 302 2482 dem
323 2449 541 2492 praesentium
560 2448 737 2480 litterarum
760 2445 924 2489 exemplis,
938 2455 970 2477 c—

231 2501 306 2534 tiam
334 2502 508 2545 impressis,
533 2507 561 2534 et
588 2511 685 2533 manu
714 2499 828 2532 notarii
850 2498 970 2542 publici

230 2555 428 2598 subscriptis,
457 2560 488 2587 et
507 2554 612 2596 sigillo
632 2552 733 2586 Officii
754 2553 887 2585 Sanctae
908 2551 970 2584 no-

232 2618 345 2641 manae
359 2607 588 2651 Inquisitionis,
606 2607 651 2639 vel
666 2605 801 2638 alicuius
815 2614 971 2647 personae

233 2660 263 2693 in
285 2661 440 2703 dignitate
458 2659 673 2693 ecclesiastica
691 2658 880 2691 constitutae
904 2668 971 2689 mu-

1631 250 1689 283 751

988 315 1070 354 nilis,
1088 315 1233 347 camdem
1248 324 1378 357 prorsus
1392 312 1488 345 sidem
1504 309 1627 349 haberi,
1644 319 1725 352 quae

988 367 1073 400 hisce
1098 366 1319 410 praesentibus
1343 365 1537 403 haberetur,
1565 363 1590 395 si
1622 367 1728 395 essent

988 420 1146 452 exhibitae
1168 420 1215 452 vel
1237 425 1393 452 ostensae.

1033 474 1145 505 Datum
1164 473 1284 505 Romae
1305 472 1388 515 apud
1410 472 1439 503 S
1457 471 1585 503 Petrum
1601 468 1658 500 sub
1673 478 1728 500 an-

989 526 1066 558 nulo
1087 526 1266 565 Piscatoris‚
1280 525 1330 558 die
1345 525 1448 568 prima
1462 522 1642 556 decembris
1656 521 1728 553 mil-

991 579 1102 611 lesimo
1127 579 1357 612 sexcentesimo
1378 577 1498 621 primo,
1523 576 1729 620 pontifis-atus

991 633 1091 665 nostri
1113 644 1197 665 anno
1218 633 1354 665 decimo.

1740 260 1787 285 An.
1809 259 1838 286 C.
1856 258 1920 285 1601

1027 694 1084 721 Ilat.
1099 694 1141 721 die
1162 694 1247 729 prima
1261 693 1414 720 decembris
1437 693 1511 725 mol,
1533 691 1627 727 pontis.
1644 698 1686 716 an.
1705 699 1728 716 x.

1272 857 1445 890 CCLXXIII.

996 956 1070 989 Octo
1095 955 1234 987 decimas
1254 965 1349 997 super
1379 953 1540 996 fructibus
1569 952 1732 994 beneficio-

1039 1028 1111 1049 rum
1126 1017 1413 1049 ecclesiasticorum
1430 1016 1462 1047 in
1479 1014 1623 1046 dominio
1637 1014 1732 1046 Vene-

1040 1084 1145 1111 torum
1163 1079 1372 1111 existentium
1390 1078 1529 1120 imponi!
1543 1087 1602 1119 pro
1623 1086 1734 1108 eorum

1039 1140 1204 1183 republica
1238 1141 1271 1171 in
1305 1139 1487 1171 subsi'dimn
1520 1147 1731 1180 &pensarum

1040 1203 1116 1236 belli
1135 1207 1245 1235 contra
1267 1202 1292 1234 T
1292 1212 1387 1234 furcas
1404 1202 1423 1233 ¹.

994 1284 1163 1311 Venerabili
1182 1283 1270 1310 fratri
1291 1282 1402 1310 offredo
1422 1282 1560 1315 episeopo
1579 1281 1737 1314 Melphite-

1029 1338 1115 1365 nensi
1135 1338 1285 1371 modemo,
1302 1344 1357 1364 nec
1377 1344 1436 1363 non
1457 1344 1508 1370 pro
1528 1339 1661 1369 tempore
1678 1335 1737 1362 exi-

1031 1392 1126 1419 stenti
1146 1394 1249 1418 nostro
1272 1394 1303 1418 et
1323 1391 1408 1418 Sedis
1430 1390 1616 1423 Apostolicae
1637 1389 1667 1415 in
1688 1388 1738 1415 do-

1032 1445 1121 1471 minio
1141 1445 1320 1471 Venetorum
1340 1443 1449 1470 nuncio

1136 1501 1331 1530 Clemens
1359 1500 1473 1540 Papa
1493 1499 1586 1529 vm.

1214 1568 1400 1596 Venerabilis
1414 1568 1519 1599 frater,

1042 1625 1170 1651 salutem
1190 1626 1220 1650 et
1240 1622 1435 1656 apostolicam
1454 1620 1702 1648 benedictionem.

1043 1697 1058 1736 ξ
1076 1695 1148 1727 l.In
1169 1703 1319 1737 suprema
1332 1692 1500 1736 pastoralis
1517 1690 1613 1724 officii
1635 1696 1665 1723 et
1685 1689 1735 1723 di-
1755 1695 1939 1742 Γυῖριὲξυειτιιίσῐιωᾞζ

999 1748 1127 1791 gnitatis
1147 1747 1343 1791 apostolicae
1363 1746 1503 1790 specula,
1528 1755 1593 1777 non
1618 1744 1739 1777 meritis
1755 1738 1940 1795 23¹3³rissillt⁵⁵¹³21

999 1802 1127 1842 nostris,
1148 1801 1203 1834 sed
1223 1800 1329 1833 divina
1354 1799 1495 1832 bonitate
1520 1804 1549 1843 et
1570 1790 1940 1852 Clemssfflial”}2¹'„¹1¹33‘¹0¹¹i.·.1³0⁵l¹31

1000 1854 1173 1894 constituti,
1195 1853 1285 1897 quasi
1304 1853 1335 1884 in
1357 1851 1509 1885 continua
1538 1849 1646 1892 vigilia
1676 1849 1738 1881 iam
1755 1854 1838 1901 {33³2}
1852 1843 1939 1899 'tsspggffi

1001 1909 1074 1941 inde
1104 1918 1204 1950 usque
1235 1906 1273 1938 ab
1295 1905 1385 1938 initio
1412 1903 1618 1948 pontificatus
1637 1902 1784 1935 nostriset
1801 1895 1905 1927 monier-⁵:

1002 1966 1177 2000 manentes,
1199 1970 1265 1992 non-
1285 1959 1381 1992 modo
1395 1963 1505 2001 aperta
1523 1963 1553 1989 et
1570 1955 1740 1988 imminen-

1003 2015 1044 2049 tia
1065 2013 1241 2047 catholicae
1262 2011 1421 2045 Ecclesiae
1441 2010 1604 2054 pericula,
1628 2019 1739 2041 verum

1003 2069 1098 2102 etiam
1113 2067 1254 2100 occultas
1269 2064 1433 2097 christiani
1448 2062 1586 2096 nominis
1598 2062 1740 2094 hostium

1005 2121 1135 2154 insidias
1161 2126 1190 2153 et
1215 2118 1428 2152 remotissima
1473 2125 1619 2159 quaeque
1659 2114 1743 2147 mala

1004 2174 1237 2219 prospicimus,
1271 2184 1307 2204 ac
1326 2180 1452 2204 summa
1472 2168 1584 2203 Christi
1616 2167 1741 2201 Domini

1005 2239 1065 2272 ope
1087 2234 1115 2261 et
1141 2226 1259 2259 auxilio
1280 2224 1344 2258 nixi
1360 2251 1367 2265 ,
1394 2223 1449 2267 qui
1477 2232 1627 2266 sponsam
1653 2231 1742 2253 suam

1005 2281 1178 2315 Ecclesiam
1200 2284 1340 2312 sanctam
1354 2278 1386 2309 in
1407 2276 1521 2309 umbra
1536 2285 1650 2308 manus
1667 2284 1743 2308 suae

1006 2334 1165 2379 protegit,
1193 2331 1281 2366 omni
1313 2330 1506 2373 cogitatione
1536 2338 1677 2371 curaque
1699 2328 1745 2360 in-

1006 2387 1210 2426 cumbimus,
1234 2393 1269 2418 ut
1298 2385 1430 2417 adversa
1450 2382 1558 2415 omnia
1578 2381 1690 2425 procul
1728 2392 1744 2413 a

1006 2442 1126 2486 populo
1148 2439 1338 2477 christiano,
1368 2436 1519 2470 adhibitis
1540 2441 1605 2468 tum
1628 2434 1745 2467 nostris

1008 2501 1072 2528 tum
1085 2494 1221 2527 aliorum
1233 2490 1741 2536 principumiviribus,arceamus.

1006 2549 1082 2581 Nam
1105 2558 1177 2580 cum
1193 2546 1293 2578 multa
1302 2545 1475 2587 graviaque
1489 2543 1641 2575 adversus
1662 2551 1746 2573 rem-

1006 2601 1168 2645 publicam
1190 2598 1396 2632 christianam
1427 2597 1510 2630 bella
1537 2596 1576 2628 ab
1608 2594 1746 2628 inimicis

1042 2665 1051 2688 l
1078 2663 1113 2689 lix
1135 2662 1240 2697 tinge—st.
1262 2661 1287 2687 in
1303 2661 1403 2687 secret.
1422 2658 1554 2686 tii-evium.
