<?xml version="1.0" encoding="UTF-8"?>
<!DOCTYPE html PUBLIC "-//W3C//DTD XHTML 1.0 Transitional//EN"
    "http://www.w3.org/TR/xhtml1/DTD/xhtml1-transitional.dtd">
<html xmlns="http://www.w3.org/1999/xhtml" xml:lang="en" lang="en">
 <head>
  <title>
</title>
<meta http-equiv="Content-Type" content="text/html;charset=utf-8" />
  <meta name='ocr-system' content='tesseract 3.04.00' />
  <meta name='ocr-capabilities' content='ocr_page ocr_carea ocr_par ocr_line ocrx_word'/>
</head>
<body>
  <div class='ocr_page' id='page_1' title='image "./bullarumdiplomat10cath_1019.png"; bbox 0 0 2253 3195; ppageno 0'>
   <div class='ocr_carea' id='block_1_1' title="bbox 830 235 1696 277">
    <p class='ocr_par' dir='ltr' id='par_1_1' title="bbox 830 235 1696 277">
     <span class='ocr_line' id='line_1_1' title="bbox 830 235 1696 277; baseline -0.008 -1"><span class='ocrx_word' id='word_1_1' title='bbox 830 253 927 277; x_wconf 71' lang='lat' dir='ltr'>mnnx</span> <span class='ocrx_word' id='word_1_2' title='bbox 948 251 1098 276; x_wconf 71' lang='lat' dir='ltr'>mrrmms</span> <span class='ocrx_word' id='word_1_3' title='bbox 1632 235 1696 269; x_wconf 79' lang='lat'>933</span> 
     </span>
    </p>
   </div>
   <div class='ocr_carea' id='block_1_2' title="bbox 206 313 857 1216">
    <p class='ocr_par' dir='ltr' id='par_1_2' title="bbox 207 313 568 358">
     <span class='ocr_line' id='line_1_2' title="bbox 207 313 568 358; baseline 0 -11"><span class='ocrx_word' id='word_1_4' title='bbox 207 314 241 347; x_wconf 88' lang='lat' dir='ltr'>In</span> <span class='ocrx_word' id='word_1_5' title='bbox 263 314 470 358; x_wconf 84' lang='lat' dir='ltr'>apostolicae,</span> <span class='ocrx_word' id='word_1_6' title='bbox 494 313 568 348; x_wconf 80' lang='lat'><strong>619.</strong></span> 
     </span>
    </p>

    <p class='ocr_par' dir='ltr' id='par_1_3' title="bbox 207 367 568 409">
     <span class='ocr_line' id='line_1_3' title="bbox 207 367 568 409; baseline -0.003 -8"><span class='ocrx_word' id='word_1_7' title='bbox 207 370 239 401; x_wconf 86' lang='lat' dir='ltr'>In</span> <span class='ocrx_word' id='word_1_8' title='bbox 261 368 474 409; x_wconf 81' lang='lat' dir='ltr'>conserendis,</span> <span class='ocrx_word' id='word_1_9' title='bbox 495 367 568 400; x_wconf 81' lang='lat'><strong>551.</strong></span> 
     </span>
    </p>

    <p class='ocr_par' dir='ltr' id='par_1_4' title="bbox 206 421 567 461">
     <span class='ocr_line' id='line_1_4' title="bbox 206 421 567 461; baseline 0 -7"><span class='ocrx_word' id='word_1_10' title='bbox 206 423 239 455; x_wconf 87' lang='lat' dir='ltr'>In</span> <span class='ocrx_word' id='word_1_11' title='bbox 261 422 309 455; x_wconf 86' lang='lat' dir='ltr'>his</span> <span class='ocrx_word' id='word_1_12' title='bbox 330 428 468 461; x_wconf 86' lang='lat' dir='ltr'>nostrae,</span> <span class='ocrx_word' id='word_1_13' title='bbox 493 421 567 454; x_wconf 70' lang='lat'><strong>3402.</strong></span> 
     </span>
    </p>

    <p class='ocr_par' dir='ltr' id='par_1_5' title="bbox 206 474 516 515">
     <span class='ocr_line' id='line_1_5' title="bbox 206 474 516 515; baseline -0.003 -6"><span class='ocrx_word' id='word_1_14' title='bbox 206 477 245 509; x_wconf 77' lang='lat' dir='ltr'>ln</span> <span class='ocrx_word' id='word_1_15' title='bbox 261 475 418 515; x_wconf 78' lang='lat' dir='ltr'>maximis,</span> <span class='ocrx_word' id='word_1_16' title='bbox 443 474 516 508; x_wconf 96' lang='grc'>109.</span> 
     </span>
    </p>

    <p class='ocr_par' dir='ltr' id='par_1_6' title="bbox 206 527 460 568">
     <span class='ocr_line' id='line_1_6' title="bbox 206 527 460 568; baseline -0.008 -6"><span class='ocrx_word' id='word_1_17' title='bbox 206 530 239 562; x_wconf 90' lang='lat' dir='ltr'>ln</span> <span class='ocrx_word' id='word_1_18' title='bbox 261 539 362 568; x_wconf 86' lang='lat' dir='ltr'>saera,</span> <span class='ocrx_word' id='word_1_19' title='bbox 387 527 460 561; x_wconf 91' lang='lat'><strong>151.</strong></span> 
     </span>
    </p>

    <p class='ocr_par' dir='ltr' id='par_1_7' title="bbox 207 580 502 623">
     <span class='ocr_line' id='line_1_7' title="bbox 207 580 502 623; baseline -0.007 -7"><span class='ocrx_word' id='word_1_20' title='bbox 207 583 240 616; x_wconf 86' lang='lat' dir='ltr'>ln</span> <span class='ocrx_word' id='word_1_21' title='bbox 259 582 404 623; x_wconf 89' lang='lat' dir='ltr'>summis,</span> <span class='ocrx_word' id='word_1_22' title='bbox 429 580 502 615; x_wconf 90' lang='lat'><strong>708.</strong></span> 
     </span>
    </p>

    <p class='ocr_par' dir='ltr' id='par_1_8' title="bbox 207 634 624 680">
     <span class='ocr_line' id='line_1_8' title="bbox 207 634 624 680; baseline -0.002 -11"><span class='ocrx_word' id='word_1_23' title='bbox 207 638 241 670; x_wconf 83' lang='lat' dir='ltr'>ln</span> <span class='ocrx_word' id='word_1_24' title='bbox 261 635 527 680; x_wconf 73' lang='lat' dir='ltr'>supereminenti,</span> <span class='ocrx_word' id='word_1_25' title='bbox 551 634 624 668; x_wconf 85' lang='lat'><strong>600.</strong></span> 
     </span>
    </p>

    <p class='ocr_par' dir='ltr' id='par_1_9' title="bbox 207 688 701 733">
     <span class='ocr_line' id='line_1_9' title="bbox 207 688 701 733; baseline -0.002 -10"><span class='ocrx_word' id='word_1_26' title='bbox 207 691 241 723; x_wconf 89' lang='lat' dir='ltr'>ln</span> <span class='ocrx_word' id='word_1_27' title='bbox 259 699 411 733; x_wconf 84' lang='lat' dir='ltr'>suprema</span> <span class='ocrx_word' id='word_1_28' title='bbox 428 688 603 730; x_wconf 80' lang='lat' dir='ltr'>Ecclesiae,</span> <span class='ocrx_word' id='word_1_29' title='bbox 629 688 701 722; x_wconf 83' lang='lat'><strong>768.</strong></span> 
     </span>
    </p>

    <p class='ocr_par' dir='ltr' id='par_1_10' title="bbox 207 742 708 787">
     <span class='ocr_line' id='line_1_10' title="bbox 207 742 708 787; baseline -0.002 -10"><span class='ocrx_word' id='word_1_30' title='bbox 207 745 239 778; x_wconf 88' lang='lat' dir='ltr'>ln</span> <span class='ocrx_word' id='word_1_31' title='bbox 258 754 408 787; x_wconf 85' lang='lat' dir='ltr'>suprema</span> <span class='ocrx_word' id='word_1_32' title='bbox 431 742 610 787; x_wconf 81' lang='lat' dir='ltr'>pastoralis,</span> <span class='ocrx_word' id='word_1_33' title='bbox 636 742 708 776; x_wconf 86' lang='lat'><strong>751.</strong></span> 
     </span>
    </p>

    <p class='ocr_par' dir='ltr' id='par_1_11' title="bbox 206 797 827 895">
     <span class='ocr_line' id='line_1_11' title="bbox 207 797 827 841; baseline -0.002 -11"><span class='ocrx_word' id='word_1_34' title='bbox 207 798 240 831; x_wconf 85' lang='lat' dir='ltr'>ln</span> <span class='ocrx_word' id='word_1_35' title='bbox 262 807 415 841; x_wconf 82' lang='lat' dir='ltr'>supremo</span> <span class='ocrx_word' id='word_1_36' title='bbox 437 807 532 830; x_wconf 88' lang='lat' dir='ltr'>curae</span> <span class='ocrx_word' id='word_1_37' title='bbox 553 797 732 840; x_wconf 85' lang='lat' dir='ltr'>pastoralis,</span> <span class='ocrx_word' id='word_1_38' title='bbox 754 797 827 830; x_wconf 80' lang='lat'><strong>219.</strong></span> 
     </span>
     <span class='ocr_line' id='line_1_12' title="bbox 206 850 679 895; baseline -0.004 -10"><span class='ocrx_word' id='word_1_39' title='bbox 206 852 239 885; x_wconf 90' lang='lat' dir='ltr'>ln</span> <span class='ocrx_word' id='word_1_40' title='bbox 260 861 411 895; x_wconf 89' lang='lat' dir='ltr'>supremo</span> <span class='ocrx_word' id='word_1_41' title='bbox 433 850 583 891; x_wconf 76' lang='lat' dir='ltr'>iustitiae,</span> <span class='ocrx_word' id='word_1_42' title='bbox 605 850 679 883; x_wconf 84' lang='lat'><strong>511.</strong></span> 
     </span>
    </p>

    <p class='ocr_par' dir='ltr' id='par_1_12' title="bbox 206 903 710 1001">
     <span class='ocr_line' id='line_1_13' title="bbox 206 903 710 948; baseline -0.004 -10"><span class='ocrx_word' id='word_1_43' title='bbox 206 905 240 938; x_wconf 86' lang='lat' dir='ltr'>ln</span> <span class='ocrx_word' id='word_1_44' title='bbox 262 915 414 948; x_wconf 85' lang='lat' dir='ltr'>supremo</span> <span class='ocrx_word' id='word_1_45' title='bbox 436 904 612 941; x_wconf 79' lang='lat' dir='ltr'>militantis,</span> <span class='ocrx_word' id='word_1_46' title='bbox 637 903 710 937; x_wconf 85' lang='lat'><strong>625.</strong></span> 
     </span>
     <span class='ocr_line' id='line_1_14' title="bbox 206 957 658 1001; baseline -0.004 -9"><span class='ocrx_word' id='word_1_47' title='bbox 206 958 424 993; x_wconf 68' lang='lat' dir='ltr'>Intelleximus</span> <span class='ocrx_word' id='word_1_48' title='bbox 444 969 559 1001; x_wconf 87' lang='lat' dir='ltr'>nuper,</span> <span class='ocrx_word' id='word_1_49' title='bbox 584 957 658 991; x_wconf 62' lang='lat'><strong>68¹1.</strong></span> 
     </span>
    </p>

    <p class='ocr_par' dir='ltr' id='par_1_13' title="bbox 206 1011 545 1051">
     <span class='ocr_line' id='line_1_15' title="bbox 206 1011 545 1051; baseline -0.009 -5"><span class='ocrx_word' id='word_1_50' title='bbox 206 1014 291 1046; x_wconf 86' lang='lat' dir='ltr'>lnter</span> <span class='ocrx_word' id='word_1_51' title='bbox 309 1017 449 1051; x_wconf 84' lang='lat' dir='ltr'>caetera,</span> <span class='ocrx_word' id='word_1_52' title='bbox 471 1011 545 1044; x_wconf 78' lang='lat'><strong>235.</strong></span> 
     </span>
    </p>

    <p class='ocr_par' dir='ltr' id='par_1_14' title="bbox 206 1064 729 1162">
     <span class='ocr_line' id='line_1_16' title="bbox 206 1064 729 1109; baseline -0.004 -10"><span class='ocrx_word' id='word_1_53' title='bbox 206 1068 292 1100; x_wconf 82' lang='lat' dir='ltr'>luter</span> <span class='ocrx_word' id='word_1_54' title='bbox 309 1065 511 1109; x_wconf 77' lang='lat' dir='ltr'>gravissimas</span> <span class='ocrx_word' id='word_1_55' title='bbox 532 1076 634 1105; x_wconf 82' lang='lat' dir='ltr'>curas,</span> <span class='ocrx_word' id='word_1_56' title='bbox 655 1064 729 1097; x_wconf 72' lang='lat'><strong>482.</strong></span> 
     </span>
     <span class='ocr_line' id='line_1_17' title="bbox 207 1117 703 1162; baseline -0.006 -9"><span class='ocrx_word' id='word_1_57' title='bbox 207 1121 293 1154; x_wconf 85' lang='lat' dir='ltr'>lnter</span> <span class='ocrx_word' id='word_1_58' title='bbox 312 1119 515 1162; x_wconf 81' lang='lat' dir='ltr'>gravissimas</span> <span class='ocrx_word' id='word_1_59' title='bbox 535 1129 626 1162; x_wconf 78' lang='lat' dir='ltr'>quas,</span> <span class='ocrx_word' id='word_1_60' title='bbox 651 1117 703 1151; x_wconf 82' lang='lat'><strong>81.</strong></span> 
     </span>
    </p>

    <p class='ocr_par' dir='ltr' id='par_1_15' title="bbox 208 1170 857 1216">
     <span class='ocr_line' id='line_1_18' title="bbox 208 1170 857 1216; baseline -0.005 -10"><span class='ocrx_word' id='word_1_61' title='bbox 208 1174 292 1206; x_wconf 87' lang='lat' dir='ltr'>Inter</span> <span class='ocrx_word' id='word_1_62' title='bbox 313 1172 507 1216; x_wconf 84' lang='lat' dir='ltr'>multiplices</span> <span class='ocrx_word' id='word_1_63' title='bbox 528 1171 628 1204; x_wconf 83' lang='lat' dir='ltr'>animi</span> <span class='ocrx_word' id='word_1_64' title='bbox 647 1170 759 1211; x_wconf 88' lang='lat' dir='ltr'>nostri,</span> <span class='ocrx_word' id='word_1_65' title='bbox 785 1170 857 1203; x_wconf 75' lang='lat'><strong>139.</strong></span> 
     </span>
    </p>
   </div>
   <div class='ocr_carea' id='block_1_3' title="bbox 206 1223 902 1269">
    <p class='ocr_par' dir='ltr' id='par_1_16' title="bbox 206 1223 902 1269">
     <span class='ocr_line' id='line_1_19' title="bbox 206 1223 902 1269; baseline -0.003 -10"><span class='ocrx_word' id='word_1_66' title='bbox 206 1227 292 1260; x_wconf 82' lang='lat' dir='ltr'>Inter</span> <span class='ocrx_word' id='word_1_67' title='bbox 312 1225 506 1269; x_wconf 71' lang='lat' dir='ltr'>multiplices</span> <span class='ocrx_word' id='word_1_68' title='bbox 526 1225 625 1258; x_wconf 85' lang='lat' dir='ltr'>nostri</span> <span class='ocrx_word' id='word_1_69' title='bbox 647 1224 826 1269; x_wconf 83' lang='lat' dir='ltr'>pastoralis,</span> <span class='ocrx_word' id='word_1_70' title='bbox 850 1223 902 1257; x_wconf 69' lang='lat'><strong>32.</strong></span> 
     </span>
    </p>
   </div>
   <div class='ocr_carea' id='block_1_4' title="bbox 206 1277 799 1426">
    <p class='ocr_par' dir='ltr' id='par_1_17' title="bbox 206 1277 799 1426">
     <span class='ocr_line' id='line_1_20' title="bbox 206 1277 799 1322; baseline -0.003 -9"><span class='ocrx_word' id='word_1_71' title='bbox 206 1281 293 1314; x_wconf 83' lang='lat' dir='ltr'>Inter</span> <span class='ocrx_word' id='word_1_72' title='bbox 312 1279 506 1322; x_wconf 84' lang='lat' dir='ltr'>multiplices</span> <span class='ocrx_word' id='word_1_73' title='bbox 526 1279 707 1322; x_wconf 86' lang='lat' dir='ltr'>pastoralis,</span> <span class='ocrx_word' id='word_1_74' title='bbox 724 1277 799 1311; x_wconf 78' lang='lat'><strong>622.</strong></span> 
     </span>
     <span class='ocr_line' id='line_1_21' title="bbox 207 1332 614 1377; baseline -0.002 -11"><span class='ocrx_word' id='word_1_75' title='bbox 207 1334 293 1366; x_wconf 83' lang='lat' dir='ltr'>Inter</span> <span class='ocrx_word' id='word_1_76' title='bbox 314 1333 515 1377; x_wconf 78' lang='lat' dir='ltr'>praecipuas,</span> <span class='ocrx_word' id='word_1_77' title='bbox 539 1332 614 1366; x_wconf 84' lang='grc'>449.</span> 
     </span>
     <span class='ocr_line' id='line_1_22' title="bbox 208 1384 558 1426; baseline -0.003 -7"><span class='ocrx_word' id='word_1_78' title='bbox 208 1385 351 1419; x_wconf 84' lang='lat' dir='ltr'>Iustitiae</span> <span class='ocrx_word' id='word_1_79' title='bbox 371 1385 463 1426; x_wconf 86' lang='lat' dir='ltr'>ratio,</span> <span class='ocrx_word' id='word_1_80' title='bbox 485 1384 558 1418; x_wconf 91' lang='lat'><strong>270.</strong></span> 
     </span>
    </p>
   </div>
   <div class='ocr_carea' id='block_1_5' title="bbox 574 1501 597 1533">
    <p class='ocr_par' dir='ltr' id='par_1_18' title="bbox 574 1501 597 1533">
     <span class='ocr_line' id='line_1_23' title="bbox 574 1501 597 1533; baseline 0 0"><span class='ocrx_word' id='word_1_81' title='bbox 574 1501 597 1533; x_wconf 92' lang='lat' dir='ltr'>L</span> 
     </span>
    </p>
   </div>
   <div class='ocr_carea' id='block_1_6' title="bbox 209 1597 725 1751">
    <p class='ocr_par' dir='ltr' id='par_1_19' title="bbox 209 1597 725 1751">
     <span class='ocr_line' id='line_1_24' title="bbox 209 1597 725 1642; baseline -0.004 -9"><span class='ocrx_word' id='word_1_82' title='bbox 209 1598 392 1633; x_wconf 84' lang='lat' dir='ltr'>Laudabilis</span> <span class='ocrx_word' id='word_1_83' title='bbox 410 1598 626 1642; x_wconf 84' lang='lat' dir='ltr'>Apostolieae‚</span> <span class='ocrx_word' id='word_1_84' title='bbox 651 1597 725 1631; x_wconf 83' lang='lat'><strong>320.</strong></span> 
     </span>
     <span class='ocr_line' id='line_1_25' title="bbox 209 1651 588 1696; baseline -0.005 -10"><span class='ocrx_word' id='word_1_85' title='bbox 209 1653 296 1686; x_wconf 80' lang='lat' dir='ltr'>Licet</span> <span class='ocrx_word' id='word_1_86' title='bbox 315 1652 492 1696; x_wconf 84' lang='lat' dir='ltr'>potestatis,</span> <span class='ocrx_word' id='word_1_87' title='bbox 513 1651 588 1685; x_wconf 88' lang='grc'>440.</span> 
     </span>
     <span class='ocr_line' id='line_1_26' title="bbox 210 1707 607 1751; baseline 0 -12"><span class='ocrx_word' id='word_1_88' title='bbox 210 1707 324 1740; x_wconf 86' lang='lat' dir='ltr'>Litium</span> <span class='ocrx_word' id='word_1_89' title='bbox 344 1707 532 1751; x_wconf 84' lang='lat' dir='ltr'>dispendiis,</span> <span class='ocrx_word' id='word_1_90' title='bbox 555 1707 607 1740; x_wconf 90' lang='grc'>17.</span> 
     </span>
    </p>
   </div>
   <div class='ocr_carea' id='block_1_7' title="bbox 523 1809 591 1855">
    <p class='ocr_par' dir='ltr' id='par_1_20' title="bbox 523 1809 591 1855">
     <span class='ocr_line' id='line_1_27' title="bbox 523 1809 591 1855; baseline 0 0"><span class='ocrx_word' id='word_1_91' title='bbox 523 1809 591 1855; x_wconf 77' lang='grc' dir='ltr'>’Μ</span> 
     </span>
    </p>
   </div>
   <div class='ocr_carea' id='block_1_8' title="bbox 211 1919 877 2282">
    <p class='ocr_par' dir='ltr' id='par_1_21' title="bbox 211 1919 539 1963">
     <span class='ocr_line' id='line_1_28' title="bbox 211 1919 539 1963; baseline -0.003 -10"><span class='ocrx_word' id='word_1_92' title='bbox 211 1922 322 1963; x_wconf 77' lang='lat' dir='ltr'>Magna</span> <span class='ocrx_word' id='word_1_93' title='bbox 343 1921 439 1960; x_wconf 84' lang='lat' dir='ltr'>dona,</span> <span class='ocrx_word' id='word_1_94' title='bbox 465 1919 539 1953; x_wconf 80' lang='grc'>478.</span> 
     </span>
    </p>

    <p class='ocr_par' dir='ltr' id='par_1_22' title="bbox 211 1973 877 2230">
     <span class='ocr_line' id='line_1_29' title="bbox 211 1973 766 2017; baseline -0.002 -10"><span class='ocrx_word' id='word_1_95' title='bbox 211 1974 323 2016; x_wconf 75' lang='lat' dir='ltr'>Magna</span> <span class='ocrx_word' id='word_1_96' title='bbox 343 1984 466 2017; x_wconf 84' lang='lat' dir='ltr'>quae...</span> <span class='ocrx_word' id='word_1_97' title='bbox 487 1973 669 2017; x_wconf 75' lang='lat' dir='ltr'>providere,</span> <span class='ocrx_word' id='word_1_98' title='bbox 692 1973 766 2006; x_wconf 86' lang='lat'><strong>615.</strong></span> 
     </span>
     <span class='ocr_line' id='line_1_30' title="bbox 212 2026 764 2070; baseline 0 -11"><span class='ocrx_word' id='word_1_99' title='bbox 212 2028 324 2069; x_wconf 80' lang='lat' dir='ltr'>Magna</span> <span class='ocrx_word' id='word_1_100' title='bbox 344 2037 466 2070; x_wconf 88' lang='lat' dir='ltr'>quae...</span> <span class='ocrx_word' id='word_1_101' title='bbox 492 2027 665 2070; x_wconf 75' lang='lat' dir='ltr'>provideri,</span> <span class='ocrx_word' id='word_1_102' title='bbox 690 2026 764 2060; x_wconf 85' lang='lat'><strong>611.</strong></span> 
     </span>
     <span class='ocr_line' id='line_1_31' title="bbox 212 2080 877 2123; baseline 0.002 -9"><span class='ocrx_word' id='word_1_103' title='bbox 212 2081 344 2123; x_wconf 80' lang='lat' dir='ltr'>Magnus</span> <span class='ocrx_word' id='word_1_104' title='bbox 361 2080 526 2121; x_wconf 86' lang='lat' dir='ltr'>Dominus,</span> <span class='ocrx_word' id='word_1_105' title='bbox 551 2080 625 2114; x_wconf 81' lang='lat'><strong>239.</strong></span> <span class='ocrx_word' id='word_1_106' title='bbox 866 2115 877 2123; x_wconf 73' lang='grc'><strong><em>,</em></strong></span> 
     </span>
     <span class='ocr_line' id='line_1_32' title="bbox 213 2134 849 2176; baseline 0.003 -9"><span class='ocrx_word' id='word_1_107' title='bbox 213 2134 383 2168; x_wconf 67' lang='lat' dir='ltr'>Maiestatis</span> <span class='ocrx_word' id='word_1_108' title='bbox 404 2139 477 2168; x_wconf 88' lang='lat' dir='ltr'>tuae</span> <span class='ocrx_word' id='word_1_109' title='bbox 494 2145 530 2168; x_wconf 88' lang='lat' dir='ltr'>ac</span> <span class='ocrx_word' id='word_1_110' title='bbox 548 2134 752 2176; x_wconf 86' lang='lat' dir='ltr'>dilectorum,</span> <span class='ocrx_word' id='word_1_111' title='bbox 775 2135 849 2169; x_wconf 87' lang='grc'>430.</span> 
     </span>
     <span class='ocr_line' id='line_1_33' title="bbox 213 2187 742 2230; baseline 0.002 -9"><span class='ocrx_word' id='word_1_112' title='bbox 213 2188 385 2221; x_wconf 74' lang='lat' dir='ltr'>Maiestatis</span> <span class='ocrx_word' id='word_1_113' title='bbox 407 2193 479 2222; x_wconf 86' lang='lat' dir='ltr'>tuae</span> <span class='ocrx_word' id='word_1_114' title='bbox 500 2188 643 2230; x_wconf 85' lang='lat' dir='ltr'>nomine,</span> <span class='ocrx_word' id='word_1_115' title='bbox 668 2187 742 2222; x_wconf 88' lang='lat'><strong>560.</strong></span> 
     </span>
    </p>

    <p class='ocr_par' dir='ltr' id='par_1_23' title="bbox 213 2241 575 2282">
     <span class='ocr_line' id='line_1_34' title="bbox 213 2241 575 2282; baseline 0.006 -8"><span class='ocrx_word' id='word_1_116' title='bbox 213 2242 321 2275; x_wconf 86' lang='lat' dir='ltr'>Manus</span> <span class='ocrx_word' id='word_1_117' title='bbox 338 2241 476 2282; x_wconf 84' lang='lat' dir='ltr'>Domini,</span> <span class='ocrx_word' id='word_1_118' title='bbox 500 2241 575 2276; x_wconf 86' lang='grc'>467.</span> 
     </span>
    </p>
   </div>
   <div class='ocr_carea' id='block_1_9' title="bbox 575 2358 599 2391">
    <p class='ocr_par' dir='ltr' id='par_1_24' title="bbox 575 2358 599 2391">
     <span class='ocr_line' id='line_1_35' title="bbox 575 2358 599 2391; baseline 0 0"><span class='ocrx_word' id='word_1_119' title='bbox 575 2358 599 2391; x_wconf 90' lang='grc' dir='ltr'><strong>Ν</strong></span> 
     </span>
    </p>
   </div>
   <div class='ocr_carea' id='block_1_10' title="bbox 211 2455 643 2717">
    <p class='ocr_par' dir='ltr' id='par_1_25' title="bbox 211 2455 643 2717">
     <span class='ocr_line' id='line_1_36' title="bbox 212 2455 592 2496; baseline 0 -7"><span class='ocrx_word' id='word_1_120' title='bbox 212 2456 325 2489; x_wconf 87' lang='lat' dir='ltr'>Nullus</span> <span class='ocrx_word' id='word_1_121' title='bbox 345 2455 494 2496; x_wconf 88' lang='lat' dir='ltr'>omnino,</span> <span class='ocrx_word' id='word_1_122' title='bbox 518 2455 592 2489; x_wconf 84' lang='lat'><strong>662.</strong></span> 
     </span>
     <span class='ocr_line' id='line_1_37' title="bbox 212 2509 580 2553; baseline 0.003 -10"><span class='ocrx_word' id='word_1_123' title='bbox 212 2510 320 2553; x_wconf 87' lang='lat' dir='ltr'>Nuper</span> <span class='ocrx_word' id='word_1_124' title='bbox 340 2520 358 2542; x_wconf 86' lang='lat' dir='ltr'>a</span> <span class='ocrx_word' id='word_1_125' title='bbox 375 2509 480 2550; x_wconf 89' lang='lat' dir='ltr'>nobis,</span> <span class='ocrx_word' id='word_1_126' title='bbox 506 2509 580 2544; x_wconf 87' lang='grc'>844.</span> 
     </span>
     <span class='ocr_line' id='line_1_38' title="bbox 211 2562 570 2606; baseline 0.003 -10"><span class='ocrx_word' id='word_1_127' title='bbox 211 2563 321 2606; x_wconf 81' lang='lat' dir='ltr'>Nuper</span> <span class='ocrx_word' id='word_1_128' title='bbox 342 2563 381 2596; x_wconf 89' lang='lat' dir='ltr'>ad</span> <span class='ocrx_word' id='word_1_129' title='bbox 403 2573 472 2603; x_wconf 86' lang='lat' dir='ltr'>nos,</span> <span class='ocrx_word' id='word_1_130' title='bbox 496 2562 570 2597; x_wconf 83' lang='grc'>319.</span> 
     </span>
     <span class='ocr_line' id='line_1_39' title="bbox 211 2616 607 2660; baseline 0.005 -11"><span class='ocrx_word' id='word_1_131' title='bbox 211 2617 321 2660; x_wconf 81' lang='lat' dir='ltr'>Nuper</span> <span class='ocrx_word' id='word_1_132' title='bbox 341 2616 513 2660; x_wconf 82' lang='lat' dir='ltr'>siquidem,</span> <span class='ocrx_word' id='word_1_133' title='bbox 533 2616 607 2651; x_wconf 76' lang='lat'><strong>545.</strong></span> 
     </span>
     <span class='ocr_line' id='line_1_40' title="bbox 211 2670 643 2717; baseline -0.002 -11"><span class='ocrx_word' id='word_1_134' title='bbox 211 2670 321 2717; x_wconf 81' lang='lat' dir='ltr'>Nuper</span> <span class='ocrx_word' id='word_1_135' title='bbox 337 2671 548 2712; x_wconf 81' lang='lat' dir='ltr'>venerabiles,</span> <span class='ocrx_word' id='word_1_136' title='bbox 569 2671 643 2706; x_wconf 88' lang='lat'><strong>880.</strong></span> 
     </span>
    </p>
   </div>
   <div class='ocr_carea' id='block_1_11' title="bbox 964 530 970 1400">
    <p class='ocr_par' dir='ltr' id='par_1_26' title="bbox 964 530 970 1400">
     <span class='ocr_line' id='line_1_41' title="bbox 964 530 970 1400; baseline 0 0"><span class='ocrx_word' id='word_1_137' title='bbox 964 530 970 1400; x_wconf 95' lang='lat' dir='ltr'> </span> 
     </span>
    </p>
   </div>
   <div class='ocr_carea' id='block_1_12' title="bbox 1336 311 1359 345">
    <p class='ocr_par' dir='ltr' id='par_1_27' title="bbox 1336 311 1359 345">
     <span class='ocr_line' id='line_1_42' title="bbox 1336 311 1359 345; baseline 0 0"><span class='ocrx_word' id='word_1_138' title='bbox 1336 311 1359 345; x_wconf 94' lang='lat' dir='ltr'>O</span> 
     </span>
    </p>
   </div>
   <div class='ocr_carea' id='block_1_13' title="bbox 982 418 1325 513">
    <p class='ocr_par' dir='ltr' id='par_1_28' title="bbox 982 418 1325 513">
     <span class='ocr_line' id='line_1_43' title="bbox 982 418 1315 460; baseline -0.006 -7"><span class='ocrx_word' id='word_1_139' title='bbox 982 419 1084 454; x_wconf 85' lang='lat' dir='ltr'>Officii</span> <span class='ocrx_word' id='word_1_140' title='bbox 1105 419 1217 460; x_wconf 81' lang='lat' dir='ltr'>nostri,</span> <span class='ocrx_word' id='word_1_141' title='bbox 1241 418 1315 451; x_wconf 87' lang='lat'><strong>616.</strong></span> 
     </span>
     <span class='ocr_line' id='line_1_44' title="bbox 982 471 1325 513; baseline -0.009 -6"><span class='ocrx_word' id='word_1_142' title='bbox 982 473 1082 508; x_wconf 85' lang='lat' dir='ltr'>Omne</span> <span class='ocrx_word' id='word_1_143' title='bbox 1103 473 1224 513; x_wconf 84' lang='lat' dir='ltr'>datum,</span> <span class='ocrx_word' id='word_1_144' title='bbox 1250 471 1325 505; x_wconf 87' lang='grc'>474,</span> 
     </span>
    </p>
   </div>
   <div class='ocr_carea' id='block_1_14' title="bbox 982 523 1424 619">
    <p class='ocr_par' dir='ltr' id='par_1_29' title="bbox 982 523 1424 619">
     <span class='ocr_line' id='line_1_45' title="bbox 982 523 1424 570; baseline -0.009 -9"><span class='ocrx_word' id='word_1_145' title='bbox 982 526 1124 561; x_wconf 84' lang='lat' dir='ltr'>Onerosa</span> <span class='ocrx_word' id='word_1_146' title='bbox 1144 525 1325 570; x_wconf 81' lang='lat' dir='ltr'>pastoralis,</span> <span class='ocrx_word' id='word_1_147' title='bbox 1350 523 1424 558; x_wconf 80' lang='grc'>631,</span> 
     </span>
     <span class='ocr_line' id='line_1_46' title="bbox 982 577 1331 619; baseline -0.009 -5"><span class='ocrx_word' id='word_1_148' title='bbox 982 579 1110 614; x_wconf 89' lang='lat' dir='ltr'>Ordinis</span> <span class='ocrx_word' id='word_1_149' title='bbox 1130 578 1237 619; x_wconf 87' lang='lat' dir='ltr'>vestri,</span> <span class='ocrx_word' id='word_1_150' title='bbox 1256 577 1331 611; x_wconf 84' lang='lat'><strong>598.</strong></span> 
     </span>
    </p>
   </div>
   <div class='ocr_carea' id='block_1_15' title="bbox 1351 695 1372 727">
    <p class='ocr_par' dir='ltr' id='par_1_30' title="bbox 1351 695 1372 727">
     <span class='ocr_line' id='line_1_47' title="bbox 1351 695 1372 727; baseline 0 -14"><span class='ocrx_word' id='word_1_151' title='bbox 1351 695 1372 727; x_wconf 71' lang='lat' dir='ltr'>p</span> 
     </span>
    </p>
   </div>
   <div class='ocr_carea' id='block_1_16' title="bbox 976 791 1734 1964">
    <p class='ocr_par' dir='ltr' id='par_1_31' title="bbox 983 791 1395 828">
     <span class='ocr_line' id='line_1_48' title="bbox 983 791 1395 828; baseline -0.005 -1"><span class='ocrx_word' id='word_1_152' title='bbox 983 792 1154 827; x_wconf 76' lang='lat' dir='ltr'>Pastoratis</span> <span class='ocrx_word' id='word_1_153' title='bbox 1175 798 1296 828; x_wconf 82' lang='lat' dir='ltr'>nostra,</span> <span class='ocrx_word' id='word_1_154' title='bbox 1320 791 1395 825; x_wconf 83' lang='lat'><strong>276.</strong></span> 
     </span>
    </p>

    <p class='ocr_par' dir='ltr' id='par_1_32' title="bbox 984 845 1418 886">
     <span class='ocr_line' id='line_1_49' title="bbox 984 845 1418 886; baseline -0.005 -5"><span class='ocrx_word' id='word_1_155' title='bbox 984 847 1154 881; x_wconf 83' lang='lat' dir='ltr'>Pastoralis</span> <span class='ocrx_word' id='word_1_156' title='bbox 1174 853 1319 886; x_wconf 80' lang='lat' dir='ltr'>nostrae,</span> <span class='ocrx_word' id='word_1_157' title='bbox 1343 845 1418 879; x_wconf 83' lang='grc'>463.</span> 
     </span>
    </p>

    <p class='ocr_par' dir='ltr' id='par_1_33' title="bbox 984 899 1523 939">
     <span class='ocr_line' id='line_1_50' title="bbox 984 899 1523 939; baseline -0.006 -4"><span class='ocrx_word' id='word_1_158' title='bbox 984 901 1154 936; x_wconf 80' lang='lat' dir='ltr'>Pastoralis</span> <span class='ocrx_word' id='word_1_159' title='bbox 1175 900 1311 933; x_wconf 73' lang='lat' dir='ltr'><strong>officii...</strong></span> <span class='ocrx_word' id='word_1_160' title='bbox 1337 911 1425 939; x_wconf 80' lang='lat' dir='ltr'>eura,</span> <span class='ocrx_word' id='word_1_161' title='bbox 1451 899 1523 933; x_wconf 87' lang='lat'><strong>778.</strong></span> 
     </span>
    </p>

    <p class='ocr_par' dir='ltr' id='par_1_34' title="bbox 984 953 1643 994">
     <span class='ocr_line' id='line_1_51' title="bbox 984 953 1643 994; baseline -0.005 -6"><span class='ocrx_word' id='word_1_162' title='bbox 984 955 1155 988; x_wconf 83' lang='lat' dir='ltr'>Pastoralis</span> <span class='ocrx_word' id='word_1_163' title='bbox 1176 954 1271 987; x_wconf 81' lang='lat' dir='ltr'>officii</span> <span class='ocrx_word' id='word_1_164' title='bbox 1294 954 1387 986; x_wconf 79' lang='lat' dir='ltr'>nobis</span> <span class='ocrx_word' id='word_1_165' title='bbox 1405 953 1567 994; x_wconf 89' lang='lat' dir='ltr'>divinitus,</span> <span class='ocrx_word' id='word_1_166' title='bbox 1591 953 1643 986; x_wconf 84' lang='lat'><strong>02.</strong></span> 
     </span>
    </p>

    <p class='ocr_par' dir='ltr' id='par_1_35' title="bbox 984 1006 1525 1047">
     <span class='ocr_line' id='line_1_52' title="bbox 984 1006 1525 1047; baseline -0.006 -5"><span class='ocrx_word' id='word_1_167' title='bbox 984 1008 1154 1042; x_wconf 77' lang='lat' dir='ltr'>Pastoralis</span> <span class='ocrx_word' id='word_1_168' title='bbox 1175 1007 1310 1041; x_wconf 77' lang='lat' dir='ltr'><strong>officii...</strong></span> <span class='ocrx_word' id='word_1_169' title='bbox 1335 1007 1428 1047; x_wconf 86' lang='lat' dir='ltr'>ratio,</span> <span class='ocrx_word' id='word_1_170' title='bbox 1451 1006 1525 1040; x_wconf 82' lang='lat'><strong>375.</strong></span> 
     </span>
    </p>

    <p class='ocr_par' dir='ltr' id='par_1_36' title="bbox 976 1058 1601 1101">
     <span class='ocr_line' id='line_1_53' title="bbox 976 1058 1601 1101; baseline -0.008 -4"><span class='ocrx_word' id='word_1_171' title='bbox 976 1062 1155 1097; x_wconf 84' lang='lat' dir='ltr'>&#39;Pastoralis</span> <span class='ocrx_word' id='word_1_172' title='bbox 1175 1060 1311 1094; x_wconf 83' lang='lat' dir='ltr'>Romani</span> <span class='ocrx_word' id='word_1_173' title='bbox 1329 1059 1505 1101; x_wconf 85' lang='lat' dir='ltr'>Pontificis,</span> <span class='ocrx_word' id='word_1_174' title='bbox 1526 1058 1601 1093; x_wconf 81' lang='lat'><strong>182.</strong></span> 
     </span>
    </p>

    <p class='ocr_par' dir='ltr' id='par_1_37' title="bbox 985 1113 1374 1155">
     <span class='ocr_line' id='line_1_54' title="bbox 985 1113 1374 1155; baseline -0.01 -5"><span class='ocrx_word' id='word_1_175' title='bbox 985 1115 1123 1150; x_wconf 75' lang='lat' dir='ltr'>Pastoris</span> <span class='ocrx_word' id='word_1_176' title='bbox 1144 1115 1278 1155; x_wconf 85' lang='lat' dir='ltr'>aeterni,</span> <span class='ocrx_word' id='word_1_177' title='bbox 1301 1113 1374 1147; x_wconf 89' lang='lat'><strong>767.</strong></span> 
     </span>
    </p>

    <p class='ocr_par' dir='ltr' id='par_1_38' title="bbox 985 1167 1357 1208">
     <span class='ocr_line' id='line_1_55' title="bbox 985 1167 1357 1208; baseline -0.008 -5"><span class='ocrx_word' id='word_1_178' title='bbox 985 1169 1124 1203; x_wconf 73' lang='lat' dir='ltr'>Pastoris</span> <span class='ocrx_word' id='word_1_179' title='bbox 1146 1168 1283 1208; x_wconf 85' lang='lat' dir='ltr'>muneri,</span> <span class='ocrx_word' id='word_1_180' title='bbox 1305 1167 1357 1200; x_wconf 82' lang='lat'>62.</span> 
     </span>
    </p>

    <p class='ocr_par' dir='ltr' id='par_1_39' title="bbox 985 1220 1422 1261">
     <span class='ocr_line' id='line_1_56' title="bbox 985 1220 1422 1261; baseline -0.007 -5"><span class='ocrx_word' id='word_1_181' title='bbox 985 1225 1119 1257; x_wconf 83' lang='lat' dir='ltr'>Paterna</span> <span class='ocrx_word' id='word_1_182' title='bbox 1141 1223 1179 1256; x_wconf 89' lang='lat' dir='ltr'>de</span> <span class='ocrx_word' id='word_1_183' title='bbox 1199 1222 1327 1261; x_wconf 83' lang='lat' dir='ltr'>uostris,</span> <span class='ocrx_word' id='word_1_184' title='bbox 1349 1220 1422 1254; x_wconf 75' lang='lat'><strong>352.</strong></span> 
     </span>
    </p>

    <p class='ocr_par' dir='ltr' id='par_1_40' title="bbox 984 1272 1608 1317">
     <span class='ocr_line' id='line_1_57' title="bbox 984 1272 1608 1317; baseline -0.005 -8"><span class='ocrx_word' id='word_1_185' title='bbox 984 1278 1121 1310; x_wconf 82' lang='lat' dir='ltr'>Paterna</span> <span class='ocrx_word' id='word_1_186' title='bbox 1142 1281 1251 1309; x_wconf 89' lang='lat' dir='ltr'>nostra</span> <span class='ocrx_word' id='word_1_187' title='bbox 1272 1286 1346 1317; x_wconf 75' lang='lat' dir='ltr'>erga</span> <span class='ocrx_word' id='word_1_188' title='bbox 1366 1279 1510 1314; x_wconf 80' lang='lat' dir='ltr'>cunctos,</span> <span class='ocrx_word' id='word_1_189' title='bbox 1534 1272 1608 1306; x_wconf 88' lang='lat'><strong>270.</strong></span> 
     </span>
    </p>

    <p class='ocr_par' dir='ltr' id='par_1_41' title="bbox 985 1326 1703 1371">
     <span class='ocr_line' id='line_1_58' title="bbox 985 1326 1703 1371; baseline -0.007 -7"><span class='ocrx_word' id='word_1_190' title='bbox 985 1332 1120 1364; x_wconf 81' lang='lat' dir='ltr'>Paterna</span> <span class='ocrx_word' id='word_1_191' title='bbox 1140 1335 1250 1362; x_wconf 83' lang='lat' dir='ltr'>nostra</span> <span class='ocrx_word' id='word_1_192' title='bbox 1271 1339 1345 1371; x_wconf 78' lang='lat' dir='ltr'>erga</span> <span class='ocrx_word' id='word_1_193' title='bbox 1367 1338 1606 1371; x_wconf 79' lang='lat' dir='ltr'>quoscumque,</span> <span class='ocrx_word' id='word_1_194' title='bbox 1630 1326 1703 1359; x_wconf 85' lang='lat'><strong>685.</strong></span> 
     </span>
    </p>

    <p class='ocr_par' dir='ltr' id='par_1_42' title="bbox 986 1380 1623 1425">
     <span class='ocr_line' id='line_1_59' title="bbox 986 1380 1623 1425; baseline -0.008 -7"><span class='ocrx_word' id='word_1_195' title='bbox 986 1386 1122 1418; x_wconf 84' lang='lat' dir='ltr'>Paterna</span> <span class='ocrx_word' id='word_1_196' title='bbox 1142 1389 1252 1416; x_wconf 80' lang='lat' dir='ltr'>nostra</span> <span class='ocrx_word' id='word_1_197' title='bbox 1274 1393 1348 1425; x_wconf 80' lang='lat' dir='ltr'>erga</span> <span class='ocrx_word' id='word_1_198' title='bbox 1370 1381 1528 1421; x_wconf 87' lang='lat' dir='ltr'>subditos,</span> <span class='ocrx_word' id='word_1_199' title='bbox 1549 1380 1623 1414; x_wconf 81' lang='lat'><strong>592.</strong></span> 
     </span>
    </p>

    <p class='ocr_par' dir='ltr' id='par_1_43' title="bbox 985 1435 1535 1479">
     <span class='ocr_line' id='line_1_60' title="bbox 985 1435 1535 1479; baseline -0.005 -7"><span class='ocrx_word' id='word_1_200' title='bbox 985 1440 1122 1473; x_wconf 87' lang='lat' dir='ltr'>Paterna</span> <span class='ocrx_word' id='word_1_201' title='bbox 1142 1443 1253 1471; x_wconf 88' lang='lat' dir='ltr'>nostra</span> <span class='ocrx_word' id='word_1_202' title='bbox 1275 1447 1350 1479; x_wconf 74' lang='lat' dir='ltr'>erga</span> <span class='ocrx_word' id='word_1_203' title='bbox 1371 1447 1437 1476; x_wconf 73' lang='lat' dir='ltr'>vos,</span> <span class='ocrx_word' id='word_1_204' title='bbox 1461 1435 1535 1469; x_wconf 84' lang='grc'>481.</span> 
     </span>
    </p>

    <p class='ocr_par' dir='ltr' id='par_1_44' title="bbox 985 1487 1577 1530">
     <span class='ocr_line' id='line_1_61' title="bbox 985 1487 1577 1530; baseline -0.008 -4"><span class='ocrx_word' id='word_1_205' title='bbox 985 1493 1122 1526; x_wconf 79' lang='lat' dir='ltr'>Paterna</span> <span class='ocrx_word' id='word_1_206' title='bbox 1143 1496 1253 1524; x_wconf 82' lang='lat' dir='ltr'>nostra</span> <span class='ocrx_word' id='word_1_207' title='bbox 1270 1491 1301 1523; x_wconf 90' lang='lat' dir='ltr'>in</span> <span class='ocrx_word' id='word_1_208' title='bbox 1324 1489 1481 1530; x_wconf 86' lang='lat' dir='ltr'>subditos,</span> <span class='ocrx_word' id='word_1_209' title='bbox 1502 1487 1577 1522; x_wconf 88' lang='lat'><strong>202.</strong></span> 
     </span>
    </p>

    <p class='ocr_par' dir='ltr' id='par_1_45' title="bbox 985 1543 1436 1585">
     <span class='ocr_line' id='line_1_62' title="bbox 985 1543 1436 1585; baseline -0.009 -5"><span class='ocrx_word' id='word_1_210' title='bbox 985 1547 1039 1581; x_wconf 86' lang='lat' dir='ltr'>Pia</span> <span class='ocrx_word' id='word_1_211' title='bbox 1060 1551 1163 1579; x_wconf 83' lang='lat' dir='ltr'>mater</span> <span class='ocrx_word' id='word_1_212' title='bbox 1183 1545 1336 1585; x_wconf 84' lang='lat' dir='ltr'>Ecclesia,</span> <span class='ocrx_word' id='word_1_213' title='bbox 1361 1543 1436 1577; x_wconf 82' lang='lat'><strong>201.</strong></span> 
     </span>
    </p>

    <p class='ocr_par' dir='ltr' id='par_1_46' title="bbox 987 1597 1433 1637">
     <span class='ocr_line' id='line_1_63' title="bbox 987 1597 1433 1637; baseline -0.009 -3"><span class='ocrx_word' id='word_1_214' title='bbox 987 1599 1152 1634; x_wconf 81' lang='lat' dir='ltr'>Pontifieis</span> <span class='ocrx_word' id='word_1_215' title='bbox 1170 1598 1357 1637; x_wconf 82' lang='lat' dir='ltr'>auctoritas,</span> <span class='ocrx_word' id='word_1_216' title='bbox 1384 1597 1433 1630; x_wconf 88' lang='lat'>18.</span> 
     </span>
    </p>

    <p class='ocr_par' dir='ltr' id='par_1_47' title="bbox 987 1648 1573 1695">
     <span class='ocr_line' id='line_1_64' title="bbox 987 1648 1573 1695; baseline -0.007 -9"><span class='ocrx_word' id='word_1_217' title='bbox 987 1653 1155 1687; x_wconf 81' lang='lat' dir='ltr'>Praeclara</span> <span class='ocrx_word' id='word_1_218' title='bbox 1174 1652 1474 1695; x_wconf 77' lang='lat' dir='ltr'>praedeeessorum,</span> <span class='ocrx_word' id='word_1_219' title='bbox 1499 1648 1573 1683; x_wconf 77' lang='lat'><strong>534.</strong></span> 
     </span>
    </p>

    <p class='ocr_par' dir='ltr' id='par_1_48' title="bbox 986 1704 1430 1744">
     <span class='ocr_line' id='line_1_65' title="bbox 986 1704 1430 1744; baseline -0.009 -4"><span class='ocrx_word' id='word_1_220' title='bbox 986 1708 1048 1740; x_wconf 87' lang='lat' dir='ltr'>Pro</span> <span class='ocrx_word' id='word_1_221' title='bbox 1070 1705 1204 1739; x_wconf 80' lang='lat' dir='ltr'>iniuncti</span> <span class='ocrx_word' id='word_1_222' title='bbox 1227 1705 1331 1744; x_wconf 76' lang='lat' dir='ltr'>nobis,</span> <span class='ocrx_word' id='word_1_223' title='bbox 1355 1704 1430 1737; x_wconf 75' lang='lat'><strong>200.</strong></span> 
     </span>
    </p>

    <p class='ocr_par' dir='ltr' id='par_1_49' title="bbox 987 1757 1468 1803">
     <span class='ocr_line' id='line_1_66' title="bbox 987 1757 1468 1803; baseline -0.008 -9"><span class='ocrx_word' id='word_1_224' title='bbox 987 1762 1048 1794; x_wconf 87' lang='lat' dir='ltr'>Pro</span> <span class='ocrx_word' id='word_1_225' title='bbox 1069 1759 1168 1793; x_wconf 86' lang='lat' dir='ltr'>nostri</span> <span class='ocrx_word' id='word_1_226' title='bbox 1186 1758 1369 1803; x_wconf 84' lang='lat' dir='ltr'>pastoralis,</span> <span class='ocrx_word' id='word_1_227' title='bbox 1394 1757 1468 1791; x_wconf 86' lang='lat'><strong>861.</strong></span> 
     </span>
    </p>

    <p class='ocr_par' dir='ltr' id='par_1_50' title="bbox 988 1809 1729 1906">
     <span class='ocr_line' id='line_1_67' title="bbox 988 1809 1729 1856; baseline -0.008 -8"><span class='ocrx_word' id='word_1_228' title='bbox 988 1815 1049 1848; x_wconf 85' lang='lat' dir='ltr'>Pro</span> <span class='ocrx_word' id='word_1_229' title='bbox 1078 1817 1188 1846; x_wconf 89' lang='lat' dir='ltr'>nostro</span> <span class='ocrx_word' id='word_1_230' title='bbox 1219 1822 1399 1845; x_wconf 85' lang='lat' dir='ltr'>munere...</span> <span class='ocrx_word' id='word_1_231' title='bbox 1424 1810 1585 1856; x_wconf 85' lang='lat' dir='ltr'>pertinere</span> <span class='ocrx_word' id='word_1_232' title='bbox 1614 1809 1729 1852; x_wconf 71' lang='lat' dir='ltr'>digno-</span> 
     </span>
     <span class='ocr_line' id='line_1_68' title="bbox 1033 1864 1275 1906; baseline -0.008 -6"><span class='ocrx_word' id='word_1_233' title='bbox 1033 1873 1178 1906; x_wconf 86' lang='lat' dir='ltr'>scuntur,</span> <span class='ocrx_word' id='word_1_234' title='bbox 1200 1864 1275 1898; x_wconf 82' lang='grc'>163,</span> 
     </span>
    </p>

    <p class='ocr_par' dir='ltr' id='par_1_51' title="bbox 990 1917 1734 1964">
     <span class='ocr_line' id='line_1_69' title="bbox 990 1917 1734 1964; baseline -0.007 -9"><span class='ocrx_word' id='word_1_235' title='bbox 990 1922 1050 1956; x_wconf 85' lang='lat' dir='ltr'>Pro</span> <span class='ocrx_word' id='word_1_236' title='bbox 1072 1925 1182 1954; x_wconf 88' lang='lat' dir='ltr'>nostro</span> <span class='ocrx_word' id='word_1_237' title='bbox 1202 1930 1376 1953; x_wconf 83' lang='lat' dir='ltr'>munere...</span> <span class='ocrx_word' id='word_1_238' title='bbox 1391 1929 1488 1964; x_wconf 87' lang='lat' dir='ltr'>super</span> <span class='ocrx_word' id='word_1_239' title='bbox 1501 1917 1734 1957; x_wconf 82' lang='lat' dir='ltr'>exactionibus,</span> 
     </span>
    </p>
   </div>
   <div class='ocr_carea' id='block_1_17' title="bbox 992 1974 1393 2072">
    <p class='ocr_par' dir='ltr' id='par_1_52' title="bbox 992 1974 1393 2072">
     <span class='ocr_line' id='line_1_70' title="bbox 1034 1974 1087 2007; baseline 0 0"><span class='ocrx_word' id='word_1_240' title='bbox 1034 1974 1087 2007; x_wconf 87' lang='grc'>45,</span> 
     </span>
     <span class='ocr_line' id='line_1_71' title="bbox 992 2026 1393 2072; baseline -0.005 -11"><span class='ocrx_word' id='word_1_241' title='bbox 992 2029 1153 2072; x_wconf 79' lang='lat' dir='ltr'>propensa</span> <span class='ocrx_word' id='word_1_242' title='bbox 1174 2033 1294 2067; x_wconf 83' lang='lat' dir='ltr'>nostra,</span> <span class='ocrx_word' id='word_1_243' title='bbox 1319 2026 1393 2060; x_wconf 80' lang='grc'>673.</span> 
     </span>
    </p>
   </div>
   <div class='ocr_carea' id='block_1_18' title="bbox 1357 2143 1381 2182">
    <p class='ocr_par' dir='ltr' id='par_1_53' title="bbox 1357 2143 1381 2182">
     <span class='ocr_line' id='line_1_72' title="bbox 1357 2143 1381 2182; baseline 0 0"><span class='ocrx_word' id='word_1_244' title='bbox 1357 2143 1381 2182; x_wconf 90' lang='lat' dir='ltr'>Q</span> 
     </span>
    </p>
   </div>
   <div class='ocr_carea' id='block_1_19' title="bbox 991 2239 1735 2710">
    <p class='ocr_par' dir='ltr' id='par_1_54' title="bbox 992 2239 1438 2282">
     <span class='ocr_line' id='line_1_73' title="bbox 992 2239 1438 2282; baseline -0.004 -7"><span class='ocrx_word' id='word_1_245' title='bbox 992 2242 1077 2282; x_wconf 84' lang='lat' dir='ltr'>Quae</span> <span class='ocrx_word' id='word_1_246' title='bbox 1099 2241 1138 2274; x_wconf 88' lang='lat' dir='ltr'>ad</span> <span class='ocrx_word' id='word_1_247' title='bbox 1158 2241 1340 2281; x_wconf 78' lang='lat' dir='ltr'>beatorum,</span> <span class='ocrx_word' id='word_1_248' title='bbox 1363 2239 1438 2273; x_wconf 77' lang='grc'>433.</span> 
     </span>
    </p>

    <p class='ocr_par' dir='ltr' id='par_1_55' title="bbox 992 2291 1632 2338">
     <span class='ocr_line' id='line_1_74' title="bbox 992 2291 1632 2338; baseline -0.005 -10"><span class='ocrx_word' id='word_1_249' title='bbox 992 2296 1222 2338; x_wconf 85' lang='lat' dir='ltr'>Quaecumque</span> <span class='ocrx_word' id='word_1_250' title='bbox 1243 2294 1281 2327; x_wconf 90' lang='lat' dir='ltr'>ad</span> <span class='ocrx_word' id='word_1_251' title='bbox 1301 2293 1398 2327; x_wconf 88' lang='lat' dir='ltr'>divini</span> <span class='ocrx_word' id='word_1_252' title='bbox 1421 2293 1537 2334; x_wconf 85' lang='lat' dir='ltr'>cultus,</span> <span class='ocrx_word' id='word_1_253' title='bbox 1560 2291 1632 2325; x_wconf 86' lang='lat'><strong>781.</strong></span> 
     </span>
    </p>

    <p class='ocr_par' dir='ltr' id='par_1_56' title="bbox 992 2345 1475 2389">
     <span class='ocr_line' id='line_1_75' title="bbox 992 2345 1475 2389; baseline -0.006 -7"><span class='ocrx_word' id='word_1_254' title='bbox 992 2350 1078 2389; x_wconf 83' lang='lat' dir='ltr'>Quae</span> <span class='ocrx_word' id='word_1_255' title='bbox 1097 2348 1136 2381; x_wconf 91' lang='lat' dir='ltr'>ad</span> <span class='ocrx_word' id='word_1_256' title='bbox 1155 2347 1376 2387; x_wconf 83' lang='lat' dir='ltr'>ecclesiarum,</span> <span class='ocrx_word' id='word_1_257' title='bbox 1401 2345 1475 2379; x_wconf 85' lang='grc'>856.</span> 
     </span>
    </p>

    <p class='ocr_par' dir='ltr' id='par_1_57' title="bbox 992 2400 1397 2445">
     <span class='ocr_line' id='line_1_76' title="bbox 992 2400 1397 2445; baseline -0.007 -9"><span class='ocrx_word' id='word_1_258' title='bbox 992 2404 1077 2442; x_wconf 82' lang='lat' dir='ltr'>Quae</span> <span class='ocrx_word' id='word_1_259' title='bbox 1099 2402 1137 2435; x_wconf 84' lang='lat' dir='ltr'>ad</span> <span class='ocrx_word' id='word_1_260' title='bbox 1159 2401 1297 2445; x_wconf 57' lang='lat' dir='ltr'>pictam,</span> <span class='ocrx_word' id='word_1_261' title='bbox 1323 2400 1397 2433; x_wconf 74' lang='grc'>849.</span> 
     </span>
    </p>

    <p class='ocr_par' dir='ltr' id='par_1_58' title="bbox 992 2453 1438 2498">
     <span class='ocr_line' id='line_1_77' title="bbox 992 2453 1438 2498; baseline -0.007 -9"><span class='ocrx_word' id='word_1_262' title='bbox 992 2457 1077 2496; x_wconf 87' lang='lat' dir='ltr'>Quae</span> <span class='ocrx_word' id='word_1_263' title='bbox 1099 2456 1138 2488; x_wconf 87' lang='lat' dir='ltr'>ad</span> <span class='ocrx_word' id='word_1_264' title='bbox 1160 2465 1361 2498; x_wconf 82' lang='lat' dir='ltr'>prosperam,</span> <span class='ocrx_word' id='word_1_265' title='bbox 1386 2453 1438 2486; x_wconf 72' lang='grc'>34.</span> 
     </span>
    </p>

    <p class='ocr_par' dir='ltr' id='par_1_59' title="bbox 992 2506 1698 2552">
     <span class='ocr_line' id='line_1_78' title="bbox 992 2506 1698 2552; baseline -0.003 -10"><span class='ocrx_word' id='word_1_266' title='bbox 992 2509 1078 2549; x_wconf 84' lang='lat' dir='ltr'>Quae</span> <span class='ocrx_word' id='word_1_267' title='bbox 1098 2509 1138 2542; x_wconf 86' lang='lat' dir='ltr'>ad</span> <span class='ocrx_word' id='word_1_268' title='bbox 1159 2508 1395 2551; x_wconf 82' lang='lat' dir='ltr'>Religiosorum</span> <span class='ocrx_word' id='word_1_269' title='bbox 1417 2507 1599 2552; x_wconf 88' lang='lat' dir='ltr'>antiquum,</span> <span class='ocrx_word' id='word_1_270' title='bbox 1623 2506 1698 2542; x_wconf 78' lang='lat'><strong>860.</strong></span> 
     </span>
    </p>

    <p class='ocr_par' dir='ltr' id='par_1_60' title="bbox 992 2561 1735 2648">
     <span class='ocr_line' id='line_1_79' title="bbox 992 2561 1735 2606; baseline -0.004 -10"><span class='ocrx_word' id='word_1_271' title='bbox 992 2563 1220 2605; x_wconf 85' lang='lat' dir='ltr'>Quaecumque</span> <span class='ocrx_word' id='word_1_272' title='bbox 1251 2562 1290 2595; x_wconf 85' lang='lat' dir='ltr'>ad</span> <span class='ocrx_word' id='word_1_273' title='bbox 1323 2561 1559 2604; x_wconf 77' lang='lat' dir='ltr'>Religiosorum</span> <span class='ocrx_word' id='word_1_274' title='bbox 1581 2562 1735 2606; x_wconf 85' lang='lat' dir='ltr'>quietem,</span> 
     </span>
     <span class='ocr_line' id='line_1_80' title="bbox 1036 2615 1111 2648; baseline 0 0"><span class='ocrx_word' id='word_1_275' title='bbox 1036 2615 1111 2648; x_wconf 89' lang='lat'><strong>277.</strong></span> 
     </span>
    </p>

    <p class='ocr_par' dir='ltr' id='par_1_61' title="bbox 991 2667 1462 2710">
     <span class='ocr_line' id='line_1_81' title="bbox 991 2667 1462 2710; baseline -0.002 -7"><span class='ocrx_word' id='word_1_276' title='bbox 991 2669 1077 2709; x_wconf 84' lang='lat' dir='ltr'>Quae</span> <span class='ocrx_word' id='word_1_277' title='bbox 1098 2670 1137 2703; x_wconf 85' lang='lat' dir='ltr'>ad</span> <span class='ocrx_word' id='word_1_278' title='bbox 1158 2669 1363 2710; x_wconf 87' lang='lat' dir='ltr'>Sanctorum,</span> <span class='ocrx_word' id='word_1_279' title='bbox 1387 2667 1462 2702; x_wconf 87' lang='lat'><strong>200.</strong></span> 
     </span>
    </p>
   </div>
  </div>
 </body>
</html>
