2253 3195
213 249 265 277 An.
285 249 315 276 c.
331 248 398 276 1602
445 239 509 274 846

224 630 330 657 Capcttaai
339 635 400 656 turae-

217 658 399 683 iiaappettatiouc

216 691 240 704 ra
251 686 399 709 praestarem—

215 713 296 731 cusani.

414 298 573 337 statione,
600 297 688 341 quod
719 302 876 340 quatenus
904 296 1159 340 obtemperaturi

415 357 520 385 essent
533 379 540 388 ‚
570 349 825 393 obtemperaturi
861 355 952 382 erant
986 349 1160 383 formidine

415 415 548 448 poenae,
572 409 694 436 etcum
716 402 934 436 declaratione
958 403 1046 446 quod
1070 402 1160 436 litem

416 468 488 490 cum
510 456 644 490 caeteris
672 456 846 500 capellanis
870 456 1024 500 prosequi
1054 455 1160 489 inten-

416 511 544 543 debant.
884 537 887 541 .

460 565 476 605 ἓ
497 563 528 597 3.
551 563 739 604 Novissime,
762 563 846 597 sicut
870 574 936 597 non
962 563 1031 597 sine
1061 563 1161 596 animi

415 618 515 650 nostri
525 617 768 661 perturbatione
777 618 971 661 accepimus⁷
979 628 1052 651 cum
1061 617 1160 651 iidem

415 671 573 715 capellani
587 681 717 704 eausam
734 671 961 715 appellationis
981 671 1020 704 ab
1042 676 1161 704 asserta

414 725 573 758 sententia
593 725 648 758 abs
667 731 696 758 te
711 752 718 765 ,
742 725 841 758 frater
866 725 1016 769 episcope
1030 752 1038 766 ,
1062 725 1095 757 in
1114 725 1160 758 sa-

416 789 525 811 vorem
545 778 764 822 quorumdam
785 778 1027 822 capellanorum
1049 783 1161 811 contra

414 831 494 865 alios
515 832 698 876 capellanos
718 842 817 875 super
837 831 1034 874 obligatione
1055 831 1158 865 susci-

414 885 525 929 piendi
545 891 736 929 paramenta
757 885 788 918 in
808 885 913 918 missis
934 890 965 918 et
984 884 1099 918 divinis
1112 885 1161 918 os-

415 939 494 979 ficis,
508 945 543 972 ut
563 944 792 982 exposuerunt,
808 939 872 972 lata
891 938 923 971 in
944 938 1042 972 Sacro
1062 939 1162 972 Rotae

415 992 577 1026 auditorio
599 992 716 1026 dilecto
737 992 804 1025 filio
834 992 986 1035 magistro
1014 992 1162 1025 Andreae

415 1047 455 1079 de
475 1046 624 1080 Corduba
643 1046 810 1090 capellano
831 1052 953 1087 nostro,
974 1051 1005 1079 ct
1018 1045 1161 1079 eiusdem

415 1100 514 1133 Rotae
534 1099 674 1133 auditori
692 1099 862 1140 committi,
875 1099 1060 1133 eteiusdem
1073 1109 1162 1132 com-

416 1153 578 1186 missionis
606 1153 735 1195 rigore,
767 1153 995 1186 inhibitionem
1026 1154 1163 1186 rotalem

417 1206 642 1246 obtinuissent,
668 1206 822 1250 vobisque
842 1206 1054 1247 intimassent,
1071 1217 1164 1251 prae-

417 1261 595 1301 tendentes,
607 1260 693 1294 illius
712 1260 834 1303 vigore,
850 1261 1099 1304 exequutionem
1113 1272 1165 1294 su-

416 1314 637 1358 pradictorum
659 1314 862 1347 decretorum
888 1324 947 1358 per
972 1324 1027 1348 vos
1058 1315 1161 1347 saeto-

417 1378 488 1400 rum
509 1378 697 1411 suspensam
716 1377 795 1408 esse,
813 1368 1022 1411 postmodum
1043 1368 1163 1401 eisdem

418 1421 556 1455 decretis
576 1421 709 1454 obedire
730 1426 920 1454 recusarunt
945 1427 976 1454 et
1001 1427 1161 1462 recusant,

417 1475 503 1508 uude
521 1475 646 1508 diversa
670 1480 699 1508 et
720 1474 829 1517 gravia
847 1474 879 1507 in
901 1474 968 1508 dies
992 1475 1161 1515 scandala,

418 1540 491 1562 cum
515 1529 619 1562 [idelis
651 1529 762 1573 populi
791 1528 968 1562 offensione
983 1556 990 1570 ,
1011 1535 1042 1562 et
1067 1529 1165 1562 divini

418 1583 523 1616 cultus
547 1583 742 1616 detrimento
771 1582 987 1626 proveniunt,
1012 1583 1163 1626 quando-

418 1637 562 1680 quidem,
586 1637 656 1681 ipso
677 1636 904 1670 celebrationis
925 1636 1095 1670 missarum
1113 1647 1165 1671 so-

419 1690 588 1730 lemnium,
612 1696 643 1724 ct
662 1690 846 1724 divinorum
875 1690 1056 1723 officiorum
1080 1696 1162 1723 tem-

420 1753 498 1787 pore
509 1743 677 1787 capellani,
686 1743 740 1786 qui
752 1742 967 1776 ecclesiastica
978 1742 1167 1775 indumenta

420 1803 591 1841 propterea
604 1797 712 1838 vigore
732 1797 995 1840 supradictorum
1018 1796 1166 1830 decreto-

420 1861 491 1883 rum
512 1850 676 1894 suscipere
699 1855 903 1890 teuerentm·,
933 1860 1082 1883 recusare
1102 1860 1167 1883 non

420 1904 617 1937 erubescunt
638 1903 692 1936 illa
712 1903 887 1947 suscipere.

465 1959 479 1999 ᾗ
501 1958 532 1992 sk.
561 1958 624 1991 Nos
651 1957 836 1991 huiusmodi
861 1957 1043 1998 scandalis,
1068 1968 1167 2001 quan-

298 2023 315 2035 ¹··
333 2022 354 2060 ¹¹¹}
370 2016 405 2061 'ii-
422 2017 489 2045 tum
508 2022 579 2045 cum
602 2012 740 2045 Domino
766 2021 948 2055 possumus,
973 2022 1144 2045 occurrere
1159 2038 1166 2051 ,

343 2102 406 2114 Γ
422 2076 458 2098 ac
489 2065 586 2098 divini
620 2066 725 2098 cultus
756 2064 950 2098 restitutioni
984 2064 1169 2108 prospicere

245 2157 248 2168 Γ
323 2154 334 2167 ΓΓ
353 2130 406 2169 mis
422 2118 598 2162 cupientes,
616 2124 705 2151 motu
731 2118 874 2161 proprio,
898 2124 927 2151 et
949 2129 986 2151 ex
1007 2124 1093 2151 certa
1114 2128 1170 2150 no-

224 2183 242 2218 ·Γ
268 2166 406 2222 ’·Γ·ΓΤ··Γ··Γ<Τ·Γ)”)·
422 2178 487 2205 stra
515 2172 648 2205 scientia
663 2199 670 2212 ,
701 2183 738 2204 ac
759 2177 886 2204 matura
911 2171 1144 2204 deliberatione
1159 2198 1166 2212 ‚

423 2228 528 2270 deque
548 2225 744 2270 apostolicae
765 2225 931 2270 potestatis
950 2225 1166 2269 plenitudiue.

424 2279 619 2323 praedictam
650 2285 681 2313 et
705 2290 926 2323 ‹piascumque
946 2278 1024 2311 alias
1051 2278 1170 2311 inbibi-

425 2333 526 2366 tioiws
558 2333 783 2373 moderantes,
811 2344 848 2365 ac
874 2332 1075 2376 supradictas
1107 2342 1168 2364 no-

424 2392 521 2426 stras,
544 2397 670 2420 necnon
700 2386 800 2420 felicis
832 2385 1064 2419 recordationis
1095 2385 1169 2419 Sixti

425 2439 592 2483 Papae-V,
617 2439 873 2483 praedercssoris
901 2438 1020 2477 nostri,
1049 2438 1172 2471 litteras

425 2495 654 2525 rontirmautrs
668 2499 695 2526 et
712 2493 940 2537 approbantes,
963 2491 1171 2525 vobisomuia

426 2551 454 2577 vt
476 2545 613 2586 >iii-gula,
642 2558 724 2589 (piae
749 2547 788 2579 ad
815 2545 957 2579 (lirinum
992 2546 1113 2578 cultum
1140 2545 1170 2577 in

426 2600 538 2632 eadem
571 2600 702 2632 ercli-sia
735 2600 918 2643 pertint-ut,
942 2598 1111 2632 ordinandi
1142 2604 1171 2632 et

427 2652 634 2690 ‹luceria-udi,
647 2664 681 2685 av
700 2653 920 2686 orttimitioues
938 2659 966 2686 et
982 2653 1121 2693 decreta,
1140 2657 1172 2685 ut

993 249 1179 273 BULLARIUM
1198 249 1354 273 ROMANUM

1193 297 1387 340 praefertur,
1404 307 1422 330 a
1440 297 1529 331 vobis
1547 297 1610 330 iam
1625 298 1734 338 factas,
1745 298 1934 342 praesertim

1193 351 1301 395 quoad
1322 351 1406 384 dicta
1426 357 1616 395 paramenta
1636 351 1669 384 in
1688 351 1792 386 missis
1817 358 1848 386 et
1866 353 1936 386 aliis

1194 404 1308 437 divinis
1328 404 1441 438 officiis
1462 405 1665 446 assumenda,
1689 405 1878 449 exequendi,
1900 417 1937 439 ac

1193 468 1251 501 per
1270 457 1454 501 praedictos
1474 459 1670 502 capellanos,
1698 459 1786 492 omni
1808 464 1839 492 et
1858 469 1938 502 qua-

1194 521 1333 554 cumque
1353 511 1571 555 appellatione
1594 517 1734 553 remota,
1758 511 1938 546 executioni

1194 565 1384 598 demandari
1397 565 1545 606 faciendi,
1569 571 1600 599 et
1617 576 1839 610 quoscumque
1862 565 1936 598 ino-

1194 618 1361 652 bedientes
1383 629 1442 662 per
1464 618 1646 652 amissionis
1674 619 1940 652 distributionum

1194 671 1478 715 quotidianarum,
1513 683 1550 706 ac
1580 673 1743 706 fruetuum
1775 672 1872 706 etiam
1903 683 1940 706 o-

1195 725 1319 758 mnium
1340 736 1472 759 suarum
1493 726 1766 770 capellaniarum,
1789 736 1870 770 quos
1890 737 1940 760 ec-

1195 779 1310 812 clesiae
1331 785 1362 812 et
1388 779 1551 812 sacristiae
1581 779 1739 823 applicari
1768 780 1938 819 volumus,

1195 832 1338 876 aliasque
1366 839 1544 876 poenaset
1571 844 1723 866 censuras
1751 832 1942 866 ecclesiasti-

1196 896 1258 926 cas,
1280 886 1376 919 etiam
1397 886 1524 930 saepius
1549 892 1662 920 contra
1681 886 1890 930 pertinaciter
1909 886 1942 919 in

1196 949 1308 972 eorum
1339 939 1559 973 inobedientia
1585 939 1802 984 persistentes,
1819 950 1944 982 ,aggra-

1195 993 1330 1034 vandas,
1351 993 1480 1037 aliaque
1506 999 1690 1037 opportuna
1714 993 1794 1028 iuris
1814 998 1845 1027 et
1869 993 1943 1027 fricti

1196 1045 1362 1088 remedia,
1398 1046 1487 1080 omni
1521 1047 1643 1091 pariter
1671 1054 1702 1080 ct
1738 1057 1944 1091 quacumque

1197 1100 1416 1143 appellatione
1436 1106 1572 1141 remota,
1596 1101 1733 1143 cogendi
1751 1106 1783 1134 et
1802 1100 1945 1144 compel-

1198 1153 1295 1187 lendi.
1319 1154 1357 1187 Et
1386 1164 1427 1187 ne
1451 1154 1537 1188 fraus
1564 1154 1671 1199 aliqua
1692 1154 1725 1188 in
1751 1155 1944 1198 punctandis

1197 1207 1372 1251 capellanis
1384 1207 1610 1242 deficientibus
1631 1219 1690 1252 per
1712 1208 1842 1242 illorum
1863 1200 1945 1252 pun-

1197 1266 1335 1295 ctatores
1362 1261 1606 1301 committatur,
1638 1262 1718 1295 duos
1747 1261 1941 1303 canonicos,

1197 1314 1252 1358 qui
1272 1314 1419 1348 assistant
1437 1315 1569 1348 alternis
1583 1315 1705 1348 vicibus
1725 1315 1943 1359 punctationi-

1198 1367 1257 1401 bus
1278 1367 1465 1401 lmiusmodi
1480 1395 1487 1409 ,
1511 1374 1543 1402 ct
1563 1369 1692 1402 illarum
1721 1368 1946 1412 exequutioni-

1198 1420 1257 1454 bus
1277 1414 1465 1465 deputandi,
1490 1421 1642 1465 ipsosque
1659 1421 1844 1466 capellanos
1863 1432 1946 1465 pun—

1199 1479 1337 1508 ctatores
1373 1475 1413 1508 ad
1449 1474 1667 1508 exhibendum
1704 1475 1794 1508 vobis
1834 1481 1945 1510 notam

1199 1533 1465 1571 punctaturarum
1496 1528 1683 1562 huiusmodi
1710 1528 1859 1562 similiter
1884 1538 1942 1562 co·

1198 1581 1305 1623 gendi‚
1316 1592 1352 1614 ac
1366 1582 1496 1614 eosdem
1510 1581 1543 1614 in
1556 1581 1819 1625 punctationibus
1830 1581 1945 1615 sacien-

1199 1635 1247 1669 dis
1264 1635 1463 1678 negligentes
1482 1635 1604 1679 pariter
1623 1636 1737 1680 poenis
1764 1635 1945 1670 amissionis

1199 1699 1330 1722 suarum
1359 1689 1625 1722 distributionum
1651 1689 1847 1730 muletantli;
1876 1689 1946 1733 ipsa

1200 1752 1275 1776 vcro
1285 1743 1528 1786 capellanorum
1538 1742 1728 1776 universitas
1737 1743 1827 1776 nullo
1838 1743 1945 1784 modo,

1200 1801 1253 1829 aut
1273 1802 1439 1840 praetextu
1461 1796 1562 1840 possit
1581 1796 1723 1840 aliquem
1744 1807 1780 1830 ex
1801 1796 1942 1840 capella-

1202 1849 1250 1883 nis
1269 1850 1423 1883 mulctare
1443 1849 1474 1882 in
1496 1849 1588 1883 dietis
1606 1849 1899 1890 distributionibus,
1916 1855 1948 1884 et

1203 1902 1233 1935 in
1254 1908 1415 1943 eventum,
1440 1903 1472 1936 in
1493 1914 1588 1947 quem
1610 1902 1726 1946 aliquis
1747 1913 1783 1936 ex
1808 1903 1947 1947 capella-

1203 1957 1250 1990 nis
1271 1957 1311 1990 ad
1332 1957 1466 1990 eliorum
1490 1967 1554 1989 uon
1581 1957 1749 1990 accederet
1763 1983 1770 1995 ,
1795 1962 1849 1989 ant
1870 1956 1947 1990 alias

1203 2021 1315 2044 onmes
1347 2010 1480 2043 obedire
1508 2015 1713 2050 recusarent,
1737 2009 1818 2043 alios
1843 2020 1945 2054 quos·

1203 2075 1342 2108 cumque
1363 2064 1568 2108 presbyteros
1589 2063 1620 2096 in
1641 2074 1753 2097 eorum
1780 2064 1886 2097 locum
1908 2064 1948 2097 ad

1205 2117 1384 2150 t'uuctiones
1405 2117 1549 2150 ciusdem
1568 2117 1722 2150 ecclesiae
1753 2116 1949 2150 necessarias

1203 2169 1399 2209 assumendi,
1420 2170 1546 2214 illisque
1565 2169 1807 2203 distributiones
1820 2180 1949 2203 eorum-

1203 2225 1275 2257 dem
1316 2224 1556 2267 r;q›ae.=llanorum
1590 2223 1808 2256 delicieutimu
1845 2223 1949 2267 appli-

1203 2278 1308 2317 candi,
1332 2277 1459 2320 aliaque
1482 2277 1512 2310 in
1541 2277 1725 2321 praemissis
1745 2283 1776 2311 et
1803 2277 1888 2311 circa
1912 2287 1949 2310 ea

1205 2330 1384 2364 necessaria
1408 2342 1463 2363 scu
1494 2330 1742 2374 ‹ptoinodolibet
1768 2335 1949 2375 opportuna

1205 2384 1354 2425 tacit-udi,
1378 2383 1510 2425 gerendi
1530 2382 1560 2417 ¹et
1585 2383 1775 2428 exequendi,
1799 2384 1946 2428 plenam,

1205 2437 1340 2470 liberam
1363 2443 1394 2470 et
1414 2437 1578 2480 amplam,
1603 2437 1793 2470 auctoritate
1822 2442 1950 2480 aposto-

1205 2491 1276 2531 lica,
1301 2496 1411 2524 tenore
1434 2489 1651 2533 praesentium
1673 2489 1780 2532 (salvis
1799 2489 1948 2523 tamenin

1205 2543 1337 2587 reliquis
1351 2543 1540 2576 eoruuulem
1562 2543 1803 2587 casu-llanorum
1825 2541 1949 2575 iuribus

1205 2597 1288 2630 rirca
1317 2597 1578 2641 exemptionem,
1607 2596 1631 2629 si
1658 2606 1754 2640 (piam
1782 2595 1839 2639 ipsi
1866 2594 1949 2628 inter

1205 2663 1238 2685 se
1260 2651 1390 2692 liabent,
1407 2657 1459 2684 aut
1475 2650 1589 2695 quovis
1607 2651 1704 2684 modo
1719 2649 1944 2694 praetendunt,

1949 251 1998 277 An.
2014 249 2043 278 e.
2064 240 2150 279 1602?
2179 231 2181 233 ’
