2253 3195
39 236 87 262 An.
109 234 137 262 C.
159 233 227 262 ¹596

109 1725 219 1756 Clausulae

36 1755 218 1779 praeservativae.

857 233 1004 258 CLEMENS
1022 234 1079 257 VIII
1096 234 1147 257 Pr.

237 282 414 316 cantoriam
436 287 466 315 et
485 282 662 315 sacristiam
678 309 685 322 ,
713 292 839 315 necnon
859 282 899 314 ad
927 293 980 314 sex

237 335 443 369 canonicatus
473 341 504 369 et
523 336 723 380 praebendas
746 345 806 379 pro
827 335 975 375 doctore,

235 395 290 423 aut
302 390 380 423 alias
393 390 550 432 graduato
565 390 596 422 in
611 389 759 429 decretis,
776 400 812 422 ac
826 389 978 431 magistro

236 443 268 476 in
289 443 452 486 theologia
472 444 604 483 lectore,
629 443 757 486 alioque
771 443 866 476 ctiam
890 442 979 475 theo-

235 496 321 539 logo,
345 502 400 530 aut
429 497 626 540 iurisperito,
646 507 771 529 necnon
793 496 930 529 diacono
948 501 980 529 et

234 550 446 591 subdiacono,
460 550 682 583 assistentibus
696 549 859 583 canonicis
879 560 975 593 prae-

235 603 347 644 fertur,
375 603 517 643 affectos,
540 603 667 647 quoties
687 603 726 636 de
747 608 875 636 caetero
908 603 979 636 illos

235 657 348 701 quovis
362 657 470 697 modo,
488 662 519 690 et
538 667 820 701 quorumcumque
832 657 978 701 personis

235 711 330 744 etiam
351 710 437 754 apud
470 710 584 744 Sedem
606 711 783 755 praefatam
798 738 805 751 ,
840 721 877 744 ac
901 710 979 743 alias

234 764 431 808 ubicumque
463 770 490 797 et
525 765 834 808 quomodocumque
865 775 977 797 vacare

234 818 425 860 contigerit,
454 818 558 851 eidem
589 818 760 851 Ordinario
784 829 842 862 per
874 818 977 861 ipsum

233 871 274 904 ad
293 871 585 915 praesentationem
600 871 785 904 huiusmodi
808 870 978 904 instituen-

233 925 300 965 das,
318 924 403 957 dicta
415 925 616 965 auctoritate,
633 925 743 958 itidem
762 930 917 968 perpetuo
930 935 980 957 re-

233 988 350 1017 serves,
380 978 539 1011 concedas
566 983 595 1010 et
617 977 779 1020 assignes;
808 988 844 1010 ac
865 977 975 1021 iuspa-

234 1037 381 1064 tronatus
393 1031 581 1064 huiusmodi
595 1031 715 1064 eisdem
729 1031 903 1074 praesecto,
924 1030 975 1063 iu-

235 1084 311 1117 ratis
331 1089 363 1117 et
386 1084 511 1117 sindico
532 1095 568 1117 ex
589 1084 672 1117 veris
687 1111 694 1122 ,
728 1083 825 1116 meris
856 1089 887 1116 et
906 1083 975 1127 pri-

234 1137 353 1170 maevis
381 1137 569 1170 fundatione
596 1137 643 1170 vel
664 1137 827 1170 dotatione
849 1147 978 1180 compe-

233 1196 312 1232 tere,
335 1191 479 1234 illudque
500 1201 615 1235 puram
635 1196 666 1224 et
685 1190 865 1234 simplicem
886 1195 978 1223 natu—

234 1254 316 1285 ram,
336 1243 530 1287 qualitatem
551 1249 582 1277 et
602 1243 820 1277 conditionem
843 1243 978 1287 iurispa-

234 1302 379 1331 tronatus
398 1296 555 1330 laicorum
572 1301 730 1341 perpetuo
744 1297 863 1330 habere
875 1302 906 1329 et
919 1297 977 1329 ob-

234 1350 347 1389 tinere,
371 1361 408 1383 ac
432 1350 537 1383 eidem
558 1350 647 1383 nullo
667 1360 811 1394 unquam
833 1355 978 1394 tempore

235 1404 267 1437 in
287 1404 399 1448 quovis
422 1403 598 1437 vacationis
615 1414 690 1437 casu
711 1403 807 1437 etiam
828 1414 886 1447 per
896 1404 978 1437 Pon-

237 1457 357 1492 tificem
379 1464 410 1490 et
430 1458 545 1491 Sedem
569 1458 752 1502 praefatos,
783 1457 860 1490 alias
880 1468 977 1501 quam

236 1511 268 1544 in
292 1511 419 1544 casibus
448 1511 569 1552 solitis,
599 1511 719 1555 absque
752 1521 901 1554 expresso
932 1511 979 1544 di-

235 1570 360 1598 ctorum
383 1569 618 1607 patronoruum
639 1574 808 1603 consensu,
828 1564 978 1607 derogari

235 1628 340 1662 posse.

280 1673 297 1714 5
316 1671 345 1704 7.
370 1671 556 1705 praesentes
576 1682 707 1715 quoque
734 1671 793 1704 sub
815 1671 980 1715 quibusvis

236 1724 389 1758 similium
405 1725 455 1758 vel
469 1724 673 1758 dissimilium
694 1725 869 1767 gratiarum
888 1736 980 1759 revo-

236 1778 435 1819 cationibus,
470 1778 746 1822 suspensionibus,
774 1779 976 1812 limitationi-

235 1832 305 1873 hus,
326 1832 589 1875 derogationibus
610 1838 639 1866 et
657 1833 727 1866 aliis
745 1833 916 1866 contrariis
934 1833 981 1866 di-

235 1884 482 1929 spositionibus,
506 1885 603 1919 etiam
629 1896 688 1929 per
707 1886 833 1929 quasvis
862 1886 980 1919 consti-

235 1937 376 1971 tutiones
396 1938 589 1982 apostolicas
610 1944 641 1972 et
658 1939 873 1973 Cancellariae
894 1941 979 1984 Apo-

235 1991 367 2025 stolicae
388 1993 515 2034 regulas
536 1992 631 2025 etiam
645 1993 814 2033 unionum,
831 2003 981 2037 suppres-

235 2045 363 2079 sionum
378 2072 385 2086 ,
420 2046 624 2090 aliarumque
651 2047 835 2080 huiusmodi
856 2046 977 2090 gratia-

235 2109 307 2132 rum
328 2099 478 2133 effectum
504 2110 570 2133 non
596 2099 783 2134 sortitarum
815 2106 981 2134 revocato-

235 2152 310 2194 rias,
333 2153 604 2199 quandocumque
618 2158 649 2186 et
665 2163 723 2197 per
743 2164 976 2197 quoscumque,

237 2206 333 2239 etiam
354 2206 386 2239 in
412 2206 588 2239 crastinum
619 2206 849 2250 assumptionis
875 2207 980 2240 cuius-

238 2270 377 2303 cumque
407 2259 543 2292 Romani
572 2259 735 2292 Pontificis
759 2259 799 2292 ad
820 2260 980 2303 apostola-

238 2318 287 2346 tus
312 2313 453 2357 apicem,
477 2322 536 2356 pro
557 2318 703 2356 tempore
728 2312 840 2353 editas,
864 2323 900 2345 ac
921 2313 980 2345 sub

238 2366 499 2410 quibuscumque
528 2366 694 2399 tenoribus
711 2371 742 2400 et
762 2366 874 2399 formis
895 2376 980 2399 ema-

237 2424 328 2452 natas
345 2424 375 2452 et
394 2419 591 2453 emanandas
611 2420 794 2453 nullatenus
812 2429 981 2463 comprae-

238 2472 348 2513 hendi,
362 2472 418 2506 sed
430 2483 558 2516 semper
571 2473 603 2506 in
616 2472 799 2513 omnicasu,
817 2478 980 2516 tamquam

239 2535 302 2566 eas,
326 2535 410 2569 quae
429 2525 462 2558 in
485 2526 626 2560 savorem
652 2525 749 2559 divini
771 2526 874 2559 cultus
895 2536 981 2559 ema-

1661 220 1726 254 265

1013 280 1164 323 derogari
1192 280 1380 323 contigerit,
1413 280 1505 313 toties
1531 280 1563 312 in
1584 279 1755 323 pristinum

1013 340 1044 367 et
1063 333 1295 367 validissimum
1321 344 1414 366 suum
1442 338 1560 366 statum
1582 332 1754 373 restitutas,

1013 387 1168 431 repositas
1190 393 1217 419 et
1240 387 1383 430 plenarie
1405 386 1615 429 reintegratas
1630 414 1637 427 ,
1661 397 1698 419 ac
1719 386 1758 419 de

1012 451 1095 474 novo
1128 441 1224 474 etiam
1257 441 1315 474 sub
1340 451 1546 485 quacumque
1577 451 1659 474 nova
1684 441 1758 473 data

1012 505 1070 537 per
1082 495 1204 527 clerum
1219 500 1250 527 et
1267 500 1422 537 patronos
1432 496 1593 538 praefatos
1606 504 1666 537 pro
1678 499 1759 526 tem-

1012 557 1090 591 pore
1120 548 1268 590 eligenda
1293 558 1482 588 concessas,
1513 548 1699 591 validasque
1728 552 1759 580 et

1013 601 1157 634 efficaces
1171 612 1239 635 esse
1258 606 1289 634 et
1303 601 1437 640 censeri,
1457 612 1493 634 ac
1507 611 1581 634 suos
1594 600 1758 645 plenarios

1013 661 1044 688 ct
1064 656 1206 698 integros
1224 655 1355 689 effectus
1369 655 1476 688 sortiri
1492 660 1524 688 et
1544 655 1703 695 obtinere,
1721 665 1758 687 ac

1012 710 1051 743 ab
1073 709 1223 743 omnibus
1247 709 1476 742 inviolabiliter
1495 708 1668 742 observari.
1692 708 1759 742 Sic-

1013 774 1075 807 que
1089 768 1120 797 et
1132 773 1197 796 non
1209 762 1297 803 alias,
1310 773 1368 806 per
1385 772 1608 806 quoscumque
1622 761 1754 801 iudices,

1013 817 1108 850 etiam
1138 827 1307 850 causarum
1326 816 1435 859 palatii
1464 815 1631 859 apostolici
1660 815 1755 848 audi-

1014 876 1099 904 tores
1114 898 1121 911 ,
1152 881 1188 903 ac
1209 870 1238 904 S.
1261 871 1296 903 R.
1320 870 1354 903 E.
1383 869 1575 907 cardinales,
1600 869 1696 901 etiam
1718 869 1757 901 de

1014 924 1113 957 latere
1133 924 1266 965 legatos,
1288 928 1317 955 et
1332 922 1494 966 praefatae
1512 921 1601 956 Sedis
1622 921 1757 954 nuncios

1014 976 1149 1009 iudicari
1177 981 1206 1009 et
1238 975 1365 1008 definiri
1388 976 1530 1016 debere,
1560 985 1619 1008 nec
1639 985 1703 1007 non
1732 974 1757 1007 si

1013 1041 1115 1070 secus,
1139 1035 1210 1068 eta,
1240 1035 1267 1062 et
1291 1030 1385 1062 inane
1403 1029 1568 1062 decernas.

1057 1084 1072 1127 ξ
1093 1083 1122 1116 8.
1147 1084 1216 1116 Non
1237 1083 1438 1116 obstantibus
1459 1083 1622 1115 voluntate
1642 1081 1753 1125 priori,

1012 1143 1043 1171 et
1062 1137 1132 1170 aliis
1149 1137 1324 1181 premissis,
1349 1147 1385 1169 ac
1405 1136 1477 1180 piae
1500 1135 1676 1169 memoriae
1698 1135 1758 1168 Bo-

1012 1190 1119 1224 nisacii
1140 1191 1246 1234 Papae
1274 1190 1351 1230 VIII,
1379 1189 1473 1223 etiam
1500 1188 1757 1233 praedecessoris

1012 1244 1123 1285 nostri,
1147 1254 1275 1277 necnon
1300 1242 1523 1276 Lateranensis
1543 1242 1675 1276 Concilii
1693 1252 1754 1275 no-

1012 1298 1139 1332 vissime
1157 1297 1309 1331 celebrati
1332 1296 1468 1329 uniones
1489 1301 1672 1340 perpetuas,
1696 1295 1757 1328 nisi

1013 1352 1044 1384 in
1066 1351 1192 1385 casibus
1213 1361 1230 1384 a
1256 1350 1324 1383 iuro
1345 1349 1525 1393 permissis,
1550 1349 1619 1382 fieri
1640 1348 1753 1392 prohi-

1012 1405 1127 1445 bentis,
1148 1404 1284 1448 aliisque
1304 1403 1442 1437 decretis
1458 1403 1489 1435 in
1504 1402 1756 1446 provincialibus

1012 1464 1043 1492 et
1055 1458 1261 1503 synodalibus
1275 1456 1419 1490 conciliis
1440 1455 1545 1496 editis,
1562 1455 1756 1499 specialibus

1011 1514 1060 1546 vel
1077 1512 1295 1557 generalibus,
1316 1509 1599 1544 constitutionibus
1619 1515 1649 1542 et
1662 1509 1752 1542 ordi-

1013 1566 1231 1600 dinationibus
1243 1564 1427 1609 apostolicis
1439 1563 1608 1597 contrariis
1621 1563 1755 1606 quibus-

1014 1630 1162 1663 cumque.
1193 1619 1255 1652 Aut
1271 1618 1295 1651 si
1317 1617 1417 1661 aliqui
1438 1627 1537 1660 super
1556 1616 1756 1660 provisiona-

1014 1674 1107 1713 libus,
1132 1677 1201 1712 etc„
1223 1681 1422 1715 processum.
1447 1670 1534 1710 Quae
1554 1669 1685 1713 quidem
1705 1669 1756 1702 lit-

1015 1733 1098 1760 teras
1119 1732 1150 1759 et
1169 1735 1339 1769 processus
1371 1724 1498 1757 habitos
1526 1734 1585 1767 per
1605 1723 1752 1762 easdem,

1014 1792 1051 1814 ac
1068 1781 1142 1814 inde
1153 1786 1289 1823 sequuta
1301 1789 1525 1822 quaecumque
1536 1778 1575 1811 ad
1589 1777 1756 1811 ecclesiam

1014 1835 1044 1869 S.
1065 1834 1192 1874 Mariae,
1217 1844 1252 1865 ac
1279 1831 1522 1876 praestimonia,
1553 1841 1609 1864 seu
1627 1829 1753 1874 portio-

1014 1898 1070 1921 nes
1089 1888 1137 1920 vel
1157 1885 1316 1919 beneficia
1345 1885 1487 1918 unienda
1511 1889 1542 1917 et
1563 1882 1757 1927 capellanias

1014 1940 1200 1974 huiusmodi
1220 1939 1369 1972 volumus
1380 1948 1445 1971 non
1467 1936 1755 1977 extendi,sednul-

1015 1994 1077 2026 lam
1096 2003 1154 2037 per
1170 1993 1233 2026 hoc
1253 1992 1309 2032 eis,
1321 1996 1392 2032 etc„
1405 1990 1566 2034 generari3
1584 1989 1756 2033 etquibus-

1015 2048 1090 2080 libet
1109 2046 1179 2080 aliis
1196 2045 1383 2090 privilegiis,
1405 2043 1614 2087 indulgentiis
1629 2048 1660 2076 et
1673 2042 1757 2076 litte-

1015 2101 1058 2134 ris
1078 2100 1279 2145 apostolicis,
1310 2098 1516 2141 generalibus
1536 2098 1584 2130 vel
1610 2096 1756 2140 speciali-

1014 2155 1084 2195 bus,
1106 2163 1389 2198 quorumcumque
1415 2157 1565 2186 tenorum
1599 2151 1752 2190 existant,

1014 2218 1071 2251 per
1091 2217 1173 2251 quae
1190 2205 1415 2250 praesentibus
1439 2215 1504 2238 non
1525 2214 1684 2247 expressa,
1707 2203 1756 2235 vel

1014 2260 1156 2294 totaliter
1175 2270 1240 2293 non
1261 2260 1381 2293 inserta
1402 2258 1534 2292 effectus
1552 2251 1662 2290 eariim
1694 2256 1755 2288 im-

1772 231 1824 257 An.
1839 230 1868 258 C.
1890 230 1959 258 1596

1785 1090 1901 1116 Derogatio
1910 1096 1958 1111 con-

1771 1118 1891 1138 trariorum.

1015 2313 1119 2357 pediri
1139 2314 1243 2346 valeat
1264 2312 1521 2357 quomodolibet,
1546 2311 1594 2343 vol
1618 2309 1753 2349 differri,
1783 2323 1788 2326 ·

1016 2373 1046 2401 et
1069 2367 1109 2400 de
1134 2367 1251 2411 quibus
1271 2376 1553 2411 quorumcumque
1574 2364 1647 2397 totis
1668 2369 1758 2397 teno-

1016 2421 1105 2453 ribus
1126 2421 1165 2454 de
1185 2420 1283 2454 verbo
1316 2420 1356 2453 ad
1385 2419 1519 2452 verbum
1549 2417 1699 2451 habenda
1719 2417 1757 2450 sit

1015 2473 1047 2506 in
1068 2473 1186 2506 nostris
1205 2472 1319 2506 litteris
1339 2471 1461 2505 mentio
1481 2470 1639 2515 specialis.
1664 2470 1759 2503 Volu-

1016 2537 1086 2559 mus
1106 2530 1213 2559 autem
1235 2526 1322 2569 quod
1343 2530 1478 2569 propter
1505 2523 1672 2563 unionem,
1696 2533 1755 2556 an-

238 2585 373 2619 narunt,
397 2579 437 2612 ab
457 2579 519 2613 illis
539 2579 661 2624 excipi,
697 2585 728 2613 et
753 2579 878 2624 quoties
909 2579 980 2613 illas
1015 2579 1184 2613 nexionem
1203 2584 1234 2612 et
1247 2577 1546 2622 incorporationem
1557 2576 1756 2616 huiusmodi,

238 2632 389 2677 suspendi
410 2632 459 2665 vel
479 2632 632 2675 revocari,
649 2639 703 2667 aut
720 2633 797 2678 ipsis
817 2633 849 2666 in
870 2632 979 2678 aliquo
1014 2633 1039 2667 si
1060 2632 1130 2666 illas
1149 2642 1207 2677 per
1229 2638 1275 2673 te,
1300 2631 1408 2675 vigore
1428 2630 1666 2675 praesentium,
1689 2628 1758 2662 ficri

287 2694 366 2724 Bull-
382 2695 467 2724 Rom.
483 2695 543 2724 Vol.
560 2696 595 2724 Χ.
811 2696 846 2723 34
