2253 3195
319 250 416 279 Amc.
440 250 506 278 icoo
551 239 614 274 616

1096 248 1278 272 numanum

518 309 630 340 regum
646 325 653 337 ,
682 297 888 339 reginarum,
920 296 1038 329 ducum
1067 301 1099 328 et
1124 295 1260 328 aliorum

516 351 700 396 principum
722 349 917 390 instantiam,
946 349 1097 382 intuitum
1120 353 1151 381 et
1179 358 1259 382 eon-

517 404 760 448 templationem
777 430 784 440 ,
809 402 904 436 etiam
928 408 1017 435 motu
1049 401 1204 446 proprio,
1233 408 1262 434 et

516 468 552 490 ex
573 462 659 489 certa
675 456 830 495 scientia,
854 466 890 489 ac
911 455 990 488 alias
1017 455 1260 499 quomodolibet

516 510 669 544 canonice
696 510 744 542 vel
766 510 804 542 de
836 509 930 547 sacto,
955 519 991 541 ac
1011 519 1070 552 pro
1091 518 1202 541 eorum
1233 512 1263 541 et

516 563 619 596 dictae
651 563 741 596 Sedis
765 561 1010 595 necessitatibus
1034 572 1120 594 nune
1152 567 1184 594 et.
1204 571 1262 604 pro

516 622 663 660 tempore
693 616 938 660 quomodolibet
971 615 1130 659 impositis
1151 620 1182 648 et
1202 615 1262 646 im-

515 670 675 714 ponendis
704 670 844 712 (etiamsi
869 670 902 703 in
923 669 1183 714 impositionibus
1203 668 1263 701 hu-

516 724 654 758 iusmodi
677 730 828 758 caveatur
845 734 1006 768 expresse,
1027 723 1113 767 quod
1134 722 1262 767 pensio-

516 778 598 811 narii
620 778 836 822 quicumque,
861 778 957 811 etiam
985 777 1158 821 pensiones
1189 786 1262 809 suas

516 831 721 876 quantumvis
735 837 897 875 exemptas
910 831 1064 864 habentes
1077 829 1262 874 praemissis

516 885 668 919 omnibus
689 896 748 929 pro
770 892 839 918 rata
857 884 1045 918 earumdem
1067 883 1259 928 pensionum
1278 919 1280 934 Ι

516 940 723 973 contribuere
743 939 938 981 teneantur),
955 948 1081 971 necnon
1103 937 1190 975 belli,
1207 947 1262 980 pe·
1278 935 1280 967 3

515 993 571 1026 stis
586 1020 593 1033 ,
626 992 765 1026 incendii
781 1019 789 1032 ,
819 991 1005 1034 grandinis,
1042 990 1258 1034 tempestatiS,

515 1047 619 1087 samis,
642 1045 828 1085 sterilitatis,
853 1045 1016 1083 siccitatis,
1040 1044 1186 1089 pruinae,
1210 1043 1259 1076 al-
1279 1071 1280 1075 ,

514 1101 652 1134 luvionis
673 1111 843 1145 aquarum,
865 1099 1096 1139 inundationis,
1121 1098 1258 1142 deprae-
1279 1126 1280 1140 ,

515 1155 672 1195 dationis,
697 1160 728 1187 et
755 1153 894 1188 cuiusvis
923 1153 1054 1186 alterius
1081 1151 1280 1185 amissionis¹

515 1209 696 1249 fructuum,
721 1213 752 1241 et
777 1217 891 1241 eorum
921 1206 1035 1251 quovis
1068 1205 1166 1239 modo
1197 1215 1280 1249 non¹

515 1262 762 1301 recollectionis‚
778 1262 925 1295 incursus
943 1261 1093 1300 militum,
1118 1260 1262 1304 depopu-
1279 1279 1280 1289 t

515 1316 644 1350 lationis
665 1326 817 1357 agrorum
835 1343 842 1356 ,
867 1315 1113 1354 devastationis,
1138 1319 1169 1347 et
1189 1313 1261 1358 qui-

516 1370 622 1403 busvis
637 1369 706 1402 aliis
720 1369 923 1413 quantumvis
935 1368 1072 1401 sinistris
1087 1372 1117 1400 et
1133 1368 1261 1400 inexeo-
1279 1375 1280 1385 ¹

517 1423 724 1467 gitabilibus,
747 1433 784 1455 ac
817 1422 944 1456 evenire
973 1421 1107 1455 insolitis
1137 1420 1262 1453 casibus

517 1487 577 1521 pro
603 1483 748 1520 tempore
775 1475 1051 1518 contingentibus,
1076 1480 1107 1507 et
1127 1473 1205 1506 alias
1230 1469 1280 1505 in³

518 1530 671 1563 omnibus
692 1535 723 1563 et
750 1540 807 1573 per
833 1528 942 1562 omnia
963 1528 1121 1567 liberam,
1146 1527 1262 1560 immu-

517 1593 590 1617 nem
610 1588 640 1615 et
665 1588 844 1626 exemptam
872 1581 1010 1615 bismille
1031 1581 1188 1614 librarum
1207 1590 1261 1613 seu

518 1636 718 1670 florenorum
734 1641 883 1669 monetae
897 1634 1117 1668 Atrebatensis
1130 1645 1186 1667 seu
1204 1634 1261 1666 Ar-

518 1689 686 1724 tltesiensis
699 1689 881 1733 superdicti
897 1688 1082 1722 monasterii
1094 1687 1259 1728 fructibus,

518 1743 676 1777 reditibus
692 1770 699 1783 ‚
722 1742 953 1787 proventibus,
978 1741 1114 1781 iuribus,
1138 1741 1260 1773 obven-

518 1798 659 1831 tionibus
680 1803 709 1830 et
727 1796 954 1830 emolumentis
972 1795 1139 1835 universis,
1155 1795 1208 1838 qui
1223 1795 1261 1827 ad

518 1858 659 1897 quatuor
673 1852 759 1885 mille
773 1851 913 1884 florenos
926 1850 994 1884 auri
1010 1849 1145 1884 inlibris
1155 1849 1263 1882 Came-

518 1916 572 1938 rae
587 1905 788 1948 Apostolicae
811 1904 904 1937 taxati
928 1903 1147 1947 reperiuntur,
1165 1908 1195 1935 et
1214 1912 1281 1939 se«,

517 1959 660 1992 cundum
700 1968 907 1991 communem
944 1956 1186 1990 extimationem
1222 1955 1260 1988 ad
1279 1943 1281 1997 ἶ

516 2013 656 2045 valorem
679 2022 820 2044 annuum
841 2011 951 2043 decem
972 2009 1108 2042 tuillium
1130 2009 1280 2050 ducato-¹

516 2076 587 2099 rum
610 2065 677 2097 auri
700 2065 738 2098 de
760 2065 903 2103 Camcra,
921 2069 953 2095 ut
972 2062 1136 2099 asseritur,
1153 2072 1262 2094 ascen·
1279 2056 1280 2091 ἶ

517 2120 611 2157 dunt,
640 2125 666 2152 ct
691 2130 789 2162 super
819 2118 937 2162 quibus
963 2128 1020 2150 nos
1048 2116 1144 2149 hodie
1165 2112 1280 2148 aliam*

517 2174 767 2218 quiujzcntorutu
790 2171 926 2213 collegio
952 2171 1040 2210 regio
1061 2176 1257 2213 nuncupato,

517 2233 547 2259 et
561 2227 716 2270 reliquam
733 2225 920 2269 pensionem
936 2235 1058 2256 annuas
1072 2223 1166 2255 ctiam
1183 2223 1261 2256 alio-

517 2291 586 2313 rum
620 2280 871 2323 quingentorum
901 2279 1099 2310 florenorum
1118 2305 1124 2316 ,
1146 2288 1200 2310 seu
1223 2270 1279 2313 li-i

517 2333 647 2365 hrarum
670 2332 824 2364 ,similium
851 2342 1009 2363 suuuuam
1040 2331 1278 2376 noningento-¹

519 2399 587 2419 rum
610 2387 802 2419 ‹lucatoruin
826 2385 1023 2425 huiusmodi,
1040 2386 1086 2417 vel
1109 2385 1192 2417 circa
1212 2385 1260 2417 iu-

517 2441 623 2479 siutul,
646 2446 676 2472 ut
699 2439 794 2472 ctiam
818 2439 981 2476 asseritur,
995 2438 1258 2471 constituentium

516 2493 689 2526 seminario
711 2493 871 2526 Bonorum
895 2493 1060 2525 Pastorum
1093 2491 1169 2523 dicti
1201 2488 1278 2534 op-]

519 2547 583 2590 pitli
624 2559 680 2590 per
715 2547 793 2579 alias
837 2553 960 2579 nostias
1001 2546 1121 2578 litteras
1151 2556 1256 2577 roser·

519 2600 672 2639 vavimus,
711 2606 805 2644 prout
844 2600 873 2632 iu
911 2599 1003 2632 (lictis
1037 2598 1150 2632 litteris
1188 2599 1257 2642 plc-
1278 2590 1279 2653 ἶ

519 2652 589 2687 nius
616 2652 812 2693 continetur,
837 2653 957 2685 eisdem
980 2650 1200 2691 universitati,
1225 2657 1280 2693 act

1300 246 1451 271 nou-mun

1296 305 1382 328 nunc
1419 300 1451 328 et
1488 304 1547 338 pro
1585 299 1731 338 tempore
1766 293 1972 328 existentibus
2002 294 2040 327 il-

1297 347 1358 380 lius
1389 347 1706 380 administratoribus
1736 347 1784 380 vel
1816 358 1927 380 eorum
1962 358 2039 391 pro-

1297 401 1501 434 curatoribus
1521 401 1561 434 ad
1582 401 1643 434 hoc
1663 401 1704 434 ab
1724 400 1770 434 eis
1789 401 1929 445 speciale
1950 412 2040 434 man-

1297 455 1406 487 datum
1429 454 1622 488 habentibus
1642 466 1699 498 per
1720 455 1840 487 dictum
1855 454 2038 498 Philippum

1297 508 1458 547 abbatem,
1479 509 1570 541 cuius
1587 509 1626 541 ad
1648 509 1709 542 hoc
1729 519 1898 552 expressus
1917 508 2041 541 accedit

1297 572 1444 595 assensus
1459 589 1466 601 ‚

1297 615 1528 648 monasterium
1547 615 1579 648 in
1593 615 1721 648 titulum
1735 615 1783 648 vel
1797 615 2036 656 commendam,

1296 674 1350 700 aut
1370 668 1447 701 alias
1468 679 1526 712 pro
1548 675 1695 712 tempore
1715 669 1961 712 quomodolibet
1981 668 2040 701 ob-

1298 721 1444 761 tinentes,
1465 722 1557 755 annis
1577 722 1711 764 singulis
1732 732 1790 766 pro
1811 720 1875 755 una
1891 722 2041 755 videlicet

1297 773 1328 806 in
1349 774 1476 807 Domini
1501 775 1601 808 nostri
1630 776 1701 809 Iesu
1729 775 1856 816 Christi,
1884 780 1915 808 et
1941 775 2041 808 altera

1296 828 1523 862 medietatibus
1565 829 1729 872 pensionis
1764 828 1970 869 huiusmodi,
2008 828 2041 861 in

1295 880 1380 914 beati
1412 882 1539 916 Ioannis
1570 882 1729 926 Baptistae
1762 883 1963 916 nativitatum
1994 882 2040 915 fe-

1295 935 1507 976 stivitatibus,
1531 935 1563 969 in
1595 936 1681 970 dicto
1717 936 1837 980 oppido
1868 935 2037 976 Duacensi,

1296 989 1513 1033 praesentium
1551 989 1678 1032 vigore,
1720 1001 1779 1023 nec
1818 989 1896 1023 alias
1934 990 2041 1033 (alio-

1297 1042 1373 1086 quin
1391 1042 1503 1086 pensio
1523 1053 1582 1086 per
1598 1049 1783 1087 praesentes
1802 1049 1963 1077 reservata
1982 1044 2042 1077 hu-

1296 1096 1435 1130 iusmodi
1457 1098 1545 1130 nulla
1565 1098 1605 1131 sit
1623 1108 1661 1131 eo
1680 1098 1763 1141 ipso)
1777 1098 1900 1141 integre
1912 1098 2038 1143 persol-

1296 1150 1402 1191 vendi,
1424 1151 1600 1194 apostolica
1626 1150 1829 1191 auctoritate,
1852 1152 2040 1186 earumdem

1299 1209 1409 1237 tenore
1426 1204 1655 1248 praesentium,
1680 1215 1892 1246 reservamus,
1916 1204 2038 1239 consti-

1298 1257 1416 1291 tuimus
1437 1263 1467 1291 et
1488 1258 1698 1301 assignamus.

1342 1313 1358 1353 g
1379 1311 1410 1344 4.
1434 1312 1661 1352 Decerneutes,
1676 1310 1864 1356 pensionem
1877 1323 1936 1357 per
1949 1323 2041 1357 prae-

1296 1370 1402 1399 sentes
1422 1372 1629 1407 reservatam,
1653 1370 1708 1400 etc.
1736 1367 1756 1399 ¹.

1340 1419 1452 1452 Datum
1480 1420 1599 1453 Romae
1624 1420 1710 1463 apud
1741 1419 1771 1454 S.
1795 1420 1925 1453 Petrum
1955 1430 2040 1454 anno

1296 1472 1530 1506 Incarnationis
1538 1473 1902 1507 Dominicaemillesimo
1913 1483 2040 1507 sexcen-

1297 1526 1423 1566 tesimo,
1437 1526 1531 1560 nonis
1551 1526 1747 1568 novembris,
1764 1526 1970 1571 pontificatus
1983 1537 2041 1561 no-

1296 1580 1352 1612 stri
1378 1590 1463 1613 anno
1489 1590 1586 1614 nono.

1334 1642 1390 1670 Dat.
1408 1643 1453 1670 die
1473 1644 1489 1670 5
1509 1643 1673 1679 novembris,
1692 1644 1769 1679 1600,
1791 1647 1865 1680 pont⁴
1886 1652 1930 1672 an.
1948 1650 1983 1672 tx.

1602 1838 1734 1873 CCXLll.

1297 1935 1540 1969 Praescribitur
1566 1936 1672 1979 forma
1696 1935 1895 1969 observanda
1919 1936 1956 1970 in
1981 1946 2036 1969 as-

1339 1998 1598 2030 secmatiom‘bus
1617 1998 1776 2041 faciendis
1795 1998 1859 2031 reis
1879 1999 2039 2032 Beneven-

1343 2063 1410 2092 tum
1431 2061 1694 2103 consumentibus
1712 2061 1732 2094 ⁹.

1511 2150 1643 2177 Clemens
1660 2150 1739 2184 Papa
1753 2150 1831 2182 vul.

1417 2204 1452 2231 nd
1472 2207 1648 2238 perpetuam
1668 2204 1712 2232 rei
1732 2203 1914 2237 memoriam,

1339 2275 1440 2308 Officii
1462 2275 1561 2308 nostri
1587 2281 1695 2319 partes
1714 2280 1787 2308 suut
1809 2275 1891 2308 iuter
1911 2280 2036 2308 caetera

1295 2340 1430 2367 curare,
1452 2336 1483 2362 ut
1507 2329 1536 2361 in
1567 2329 1654 2361 ¹<tatu
1682 2334 1791 2361 nostro
1816 2328 2037 2362 Ecclesiastico

1295 2383 1402 2427 quicto
1420 2389 1450 2416 ct
1468 2381 1600 2426 pacifice
1622 2382 1755 2422 vivatur,
1776 2381 1946 2425 omnisque
1961 2381 2034 2414 mali

1295 2436 1430 2480 exempli
1452 2435 1578 2469 occasio
1599 2441 1811 2468 removeatur.

1332 2517 1341 2543 1
1367 2515 1480 2551 lli-liqna
1501 2515 1589 2541 onmia
1613 2514 1760 2541 omittenda
1785 2513 1952 2550 putavimus,
1973 2513 2035 2550 quia

1295 2560 1329 2586 ‹le
1346 2560 1428 2586 verbo
1440 2560 1472 2586 atl
1490 2559 1600 2587 vorhtun
1613 2558 1777 2586 concordant
1793 2567 1852 2585 cum
1863 2567 1949 2594 praec·
1961 2557 2034 2585 «lenti

1278 2615 1279 2618 ¹
1296 2605 1499 2632 consulatione.

1330 2659 1346 2685 ⁹2
1364 2658 1398 2685 lix
1414 2659 1520 2693 ltcgost.
1539 2658 1564 2684 iu
1581 2658 1682 2685 Secu-t.
1701 2657 1834 2685 llrcviutu,

1507 568 1538 595 ΘΙ,
1573 572 1774 595 SUCCCSSOI'GS
1809 572 1882 595 SUOS
1920 561 2051 595 dictum'

2055 245 2108 272 An.
2126 245 2244 274 (ἴ.160(ῑ

2232 635 2245 928 {fe-waffvaeuz——msw
2236 486 2245 628 W.-.=,-.5
2238 465 2239 478 υ
2237 454 2239 458 -
2238 407 2241 415 «Α
2238 395 2239 398 Α
2238 378 2240 383 .

2243 1219 2245 1224 ,
2230 1087 2243 1182 RQ:
2231 1075 2238 1083 τ
2232 1036 2237 1069 ἢ
2232 954 2242 1026 Ξ-ψ-ιισ
2232 929 2242 949 c.-

2083 1315 2202 1339 Clausulao.
2228 1327 2230 1330 ⁴

2079 2286 2146 2308 amnt
2151 2286 2199 2308 inm.
