2253 3195
22 253 69 280 Αῐι.
87 252 114 279 C.
139 252 207 279 ¹596

221 310 277 340 ea,
308 310 371 344 qua
401 300 493 333 decet
522 300 687 342 diligentia
712 306 743 333 et
763 300 961 341 integritate,

221 354 333 391 sciant,
361 354 460 386 velint
480 360 510 387 et
527 354 650 397 possint
670 353 907 386 administrare.

266 406 334 448 §¹¹-
358 407 434 439 Cum
466 407 572 450 itaque
604 417 662 439 nos
691 418 795 450 nuper
823 406 964 439 officium

84 467 207 489 Marcellum
222 460 381 502 generalis
401 460 602 493 auditoratus
623 471 677 493 seu
696 459 879 492 audientiae
893 469 967 492 cau—

24 496 99 517 nantes
106 494 207 515 Gamerae

23 522 156 548 Aroswtoeae
170 527 207 541 au-
222 523 330 546 sarum
350 513 463 547 Curiae
480 513 630 546 Gamerae
648 513 862 556 Apostolicae‚
880 512 966 555 quod

23 549 112 569 ‹inore-n
149 550 208 568 creat

24 574 207 622 ggfffflxlgxlziqbgfflffi·
223 577 327 610 nuper
347 567 481 599 dilectus
506 566 591 599 filius
619 571 729 599 noster
757 565 906 599 Camillus
928 566 966 598 ti-

23 612 208 665 ᾲῇυιὶᾳηὼὶιὲψῆἶ
224 620 282 652 tuli
308 620 414 653 Sancti
446 619 573 653 E-usebii
605 619 774 663 presbyter
795 619 966 651 cardinalis

24 656 111 680 *mn*
126 656 161 674 ω’
223 674 417 715 Burghesius
436 679 640 717 nuncupatus
658 673 835 714 obtinebat,
852 683 910 716 per
931 673 967 705 il-

223 726 284 759 lius
310 727 349 760 ad
375 727 591 760 cardinalatus
618 727 806 769 dignitatem
837 737 967 770 promo-

224 779 344 813 tionem
365 790 479 813 vacare
500 780 750 821 decreverimus,
768 785 799 813 ct
819 781 857 813 ad
877 791 967 823 prac-

223 843 295 866 sens
314 839 420 873 vacet;
447 844 506 867 nos
527 845 698 878 personam
727 840 813 867 tuam
841 833 967 876 generis

224 887 392 920 nobilitate
417 898 547 931 parem,
571 893 602 920 et
622 887 660 919 iis
680 887 862 925 virtutibus,
884 897 967 930 quae

225 940 265 973 ad
291 941 447 984 primaria
474 952 622 985 quaeque
654 952 790 974 munera
818 941 968 974 obeunda

225 994 466 1037 pernecessaria
485 1000 570 1035 sunt,
592 1000 751 1033 ornatam,
777 1005 812 1027 ac
838 993 965 1037 praeci-

223 1057 287 1089 pue
308 1047 455 1080 doctrina
474 1058 551 1091 prae
577 1047 710 1080 caeteris
727 1048 890 1080 Romanae
911 1047 969 1080 Cu-

225 1099 291 1132 riae
308 1100 459 1143 praelatis
480 1100 662 1142 eligendam
679 1100 839 1140 duximus,
857 1100 908 1132 cui
922 1100 969 1132 of-

223 1151 333 1185 ficium
354 1153 556 1196 praedictum
575 1154 858 1194 demandaremus,
876 1153 969 1185 firma

223 1216 279 1249 spe
297 1206 370 1239 freti
388 1212 430 1245 te,
455 1207 585 1240 dextera
605 1207 733 1241 Domini
755 1206 895 1250 propitia
914 1217 966 1239 as-

223 1259 366 1300 sistente,
386 1260 472 1293 idem
494 1260 635 1294 officium
656 1266 753 1301 recte,
778 1260 917 1293 fideliter
941 1265 972 1292 et

209 1313 401 1356 'prudenter
429 1313 741 1347 administraturum.
776 1314 818 1347 Te
850 1313 967 1355 igitur,

225 1366 279 1410 qui
302 1366 405 1400 dictae
427 1367 579 1401 Gamerae
599 1367 801 1411 Apostolicae
822 1367 968 1404 clericus,

226 1419 312 1453 acin
336 1425 474 1464 utraque
494 1426 603 1454 nostra
628 1421 799 1463 Signatura
824 1421 968 1453 referen-

227 1473 336 1506 darius
357 1473 474 1515 existis,
489 1474 741 1518 praemissorum
762 1473 881 1507 intuitu
901 1484 973 1516 gra-

229 1526 310 1560 tioso
328 1527 436 1560 favore
455 1528 609 1571 prosequi
628 1528 782 1567 volentes,
804 1538 821 1560 a
841 1527 973 1571 quibus-

229 1580 274 1612 vis
299 1580 661 1621 excommunicationis,
694 1581 912 1624 suspensionis
944 1586 974 1614 et

230 1632 391 1666 interdicti
409 1633 543 1677 aliisque
558 1633 780 1667 ecclesiasticis
793 1634 970 1673 sententiis,

230 1687 373 1720 censuris
394 1693 425 1720 et
444 1687 569 1731 poenis,
590 1698 608 1720 a
625 1688 694 1721 iure
712 1688 760 1721 vel
781 1688 821 1720 ab
842 1687 973 1721 homine

229 1740 341 1784 quavis
360 1740 528 1773 occasione
548 1741 597 1773 vel
618 1751 714 1773 causa
738 1741 827 1781 latis,
851 1741 874 1773 si
897 1740 970 1784 qui-

229 1793 288 1827 hus
309 1792 556 1837 quomodolibet
582 1792 755 1826 innodatus
782 1793 910 1833 existis,
935 1794 974 1826 ad

230 1846 378 1880 effectum
408 1846 626 1891 praesentium
653 1847 826 1881 ¹dumtaxat
856 1858 971 1881 conse-

230 1901 395 1944 quendum
416 1901 532 1933 harum
552 1900 634 1934 serie
649 1901 860 1941 absolventes,
878 1907 908 1934 et
921 1901 975 1934 ab·

231 1954 371 1987 solutum
393 1954 461 1987 fore
482 1960 660 1995 censentes,
684 1964 810 1987 necnon
831 1954 975 1997 singulo-

232 2017 304 2040 rum
325 2006 580 2050 privilegiorum,
604 2007 804 2041 indultorum
826 2014 857 2040 et
877 2008 976 2041 facul-

232 2065 333 2093 tatum
354 2059 461 2092 officio
486 2060 651 2103 praedicto
677 2070 916 2099 concessorum,
941 2071 977 2093 ac

232 2112 466 2157 scripturarum
490 2112 693 2156 aliarumque
721 2113 901 2146 litterarum
924 2114 978 2146 de-

233 2177 329 2211 super
348 2166 568 2199 confectarum
587 2172 725 2207 tenores,
740 2177 777 2199 ac
790 2166 814 2199 si
827 2167 866 2199 de
879 2167 978 2200 verbo

234 2220 274 2253 ad
286 2220 420 2253 verbum
441 2219 670 2260 insererentur,
685 2219 908 2262 praesentibus
920 2230 978 2263 pro

235 2273 391 2318 expressis
411 2278 442 2306 et
462 2273 589 2306 insertis
614 2272 779 2313 habentes,
803 2278 894 2305 motu
905 2283 980 2316 pro—

235 2327 328 2371 prio,
352 2337 418 2361 non
446 2328 486 2360 ad
512 2333 618 2367 tuam,
642 2327 690 2359 vel
712 2326 844 2360 alterius
870 2337 928 2370 pro
950 2332 979 2360 te

235 2379 328 2413 nobis
341 2380 510 2424 superhoc
531 2380 657 2413 oblatae
677 2379 840 2423 petitionis
861 2379 981 2412 instan-

236 2433 326 2474 tiam,
350 2434 406 2467 sed
426 2444 462 2467 ex
491 2444 580 2467 mera
605 2433 855 2473 deliberatione,
879 2439 982 2466 certa—

237 2497 300 2531 que
328 2487 460 2520 scientia
480 2487 597 2520 nostris
622 2487 691 2527 tibi,
715 2487 822 2531 quoad
842 2486 957 2520 vixeris
971 2514 978 2528 ,

238 2540 378 2574 officium
400 2540 599 2574 auditoratus
624 2551 679 2573 seu
692 2540 884 2574 -audientiae
908 2551 980 2573 cau—

238 2603 347 2626 sarum
361 2593 557 2634 huiusmodi,
573 2604 632 2637 per
645 2594 884 2637 promotionem
906 2593 981 2627 dicti

239 2646 362 2680 Camilli
375 2647 415 2680 ad
429 2647 644 2681 cardinalatus
662 2647 832 2689 honorem,
845 2654 880 2681 ut
891 2657 983 2691 prae-

326 2709 404 2738 Bull.
426 2711 506 2738 Rom.
531 2710 590 2738 Vol.
613 2710 647 2737 X.
862 2709 897 2738 36

837 252 982 276 CLEMENS
1003 253 1059 275 VIII
1080 252 1129 276 PP.

1648 241 1704 274 981

1001 302 1111 337 fertur,
1129 306 1183 332 aut
1195 300 1272 332 alias
1287 300 1398 343 quovis
1414 300 1521 337 modo,
1539 310 1632 343 quem
1649 311 1741 343 prac-

1000 352 1142 384 senlibus
1172 352 1284 384 baberi
1311 353 1459 385 volumus
1483 362 1542 395 pro
1568 363 1716 395 expresso
1732 380 1739 389 ,

1001 415 1115 437 vat-ans
1142 416 1215 437 cum
1242 405 1348 445 officio
1376 405 1589 438 ‹joi-rectoriae
1611 405 1741 437 ars-bivii

1001 458 1165 490 Romanae
1185 458 1319 495 Curiae,
1349 458 1482 501 aliisque
1513 458 1557 490 illi
1585 459 1739 495 annexis,

1001 521 1035 542 ac
1054 511 1205 543 omnibus
1226 517 1256 544 et
1280 511 1414 552 singulis
1445 511 1510 543 suis
1541 512 1740 551 bonoribus,

1002 563 1186 607 privilegiis,
1204 575 1329 597 necnon
1351 565 1436 597 salva
1456 565 1744 597 dismcmltratione

1001 621 1031 649 et.
1050 616 1252 659 separatione
1273 628 1324 649 sex
1347 617 1482 649 millium
1497 623 1661 650 scutormn
1678 629 1744 650 mo-

1759 252 1806 277 An.
1828 252 1854 278 (ἶ.
1875 252 1941 279 1ἴ.96

1002 675 1093 702 netae
1118 680 1271 703 romanae
1300 681 1481 703 annuorum
1514 671 1553 703 ad
1587 672 1742 703 rationem
1760 665 1782 704 ‘·.'s.
1800 666 1818 696 »³¹

1002 724 1111 756 decem
1146 724 1297 756 iuliorum
1328 723 1471 756 ciusdem
1505 730 1653 757 monetae
1686 736 1743 767 pro
1761 746 1872 758 .=.=1....1,›....
1889 717 1944 756 ”²¹3¹

1002 777 1144 821 quolibet
1175 783 1264 810 scuto
1290 777 1496 814 huiusmodi,
1529 784 1556 810 et
1591 778 1744 811 fructibus

1002 831 1076 863 dicti
1099 830 1195 863 officii
1217 830 1415 863 auditoratus
1440 841 1497 873 per
1517 831 1615 863 felicis
1636 842 1744 863 recor-

1002 884 1140 917 dationis
1168 884 1291 916 Sixtum
1312 884 1378 921 PP,
1396 884 1439 921 V,
1464 884 1745 927 pi·aedeeessor‹1÷m

1002 943 1160 975 nostrum,
1185 948 1221 970 ex
1242 937 1336 970 certis
1355 938 1468 975 causis,
1486 938 1587 975 sactis,
1604 945 1630 971 ct
1656 939 1747 971 dictis

1002 991 1100 1023 scutis
1129 1001 1181 1023 sex
1211 990 1352 1023 millibus
1378 991 1481 1023 eidem
1511 991 1662 1024 Gamerae
1693 1002 1747 1024 seu

1003 1044 1080 1077 alias
1102 1044 1286 1087 applicatis,
1311 1049 1342 1076 et.
1370 1044 1462 1076 salvis
1490 1045 1745 1082 rennanentffius,

1004 1108 1076 1130 cum
1103 1097 1242 1134 iuribus,
1271 1097 1434 1139 regalibus
1459 1103 1489 1139 et
1523 1099 1749 1131 emolumentis

1004 1151 1184 1189 consuetis,
1216 1161 1250 1183 ac
1288 1150 1491 1183 facultatibus
1527 1156 1558 1183 et
1593 1151 1746 1189 indultis,

1004 1214 1131 1237 necnon
1144 1203 1292 1240 decretis,
1308 1204 1403 1236 etiam
1427 1204 1457 1235 in
1477 1204 1591 1236 ordine
1609 1210 1639 1236 et
1653 1205 1749 1237 niodo

1005 1257 1203 1300 procedendi
1226 1257 1257 1289 in
1279 1257 1382 1290 causis
1408 1257 1511 1289 eidem
1534 1257 1668 1290 Camillo
1682 1268 1751 1289 car—

1006 1310 1104 1343 dinali
1127 1315 1158 1343 et
1177 1310 1264 1350 aliis,
1294 1310 1348 1353 qui
1369 1320 1428 1353 pro
1452 1315 1597 1353 tempore
1623 1311 1752 1343 suerunt

1006 1374 1175 1397 causarum
1201 1363 1312 1396 Curiae
1341 1363 1525 1396 huiusmodi
1547 1364 1751 1405 generalibus

1007 1418 1228 1456 auditoribus,
1262 1417 1357 1450 etiam
1387 1428 1445 1460 per
1474 1417 1544 1460 piae
1576 1417 1751 1450 memoriae

1007 1471 1121 1504 Iulium
1143 1472 1167 1504 ΙΙ
1183 1499 1190 1510 ,
1218 1472 1357 1504 Leonem
1380 1471 1424 1509 X,
1450 1470 1645 1503 Clementem
1676 1471 1748 1509 Vll⁷

1007 1525 1141 1558 Paulum
1164 1530 1194 1557 et
1214 1525 1330 1557 Iulium
1348 1525 1398 1563 lll,
1423 1535 1459 1556 ac
1483 1524 1603 1557 Sixtum
1625 1524 1751 1567 praedi-

1008 1585 1094 1612 ctum
1115 1585 1145 1612 et
1172 1578 1363 1620 Gregorium
1384 1578 1472 1616 XIV,
1497 1583 1528 1610 et
1548 1578 1627 1610 alios
1656 1588 1751 1621 quos-

1008 1642 1146 1676 cumque
1171 1632 1334 1665 Romanos
1359 1631 1530 1664 Pontifices
1555 1632 1748 1674 praedeces-

1008 1696 1096 1719 sores
1116 1690 1254 1723 nostr0s‚
1276 1695 1311 1717 ac
1333 1695 1402 1723 nos,
1428 1690 1456 1717 et
1482 1685 1597 1717 Sedem
1619 1686 1753 1727 Aposto—

1009 1739 1103 1771 licam
1139 1738 1198 1771 sul)
1235 1737 1495 1780 quibuscumque
1528 1738 1694 1770 tenoribus
1725 1743 1755 1770 et

1010 1792 1132 1832 formis,
1157 1802 1194 1825 ac
1214 1802 1286 1824 cum
1308 1791 1473 1835 quibusvis
1484 1791 1635 1824 clausulis
1655 1797 1686 1824 et
1701 1792 1755 1824 de-

1010 1846 1104 1879 cretis
1136 1851 1200 1878 tam
1228 1845 1259 1877 in
1290 1845 1393 1878 forma
1420 1845 1543 1883 brevis,
1567 1856 1663 1888 quam
1697 1845 1755 1877 sub

1010 1900 1143 1944 plumbo
1164 1898 1318 1942 expeditis
1335 1899 1460 1936 litteris,
1478 1905 1508 1931 et
1527 1899 1605 1932 alias
1626 1910 1660 1931 ex
1681 1910 1752 1936 usu,

1010 1955 1090 1998 stylo
1109 1959 1139 1987 et
1160 1953 1393 1986 consuetudine
1415 1953 1661 1996 quomodolibet
1681 1963 1756 1985 con-

1011 2007 1117 2047 cessis,
1135 2006 1334 2040 confirmatis
1352 2011 1382 2039 et
1396 2006 1563 2045 innovatis,
1581 2006 1756 2050 apostolica

1012 2060 1219 2100 auctoritate,
1246 2065 1356 2093 tenore
1377 2059 1618 2103 praesentium,
1643 2069 1757 2091 conce-

1013 2115 1118 2148 dimus
1139 2119 1170 2147 et
1189 2113 1405 2155 assignamus
1430 2118 1524 2156 teque
1538 2113 1577 2145 ad
1596 2112 1639 2144 tui
1662 2112 1755 2144 vitam

1012 2173 1159 2200 nostrum
1181 2173 1211 2200 et
1238 2177 1297 2210 pro
1324 2172 1468 2209 tempore
1498 2165 1660 2198 existentis
1689 2166 1754 2198 Ro-

1014 2220 1099 2254 mani
1112 2219 1287 2259 Pontificis‚
1303 2230 1340 2252 ac
1354 2219 1460 2252 dilecti
1484 2219 1538 2250 tilii
1558 2218 1657 2251 nostri
1676 2219 1759 2251 llen-

1014 2273 1071 2306 rici
1095 2273 1174 2306 tituli
1200 2273 1231 2306 S.
1256 2272 1474 2305 pudentianae
1492 2271 1669 2315 presbyteri
1691 2282 1760 2304 car-

1015 2326 1129 2360 dinalis
1160 2325 1300 2359 Caietam
1334 2325 1508 2368 nuncupati
1539 2324 1706 2362 moderni,
1731 2330 1761 2357 ct

1015 2390 1073 2423 pro
1094 2385 1240 2423 tempore
1261 2379 1423 2412 existentis
1443 2379 1472 2411 S.
1498 2379 1532 2410 R.
1558 2378 1590 2410 E.
1615 2388 1759 2411 camera-

1017 2433 1065 2470 rii,
1090 2438 1120 2465 et
1140 2432 1247 2465 curiae
1265 2442 1433 2464 causarum
1455 2432 1605 2464 Gamerae
1627 2432 1761 2474 Aposto-

1016 2486 1095 2519 licae
1116 2486 1299 2528 generalem
1321 2485 1501 2517 auditorem
1528 2496 1600 2517 cum
1622 2485 1758 2517 lionori-

1017 2540 1086 2578 bus,
1099 2538 1264 2579 oneribus,
1278 2538 1462 2582 privilegiis,
1480 2538 1758 2578 concessionibus,

1018 2593 1159 2633 indultis,
1176 2592 1310 2632 iuribus
1328 2592 1500 2634 regalibus,
1518 2592 1758 2629 emolumentis,

1018 2646 1218 2680 facultatibus
1238 2650 1269 2679 et
1296 2645 1431 2679 decretis
1462 2646 1655 2690 praedictis,
1680 2656 1758 2678 con-
