2253 3195
1067 282 1252 306 BULLARIUM
1272 281 1426 306 ROMANUM
2025 281 2074 308 An.
2090 279 2120 308 C.
2144 281 2206 311 ¹60¹
2228 256 2246 299 χ’

288 286 337 312 An.
355 284 383 312 c.
408 284 471 312 1601
521 274 584 308 650

309 347 351 367 nos
366 347 472 372 ερεωυρο
488 338 519 367 et
537 333 682 376 singulos
703 333 836 372 fructus,
866 331 987 365 reditus
1013 336 1043 364 et
1060 336 1235 375 proventus
1269 329 1445 370 dioeceses,
1469 329 1584 370 clerus,
1608 328 1703 369 cives,
1727 328 1852 363 incolae
1869 334 1901 363 et
1912 329 2008 363 habi-

287 377 308 403 et
323 374 420 399 capituto
439 379 471 394 as-

286 403 376 426 signata.

486 384 926 430 suppressaepraepositurae
934 384 1130 428 praedictae,
1144 384 1234 417 dem-
1269 389 1390 417 latores
1410 383 1657 427 quomodolibet
1668 388 1814 425 utuntur,
1829 383 2007 427 potiuntur,

486 439 547 482 ptis
562 445 669 471 tamen
681 449 718 471 ex
735 437 781 471 eis
801 443 931 471 centum
950 437 1048 471 scutis
1068 442 1228 470 monetae:
1267 437 1420 470 fruuntur
1439 442 1470 469 et
1494 437 1647 479 gaudent,
1670 447 1707 470 ac
1732 436 1789 477 uti,
1816 437 1890 477 frui,
1913 437 2010 481 potiri

485 491 761 525 archidiaconatui
794 501 869 524 vero
899 497 1048 532 centum,
1072 496 1103 524 et
1127 490 1232 523 archi-

483 545 717 590 presbyteratui
747 545 886 578 aliorum
909 551 1050 585 centum,
1081 555 1140 577 nec
1164 555 1229 577 non

483 599 619 641 singulis
646 604 786 642 quatuor
811 598 1054 632 canonicatibus
1082 604 1113 632 et
1137 609 1231 647 prae:

484 652 598 685 bendis
618 652 745 685 noviter
770 652 885 686 erectis
902 652 1139 696 quinquaginta
1158 662 1228 685 scu-

484 712 590 739 torum
610 706 766 739 similium
780 706 903 739 reditus
923 716 1048 739 annuos
1068 712 1099 739 et
1111 716 1228 750 perpe-

484 765 554 792 tuos
580 770 638 803 per
658 760 780 793 dictum
802 759 996 804 Raynutium
1017 760 1133 793 ducein
1166 759 1228 793 illis

482 812 651 846 donandos
669 818 700 846 et
719 812 943 856 assignandos,
964 823 1000 846 ex
1021 823 1109 846 nunc
1129 818 1228 856 prout

482 877 519 899 ex
544 871 641 907 tunc,
672 872 843 910 postquam
872 866 983 900 donati
1019 872 1050 899 et
1073 866 1226 909 assignati

482 920 622 960 suerint,
651 920 790 953 vicariae
825 927 932 954 autem
958 920 1133 965 praedictis
1164 921 1227 954 alia

481 981 611 1007 centum
632 980 722 1008 scuta
747 975 832 1007 ultra
856 975 1077 1008 emolumenta
1101 974 1226 1008 ratione

481 1027 623 1060 exercitii
637 1038 733 1061 curae
747 1028 930 1061 animarum
952 1028 1176 1072 provenientia
1189 1039 1226 1061 ex

482 1081 651 1122 fructibus,
675 1081 834 1115 reditibus
853 1088 884 1115 et
912 1082 1123 1126 proventibus
1143 1093 1222 1126 sup-

479 1145 608 1178 pressae
619 1135 864 1179 praepositurae
878 1135 1076 1176 huiusmodi,
1088 1141 1124 1169 ut
1133 1147 1226 1180 prae-

480 1188 591 1229 fertur,
614 1189 757 1222 detracta
780 1199 840 1233 pro
860 1189 925 1222 suis
947 1189 1122 1233 respective
1143 1189 1224 1222 doti-

480 1242 550 1282 bus,
571 1248 602 1275 et
619 1242 802 1275 futurorum
817 1242 972 1286 episcopi,
989 1242 1220 1283 archidiaconi,

479 1295 763 1340 archipresbyteri,
787 1302 928 1340 quatuor
947 1307 1106 1329 novorum
1127 1307 1224 1330 cano-

481 1348 628 1382 nicorum
647 1355 678 1382 et
702 1349 812 1382 vicarii
834 1350 1077 1393 praedictorum
1098 1356 1223 1383 susten-

479 1402 610 1443 tatione3
635 1402 677 1436 ita
697 1403 785 1446 quod
800 1402 893 1436 liceat
911 1403 1128 1447 ipsisillorum
1147 1414 1219 1436 oin-

479 1456 568 1488 nium
599 1456 802 1500 corporalem
819 1484 826 1497 ,
858 1457 976 1490 realem
1002 1462 1033 1489 et
1061 1457 1221 1490 actualem

477 1509 714 1553 possessionem
732 1520 790 1553 per
807 1520 852 1550 se,
873 1511 920 1543 vel
933 1510 1044 1551 alium,
1060 1521 1116 1544 seu
1128 1510 1218 1551 alios,

477 1572 590 1596 corum
612 1563 789 1606 respective
810 1563 997 1597 nominihus
1019 1575 1078 1607 pro
1098 1575 1155 1597 sua
1167 1576 1222 1597 cu-

477 1616 589 1660 iusque
610 1622 679 1649 rata
693 1623 782 1660 parte
793 1628 850 1650 seu
870 1617 1019 1661 portione
1040 1618 1221 1661 apprehen-

475 1670 562 1710 dere,
591 1675 621 1703 et
646 1676 803 1714 perpetuo
829 1671 989 1711 retinere;
1019 1672 1217 1715 fructusque,

475 1724 609 1764 reditus,
645 1730 830 1768 proventus,
854 1724 935 1764 iura,
959 1724 1171 1758 obventiones
1191 1730 1222 1758 et

474 1777 695 1811 emolumenta
717 1777 789 1810 inde
803 1778 1024 1822 provenientia
1037 1778 1216 1822 percipere,

474 1832 600 1874 exigere
619 1838 646 1864 et
671 1832 786 1871 levare,
809 1843 846 1865 ac
864 1832 894 1864 in
913 1843 1000 1873 suos,
1025 1842 1219 1876 mensaeque

474 1885 678 1929 episcopalis,
702 1886 907 1928 dignitatum,
924 1886 1174 1920 canonicatuum
1189 1892 1217 1919 et

474 1939 746 1983 praebendarum,
761 1945 1216 1983 perpraesenteserectorum,

474 2003 601 2027 necnon
629 1993 766 2026 vicariae
797 1994 983 2027 huiusmodi
1009 2005 1084 2026 usus
1106 1999 1136 2026 ct
1156 1993 1219 2026 uti-

475 2047 595 2081 litatem
624 2054 829 2087 conrertcre,
854 2047 992 2080 cuiusvis
1014 2047 1144 2080 lieentia
1165 2047 1219 2080 de-

473 2112 570 2145 super
601 2101 732 2134 minime
763 2101 928 2145 requisita,
963 2100 1156 2133 auctoritate
1188 2106 1219 2133 et

474 2161 584 2188 tenore
603 2155 798 2199 praemissis,
820 2155 915 2188 etiam
935 2160 1092 2198 perpetuo
1116 2154 1217 2197 appli-

1266 495 1298 523 et
1317 491 1459 533 gaudere
1485 496 1643 534 possunt,
1667 489 1816 523 similiter
1842 490 1886 523 uti
1903 518 1910 531 ,
1934 490 2006 530 frui,

1264 543 1361 586 potiri
1382 549 1412 576 et
1430 543 1587 586 gaudere;
1622 542 1747 586 ipsique
1779 543 1952 586 episeopus
1977 549 2009 576 et

1264 596 1440 640 capitulum
1460 597 1556 640 Burgi
1566 597 1596 630 S.
1613 597 1764 630 Domnini
1784 607 2008 642 quaecumque

1263 650 1485 684 ordinationes
1511 656 1542 683 et
1569 655 1708 691 statuta,
1734 650 1822 684 licita
1849 656 1957 684 tamen
1977 657 2009 684 et

1263 702 1409 744 honesta,
1433 714 1470 736 ae
1501 703 1638 736 decretis
1657 703 1789 737 Concilii
1813 703 2002 744 Tridentini,

1261 757 1425 801 sacrisque
1445 757 1623 790 canonibus
1639 767 1705 790 non
1719 757 1891 798 contraria,
1907 768 2006 801 super

1261 811 1480 844 celebratione
1512 810 1695 844 divinorum
1732 811 1936 852 officiorum,
1974 818 2005 844 et

1260 864 1423 908 personali
1444 864 1629 905 residentia,
1650 875 1687 898 ac
1707 865 1863 898 divisione
1881 871 1912 899 et
1929 876 2004 909 par-

1262 918 1447 962 ticipatione
1487 918 1751 953 distributionum
1790 919 2000 963 quotidiana-

1261 981 1332 1004 rum
1363 971 1420 1014 (ita
1447 971 1535 1015 quod
1567 971 1744 1012 medietas,
1768 973 1816 1005 vel
1837 973 1877 1005 ad
1899 972 2005 1005 minus

1262 1025 1356 1058 tertia
1375 1035 1450 1069 pars
1474 1025 1648 1066 fructuum,
1672 1025 1865 1068 dignitatum
1891 1031 1923 1059 et
1950 1037 2004 1059 ca-

1260 1079 1468 1112 nonicatuum
1485 1106 1492 1120 ‚
1523 1085 1553 1112 et
1581 1079 1842 1123 praebendarum
1874 1080 2004 1124 praedi-

1259 1138 1385 1166 ctorum
1407 1133 1438 1166 in
1463 1144 1556 1166 usum
1576 1133 1717 1177 ipsarum
1739 1133 2002 1168 distributionum

1259 1187 1479 1229 convertatur)
1508 1188 1648 1221 condere
1676 1193 1707 1220 et
1733 1188 1850 1229 edere,
1885 1188 2004 1232 illaque

1259 1245 1396 1280 mutare,
1419 1240 1556 1274 alterare
1581 1246 1613 1273 et
1640 1240 1702 1273 alia
1733 1241 1772 1274 dc
1797 1251 1880 1275 novo
1908 1242 2004 1275 edere

1258 1293 1359 1326 libere
1371 1299 1402 1327 et
1415 1293 1649 1330 licitevaleant.
1669 1294 1790 1328 eisdem
1812 1295 2003 1329 auctoritate

1258 1353 1288 1380 et
1310 1353 1432 1387 tenore,
1446 1347 1595 1381 similiter
1607 1353 1765 1392 perpetuo
1784 1348 2000 1391 indulgemus,

1257 1401 1454 1445 plenamque
1480 1408 1512 1435 et
1542 1402 1765 1435 omnimodam
1793 1402 1933 1445 desuper
1957 1401 1998 1434 li-

1257 1455 1395 1489 centiam
1411 1462 1441 1489 et
1454 1456 1638 1490 facultatem
1653 1456 1861 1490 concedimus
1875 1462 1906 1489 et
1919 1457 2001 1490 elar-

1256 1509 1375 1551 gimur.

1302 1565 1318 1605 ξ
1340 1563 1369 1597 7.
1394 1564 1534 1597 Ulterius
1560 1564 1730 1598 statuimus
1756 1569 1787 1597 et
1811 1564 2000 1598 ordinamus

1255 1617 1342 1660 quod
1366 1628 1400 1649 ex
1429 1623 1502 1651 octo
1526 1617 1667 1661 antiquis
1687 1617 1931 1651 canonicatibus
1964 1623 1997 1650 et

1255 1670 1450 1716 praebendis
1482 1671 1654 1715 praedietis
1682 1681 1766 1704 unus
1798 1676 1913 1704 etima
1939 1681 1998 1715 pro

1256 1724 1410 1766 magistro
1433 1724 1464 1756 in
1486 1724 1658 1767 theologia,
1684 1724 1738 1769 qui
1760 1724 1890 1758 Sacram
1915 1724 2000 1758 Seri-

1255 1782 1381 1821 pturam
1419 1777 1503 1820 legat
1533 1784 1563 1811 et
1591 1777 1838 1822 interpretetnr;
1868 1778 2000 1812 alteret

1254 1830 1354 1863 altera
1372 1831 1478 1874 primo
1492 1831 1650 1864 vacaturis
1660 1842 1717 1875 pro
1731 1831 1995 1875 poenitentiario,

1255 1884 1308 1928 qui
1330 1891 1359 1917 ct
1382 1885 1599 1918 consessiones
1612 1885 1732 1924 audiat,
1748 1891 1778 1918 et
1793 1895 1910 1918 munus
1920 1896 1998 1929 poe-

1255 1937 1433 1971 nitentiarii
1452 1944 1610 1978 exerceat,
1634 1944 1790 1982 perpetuo
1816 1938 1919 1972 affecti
1935 1939 2000 1972 exi-

1253 1997 1358 2032 stant,
1382 2002 1440 2024 ner
1465 1992 1538 2025 aliis
1567 1992 1632 2025 ullo
1665 2003 1806 2038 unquam
1838 1998 1995 2037 tempore,

1253 2045 1364 2088 quavis
1384 2045 1586 2085 auctoritate,
1615 2046 1754 2079 eonl'erri
1781 2046 1939 2087 debeant,
1967 2052 1998 2080 et

1253 2098 1346 2131 aliter
1388 2100 1488 2131 saetae
1516 2099 1554 2131 ile
1584 2099 1629 2133 cis
1667 2099 1855 2132 collationes
1888 2099 1996 2132 nullae

1253 2158 1326 2185 sint.

2063 1575 2201 1600 Tlienlogalis

2014 1603 2035 1622 ot
2056 1602 2200 1622 Paenitentia·
2229 1607 2231 1610 ·

2014 1628 2057 1648 ritu
2066 1628 2117 1649 inibi
2126 1629 2199 1649 creati.

1297 2208 1311 2247 ,ξ
1333 2206 1362 2238 8.
1389 2206 1556 2239 Postremo
1585 2206 1688 2239 eidem
1724 2206 1880 2250 llaynutio
1905 2206 1993 2246 duci,
2011 2203 2218 2252 „223151322322‘2222'

1254 2265 1423 2303 postquam
1446 2259 1746 2299 archidiaconatui,
1771 2265 1801 2292 et
1829 2259 1995 2303 archipre-
2010 2260 2196 2310 {12}‡.‘21'r¹(i†1',22{mg21

1251 2312 1438 2356 sbyteratui,
1467 2324 1502 2345 ae
1535 2318 1674 2356 quatuor
1694 2312 1937 2346 canonicatibus
1965 2318 1996 2346 et
2010 2311 2196 2364 ‡3;,{¹„·rg¹ffi¹¹⁵fflj
2216 2306 2226 2339 ³1

1252 2365 1444 2409 pracbemlis
1462 2365 1585 2399 noviter
1605 2366 1720 2399 erectis
1742 2365 1926 2410 praedietis,
1947 2376 1995 2398 rc·
2009 2364 2194 2412 },¹j¹¹,‘{;‚¹·¹,'‡{*'³'¹⁰'¹‘·
2214 2362 2216 2370 ’

1252 2420 1336 2452 ditus
1358 2431 1483 2453 annuos
1509 2432 1608 2463 nsque
1629 2421 1668 2453 ad
1701 2420 1911 2464 quantitatem
1943 2430 1995 2453 su-

1252 2474 1359 2517 perius
1380 2485 1438 2517 pro
1460 2485 1657 2518 unoquoque
1680 2474 1808 2507 illorum
1838 2473 1994 2517 praeseri-

1252 2533 1337 2570 ptam
1361 2533 1516 2571 perpetuo
1537 2527 1704 2561 donaverit
1725 2533 1754 2560 rt
1771 2526 1991 2568 assiunaverit.

1253 2587 1282 2612 ut
1302 2582 1492 2624 praeli-rtur,
1516 2581 1649 2624 eiusque
1664 2580 1857 2613 haeredibus
1876 2585 1992 2612 etsuc·

1251 2634 1431 2666 fossoribus
1466 2634 1724 2677 quibusruinqiw
1757 2633 1994 2676 inspatronatus

1251 2693 1278 2718 et
1313 2687 1538 2729 prae-sentamli
1573 2687 1716 2719 llumano
1751 2685 1896 2718 l'ontiliri
1934 2696 1992 2727 pro

473 2220 584 2241 «ninius
601 2215 630 2241 et
652 2209 912 2253 appropriaimis.

517 2264 533 2303 ξ
554 2263 585 2295 li,
611 2263 780 2295 Praeterea
801 2262 954 2306 episi-opo
985 2273 1043 2305 pro
1070 2267 1216 2305 tempore

446 2329 456 2341 n
473 2315 641 2356 existenti,
671 2328 707 2349 ac
729 2316 870 2359 capitulo
885 2343 892 2354 ,
916 2315 1014 2354 clero,
1043 2314 1160 2347 civitati
1187 2321 1214 2347 et

385 2360 455 2395 --nms
473 2370 610 2402 dioec-esi
633 2369 726 2410 Burgi
745 2371 775 2401 S.
790 2368 937 2402 Domnini
961 2367 1158 2406 huiusmodi,
1181 2368 1218 2400 il-

289 2408 310 2420 Η
325 2434 335 2446 ¹·
364 2435 388 2446 *w
402 2410 454 2447 ‘.,..f[
475 2423 645 2465 lorumque
661 2422 785 2459 ini-olis,
802 2421 923 2454 rivibus
937 2427 964 2453 ct
982 2420 1216 2454 habitatoribus

474 2475 646 2517 praedii-tis
662 2503 669 2512 ,
691 2481 722 2507 ut
745 2475 895 2507 oninibus
913 2481 943 2507 et
963 2473 1098 2515 singulis
1119 2473 1216 2516 privi-

475 2528 575 2567 legiis,
599 2528 870 2571 «aestimantibus,
896 2526 1098 2559 litun-tatibus
1114 2553 1121 2564 ‚
1151 2526 1212 2558 im-

475 2581 700 2620 munitatibus,
725 2581 845 2621 gratiis,
872 2580 1033 2612 favoribus
1053 2585 1080 2611 ct
1105 2579 1212 2611 indul-

475 2635 531 2672 tis,
556 2635 672 2677 quibus
698 2635 832 2667 aliarum
867 2634 1076 2666 ecelesiarum
1106 2633 1215 2666 ratlm-

473 2689 610 2720 ‹lraliunt
645 2690 832 2731 priwsnlm,
868 2689 1018 2731 rapitula,
1055 2687 1211 2723 vitnau-s.
