2253 3195
34 213 80 240 An.
99 214 126 238 (2.
147 212 213 239 ¹600

58 1915 175 1937 Exordium*

59 2231 169 2258 smmum,
187 2233 213 2254 de

35 2262 75 2285 quo
88 2259 108 2280 in
123 2260 213 2281 rubrica,

842 209 988 234 CLEMENS
1008 209 1065 233 vul
1087 210 1136 233 Pr.

228 260 300 304 piae
315 260 490 293 memoriae
513 259 665 293 Bonisacii
680 258 754 299 VIII,
780 258 967 303 praedeces-

229 313 310 347 soris
330 313 443 352 nostri,
467 314 505 345 de
526 324 588 345 una
614 319 642 346 et
657 312 782 346 concilii
809 312 967 355 generalis

230 365 676 408 deduabusdiaetis,aliisque
687 365 967 398 constitutionibus

229 425 259 453 et
279 419 536 453 ordinationibus
553 418 746 462 apostolicis,
775 429 811 450 ac
832 418 966 451 caeteris

229 473 379 505 omnibus
401 472 480 507 illis.
516 481 597 515 quac
624 471 725 504 dictus
746 471 844 504 lulius
864 472 907 511 ΙΙ,
937 477 966 504 et

227 526 325 560 Iulius
345 527 406 565 ΙΙΙ,
434 525 696 569 praedecessores
725 524 899 568 praedicti,
936 525 965 557 in

227 579 292 612 suis
311 578 425 611 litteris
446 577 616 622 praedictis
636 578 805 610 voluerunt
826 587 889 609 non
911 576 968 609 ob-

228 638 322 670 stare,
347 631 545 674 caeterisque
565 630 733 663 contrariis
758 630 966 673 quibuscum-

228 696 300 729 que.
336 685 396 718 Aut
424 684 448 717 si
482 683 643 727 aliquibus
670 683 885 716 communiter
920 684 967 715 vel

229 737 353 770 divisim
368 737 407 770 ab
421 737 531 770 eadem
547 736 586 769 sit
598 737 679 770 Sede
693 736 865 777 indultum,
882 737 966 779 quod

229 791 394 830 interdici,
433 789 584 834 suspendi
623 790 669 822 vel
697 789 967 822 excommunicari

230 855 295 878 non
316 843 439 888 possint
458 854 516 887 per
535 843 657 876 litteras
681 843 879 887 Apostolicas
903 854 966 875 non

229 897 380 931 facientes
412 897 540 941 plenam
574 902 603 929 et
624 907 827 940 expressam,
862 907 897 929 ac
930 897 967 930 de

227 951 326 984 verbo
347 952 387 984 ad
416 951 548 984 verbum
571 951 610 983 de
632 951 756 984 indulto
783 949 966 983 huiusmodi

229 1004 437 1038 mentionem.

272 1059 385 1092 Datum
417 1059 537 1092 Romae
576 1059 660 1101 apud
697 1058 726 1091 S.
752 1058 880 1091 Petrum
910 1057 968 1090 sub

231 1112 352 1145 annulo
377 1111 559 1148 Piscatoris,
572 1111 624 1144 die
637 1121 697 1144 xxv
711 1110 786 1143 maii
798 1120 873 1149 nnc,
890 1121 969 1154 pon-

229 1163 370 1198 tificatus
387 1164 487 1197 nostri
508 1174 592 1197 anno
613 1174 654 1198 1x.

264 1226 321 1253 Dat.
341 1225 383 1253 die
397 1226 432 1253 25
452 1225 513 1253 maii
536 1225 613 1260 ¹600,
630 1225 724 1261 pontif.
744 1234 786 1253 an.
800 1234 836 1252 ix.

230 1334 386 1378 Sequitur
406 1332 609 1375 confirmatio
627 1333 744 1366 statuti
765 1343 784 1366 α
802 1332 970 1366 cardinale

272 1397 395 1430 Ioanne
420 1395 573 1437 Salmati,
605 1395 637 1429 S.
661 1396 701 1429 Α.
725 1396 761 1428 in
793 1395 969 1439 Hispaniis

275 1459 390 1502 ὶεῃαίο,
415 1458 504 1499 editi,
536 1469 600 1502 quo
628 1463 758 1491 cavetur
781 1469 820 1491 ne
839 1459 913 1501 quis
933 1469 971 1491 ex

272 1520 404 1554 Iudaeis
441 1524 499 1553 aut
526 1520 697 1554 Saracenis
732 1521 892 1553 oriundus
934 1521 970 1553 in

274 1582 415 1625 Colleqz'o
437 1582 542 1615 sancti
568 1582 759 1626 Ildepltonsi
788 1582 825 1615 de
851 1582 970 1616 Alcalcl

272 1644 310 1678 de
325 1644 471 1678 Henares
487 1644 621 1677 admitti
634 1645 746 1688 possit.

439 1735 573 1762 Clemens
590 1734 667 1768 Papa
682 1735 760 1765 vul.

357 1788 393 1814 ad
407 1790 583 1822 perpetuam
598 1787 643 1814 rei
658 1787 843 1814 memoriam*

272 1858 316 1892 Ex
336 1858 446 1892 debito
466 1857 633 1891 ministerii
663 1858 833 1902 pastoralis
865 1858 970 1892 officio

229 1923 276 1953 ea,
300 1922 383 1955 quae
403 1911 443 1944 ad
460 1911 536 1944 fidei
564 1911 740 1945 catholicae
761 1918 969 1954 augmentum

229 1965 310 1998 facta
330 1964 427 1998 fuisse
448 1964 609 2005 dicuntur,
632 1970 668 1997 ut
690 1964 783 1997 firma
813 1971 970 2009 perpetuo

229 2023 259 2051 et
278 2017 399 2050 illibata
418 2016 600 2060 persistant,
616 2016 764 2058 libenter,
786 2028 857 2051 cum
876 2028 893 2050 a
913 2029 971 2052 no-

228 2070 277 2103 bis
296 2070 425 2114 petitur,
454 2069 631 2113 apostolico
664 2070 843 2104 munimine
873 2071 969 2105 robo-

229 2134 348 2157 ramus.

273 2177 333 2219 §1-
357 2176 479 2220 Exponi
497 2176 655 2220 siquidem
678 2177 770 2209 nobis
784 2187 886 2221 nuper
899 2178 972 2212 fecit

229 2229 363 2263 dilectus
383 2229 468 2262 lilius
499 2229 612 2262 Petrus
638 2229 769 2263 Michael
794 2231 970 2273 collegialis

229 2283 355 2325 collegii
375 2282 475 2316 sancti
489 2282 671 2326 Ildephonsi
686 2283 795 2327 oppidi
811 2284 849 2316 de
863 2284 970 2317 Alcala

229 2336 267 2369 de
289 2336 442 2376 Henares,
454 2335 674 2369 Toletanensis
693 2336 859 2377 dioecesis,
870 2337 970 2379 magi-

229 2394 294 2421 ster
304 2389 335 2421 in
351 2389 523 2431 theologia,
535 2389 968 2433 presbyterCalaguritanen-

229 2441 270 2474 sis
291 2441 463 2481 dioecesis,
488 2452 546 2475 suo
564 2448 594 2475 et
615 2442 803 2475 dilectorum
825 2442 966 2475 filiorum

228 2494 364 2528 rectoris
378 2499 408 2527 et
425 2494 563 2527 aliorum
578 2495 795 2537 eollegialiurn
810 2495 886 2528 dicti
901 2496 967 2528 col-

229 2547 304 2590 legii
325 2547 522 2587 nominibus,
541 2547 628 2591 quod
638 2547 760 2581 dudum
779 2548 882 2581 bonae
897 2558 965 2581 me-

229 2600 350 2634 moriae
361 2601 506 2641 loannes,
520 2605 704 2643 sanctorum
719 2600 850 2634 Cosinae
864 2606 895 2634 et
907 2601 966 2634 Da-

1653 197 1715 231 589

1003 257 1111 297 miani,
1136 257 1290 291 diaconus
1323 257 1493 290 cardinalis
1528 257 1566 289 de
1595 255 1741 289 Salviatis

1003 316 1216 355 nuncupatus,
1233 311 1271 343 ad
1283 310 1507 354 Hispaniarum
1521 315 1551 343 et
1568 309 1629 342 alia
1643 320 1741 352 regna

1002 370 1033 397 et
1052 365 1122 397 loca
1135 364 1234 397 felicis
1249 364 1482 397 recordationis
1494 363 1663 396 Clementis
1684 364 1741 396 Pa-

1002 428 1060 461 pae
1082 417 1151 457 Vll,
1174 416 1431 461 praedecessoris
1455 417 1572 455 nostri,
1596 422 1627 449 et
1653 416 1741 450 Sedis

1003 470 1203 513 Apostolicae
1236 471 1274 503 de
1294 471 1394 503 latere
1414 471 1553 512 legatus,
1588 476 1741 503 statutum

1003 528 1033 555 et
1047 523 1266 556 ordinationes
1287 529 1361 556 tunc
1382 523 1584 556 existentium
1607 524 1741 557 rectoris

1002 584 1031 610 et
1063 577 1300 619 collegialium,
1334 584 1363 610 et
1394 578 1632 621 capellanorum
1666 577 1742 611 dicti

1003 630 1128 673 collegii
1161 631 1239 673 (per
1270 631 1374 663 bonae
1406 630 1581 663 memoriae
1612 630 1742 663 Franci-

1002 694 1090 716 scum
1110 683 1192 715 tituli
1206 683 1340 716 Sanctae
1352 683 1502 716 Balbinae
1520 683 1740 727 presbyterum

1003 736 1199 768 cardinalem
1227 735 1320 768 etiam
1343 736 1584 769 Toletanensem
1607 747 1642 768 ex
1660 747 1739 769 con-

1003 789 1145 821 cessione
1160 794 1190 821 et.
1211 788 1448 832 dispensatione
1462 789 1637 833 apostolica
1651 800 1742 833 prae-

1002 842 1102 875 sulem
1137 842 1259 874 fundati
1290 848 1320 874 et
1356 842 1478 884 dotati)
1511 843 1597 886 quod
1636 843 1743 876 nullus

1002 896 1181 940 neophytus
1206 906 1379 929 conversus
1400 897 1520 929 ducens
1547 896 1704 939 originem
1727 909 1744 929 a

1002 949 1170 983 Saracenis
1202 955 1257 982 aut
1274 949 1397 983 ludaeis
1413 978 1419 989 ‚
1446 955 1500 983 aut
1518 950 1615 983 modo
1635 950 1744 994 aliquo

1003 1014 1075 1036 cum
1097 1004 1380 1036 excommunicatis
1404 1003 1598 1047 participans
1616 1014 1652 1036 ex
1672 1009 1746 1037 tunc

1003 1056 1154 1100 deinceps
1174 1057 1339 1100 perpetuis
1359 1057 1473 1090 suturis
1493 1057 1693 1100 temporibus
1714 1058 1745 1090 in

1003 1110 1202 1152 collegialem
1221 1116 1275 1143 aut
1298 1110 1500 1154 capellanum
1522 1110 1598 1143 dicti
1619 1111 1744 1153 collegii

1003 1163 1103 1206 recipi
1121 1168 1152 1196 et
1165 1163 1289 1196 admitti
1312 1169 1428 1206 posset.
1440 1164 1495 1196 sed
1506 1164 1672 1196 dumtaxat
1686 1164 1742 1204 illi,

1003 1217 1057 1260 qui
1079 1227 1114 1249 ex
1134 1221 1273 1260 quatuor
1289 1216 1444 1248 lateribus
1466 1217 1504 1249 ab
1519 1217 1669 1250 omnibus
1679 1228 1746 1250 ma-

1004 1269 1083 1302 culis
1105 1269 1296 1313 supradictis
1327 1268 1545 1312 purgatissimi
1568 1274 1689 1310 essent,
1714 1270 1746 1302 in

1004 1322 1185 1365 collegiales
1210 1327 1264 1354 aut
1290 1322 1474 1365 capellanos
1504 1321 1578 1355 dicti
1614 1322 1744 1365 collegii

1004 1376 1127 1409 admitti
1149 1376 1318 1416 deberent,
1342 1367 1534 1408 auctoritate
1555 1375 1742 1419 apostolica,

1004 1440 1067 1474 qua
1088 1429 1120 1462 in
1141 1439 1178 1462 ea
1195 1434 1284 1473 parte
1295 1429 1498 1471 fungebatur,
1511 1428 1703 1472 approbavit
1716 1434 1747 1462 et.

1004 1482 1218 1521 confirmavit,
1232 1487 1329 1526 prout
1349 1481 1504 1514 inlitteris
1523 1481 1598 1514 dicti
1619 1481 1747 1514 loannis

1004 1536 1176 1569 cardinalis
1197 1536 1335 1579 desuper
1361 1545 1419 1568 xm
1440 1535 1567 1568 kalend.
1592 1534 1745 1568 februarii

1003 1600 1133 1630 nnxxv,
1173 1599 1257 1622 anno
1286 1597 1322 1622 111
1351 1587 1558 1632 pontificatus
1602 1588 1745 1621 eiusdem

1003 1641 1261 1687 praedecessoris
1284 1641 1385 1674 nostri
1407 1641 1500 1681 datis,
1516 1641 1642 1685 plenius
1663 1652 1741 1675 con-

1004 1697 1133 1730 tinctur.

1049 1750 1063 1793 g
1088 1749 1117 1781 2.
1157 1749 1261 1788 Quare
1299 1748 1383 1781 idem
1416 1748 1528 1781 Petrus
1559 1748 1745 1782 nominibus

1004 1802 1176 1847 praedictis
1189 1801 1282 1835 nobis
1293 1800 1457 1834 humiliter
1470 1801 1545 1834 feeit
1556 1801 1742 1845 supplicari,

1005 1862 1162 1900 quatenus
1183 1860 1299 1888 statuto
1313 1860 1341 1887 et
1357 1854 1554 1887 ordinationi
1574 1854 1746 1898 praedictis

1004 1911 1104 1944 robur
1123 1909 1318 1954 apostolicae
1329 1908 1583 1942 confirmationis
1592 1908 1743 1948 adiicere,

1005 1964 1146 2008 aliasque
1167 1963 1199 1996 in
1219 1962 1403 2007 praemissis
1429 1967 1611 2006 opportune
1638 1962 1746 2005 provi-

1005 2018 1081 2051 dere
1101 2019 1140 2051 de
1164 2016 1361 2060 benignitate
1393 2015 1567 2059 apostoliea
1599 2015 1746 2058 dignare-

1005 2082 1088 2105 mur.

1049 2126 1065 2166 ς
1086 2123 1116 2157 3.
1138 2124 1200 2157 Nos
1221 2123 1318 2166 igitur
1339 2130 1464 2157 tenores
1485 2124 1642 2157 dictarum
1660 2123 1744 2156 litte-

1003 2188 1125 2218 rarum‚
1146 2188 1182 2210 ac
1203 2177 1347 2210 omnium
1370 2183 1400 2210 et
1417 2178 1616 2221 singulorum
1636 2176 1686 2209 hic
1707 2177 1746 2209 de

1004 2230 1192 2263 necessitate
1211 2230 1507 2273 exprimendorum,
1523 2229 1746 2273 praesentibus

1003 2293 1062 2327 pro
1083 2283 1238 2326 expressis
1262 2282 1436 2322 habentes,
1460 2281 1645 2315 huiusmodi
1666 2292 1743 2326 sup-

1003 2336 1231 2379 plicationibus
1253 2335 1406 2375 inclinati,
1428 2347 1463 2369 ex
1481 2335 1639 2369 sententia
1660 2335 1742 2368 dile-

1004 2388 1282 2422 ctorunrfiliorum
1298 2394 1481 2421 nostrorum
1490 2388 1611 2422 Camilli
1628 2387 1746 2421 etLau-

1002 2442 1108 2479 rentii,
1136 2442 1269 2475 Sanctae
1298 2442 1460 2475 Romanae
1486 2442 1647 2475 Ecclesiae
1679 2452 1747 2474 car·

1002 2495 1169 2535 dinalium,
1191 2495 1356 2527 titulorum
1375 2501 1558 2528 sanctorum
1574 2495 1702 2528 loannis
1716 2501 1748 2528 et

1000 2548 1089 2581 Pauli
1119 2554 1150 2581 et
1169 2548 1270 2581 sancti
1298 2548 1460 2581 Laurentii
1488 2548 1521 2581 in
1549 2548 1747 2592 Panisperna

1001 2600 1214 2634 cardinalium
1236 2601 1401 2644 Burghesii
1425 2607 1455 2635 et
1475 2601 1651 2635 Blanchetti
1666 2612 1747 2634 nun-

1762 206 1808 233 An.
1829 207 1856 232 (i.
1873 207 1939 232 1600

1779 1752 1859 1773 Petitur
1873 1758 1885 1773 a
1901 1752 1945 1774 Cle·

1761 1781 1830 1809 mento
1868 1780 1946 1800 conflr-

1759 1810 1820 1826 mari.

1761 2123 1883 2173 ⁸(iacturam
1891 2124 1944 2146 Pon·

1771 2160 1775 2174 l
1787 2159 1817 2173 et.
