2253 3195
264 232 360 260 Aac.
383 232 452 260 1596
497 220 561 257 32⁶2

292 294 390 324 racanas·
401 300 450 324 00⁰3
465 282 696 325 cuiuscumque
712 281 957 324 impedimento,
973 280 1163 322 drogherios
1176 284 1207 312 et

264 321 450 377 ἶῗᾞῑζᾌῗῖἶῗὲἶῖ
465 345 577 367 omnes
596 334 686 374 alios,
705 333 760 377 qui
773 333 949 376 speciariae
961 333 1010 366 vel
1023 332 1102 365 alias
1112 343 1207 376 quas-

266 374 602 431 “h⁹‘¹⁰⁵²²³¹¹⁰⁵'cumque
622 397 673 419 res
699 386 907 420 medicinales
937 386 977 419 ad
1006 385 1205 430 praedictam

463 446 565 473 artem
586 439 831 483 quomodolibet
854 445 1035 483 spectantes
1060 445 1091 473 et
1116 439 1203 472 illam

463 498 693 526 concernentes
713 493 797 536 (pro
825 492 943 536 quibus
974 492 1070 525 rebus
1101 492 1205 525 eidem

463 545 642 578 consulatui
674 545 743 589 pari
775 546 874 579 modo
898 545 1045 586 subsint,
1068 545 1208 589 exceptis

462 604 570 631 tamen
589 598 656 639 his,
681 609 764 642 quae
790 609 864 632 cum
892 598 1129 643 prothomedici
1160 599 1208 631 in-

461 657 608 684 terventu
637 651 758 685 visitari
783 658 814 685 et
841 652 1030 695 recognosci
1056 652 1204 694 debent),

462 704 527 737 sive
547 704 580 737 in
606 715 704 748 parva
717 732 725 745 ‚
748 705 814 738 sive
834 705 870 748 in
891 716 1008 748 magna
1032 705 1209 749 quantitate

463 757 678 798 vendiderint,
699 758 824 791 etiamsi
839 750 984 802 quamvis
997 759 1093 791 aliam
1107 764 1207 791 artem

461 810 584 843 mixtim
603 812 821 852 exercuerint,
844 812 971 845 visitare
995 817 1027 845 et
1045 822 1205 855 recogno-

461 874 561 904 scere,
582 874 618 897 ac
639 864 797 908 quidquid
817 864 962 908 corrupti
983 870 1038 898 aut
1056 865 1156 898 vitiati
1178 870 1209 898 et

461 917 631 950 adulterati
652 917 683 949 in
697 917 818 950 eisdem
838 923 1004 961 repertum
1018 918 1126 959 fuerit,
1143 919 1208 952 sive

462 976 565 1003 totum
582 970 647 1003 sive
667 976 805 1014 partem,
829 981 957 1004 necnon
975 971 1071 1004 etiam
1101 971 1206 1015 ipsos-

462 1028 528 1056 met
557 1023 828 1057 aromatariorum
860 1024 981 1064 libros,
1020 1025 1052 1057 in
1089 1025 1207 1068 quibus

462 1077 592 1110 fraudes
611 1077 735 1120 aliquas
751 1077 940 1110 commissas
957 1078 1119 1111 detectum
1132 1079 1202 1119 erit,

462 1130 577 1173 proiici
597 1140 634 1163 ac
654 1130 803 1164 comburi
824 1131 938 1171 facere3
961 1141 1087 1164 necnon
1105 1131 1207 1165 dictas

463 1193 513 1216 res
550 1183 674 1217 vitiatas
705 1194 928 1228 quascumque
965 1195 1001 1217 ac
1036 1190 1206 1228 corruptas

462 1235 656 1276 vendentes,
687 1247 743 1269 seu
771 1237 900 1270 venales
924 1243 1143 1281 proponentes
1175 1243 1206 1272 et

461 1295 701 1332 praeparantes,
718 1289 804 1323 iuxta
815 1290 921 1323 delicti
943 1296 974 1323 et
993 1291 1205 1333 negligentiae

462 1342 669 1384 qualitatem,
698 1343 815 1376 debitis
845 1343 980 1386 poenis,
1003 1354 1068 1377 non
1098 1350 1205 1378 tamen

462 1395 607 1438 corporis
626 1395 784 1428 afflictivis
800 1423 807 1436 ,
828 1396 955 1429 afficere
971 1424 978 1437 ,
1001 1408 1083 1440 quae
1108 1397 1204 1430 etiam

461 1457 585 1490 poenae
618 1448 771 1481 ecclesiae
807 1455 837 1482 et
870 1449 1020 1493 hospitali
1057 1451 1206 1494 praefatis

461 1511 500 1533 eo
525 1501 594 1544 ipso
621 1501 822 1545 applicentur
852 1508 884 1535 et
914 1503 1093 1546 applicatae
1124 1515 1202 1537 cen-

461 1559 603 1587 seantur.

506 1606 574 1648 §7-
598 1608 642 1640 Ac
671 1608 758 1651 quod
789 1609 1059 1642 aromatariorum
1089 1610 1201 1651 libris,

461 1670 542 1703 quos
562 1661 742 1694 mercantili
763 1672 870 1703 more,
894 1663 942 1696 vel
967 1663 1146 1697 secundum
1167 1675 1204 1696 u-

460 1724 529 1746 sum
559 1720 589 1747 et
618 1715 884 1748 consuetudinem
915 1715 1019 1749 dictae
1048 1716 1123 1750 artis
1152 1722 1201 1750 te-

461 1765 602 1806 nuerint,
627 1767 721 1810 plena
741 1772 772 1799 et
793 1767 926 1800 indubia
955 1768 1075 1812 ubique
1100 1768 1180 1802 fides
1194 1796 1201 1810 ‚

460 1819 491 1851 in
510 1818 630 1851 iudicio
650 1825 680 1851 et
701 1825 787 1852 extra
802 1820 882 1853 illud
896 1821 926 1853 in
941 1821 1101 1861 omnibus,
1119 1821 1205 1855 iuxta

460 1872 596 1905 sormam
629 1878 733 1905 motus
765 1873 887 1916 proprii
923 1873 995 1917 piae
1027 1875 1203 1908 memoriae

459 1925 529 1958 lulii
552 1925 655 1969 Papae
676 1926 725 1965 ΙΙΙ,
747 1925 841 1958 etiam
863 1927 1119 1970 praedecessoris
1139 1938 1200 1961 no-

459 1978 539 2018 stri,
567 1988 664 2022 super
692 1979 753 2011 hoc
785 1979 1002 2023 disponentis,
1032 1992 1131 2024 usque
1163 1981 1203 2014 ad

460 2031 717 2076 quinquennium
739 2038 874 2073 tantum,
887 2039 917 2066 et
933 2043 999 2066 non
1017 2034 1100 2067 ultra
1113 2034 1203 2067 adhi-

461 2085 585 2118 beatur.

505 2142 521 2180 5
542 2138 572 2170 8.
596 2139 639 2171 Ac
660 2138 704 2171 illi
725 2148 848 2178 omnes,
868 2139 923 2183 qui
956 2139 986 2172 in
1019 2139 1202 2174 huiusmodi

462 2191 570 2231 libris,
595 2202 654 2235 pro
671 2192 766 2225 rebus
787 2192 860 2225 inde
881 2192 1018 2229 habitis,
1042 2193 1203 2227 debitores

461 2244 568 2288 scripti
599 2245 819 2288 reperientur,
844 2245 1065 2286 intelligantur
1085 2253 1112 2279 et
1140 2247 1204 2280 sint

461 2309 561 2341 usque
585 2299 624 2331 ad
653 2298 775 2331 dictum
799 2304 924 2342 tenipus
948 2309 1007 2342 pro
1028 2310 1061 2331 re
1085 2300 1202 2343 scripta

460 2351 603 2390 obligati,
627 2351 763 2384 etiamsi
787 2363 836 2384 res
862 2351 948 2395 ipsae
970 2363 1033 2384 non
1050 2363 1119 2391 suo,
1147 2353 1201 2386 sed

460 2403 596 2435 aliorum
619 2404 806 2447 quorumvis
826 2404 908 2444 usui,
937 2405 976 2437 ‹lc
997 2405 1139 2448 ipsorum
1159 2411 1203 2438 ta-

461 2467 532 2489 inen
555 2458 736 2490 debitorum
757 2458 972 2499 ordinatione,
989 2458 1203 2492 insci-viisscnt

459 2521 514 2542 seu
537 2510 701 2543 inservisse
723 2512 916 2545 dicerentur.

309 1664 372 1685 Fides
387 1664 446 1685 libris

270 1694 445 1711 :immaturarum

270 1717 346 1738 danda.

301 2192 446 2214 Puto-sumn·-

263 2223 372 2240 teneamur
416 2226 445 2239 m·

262 2248 301 2269 Ιιιι,
317 2253 353 2274 pru
369 2253 403 2272 qni
415 2253 445 2266 ›n-

262 2275 398 2294 ινιΙιΙιιΙι-ωιιι
424 2281 444 2293 ιν

262 2307 381 2326 uptun-uren.

504 2565 519 2603 ᾗ
538 2564 568 2595 9.
588 2564 742 2608 Talesqnn
774 2565 935 2598 debitores
967 2564 1197 2609 praescriptio·
1235 2565 1321 2608 quod
1339 2564 1473 2598 adiverit
1490 2564 1722 2597 haereditatem
1733 2574 1806 2597 cum
1821 2562 1979 2597 beneficio

302 2617 444 2644 Pru-curuo
460 2625 532 2648 nem
546 2617 685 2660 aliquant
707 2624 817 2652 contra
839 2618 1022 2652 huiusmodi
1039 2623 1200 2652 aromata-
1235 2618 1312 2658 legis
1331 2624 1363 2652 et
1383 2618 1564 2658 inventarii,
1585 2617 1749 2651 retardare
1769 2616 1816 2651 vel
1837 2615 1976 2658 differre,

1047 232 1232 257 BULLARIUM
1251 231 1407 256 ROMANUM

1996 229 2047 258 An.
2065 229 2096 258 C.
2111 228 2196 260 ¹598‘

1238 279 1362 312 riorum
1383 279 1504 313 credita
1518 306 1526 319 ‚
1548 278 1574 312 si
1595 279 1724 313 aliunde
1743 290 1841 324 quam
1861 290 1899 313 ex
1918 289 1976 313 eo·
1993 291 2100 313 sexdecim
2111 298 2175 324 amus

1238 342 1310 365 rum
1331 331 1422 365 libris
1441 331 1638 376 probentur,
1661 337 1726 365 tam
1754 333 1860 376 quoad
1881 343 1976 376 prae·
1994 320 2150 366 ἷῗῖἑῖἓιὲἷῗΨ
2170 326 2174 327 ’
2221 325 2224 328 ’

1240 385 1334 418 terita
1354 395 1452 429 quam
1479 385 1586 429 quoad
1610 385 1735 426 sutura,
1755 385 1816 419 nisi
1839 391 1912 430 post
1929 387 1978 419 la·
1995 373 2072 397 ‘'⁰²⁸⁵‘'

1240 448 1333 482 psum
1346 438 1505 472 sexdecim
1517 448 1677 471 annorum
1690 438 1787 479 iuxta,
1800 439 1983 482 praedictae

1240 491 1334 525 Urbis
1361 497 1501 532 statuta,
1525 491 1664 534 allegare
1689 502 1746 525 seu
1774 492 1984 536 praetendere

1241 550 1414 588 nequeant3
1429 555 1495 578 non
1512 545 1659 578 obstante
1679 545 1767 588 quod
1787 545 1895 578 forsan
1906 545 1984 578 alias

1241 597 1376 641 quodvis
1399 597 1487 631 aliud
1511 597 1774 642 praescriptionis
1798 597 1984 631 huiusmodi

1242 655 1379 694 tempus,
1402 650 1498 684 etiam
1530 650 1631 693 magis
1660 651 1756 684 breve
1781 661 1840 695 per
1867 650 1984 684 Iulium

1241 714 1278 736 ac
1306 704 1499 747 Gregorium
1529 704 1729 748 praedictos,
1756 710 1789 738 et
1818 715 1874 738 seu
1905 704 1985 738 alios

1241 757 1404 790 Romanos
1423 757 1606 798 Pontifices,
1630 757 1778 791 similiter
1797 757 1985 801 praedeces-

1241 820 1329 843 sores
1348 816 1493 851 nostros‚
1517 820 1704 844 concessum
1735 811 1800 844 sive
1830 816 1983 844 statutum

1242 863 1412 908 reperitur.

1286 916 1301 960 ἓ
1321 915 1373 949 10.
1397 917 1567 950 Praeterea
1586 917 1674 960 quod
1693 916 1769 950 dicti
1781 916 1979 958 aromatarii,
2037 926 2141 958 Prion-aru
2153 951 2166 963 5

1240 980 1299 1013 pro
1320 969 1483 1014 quibusvis
1506 969 1689 1013 pharmacis
1709 975 1741 1003 et
1758 970 1855 1003 rebus
1874 969 1980 1004 medi·
1997 955 2126 1006 eiiifflssu
2136 971 2161 996 1*

1241 1022 1398 1056 cinalibus
1417 1033 1454 1056 ac
1475 1023 1608 1056 medelis
1627 1033 1686 1067 per
1705 1033 1760 1057 eos
1786 1023 1827 1057 ad
1855 1023 1982 1067 quasvis
1997 1007 2160 1058 ἷῗέἶέἒρπὲῗο.

1241 1075 1444 1109 infirmitates
1464 1075 1715 1109 subministratis
1729 1103 1736 1116 ‚
1758 1076 1983 1119 praeferantur
1995 1061 2084 1080 tautum.

1240 1135 1270 1162 et
1289 1129 1445 1173 praeferri
1462 1129 1596 1162 omnino
1617 1129 1755 1162 debeant
1780 1129 1931 1162 omnibus
1951 1133 1984 1162 et

1239 1182 1372 1225 singulis
1401 1182 1471 1215 aliis
1501 1182 1640 1215 cuiusvis
1668 1182 1811 1216 defuncti
1838 1182 1888 1215 vel
1921 1182 1980 1216 de-

1239 1235 1342 1276 cocti,
1364 1241 1420 1268 aut
1449 1235 1528 1268 alias
1558 1235 1762 1279 quantumvis
1793 1234 1983 1278 privilegiati

1239 1299 1304 1322 non
1324 1288 1475 1322 solventis
1494 1288 1729 1329 creditoribus,
1752 1288 1848 1322 etiam
1875 1298 1981 1332 quan-

1241 1341 1356 1374 tumvis
1363 1341 1544 1385 potioribus
1557 1352 1594 1374 ac
1610 1341 1837 1382 anterioribus,
1848 1346 1879 1375 et
1889 1351 1985 1385 quas-

1240 1395 1285 1427 vis
1309 1394 1533 1443 obligationes,
1557 1393 1654 1427 etiam
1672 1394 1859 1435 camerales,
1875 1404 1913 1427 ac
1924 1404 1985 1438 pu-

1239 1448 1322 1481 blica
1339 1448 1552 1481 instrumenta
1572 1447 1668 1480 etiam
1690 1447 1804 1488 iurata,
1825 1457 1862 1480 ac
1873 1447 1984 1491 quavis

1239 1501 1420 1546 hypotheca
1439 1500 1565 1540 vallata,
1589 1500 1685 1534 etiam
1706 1510 1802 1534 causa
1827 1500 1922 1541 dotis,
1951 1505 1983 1534 et

1239 1554 1366 1598 quasvis
1383 1553 1460 1587 alias
1477 1553 1637 1587 clausulas
1656 1564 1712 1587 seu
1733 1553 1874 1587 cautelas
1893 1553 1927 1586 in
1947 1563 1982 1587 se

1240 1607 1440 1641 continentes
1468 1607 1672 1648 habentibus,
1696 1617 1798 1651 usque
1828 1607 1870 1641 ad
1893 1601 1983 1641 sum:

1239 1671 1324 1694 mam
1346 1660 1583 1704 quinquaginta
1599 1665 1766 1693 scutorum
1787 1665 1922 1694 tantum.

1283 1716 1300 1756 g
1322 1713 1373 1746 111.
1397 1713 1507 1757 Neque
1526 1713 1585 1746 sub
1617 1713 1725 1757 aliqua
1751 1713 1911 1747 bonorum
1933 1713 1982 1747 di·
2055 1721 2145 1768 Μοιρὼ
2158 1736 2160 1739 -

1238 1767 1400 1800 seussione
1410 1765 1741 1810 comprehendantur,
1750 1766 1903 1810 nullaque
1915 1777 1984 1800 ces·
1997 1752 2135 1795 ἓῗεῖιιῖἶὶᾎσ.
2157 1786 2159 1790 1

1237 1820 1284 1853 sio
1304 1820 1477 1859 bonorum,
1493 1819 1558 1852 sive
1580 1819 1830 1863 quinquennalis
1847 1825 1901 1853 aut
1920 1819 1983 1854 alia

1238 1873 1358 1911 dilatio,
1379 1873 1427 1905 vel
1439 1872 1615 1916 capitulum
1630 1871 1810 1911 Odoardus,
1825 1883 1882 1907 seu
1895 1873 1983 1907 aliud

1237 1925 1405 1970 quodlibet
1425 1925 1624 1966 remedium,
1647 1935 1666 1958 a
1687 1925 1756 1958 iure
1775 1925 1823 1959 vel
1844 1936 1881 1959 ex
1903 1936 1980 1970 spe-

1237 1978 1308 2012 ciali
1334 1978 1437 2019 gratia
1467 1978 1641 2022 principis,
1677 1978 1896 2012 introductum
1925 1989 1982 2013 seu

1237 2041 1424 2064 concessum
1463 2037 1574 2064 contra
1607 2031 1709 2065 dictos
1744 2031 1958 2066 aromatarios
1971 2059 1979 2073 ,

1237 2091 1267 2117 et
1295 2084 1325 2117 in
1357 2094 1470 2117 eorum
1491 2083 1726 2128 praeiudicium
1746 2094 1844 2128 super
1862 2094 1979 2118 conse-

1237 2137 1391 2181 quutione
1410 2147 1542 2171 suorum
1572 2137 1792 2178 creditorum,
1813 2137 1982 2171 occasione

1238 2191 1436 2224 medelarum
1458 2196 1488 2223 et
1508 2190 1645 2224 aliarum
1667 2190 1775 2224 rerum
1800 2189 1978 2224 medicina-

1238 2245 1316 2278 lium
1337 2244 1519 2278 ‹lebitorum
1541 2255 1676 2288 usquam
1698 2245 1810 2284 valeat,
1833 2255 1892 2278 nec
1919 2244 1978 2278 de-

1237 2298 1394 2332 bitoribus
1414 2297 1490 2341 ipsis
1510 2298 1542 2330 in
1563 2298 1671 2341 aliquo
1691 2297 1895 2340 suffragetur.
2147 2341 2150 2346 ι

1282 2355 1298 2393 ξ
1328 2352 1375 2384 12.
1411 2351 1447 2384 Et
1472 2352 1585 2385 haeres
1616 2350 1756 2384 defuncti
1785 2350 1979 2385 solutionem
2010 2354 2131 2405 ,ffiffffl‘

1237 2416 1343 2438 rerum
1366 2404 1604 2438 medicinalium
1626 2403 1822 2444 huiusmodi,
1839 2414 1898 2448 pro
1910 2404 1980 2448 qui·
1995 2388 2118 2458 {maog-⁶¹..
2136 2396 2141 2405 ¹*

1237 2459 1295 2491 bus
1323 2457 1389 2502 ipse
1410 2458 1580 2490 defunctus
1600 2462 1668 2490 erat
1688 2453 1874 2501 descriptus⁴
1887 2456 1979 2490 debi-
2045 2441 2058 2463 Ι,

1237 2517 1296 2550 tor,
1313 2517 1344 2544 et
1360 2511 1455 2544 etiam
1475 2510 1679 2550 funeraliuni,
1695 2509 1791 2543 etiam
1814 2514 1980 2554 praetextu
