2253 3195
248 234 299 262 An.
315 233 345 262 c.
366 234 436 263 1596
480 223 546 259 304

271 878 382 900 {lenticum
392 875 429 896 ad-

245 906 348 927 hortatur,
364 906 384 923 ut
399 903 429 923 tli-

244 933 305 953 vinae
313 931 429 951 miscricor-

243 960 291 979 diae
310 963 388 978 memor
403 957 429 975 sit

244 988 263 1006 et
272 984 380 1006 chat-nait<
389 983 429 1003 Ro-

244 1018 318 1033 manae
333 1011 414 1032 Enetos.

761 283 872 317 CXLII.

445 390 615 423 Absolutio
634 389 772 423 Henrici
794 389 845 423 IV
858 389 1065 423 Francorum
1081 395 1111 424 et
1122 391 1190 424 Na—

488 462 603 485 varrae
621 453 707 494 reqis
726 452 1007 494 christianissimi,
1031 453 1190 486 iniunctis

489 514 519 546 ei
537 513 741 546 salutaribus
757 514 970 557 poenitentiis
990 515 1010 548 ¹.

480 611 615 638 Clemens
625 610 795 645 episcopus,
808 619 918 640 servus
934 620 1089 641 servorum
1100 613 1164 648 Dei,

523 674 702 702 Charissimo
717 674 748 702 in
770 675 890 703 Christo
904 676 966 703 filio
986 677 1115 704 Eenrico

443 727 622 755 Francorum
638 730 669 755 et.
679 729 830 756 Navarrae
844 729 908 764 regi
924 729 1187 763 christianissimo,

486 783 617 811 salutem
632 786 664 810 et
682 783 881 818 apostolicam
894 784 1146 812 benedictionem.

488 862 554 907 5²1.
583 863 714 897 Divinae
739 864 860 907 gratiae
891 864 1123 898 abundantiam
1155 865 1188 898 in

445 921 498 949 tua
518 917 728 950 conversione
748 918 1003 962 contemplantes
1016 945 1023 959 ‚
1047 923 1077 952 et
1103 929 1184 962 que-

444 970 654 1004 madmodum
668 982 703 1004 ex
716 971 913 1004 densissimis
931 982 1078 1005 errorum
1092 977 1187 1016 atque

444 1022 613 1057 haeresum
634 1025 786 1064 tenebris,
803 1030 833 1058 et
853 1025 950 1058 veluti
967 1036 1005 1058 ex
1024 1026 1186 1069 profundo

443 1077 585 1120 quodam
615 1078 777 1111 malorum
792 1105 800 1119 ,
824 1078 856 1111 in
877 1079 981 1112 lucem
1011 1078 1187 1112 catholicae

442 1130 583 1164 veritatis
597 1157 604 1171 ‚
637 1131 767 1165 dextera
797 1131 925 1164 Domini
959 1131 1108 1164 virtutem
1140 1132 1186 1165 sa-

442 1182 558 1223 ciente,
574 1183 755 1221 emerseris,
773 1184 903 1217 intentis
923 1184 1040 1217 mentis
1060 1190 1186 1218 nostrae

442 1236 543 1269 oculis
568 1236 747 1277 intuentes,
771 1247 848 1281 prae
872 1243 1003 1281 stupore
1027 1243 1058 1271 et
1077 1238 1183 1270 admi—

443 1289 567 1322 ratione
579 1289 726 1331 cogimur
739 1301 811 1323 cum
821 1291 974 1334 Apostolo
988 1292 1182 1325 exclamare:

444 1342 470 1376 Ο
488 1342 630 1376 altitudo
643 1343 839 1377 divitiarum
851 1346 1033 1388 sapientiae
1045 1350 1074 1379 ct
1086 1347 1187 1379 scien-

443 1396 508 1428 tiae
526 1395 605 1435 Dei,
628 1407 730 1440 quam
749 1398 1091 1441 incomprehensibilia
1110 1404 1187 1433 sunt

441 1448 567 1481 iudicia
583 1450 663 1489 eius,
679 1454 708 1483 ct
724 1451 966 1494 investiqabilcs
985 1453 1056 1485 viae
1075 1453 1145 1486 cius
1156 1454 1186 1486 ²!

442 1502 476 1535 Et
491 1508 577 1536 certe
597 1508 627 1536 tc
648 1503 751 1547 ipsum
773 1515 868 1548 saepe
889 1505 1030 1547 cogitare
1043 1512 1181 1551 oportet,

441 1556 528 1599 quod
554 1561 583 1589 te
608 1556 713 1590 facere
738 1557 968 1600 existimamus,
993 1570 1089 1603 quam
1111 1571 1182 1593 ma-

440 1619 503 1651 gna
524 1609 636 1643 fecerit
658 1610 714 1643 tibi
734 1611 831 1652 Deus,
855 1612 910 1655 qui
939 1618 966 1646 te
999 1614 1184 1656 longissime

441 1673 458 1695 a
478 1663 527 1696 via
547 1664 657 1697 salutis
671 1665 886 1706 aberrantem,
903 1672 933 1699 et
947 1668 1085 1711 peccatis
1099 1679 1185 1702 mor-

441 1722 542 1757 tuum,
564 1717 796 1752 convivificavit
814 1719 844 1752 in
865 1720 999 1761 Christo,
1021 1722 1108 1755 etad
1129 1722 1185 1755 Ec-

441 1770 555 1804 clesiae
565 1771 746 1804 Catholicae
767 1772 919 1805 unionem
941 1785 998 1818 per
1018 1775 1184 1818 poeniten-

443 1823 516 1856 tiam
530 1824 715 1864 salutarem,
731 1831 759 1858 et
775 1837 832 1869 pei·
845 1826 940 1860 huius
952 1828 1086 1861 Sanctae
1099 1830 1184 1872 Apo-

441 1877 571 1910 stolicae
602 1876 692 1910 Sedis
720 1879 944 1912 auctoritatem
977 1881 1113 1913 reduxit.
1142 1881 1183 1914 Ex

441 1940 505 1973 qua
525 1929 720 1969 cogitatione
735 1930 812 1963 illud
832 1932 1180 1976 meritaeonsequiuu3

442 1988 475 2015 ut
496 1983 675 2023 intelligas,
699 1990 729 2017 et
757 1985 937 2028 profitearis
963 1986 1002 2018 ad
1030 1986 1083 2019 Dei
1109 1986 1180 2028 glo-

442 2036 534 2075 riam,
558 2042 712 2080 quantum
742 2037 859 2070 debeas
890 2038 972 2071 Patri
1003 2039 1184 2072 misericor-

442 2090 580 2131 diarum,
604 2091 658 2135 qui
685 2101 748 2124 non
777 2092 947 2136 dereliquit
971 2098 999 2125 te
1025 2104 1126 2137 usque
1152 2093 1181 2126 in

443 2143 551 2183 finem,
579 2145 633 2188 qui
655 2145 783 2178 abstulit
809 2156 827 2178 a
855 2151 883 2179 tc
908 2157 964 2179 cor
993 2147 1178 2190 lapideum,

441 2202 472 2229 et
492 2197 581 2230 dedit
602 2197 657 2230 tibi
678 2209 734 2230 ror
753 2209 922 2240 carneum,
946 2205 979 2232 ut
1005 2200 1183 2244 deponeres

478 2287 488 2312 l
505 2285 539 2313 Ex
557 2285 660 2313 Archiv.
678 2287 761 2314 Castu-i
777 2288 803 2314 S.
820 2287 922 2322 Ange-li.
938 2304 967 2307 —
981 2288 1054 2315 llitus
1070 2289 1182 2316 huiusce

442 2329 618 2357 absolutionis
626 2332 1014 2368 recensenturaSpondanoad
1026 2341 1068 2360 an.
1080 2340 1180 2367 Mtixcv‚

441 2374 494 2407 59,
511 2379 537 2401 et
551 2375 672 2408 Tliuano,
690 2376 736 2403 lib.
753 2383 825 2409 exui,
841 2378 853 2409 ᾗ
869 2378 912 2409 21,
927 2381 989 2404 ιοιη.
1008 2385 1032 2408 v.
1055 2386 1114 2413 pag.
1131 2379 1183 2405 519

442 2423 468 2445 et
483 2420 543 2446 520.
563 2419 633 2447 llaec
650 2429 713 2447 vern
729 2421 897 2454 constitutio,
915 2430 962 2449 scu
983 2423 1072 2457 potius
1088 2431 1182 2450 monu-

442 2468 560 2491 mentum
576 2473 721 2492 coneensne
737 2475 751 2491 a
767 2466 904 2493 Clemente
923 2466 1050 2493 l’outitice
1067 2467 1182 2494 ttonrico

442 2509 497 2541 regi
517 2509 692 2537 annotationis
717 2511 815 2545 tegitur
837 2511 864 2538 in
887 2511 956 2538 libro
982 2511 1089 2539 Parisiis
1110 2511 1182 2538 edito

442 2560 511 2578 annno
531 2560 662 2586 mnzxxui,
679 2555 720 2581 cui
737 2557 843 2582 titulus:
871 2556 919 2583 Lea
934 2556 1123 2583 Ambamdea
1143 2557 1181 2583 du

443 2596 585 2623 cardinal
601 2598 636 2623 du
654 2598 776 2632 Paron,
796 2603 823 2626 et
842 2600 951 2635 quidem
972 2609 1031 2636 pag.
1051 2600 1109 2628 173.

477 2640 493 2669 2
513 2642 550 2668 Λυ
570 2641 651 2678 lton„
667 2649 702 2677 xi,
719 2643 762 2671 33.
1047 2645 1132 2680 (ns.)

1032 235 1218 261 BULLARIUM
1234 235 1390 261 ROMANUM

1225 290 1366 318 veterem
1392 284 1558 318 hominem
1590 285 1768 319 seeundum
1798 286 1967 331 pristinam

1225 337 1469 371 conversionem
1479 337 1597 372 erroris
1605 338 1662 371 tui.
1672 339 1859 373 confitearis
1870 340 1967 374 etiam

1225 395 1381 433 quantum
1407 390 1525 424 debeas
1556 390 1716 424 Ecclesiae
1743 392 1876 426 Sanctae
1905 393 1965 426 Ca-

1227 443 1364 477 tholicae
1395 444 1579 485 Romanae,
1604 450 1677 477 tuae
1697 454 1734 478 ac
1754 445 1900 478 omniurn
1930 446 1968 479 fi-

1225 497 1345 530 delium
1360 497 1465 538 matri,
1480 508 1562 542 quae
1580 498 1754 531 multarum
1776 498 1967 532 iniuriarum

1224 550 1334 591 oblita,
1350 550 1467 594 quibus
1480 551 1557 584 olim
1578 561 1595 583 a
1617 556 1647 584 te
1666 550 1785 584 afflicta
1797 556 1854 592 est,
1866 551 1968 585 ubera

1225 609 1370 637 materna
1395 609 1425 637 et
1444 604 1604 647 gremium
1625 604 1788 638 charitatis
1810 605 1865 638 tibi
1886 616 1964 649 ape-

1223 657 1298 698 ruit,
1321 657 1437 690 iterum
1460 663 1489 691 te
1513 658 1545 691 in
1562 658 1685 692 Christo
1706 658 1826 701 genuit,
1850 658 1966 692 iterum
1985 700 1988 702 μ

1224 710 1298 743 filiis
1317 710 1383 743 suis
1403 710 1598 744 charissimis
1610 711 1844 753 adnumeravit,
1861 717 1892 746 et
1904 712 1968 745 sin-

1223 763 1327 806 gulari
1347 774 1420 797 cum
1445 764 1574 806 gaudio,
1602 764 1704 807 gloria
1721 770 1753 798 et
1770 765 1895 798 honore
1915 775 1968 799 co-

1223 816 1358 850 ronavit.
1370 817 1437 850 Hoc
1454 817 1540 850 enim
1558 817 1680 861 optavit
1692 817 1744 861 pia
1757 824 1870 859 mater,
1885 829 1968 862 quae

1225 876 1253 904 te
1274 871 1313 904 ad
1333 871 1500 915 amplexus
1519 881 1594 904 suos
1614 871 1779 911 invitabat,
1803 882 1886 916 quae
1907 882 1966 916 pro

1223 930 1253 958 te
1282 925 1408 959 assidue
1439 925 1570 965 orabat,
1595 930 1626 958 et
1654 925 1694 959 de
1725 931 1779 959 tua
1808 925 1967 969 spirituali

1223 984 1326 1012 morte
1343 978 1452 1012 multis
1480 989 1553 1012 cum
1584 978 1734 1023 lacrymis
1761 978 1967 1012 acerbissime
2009 996 2011 998 ·

1221 1032 1361 1065 dolebat.
1385 1032 1464 1065 Nam
1491 1032 1623 1076 quando
1645 1037 1692 1073 te,
1715 1032 1802 1066 iuxto
1823 1032 1963 1073 iudicio,

1221 1097 1239 1119 a
1263 1096 1321 1119 suo
1339 1097 1483 1130 corpore
1509 1086 1684 1131 separavit,
1707 1086 1809 1120 multo
1835 1086 1867 1119 id
1893 1096 1966 1119 cum

1222 1140 1342 1173 doloris
1365 1151 1477 1180 sensu,
1501 1146 1532 1173 et
1551 1140 1709 1173 viscerum
1729 1150 1861 1173 suorum
1888 1150 1964 1172 cru-

1221 1193 1305 1226 ciatu
1325 1193 1400 1236 egit,
1424 1185 1700 1237 quemadmodum
1723 1193 1754 1226 id
1775 1192 1888 1226 litteris
1901 1192 1966 1226 suis

1222 1246 1349 1290 publice
1370 1251 1500 1279 testatus
1525 1252 1587 1285 est,
1611 1246 1711 1279 felicis
1732 1245 1966 1279 recordationis

1222 1299 1326 1332 Sixtus
1345 1299 1368 1332 V
1388 1299 1533 1332 Pontifex
1549 1298 1715 1339 Maximus,
1736 1298 1967 1343 praedecessor

1222 1358 1341 1392 noster,
1353 1363 1443 1396 quas,
1459 1352 1573 1396 quinto
1586 1352 1657 1385 idus
1674 1351 1868 1396 septembris
1880 1361 1966 1385 anno

1221 1405 1269 1438 sui
1290 1404 1496 1448 pontificatus
1509 1405 1626 1449 primo,
1643 1410 1755 1438 contra
1772 1411 1802 1438 te
1822 1405 1966 1449 promul-

1219 1459 1313 1501 gavit.
1329 1460 1416 1492 Tunc
1430 1459 1527 1499 enim,
1544 1459 1670 1493 disertis
1683 1459 1798 1500 verbis,
1813 1458 1966 1503 expressit

1219 1524 1252 1546 se
1272 1512 1479 1547 vehementer
1509 1513 1654 1546 indolere
1684 1513 1788 1557 quod,
1809 1522 1844 1546 ex
1868 1512 1965 1546 officii

1219 1566 1266 1600 sui
1293 1566 1418 1607 debito,
1442 1566 1585 1608 gladium
1610 1566 1769 1600 vindictae
1798 1571 1910 1599 contra
1934 1571 1964 1600 te

1219 1631 1366 1654 exercere
1387 1626 1567 1663 cogeretur.
1591 1620 1651 1654 Sed
1670 1625 1791 1664 quanto
1812 1619 1961 1664 superio-

1220 1673 1262 1707 ris
1277 1674 1361 1708 illius
1378 1673 1533 1718 temporis
1547 1673 1729 1707 recordatio
1742 1678 1789 1706 est
1801 1673 1960 1714 acerbior,

1221 1732 1307 1760 tanto
1328 1738 1413 1760 nunc
1439 1727 1612 1760 iucundior
1638 1733 1685 1760 est
1711 1737 1823 1760 sensus
1854 1736 1962 1760 rever-

1219 1780 1317 1813 sionis
1337 1786 1369 1813 et
1389 1779 1607 1813 conversionis
1628 1785 1712 1813 tuae.
1735 1779 1860 1814 Gratias
1877 1779 1962 1812 enim

1219 1844 1255 1866 ex
1286 1833 1399 1866 intimo
1425 1833 1522 1866 corde
1552 1832 1676 1875 agimus
1706 1833 1792 1873 Deo,
1815 1833 1869 1877 qui
1902 1832 1964 1867 hoc

1219 1886 1372 1929 gaudium
1404 1886 1567 1929 singulare
1592 1885 1751 1919 Ecclesiae
1782 1886 1963 1920 Catholicae

1220 1939 1250 1972 in
1271 1939 1371 1972 nostri
1392 1939 1601 1972 Pontificatus
1622 1945 1748 1983 tempus
1768 1939 1959 1980 reservavit,

1219 1998 1410 2036 nostraeque
1424 1992 1596 2025 humilitati
1609 1991 1766 2026 concessit
1778 1997 1814 2025 ut
1828 1992 1859 2026 in
1873 2003 1962 2026 eam-

1219 2049 1290 2082 dem
1311 2049 1483 2082 Ecclesiam
1501 2049 1710 2089 Catholicam,
1735 2054 1807 2093 post
1826 2049 1958 2083 abiura-

1220 2109 1266 2136 tos
1288 2102 1375 2147 impii
1397 2102 1515 2136 Calvini
1537 2114 1674 2141 errores,
1698 2113 1874 2147 omnesque
1887 2102 1962 2137 hae-

1217 2167 1303 2190 reses
1323 2157 1504 2196 damnatas,
1528 2162 1558 2189 ct
1583 2162 1653 2200 post
1682 2155 1756 2189 fidei
1785 2156 1961 2190 catholicae

1217 2210 1448 2254 professionem
1470 2209 1529 2243 rite
1551 2210 1677 2249 sartam,
1701 2210 1792 2243 coeto
1812 2215 1961 2254 terraque

1217 2263 1448 2303 gaudentibus,
1471 2263 1723 2302 rcducercmus;
1747 2263 1834 2306 quod
1855 2262 1958 2306 ipsum

1216 2316 1439 2349 ardentissime
1458 2327 1586 2360 semper
1598 2315 1778 2359 optavimus
1791 2315 1830 2348 ab
1844 2325 1882 2348 eo
1896 2314 1959 2360 pri-

1218 2381 1304 2402 nuun
1327 2369 1388 2409 (lic,
1417 2380 1482 2413 quo
1503 2380 1560 2402 nos
1587 2369 1712 2402 (livinae
1739 2368 1959 2413 providentiae

1217 2422 1395 2466 dispositio,
1417 2422 1562 2467 quamvis
1591 2422 1770 2455 immeritos
1797 2428 1827 2455 et.
1859 2422 1959 2456 imbe-

1217 2476 1316 2514 cilles,
1337 2476 1375 2508 ad
1398 2475 1584 2508 universalis
1605 2475 1764 2508 Ecclesiae
1793 2470 1955 2517 gubErna-

1217 2530 1286 2562 ruia
1307 2530 1430 2568 sedere,
1454 2535 1485 2562 et
1504 2529 1592 2570 gregi
1617 2540 1674 2562 suo
1701 2540 1828 2573 praesse
1845 2529 1954 2563 voluit.

1217 2583 1381 2616 Movebant
1404 2592 1461 2615 nos
1479 2582 1669 2616 nobilissimi
1692 2583 1780 2625 regni
1806 2582 1957 2616 Franciac

1217 2641 1280 2669 tam
1299 2636 1470 2670 diuturnae
1490 2635 1702 2670 dissentiones
1718 2641 1750 2669 et
1769 2645 1953 2678 aerumnae,

1981 237 2031 265 An.
2047 235 2076 267 C.
2095 238 2167 269 1590*
2197 243 2200 247 '

1981 1021 2063 1039 causas.
2089 1015 2166 1042 qnibtn

1981 1044 2050 1062 motus
2065 1041 2163 1064 Sixtnsv

1981 1074 2029 1116 31:11
2053 1069 2166 1091 damnave-

2021 2267 2077 2289 Suns
2102 2276 2117 2284 w
2156 2274 2158 2284 1

1975 2301 2022 2316 oum
2041 2294 2068 2315 ml
2087 2292 2135 2316 noct
2155 2314 2159 2316 .

1974 2321 2019 2342 tino
2034 2319 2157 2344 eathottou

1974 2348 2076 2374 gremium
2124 2357 2126 2363 ·
2139 2355 2140 2363 ¹
2152 2350 2159 2370 ἶ

1974 2374 2043 2396 eundi.
