2253 3195
858 231 1004 256 CLEMENS
1024 231 1082 255 vm
1102 230 1152 254 ΓΡ.
1667 211 1730 245 255
1777 220 1827 246 Αιι.
1844 219 1872 246 C.
1893 218 1963 246 1596

240 281 313 316 Sedi
332 281 535 325 Apostolieae
557 280 732 321 ι”εεεικῑιι’1,
756 286 787 313 et
807 280 885 313 alias
905 280 986 313 sicut
1021 289 1134 312 eorum
1156 278 1285 312 cuilibet
1307 276 1416 320 quavis
1436 274 1528 308 aliter
1549 270 1711 306 iudicandi
1733 275 1763 302 et

65 347 224 370 eausaemode
240 336 273 369 in
293 335 444 380 praefatis
464 335 579 368 litte1is
606 335 808 374 continetur;
832 334 982 367 conside·
1021 331 1252 376 interpretandi
1270 330 1418 363 facultate
1432 334 1463 361 et
1476 325 1677 363 auctoritate,
1692 323 1763 356 ubi-

42 374 225 424 {ii'ss'llfflssffssss
239 395 422 432 mutesque,
447 395 511 422 tam
532 394 769 433 promoxentes,
795 398 890 430 quam
917 397 981 425 eos,
1002 397 1082 430 *qne
1105 385 1239 418 iudicari
1267 390 1297 417 et
1323 382 1450 417 definiri
1478 380 1613 419 debere,
1637 378 1762 410 irritum

43 237 93 264 An.
113 235 142 262 C.
160 233 227 262 1596

86 2411 182 2436 clausula
191 2415 242 2437 sub—

240 442 295 486 qui
316 443 356 475 ad
371 442 472 476 dictos
485 442 615 475 ordines
633 446 875 485 promoventur
890 449 985 482 saepe

240 496 383 528 censuris
401 501 431 528 et
451 495 562 539 poenis
580 493 777 533 huiusmodi,
794 493 835 525 ob
856 492 983 524 illarum

240 549 569 593 multiplicitationem
601 547 632 579 in
664 557 775 580 eorum
807 546 984 590 perniciem
1002 564 1003 573 ι

239 604 433 643 animarum,
456 601 552 634 variis
573 600 677 633 modis
697 599 878 642 illaqueari,
902 609 984 631 non-

240 656 346 689 nullos
366 667 401 689 ex
423 654 573 699 praelatis
594 659 624 686 et
645 652 803 696 episcopis
824 652 856 684 in
877 652 984 685 conse·
1002 661 1004 684 ὲ

239 709 347 742 rendis
365 707 551 741 huiusmodi
578 706 747 740 ordinibus
774 705 870 738 nimis
890 716 982 737 seru·
1002 694 1003 700 ἵ

240 762 351 806 polose
371 760 565 805 procedere,
589 760 772 802 multosque
795 764 881 791 metu
902 769 982 802 poe·
1002 752 1004 768 '¹

241 825 355 848 narum
386 820 416 848 et
444 823 654 847 censurarum
684 812 922 856 praefatarum,
946 811 986 844 ab

241 867 392 901 ordinum
401 866 571 900 collatione
583 876 715 910 prorsus
729 865 894 904 deterreri,
905 864 986 897 adeo
1003 864 1005 870 ⁸

241 929 276 956 ut
307 922 499 956 clericorum
531 927 562 954 et
593 920 800 954 sacerdotum
834 929 987 951 numerus

240 982 412 1021 propterea
432 975 593 1019 aliquibus
614 975 645 1007 in
666 973 743 1007 loeis
764 973 856 1006 valde
878 972 986 1005 immi-

242 1036 338 1063 nutus
364 1030 413 1070 sit,
437 1029 583 1062 omnium
615 1028 647 1060 in
676 1026 860 1071 praemissis
891 1036 985 1058 secu-

242 1083 358 1117 laritati
378 1094 415 1116 ac
435 1083 615 1116 animarum
630 1081 735 1121 saluti,
753 1087 903 1124 parterna
915 1079 988 1112 cha-

244 1136 338 1170 ritate
357 1136 543 1180 prospicere
563 1135 716 1172 volentes,
734 1139 823 1166 motu
841 1131 985 1176 proprio,

243 1196 275 1223 et
295 1200 332 1223 ex
352 1195 439 1223 certa
463 1189 597 1223 seientia
627 1187 765 1223 nostris,
790 1198 825 1219 ac
846 1187 885 1219 de
906 1196 985 1229 apo-

244 1244 374 1277 stolicae
395 1243 561 1288 potestatis
578 1242 790 1287 plenitudine,
807 1241 867 1273 hac
880 1246 990 1273 nostra

243 1303 400 1341 perpetuo
418 1297 553 1330 valitura
573 1295 812 1335 constitutione,
836 1293 986 1337 supradi-

245 1356 311 1384 ctas
332 1351 453 1384 litteras
471 1351 510 1384 ad
532 1349 687 1383 terminos
706 1358 872 1382 sacrorum
894 1357 989 1380 cano-

244 1415 334 1445 num,
349 1415 385 1438 ae
398 1403 635 1438 constitutionis
648 1402 840 1436 recolendae
861 1411 986 1433 memo-

245 1458 312 1492 riae
340 1458 386 1491 Pii
413 1458 517 1501 Papae
539 1457 585 1497 II,
610 1456 705 1490 etiam
732 1454 989 1499 praedecessoris

245 1511 358 1552 nostri,
382 1521 465 1555 quae
491 1510 622 1554 incipit:
660 1509 741 1544 Cum
760 1519 798 1541 em
823 1518 990 1540 sacrorum

246 1565 434 1605 ordinum¹,
454 1564 512 1597 sub
527 1564 590 1597 dat.
610 1562 759 1595 videlicet
777 1572 817 1595 xv
838 1562 900 1594 kal.
917 1561 985 1594 dec.

245 1628 330 1651 anno
341 1617 572 1651 Inearnationis
580 1616 765 1650 Dominicae
774 1624 991 1658 MCDLx1‚pon-

246 1671 383 1705 tifieatus
397 1671 444 1704 sui
459 1681 542 1704 anno
556 1681 599 1710 iv,
617 1669 707 1703 euius
728 1675 874 1702 tenorem
896 1677 990 1712 prae-

245 1726 388 1760 sentibus
405 1736 462 1769 pro
485 1735 633 1769 expresso
654 1723 766 1756 haberi
787 1723 945 1762 volumus,
961 1727 992 1755 et

246 1779 286 1813 ad
311 1778 553 1823 dispositionem
586 1778 792 1811 decretorum
818 1775 901 1808 sacri
921 1774 991 1807 Tri-

247 1833 368 1867 dentini
388 1832 519 1866 Concilii
550 1831 776 1873 restringimus
802 1835 833 1862 et
859 1828 989 1862 reduci-

248 1897 330 1927 mus,
355 1897 414 1920 nec
433 1896 497 1919 non
519 1895 670 1919 censuras
691 1890 721 1917 et
741 1893 861 1928 poenas
880 1882 911 1915 in
931 1882 992 1915 eis-

250 1941 320 1975 dem
353 1941 430 1974 Sixti
460 1940 575 1974 litteris
604 1945 715 1973 contra
746 1947 990 1982 quoscumque,

250 2000 476 2039 praeterquam
495 1999 607 2027 contra
620 1992 797 2026 simoniace
809 1991 995 2024 ordinantes

251 2053 283 2081 et
298 2047 479 2088 ordinatos,
503 2046 658 2087 inflictas,
682 2056 762 2089 quas
791 2044 939 2078 volumus
963 2043 994 2076 in

252 2112 309 2136 suo
323 2101 440 2135 robore
453 2110 644 2145 permanere
659 2099 742 2143 (aliis
756 2098 906 2132 omnibus
920 2107 995 2141 poe-

251 2156 301 2189 nis
321 2166 339 2189 a
357 2155 456 2189 sacris
476 2153 653 2187 canonibus
670 2158 702 2186 et
721 2151 864 2186 conciliis
884 2157 996 2184 contra

252 2209 414 2254 predictos
435 2218 547 2241 omnes
567 2206 714 2239 similiter
745 2204 873 2237 inflictis
903 2203 996 2237 salvis
1014 2245 1015 2251 ἵ

254 2269 285 2297 et
312 2263 414 2296 firmis
444 2260 708 2302 remanentibus)
738 2258 948 2291 moderamur
967 2256 1015 2298 et}

256 2317 434 2350 abolemus.
1014 2354 1015 2357 Ἴ

301 2372 317 2413 ξ
335 2369 365 2404 3.
385 2371 599 2404 Decernentes
619 2367 664 2400 sic
685 2372 715 2399 et
733 2375 798 2398 non
817 2363 920 2404 aliter,
942 2373 999 2407 per
1015 2406 1016 2409 Ἴ

257 2434 478 2468 quoscumque
493 2421 614 2455 iudices
627 2426 655 2453 et
670 2416 908 2453 commissaiios
921 2426 998 2460 qua·
1015 2451 1016 2454 Ἴ

257 2477 302 2510 vis
323 2476 510 2510 auctoritate
531 2476 709 2517 fungentes,
734 2471 828 2505 etiam
855 2469 1016 2503 eiusdem*

257 2532 421 2566 Romanae
440 2529 552 2564 Curiae
572 2527 762 2565 cardinales,
778 2530 810 2558 et
830 2534 1017 2558 causatum
1016 2524 1017 2543 ¹

257 2585 366 2630 palatii
386 2582 553 2628 apostolici
567 2581 741 2621 auditores,
758 2579 884 2613 sublata
904 2577 950 2611 eis
970 2583 1001 2611 et

295 2649 307 2676 1
325 2647 397 2680 Quae
417 2646 516 2682 legitur
535 2649 599 2673 tom.
615 2651 641 2679 v,
659 2651 720 2681 pag.
739 2642 798 2670 165.

1020 450 1149 483 quoque
1177 444 1205 471 et
1235 438 1330 470 inane
1361 434 1513 479 quicquid
1545 443 1635 467 secus
1667 441 1764 475 super

1020 492 1068 524 his
1089 503 1106 524 a
1127 502 1303 535 quoquam,
1319 489 1429 533 quavis
1442 486 1645 527 auctoritate,
1662 485 1764 519 scien-

1021 552 1066 578 ter
1083 546 1131 578 vel
1153 545 1348 587 ignoranter,
1366 542 1535 585 contigerit
1556 540 1715 573 attentari.

1065 598 1130 641 §la
1159 598 1229 631 Non
1260 597 1462 630 obstantibus
1493 593 1697 639 praemissis,
1728 602 1764 625 ac

1020 651 1183 695 quibusvis
1204 651 1273 684 aliis
1294 649 1576 683 constitutionibus
1592 652 1619 681 et
1635 646 1765 680 ordina-

1002 701 1160 751 {tionibus
1181 704 1386 749 apostolicis,
1410 702 1608 745 caeterisque
1637 706 1765 734 eontra—

1021 760 1076 792 riis
1101 760 1369 803 quibuseumque.
1394 757 1431 790 Ut
1453 762 1558 789 autern
1581 760 1765 799 praesentes

1021 820 1148 846 nostrae
1170 812 1320 845 omnibus
1337 809 1529 854 supradictis
1550 808 1762 846 innotescant,

1023 867 1139 900 dilecto
1160 866 1227 899 filio
1248 870 1359 898 nostro
1382 865 1412 897 in
1434 864 1518 896 alma
1543 863 1628 895 Urbe
1648 862 1680 894 in
1700 861 1765 905 spi-

1022 920 1192 953 ritualibus
1222 919 1339 952 vicario
1371 917 1586 959 iniungimus,
1610 926 1669 948 nee
1699 925 1766 948 non

1022 973 1258 1007 venerabilibus
1290 972 1440 1005 fratribus
1469 969 1682 1014 patriarchis,
1709 979 1763 1001 ar-

1023 1027 1247 1071 cliiepiscopis‚
1271 1026 1440 1070 episcopis,
1465 1030 1495 1058 et
1514 1023 1679 1068 quibusvis
1697 1022 1767 1055 aliis

1024 1081 1231 1115 ecclesiarum
1268 1079 1419 1124 praelatis
1447 1085 1475 1111 et
1507 1079 1653 1111 locorum
1675 1076 1767 1111 Ordi-

1024 1135 1133 1175 nariis,
1151 1146 1206 1168 seu
1223 1144 1335 1167 eorum
1349 1133 1474 1166 vicariis
1495 1132 1526 1164 in
1547 1130 1768 1175 spiritualibus

1024 1188 1238 1232 generalibus,
1262 1186 1481 1231 praecipimus
1501 1191 1532 1218 et
1552 1185 1742 1218 mandamus
1757 1211 1764 1224 ,

1024 1248 1182 1287 quatenus
1201 1241 1307 1275 statim
1326 1251 1361 1273 ac
1375 1245 1560 1284 praesentes
1577 1243 1701 1271 nostras
1718 1237 1769 1270 lit-

1026 1303 1129 1337 teras,
1159 1307 1215 1329 seu
1247 1304 1357 1328 earum
1389 1293 1534 1337 exempla
1563 1291 1765 1332 authentica,

1025 1351 1120 1385 etiam
1143 1349 1298 1393 impressa
1319 1346 1519 1391 receperint,
1544 1345 1613 1378 illas
1639 1355 1695 1378 seu
1715 1344 1769 1377 illa

1024 1405 1056 1438 in
1076 1405 1172 1445 Urbe,
1197 1410 1228 1437 et
1256 1403 1288 1436 in
1315 1403 1380 1436 suis
1411 1401 1547 1445 quisque
1572 1399 1765 1444 provinciis,

1025 1458 1215 1497 civitatibus,
1233 1456 1444 1495 dioecesibus,
1468 1461 1499 1488 et
1518 1454 1596 1487 lociS
1616 1452 1769 1487 solemni-

1027 1518 1073 1545 ter
1092 1511 1259 1555 publicent
1279 1515 1307 1543 et
1329 1508 1487 1553 publicari
1508 1507 1634 1540 saciant.

1070 1564 1130 1608 ἕξ).
1142 1565 1297 1597 Volumus
1310 1568 1429 1600 autem,
1440 1566 1495 1595 etc.
1517 1561 1601 1594 Nulli
1615 1571 1691 1603 ergo
1706 1560 1767 1593 ho-

1026 1620 1151 1652 minum
1172 1619 1277 1658 liceat,
1302 1622 1357 1650 etc.

1069 1674 1183 1707 Datum
1207 1672 1328 1705 Romae
1349 1670 1434 1714 apud
1455 1670 1485 1703 S.
1510 1670 1639 1702 Petrum
1655 1696 1662 1709 ,
1686 1678 1771 1701 anno

1026 1726 1257 1761 Incarnationis
1288 1724 1474 1758 Dominicae
1503 1733 1643 1763 MDxcvl,
1666 1721 1772 1766 pridie

1027 1781 1089 1814 kal.
1111 1780 1229 1820 martii,
1252 1779 1458 1824 pontificatus
1478 1776 1580 1810 nostri
1598 1786 1682 1809 anno
1706 1785 1735 1808 v.

1064 1845 1122 1873 Dat.
1144 1844 1186 1872 die
1199 1844 1234 1872 28
1248 1842 1379 1871 februarii
1395 1842 1475 1874 1596,
1491 1840 1585 1878 pontif.
1608 1848 1652 1868 an.
1672 1847 1699 1866 v.

1325 2075 1480 2111 CXXVIII.

1030 2185 1186 2219 Familias
1207 2183 1366 2227 Philippo
1386 2182 1456 2226 reyi
1480 2180 1653 2221 catholico,
1677 2179 1770 2213 mili-

1077 2250 1141 2283 tiae
1160 2248 1197 2281 de
1217 2246 1373 2280 Montesia
1388 2248 1542 2288 perpetuo
1558 2242 1774 2276 administra-

1078 2314 1150 2354 tori,
1164 2312 1250 2345 utin
1263 2309 1487 2344 controversiis
1507 2309 1593 2341 iuter
1616 2306 1776 2339 militiam

1074 2374 1276 2420 praedictam
1300 2377 1329 2406 et
1350 2372 1492 2405 Iocorum
1518 2369 1723 2410 Ordinarios,
1747 2373 1776 2402 et

1077 2439 1164 2472 alias
1185 2436 1414 2471 ecclesiasticas
1432 2443 1587 2478 personas
1607 2432 1698 2472 ortis,
1716 2441 1776 2475 pro

1078 2501 1247 2536 concordia
1267 2503 1295 2532 et
1314 2496 1484 2532 amicabili
1500 2495 1728 2540 compositione
1746 2505 1778 2528 se

1079 2565 1283 2608 interponere
1301 2560 1407 2595 valeat
1418 2559 1438 2593 ¹.

1072 2640 1082 2666 1
1101 2637 1139 2665 Ex
1153 2636 1260 2672 Regest.
1277 2634 1303 2662 in
1323 2634 1428 2661 Secret.
1445 2631 1579 2660 Brevium.

1797 597 1897 620 clausula
1905 597 1964 619 dero-

1780 628 1870 651 gamma.

1823 1556 1887 1577 fides
1902 1562 1970 1577 exem·

1785 1583 1873 1610 plwum,
1889 1586 1910 1603 et
1924 1588 1970 1603 san-

1786 1610 1829 1631 ctio
1844 1610 1947 1636 poenatiz.
