<?xml version="1.0" encoding="UTF-8"?>
<!DOCTYPE html PUBLIC "-//W3C//DTD XHTML 1.0 Transitional//EN"
    "http://www.w3.org/TR/xhtml1/DTD/xhtml1-transitional.dtd">
<html xmlns="http://www.w3.org/1999/xhtml" xml:lang="en" lang="en">
 <head>
  <title>
</title>
<meta http-equiv="Content-Type" content="text/html;charset=utf-8" />
  <meta name='ocr-system' content='tesseract 3.04.00' />
  <meta name='ocr-capabilities' content='ocr_page ocr_carea ocr_par ocr_line ocrx_word'/>
</head>
<body>
  <div class='ocr_page' id='page_1' title='image "./bullarumdiplomat10cath_0364.png"; bbox 0 0 2253 3195; ppageno 0'>
   <div class='ocr_carea' id='block_1_1' title="bbox 231 215 526 255">
    <p class='ocr_par' dir='ltr' id='par_1_1' title="bbox 231 215 526 255">
     <span class='ocr_line' id='line_1_1' title="bbox 231 215 526 255; baseline -0.014 -1"><span class='ocrx_word' id='word_1_1' title='bbox 231 227 281 255; x_wconf 74' lang='lat' dir='ltr'>An.</span> <span class='ocrx_word' id='word_1_2' title='bbox 297 227 328 254; x_wconf 85' lang='lat' dir='ltr'>c.</span> <span class='ocrx_word' id='word_1_3' title='bbox 347 226 417 255; x_wconf 75' lang='lat'><strong>1596</strong></span> <span class='ocrx_word' id='word_1_4' title='bbox 461 215 526 251; x_wconf 76' lang='lat'>320</span> 
     </span>
    </p>
   </div>
   <div class='ocr_carea' id='block_1_2' title="bbox 247 870 416 947">
    <p class='ocr_par' dir='ltr' id='par_1_2' title="bbox 247 870 416 947">
     <span class='ocr_line' id='line_1_2' title="bbox 262 870 416 896; baseline -0.032 -3"><span class='ocrx_word' id='word_1_5' title='bbox 262 870 416 896; x_wconf 60' lang='lat' dir='ltr'>Tanaum-tes-</span> 
     </span>
     <span class='ocr_line' id='line_1_3' title="bbox 248 898 416 920; baseline -0.018 0"><span class='ocrx_word' id='word_1_6' title='bbox 248 906 273 920; x_wconf 78' lang='lat' dir='ltr'>ue</span> <span class='ocrx_word' id='word_1_7' title='bbox 288 898 346 919; x_wconf 60' lang='lat' dir='ltr'>erc-li</span> <span class='ocrx_word' id='word_1_8' title='bbox 359 903 416 917; x_wconf 62' lang='lat' dir='ltr'>innu-</span> 
     </span>
     <span class='ocr_line' id='line_1_4' title="bbox 247 929 275 947; baseline -0.036 0"><span class='ocrx_word' id='word_1_9' title='bbox 247 929 275 947; x_wconf 72' lang='lat' dir='ltr'>al.</span> 
     </span>
    </p>
   </div>
   <div class='ocr_carea' id='block_1_3' title="bbox 265 2201 381 2222">
    <p class='ocr_par' dir='ltr' id='par_1_3' title="bbox 265 2201 381 2222">
     <span class='ocr_line' id='line_1_5' title="bbox 265 2201 381 2222; baseline -0.009 0"><span class='ocrx_word' id='word_1_10' title='bbox 265 2201 381 2222; x_wconf 68' lang='lat' dir='ltr'>{tun-tium.</span> 
     </span>
    </p>
   </div>
   <div class='ocr_carea' id='block_1_4' title="bbox 430 273 1179 1494">
    <p class='ocr_par' dir='ltr' id='par_1_4' title="bbox 430 273 1177 798">
     <span class='ocr_line' id='line_1_6' title="bbox 431 273 1176 318; baseline -0.005 -9"><span class='ocrx_word' id='word_1_11' title='bbox 431 281 464 309; x_wconf 91' lang='lat' dir='ltr'>et</span> <span class='ocrx_word' id='word_1_12' title='bbox 480 275 625 318; x_wconf 82' lang='lat' dir='ltr'>singulis,</span> <span class='ocrx_word' id='word_1_13' title='bbox 642 274 765 308; x_wconf 88' lang='lat' dir='ltr'>etiamsi</span> <span class='ocrx_word' id='word_1_14' title='bbox 782 274 821 307; x_wconf 92' lang='lat' dir='ltr'>de</span> <span class='ocrx_word' id='word_1_15' title='bbox 839 273 900 306; x_wconf 94' lang='lat' dir='ltr'>illis</span> <span class='ocrx_word' id='word_1_16' title='bbox 919 273 1116 316; x_wconf 87' lang='lat' dir='ltr'>illorumque</span> <span class='ocrx_word' id='word_1_17' title='bbox 1128 279 1176 306; x_wconf 93' lang='lat' dir='ltr'>to-</span> 
     </span>
     <span class='ocr_line' id='line_1_7' title="bbox 433 326 1175 371; baseline -0.004 -8"><span class='ocrx_word' id='word_1_18' title='bbox 433 330 471 363; x_wconf 86' lang='lat' dir='ltr'>tis</span> <span class='ocrx_word' id='word_1_19' title='bbox 484 329 660 368; x_wconf 85' lang='lat' dir='ltr'>tenoribus,</span> <span class='ocrx_word' id='word_1_20' title='bbox 676 327 835 371; x_wconf 87' lang='lat' dir='ltr'>specialis,</span> <span class='ocrx_word' id='word_1_21' title='bbox 851 326 1012 370; x_wconf 74' lang='lat' dir='ltr'>specifura,</span> <span class='ocrx_word' id='word_1_22' title='bbox 1027 337 1175 371; x_wconf 74' lang='lat' dir='ltr'>expressa</span> 
     </span>
     <span class='ocr_line' id='line_1_8' title="bbox 431 380 1175 424; baseline -0.003 -8"><span class='ocrx_word' id='word_1_23' title='bbox 431 388 461 416; x_wconf 88' lang='lat' dir='ltr'>et</span> <span class='ocrx_word' id='word_1_24' title='bbox 488 381 674 421; x_wconf 79' lang='lat' dir='ltr'>individua,</span> <span class='ocrx_word' id='word_1_25' title='bbox 698 390 763 414; x_wconf 91' lang='lat' dir='ltr'>non</span> <span class='ocrx_word' id='word_1_26' title='bbox 795 385 903 413; x_wconf 85' lang='lat' dir='ltr'>autem</span> <span class='ocrx_word' id='word_1_27' title='bbox 933 390 993 424; x_wconf 87' lang='lat' dir='ltr'>per</span> <span class='ocrx_word' id='word_1_28' title='bbox 1016 380 1175 414; x_wconf 82' lang='lat' dir='ltr'>clausulas</span> 
     </span>
     <span class='ocr_line' id='line_1_9' title="bbox 431 433 1174 478; baseline -0.001 -10"><span class='ocrx_word' id='word_1_29' title='bbox 431 435 596 478; x_wconf 74' lang='lat' dir='ltr'>generales</span> <span class='ocrx_word' id='word_1_30' title='bbox 616 434 702 467; x_wconf 91' lang='lat' dir='ltr'>idem</span> <span class='ocrx_word' id='word_1_31' title='bbox 723 433 949 477; x_wconf 87' lang='lat' dir='ltr'>importantes,</span> <span class='ocrx_word' id='word_1_32' title='bbox 969 433 1102 475; x_wconf 89' lang='lat' dir='ltr'>mentio,</span> <span class='ocrx_word' id='word_1_33' title='bbox 1118 444 1174 467; x_wconf 87' lang='lat' dir='ltr'>seu</span> 
     </span>
     <span class='ocr_line' id='line_1_10' title="bbox 431 486 1172 532; baseline 0.001 -13"><span class='ocrx_word' id='word_1_34' title='bbox 431 488 561 532; x_wconf 81' lang='lat' dir='ltr'>quaeris</span> <span class='ocrx_word' id='word_1_35' title='bbox 581 487 643 520; x_wconf 87' lang='lat' dir='ltr'>alia</span> <span class='ocrx_word' id='word_1_36' title='bbox 664 486 826 530; x_wconf 80' lang='lat' dir='ltr'>expressio</span> <span class='ocrx_word' id='word_1_37' title='bbox 847 486 996 520; x_wconf 88' lang='lat' dir='ltr'>habenda</span> <span class='ocrx_word' id='word_1_38' title='bbox 1016 486 1107 527; x_wconf 81' lang='lat' dir='ltr'>foret,</span> <span class='ocrx_word' id='word_1_39' title='bbox 1131 487 1172 520; x_wconf 90' lang='lat' dir='ltr'>it-</span> 
     </span>
     <span class='ocr_line' id='line_1_11' title="bbox 431 541 1175 585; baseline 0 -11"><span class='ocrx_word' id='word_1_40' title='bbox 431 542 536 575; x_wconf 91' lang='lat' dir='ltr'>lorum</span> <span class='ocrx_word' id='word_1_41' title='bbox 551 547 678 575; x_wconf 75' lang='lat' dir='ltr'>tenores</span> <span class='ocrx_word' id='word_1_42' title='bbox 695 541 920 585; x_wconf 88' lang='lat' dir='ltr'>praesentibus</span> <span class='ocrx_word' id='word_1_43' title='bbox 939 551 999 585; x_wconf 91' lang='lat' dir='ltr'>pro</span> <span class='ocrx_word' id='word_1_44' title='bbox 1019 541 1175 585; x_wconf 75' lang='lat' dir='ltr'>expressis</span> 
     </span>
     <span class='ocr_line' id='line_1_12' title="bbox 431 593 1176 637; baseline 0.001 -11"><span class='ocrx_word' id='word_1_45' title='bbox 431 594 595 633; x_wconf 81' lang='lat' dir='ltr'><strong>habentes,</strong></span> <span class='ocrx_word' id='word_1_46' title='bbox 618 593 692 633; x_wconf 90' lang='lat' dir='ltr'>illis,</span> <span class='ocrx_word' id='word_1_47' title='bbox 716 593 794 626; x_wconf 85' lang='lat' dir='ltr'>alias</span> <span class='ocrx_word' id='word_1_48' title='bbox 818 593 851 626; x_wconf 91' lang='lat' dir='ltr'>in</span> <span class='ocrx_word' id='word_1_49' title='bbox 879 603 938 626; x_wconf 94' lang='lat' dir='ltr'>suo</span> <span class='ocrx_word' id='word_1_50' title='bbox 965 593 1084 627; x_wconf 80' lang='lat' dir='ltr'>robore</span> <span class='ocrx_word' id='word_1_51' title='bbox 1103 604 1176 637; x_wconf 86' lang='lat' dir='ltr'>pcr-</span> 
     </span>
     <span class='ocr_line' id='line_1_13' title="bbox 431 646 1177 690; baseline 0 -11"><span class='ocrx_word' id='word_1_52' title='bbox 431 647 590 680; x_wconf 77' lang='lat' dir='ltr'>mansuris</span> <span class='ocrx_word' id='word_1_53' title='bbox 605 674 612 687; x_wconf 90' lang='lat'>,</span> <span class='ocrx_word' id='word_1_54' title='bbox 635 646 695 680; x_wconf 86' lang='lat' dir='ltr'>hac</span> <span class='ocrx_word' id='word_1_55' title='bbox 723 646 790 679; x_wconf 87' lang='lat' dir='ltr'>vice</span> <span class='ocrx_word' id='word_1_56' title='bbox 811 647 977 680; x_wconf 76' lang='lat' dir='ltr'>dumtaxat.</span> <span class='ocrx_word' id='word_1_57' title='bbox 996 646 1177 690; x_wconf 79' lang='lat' dir='ltr'>specialiter</span> 
     </span>
     <span class='ocr_line' id='line_1_14' title="bbox 430 700 1176 744; baseline -0.001 -11"><span class='ocrx_word' id='word_1_58' title='bbox 430 706 459 733; x_wconf 78' lang='lat' dir='ltr'>et</span> <span class='ocrx_word' id='word_1_59' title='bbox 480 710 626 744; x_wconf 83' lang='lat' dir='ltr'>expresse</span> <span class='ocrx_word' id='word_1_60' title='bbox 646 700 856 743; x_wconf 78' lang='lat' dir='ltr'>derogamus.</span> <span class='ocrx_word' id='word_1_61' title='bbox 879 700 1079 744; x_wconf 85' lang='lat' dir='ltr'>caeterisque</span> <span class='ocrx_word' id='word_1_62' title='bbox 1098 711 1176 733; x_wconf 85' lang='lat' dir='ltr'>con-</span> 
     </span>
     <span class='ocr_line' id='line_1_15' title="bbox 431 754 830 798; baseline 0.003 -11"><span class='ocrx_word' id='word_1_63' title='bbox 431 754 536 787; x_wconf 88' lang='lat' dir='ltr'>trariis</span> <span class='ocrx_word' id='word_1_64' title='bbox 560 754 830 798; x_wconf 85' lang='lat' dir='ltr'>quibuscumque.</span> 
     </span>
    </p>

    <p class='ocr_par' dir='ltr' id='par_1_5' title="bbox 431 807 1178 1215">
     <span class='ocr_line' id='line_1_16' title="bbox 476 807 1174 851; baseline 0 -11"><span class='ocrx_word' id='word_1_65' title='bbox 476 809 492 850; x_wconf 66' lang='grc' dir='ltr'>ξ</span> <span class='ocrx_word' id='word_1_66' title='bbox 513 807 544 840; x_wconf 77' lang='grc'>4.</span> <span class='ocrx_word' id='word_1_67' title='bbox 571 807 726 840; x_wconf 80' lang='lat' dir='ltr'>Volumus</span> <span class='ocrx_word' id='word_1_68' title='bbox 750 813 857 841; x_wconf 88' lang='lat' dir='ltr'>autem</span> <span class='ocrx_word' id='word_1_69' title='bbox 872 835 880 847; x_wconf 88' lang='lat'><strong><em>‚</em></strong></span> <span class='ocrx_word' id='word_1_70' title='bbox 904 807 992 851; x_wconf 93' lang='lat' dir='ltr'>quod</span> <span class='ocrx_word' id='word_1_71' title='bbox 1019 811 1174 851; x_wconf 84' lang='lat' dir='ltr'>praesen-</span> 
     </span>
     <span class='ocr_line' id='line_1_17' title="bbox 433 856 1177 905; baseline 0 -12"><span class='ocrx_word' id='word_1_72' title='bbox 433 856 511 893; x_wconf 79' lang='lat' dir='ltr'>tium</span> <span class='ocrx_word' id='word_1_73' title='bbox 534 861 745 905; x_wconf 69' lang='lat' dir='ltr'>transumptis</span> <span class='ocrx_word' id='word_1_74' title='bbox 764 861 861 894; x_wconf 88' lang='lat' dir='ltr'>ctiam</span> <span class='ocrx_word' id='word_1_75' title='bbox 882 861 1058 905; x_wconf 83' lang='lat' dir='ltr'>impressis,</span> <span class='ocrx_word' id='word_1_76' title='bbox 1079 871 1177 894; x_wconf 88' lang='lat' dir='ltr'>manu</span> 
     </span>
     <span class='ocr_line' id='line_1_18' title="bbox 431 913 1178 958; baseline 0 -11"><span class='ocrx_word' id='word_1_77' title='bbox 431 914 566 948; x_wconf 86' lang='lat' dir='ltr'>alicuius</span> <span class='ocrx_word' id='word_1_78' title='bbox 586 914 702 948; x_wconf 89' lang='lat' dir='ltr'>notarii</span> <span class='ocrx_word' id='word_1_79' title='bbox 723 914 843 958; x_wconf 82' lang='lat' dir='ltr'>publici</span> <span class='ocrx_word' id='word_1_80' title='bbox 864 914 1063 958; x_wconf 85' lang='lat' dir='ltr'>subscriptis,</span> <span class='ocrx_word' id='word_1_81' title='bbox 1087 919 1117 947; x_wconf 91' lang='lat' dir='ltr'>ct</span> <span class='ocrx_word' id='word_1_82' title='bbox 1136 913 1178 947; x_wconf 93' lang='lat' dir='ltr'>si-</span> 
     </span>
     <span class='ocr_line' id='line_1_19' title="bbox 431 967 1178 1012; baseline 0.001 -12"><span class='ocrx_word' id='word_1_83' title='bbox 431 967 508 1010; x_wconf 74' lang='lat' dir='ltr'>gillo</span> <span class='ocrx_word' id='word_1_84' title='bbox 528 967 665 1001; x_wconf 87' lang='lat' dir='ltr'>alicuius</span> <span class='ocrx_word' id='word_1_85' title='bbox 684 978 841 1012; x_wconf 87' lang='lat' dir='ltr'>personae</span> <span class='ocrx_word' id='word_1_86' title='bbox 855 968 887 1000; x_wconf 92' lang='lat' dir='ltr'>in</span> <span class='ocrx_word' id='word_1_87' title='bbox 900 967 1055 1010; x_wconf 79' lang='lat' dir='ltr'>dignitate</span> <span class='ocrx_word' id='word_1_88' title='bbox 1076 967 1178 1001; x_wconf 85' lang='lat' dir='ltr'>eccle-</span> 
     </span>
     <span class='ocr_line' id='line_1_20' title="bbox 431 1020 1178 1064; baseline 0.001 -11"><span class='ocrx_word' id='word_1_89' title='bbox 431 1020 557 1054; x_wconf 86' lang='lat' dir='ltr'>siastica</span> <span class='ocrx_word' id='word_1_90' title='bbox 576 1020 768 1054; x_wconf 83' lang='lat' dir='ltr'>constitutae</span> <span class='ocrx_word' id='word_1_91' title='bbox 789 1021 932 1062; x_wconf 87' lang='lat' dir='ltr'>munitis,</span> <span class='ocrx_word' id='word_1_92' title='bbox 953 1021 1066 1054; x_wconf 86' lang='lat' dir='ltr'>eadem</span> <span class='ocrx_word' id='word_1_93' title='bbox 1085 1031 1178 1064; x_wconf 86' lang='lat' dir='ltr'>pror-</span> 
     </span>
     <span class='ocr_line' id='line_1_21' title="bbox 431 1074 1178 1118; baseline -0.001 -11"><span class='ocrx_word' id='word_1_94' title='bbox 431 1085 484 1108; x_wconf 88' lang='lat' dir='ltr'>sus</span> <span class='ocrx_word' id='word_1_95' title='bbox 504 1074 584 1108; x_wconf 82' lang='lat' dir='ltr'>sides</span> <span class='ocrx_word' id='word_1_96' title='bbox 603 1074 797 1108; x_wconf 83' lang='lat' dir='ltr'>adhibeatur</span> <span class='ocrx_word' id='word_1_97' title='bbox 811 1101 818 1115; x_wconf 91' lang='lat'>‚</span> <span class='ocrx_word' id='word_1_98' title='bbox 842 1085 926 1118; x_wconf 88' lang='lat' dir='ltr'>quae</span> <span class='ocrx_word' id='word_1_99' title='bbox 954 1074 1178 1118; x_wconf 86' lang='lat' dir='ltr'>praesentibus</span> 
     </span>
     <span class='ocr_line' id='line_1_22' title="bbox 431 1127 1178 1166; baseline -0.001 -4"><span class='ocrx_word' id='word_1_100' title='bbox 431 1128 652 1166; x_wconf 82' lang='lat' dir='ltr'>adhiberetur,</span> <span class='ocrx_word' id='word_1_101' title='bbox 682 1128 708 1161; x_wconf 90' lang='lat' dir='ltr'>si</span> <span class='ocrx_word' id='word_1_102' title='bbox 737 1128 841 1162; x_wconf 80' lang='lat' dir='ltr'>forent</span> <span class='ocrx_word' id='word_1_103' title='bbox 873 1127 1033 1161; x_wconf 81' lang='lat' dir='ltr'>exhibitae</span> <span class='ocrx_word' id='word_1_104' title='bbox 1065 1128 1112 1161; x_wconf 79' lang='lat' dir='ltr'>rel</span> <span class='ocrx_word' id='word_1_105' title='bbox 1144 1138 1178 1161; x_wconf 94' lang='lat' dir='ltr'>o-</span> 
     </span>
     <span class='ocr_line' id='line_1_23' title="bbox 433 1188 569 1215; baseline 0 0"><span class='ocrx_word' id='word_1_106' title='bbox 433 1188 569 1215; x_wconf 82' lang='lat' dir='ltr'>stensae.</span> 
     </span>
    </p>

    <p class='ocr_par' dir='ltr' id='par_1_6' title="bbox 433 1235 1179 1438">
     <span class='ocr_line' id='line_1_24' title="bbox 477 1235 1178 1279; baseline -0.001 -10"><span class='ocrx_word' id='word_1_107' title='bbox 477 1236 592 1269; x_wconf 88' lang='lat' dir='ltr'>Datum</span> <span class='ocrx_word' id='word_1_108' title='bbox 617 1235 738 1270; x_wconf 85' lang='lat' dir='ltr'>Romae</span> <span class='ocrx_word' id='word_1_109' title='bbox 767 1236 853 1279; x_wconf 88' lang='lat' dir='ltr'>apud</span> <span class='ocrx_word' id='word_1_110' title='bbox 884 1236 915 1269; x_wconf 85' lang='lat' dir='ltr'>S.</span> <span class='ocrx_word' id='word_1_111' title='bbox 939 1236 1068 1269; x_wconf 87' lang='lat' dir='ltr'>Petrum</span> <span class='ocrx_word' id='word_1_112' title='bbox 1085 1262 1092 1272; x_wconf 84' lang='lat'>,</span> <span class='ocrx_word' id='word_1_113' title='bbox 1119 1235 1178 1268; x_wconf 92' lang='lat' dir='ltr'>sub</span> 
     </span>
     <span class='ocr_line' id='line_1_25' title="bbox 433 1288 1175 1329; baseline -0.001 -7"><span class='ocrx_word' id='word_1_114' title='bbox 433 1289 553 1322; x_wconf 87' lang='lat' dir='ltr'>annulo</span> <span class='ocrx_word' id='word_1_115' title='bbox 578 1288 770 1329; x_wconf 80' lang='lat' dir='ltr'>PiscatoriS‚</span> <span class='ocrx_word' id='word_1_116' title='bbox 795 1289 846 1322; x_wconf 91' lang='lat' dir='ltr'>die</span> <span class='ocrx_word' id='word_1_117' title='bbox 872 1299 946 1322; x_wconf 78' lang='lat' dir='ltr'>xxiv</span> <span class='ocrx_word' id='word_1_118' title='bbox 973 1288 1153 1322; x_wconf 86' lang='lat' dir='ltr'>decembris</span> <span class='ocrx_word' id='word_1_119' title='bbox 1168 1316 1175 1328; x_wconf 95' lang='lat'>,</span> 
     </span>
     <span class='ocr_line' id='line_1_26' title="bbox 433 1341 1179 1386; baseline 0 -12"><span class='ocrx_word' id='word_1_120' title='bbox 433 1341 604 1386; x_wconf 78' lang='lat' dir='ltr'>millesimo</span> <span class='ocrx_word' id='word_1_121' title='bbox 625 1341 885 1385; x_wconf 77' lang='lat' dir='ltr'>quingentesimo</span> <span class='ocrx_word' id='word_1_122' title='bbox 903 1341 1113 1384; x_wconf 87' lang='lat' dir='ltr'>nonagesimo</span> <span class='ocrx_word' id='word_1_123' title='bbox 1130 1352 1179 1374; x_wconf 87' lang='lat' dir='ltr'>se-</span> 
     </span>
     <span class='ocr_line' id='line_1_27' title="bbox 434 1394 1001 1438; baseline 0 -11"><span class='ocrx_word' id='word_1_124' title='bbox 434 1400 497 1435; x_wconf 81' lang='lat' dir='ltr'>xto,</span> <span class='ocrx_word' id='word_1_125' title='bbox 517 1394 725 1438; x_wconf 83' lang='lat' dir='ltr'>pontificatus</span> <span class='ocrx_word' id='word_1_126' title='bbox 745 1395 845 1428; x_wconf 89' lang='lat' dir='ltr'>nostri</span> <span class='ocrx_word' id='word_1_127' title='bbox 867 1405 952 1428; x_wconf 91' lang='lat' dir='ltr'>anno</span> <span class='ocrx_word' id='word_1_128' title='bbox 971 1405 1001 1428; x_wconf 85' lang='lat' dir='ltr'>v.</span> 
     </span>
    </p>

    <p class='ocr_par' dir='ltr' id='par_1_7' title="bbox 470 1457 1141 1494">
     <span class='ocr_line' id='line_1_28' title="bbox 470 1457 1141 1494; baseline 0 -10"><span class='ocrx_word' id='word_1_129' title='bbox 470 1457 528 1484; x_wconf 58' lang='lat' dir='ltr'>Dan</span> <span class='ocrx_word' id='word_1_130' title='bbox 543 1457 588 1484; x_wconf 82' lang='lat' dir='ltr'>die</span> <span class='ocrx_word' id='word_1_131' title='bbox 607 1458 641 1484; x_wconf 72' lang='lat'>⁶24</span> <span class='ocrx_word' id='word_1_132' title='bbox 661 1457 816 1484; x_wconf 79' lang='lat' dir='ltr'>decembris</span> <span class='ocrx_word' id='word_1_133' title='bbox 836 1457 919 1490; x_wconf 76' lang='lat'>1596,</span> <span class='ocrx_word' id='word_1_134' title='bbox 935 1457 1031 1494; x_wconf 83' lang='lat' dir='ltr'>pontis.</span> <span class='ocrx_word' id='word_1_135' title='bbox 1053 1465 1097 1485; x_wconf 88' lang='lat' dir='ltr'>an.</span> <span class='ocrx_word' id='word_1_136' title='bbox 1115 1464 1141 1484; x_wconf 69' lang='lat' dir='ltr'>r.</span> 
     </span>
    </p>
   </div>
   <div class='ocr_carea' id='block_1_5' title="bbox 718 1622 872 1660">
    <p class='ocr_par' dir='ltr' id='par_1_8' title="bbox 718 1622 872 1660">
     <span class='ocr_line' id='line_1_29' title="bbox 718 1622 872 1660; baseline 0 0"><span class='ocrx_word' id='word_1_137' title='bbox 718 1622 722 1625; x_wconf 70' lang='grc'><strong>’</strong></span> <span class='ocrx_word' id='word_1_138' title='bbox 736 1627 872 1660; x_wconf 82' lang='lat' dir='ltr'>CXLVll.</span> 
     </span>
    </p>
   </div>
   <div class='ocr_carea' id='block_1_6' title="bbox 436 1732 1180 1955">
    <p class='ocr_par' dir='ltr' id='par_1_9' title="bbox 436 1732 1180 1955">
     <span class='ocr_line' id='line_1_30' title="bbox 436 1732 1180 1766; baseline -0.003 0"><span class='ocrx_word' id='word_1_139' title='bbox 436 1732 626 1766; x_wconf 62' lang='lat' dir='ltr'>Iurisctictio</span> <span class='ocrx_word' id='word_1_140' title='bbox 649 1732 820 1765; x_wconf 75' lang='lat' dir='ltr'>consutum</span> <span class='ocrx_word' id='word_1_141' title='bbox 851 1732 934 1765; x_wconf 77' lang='lat' dir='ltr'>artis</span> <span class='ocrx_word' id='word_1_142' title='bbox 964 1732 1180 1764; x_wconf 74' lang='lat' dir='ltr'>aromatario-</span> 
     </span>
     <span class='ocr_line' id='line_1_31' title="bbox 479 1795 1176 1838; baseline 0 -10"><span class='ocrx_word' id='word_1_143' title='bbox 479 1807 554 1828; x_wconf 79' lang='lat' dir='ltr'>rum</span> <span class='ocrx_word' id='word_1_144' title='bbox 582 1796 677 1829; x_wconf 80' lang='lat' dir='ltr'>Urbis</span> <span class='ocrx_word' id='word_1_145' title='bbox 694 1795 903 1838; x_wconf 69' lang='lat' dir='ltr'>coynoscendt&#39;</span> <span class='ocrx_word' id='word_1_146' title='bbox 922 1806 1037 1828; x_wconf 79' lang='lat' dir='ltr'>causas</span> <span class='ocrx_word' id='word_1_147' title='bbox 1057 1795 1100 1828; x_wconf 83' lang='lat' dir='ltr'>acl</span> <span class='ocrx_word' id='word_1_148' title='bbox 1119 1806 1176 1828; x_wconf 79' lang='lat' dir='ltr'>ar-</span> 
     </span>
     <span class='ocr_line' id='line_1_32' title="bbox 481 1858 1177 1903; baseline 0 -11"><span class='ocrx_word' id='word_1_149' title='bbox 481 1864 540 1892; x_wconf 73' lang='lat' dir='ltr'>tem</span> <span class='ocrx_word' id='word_1_150' title='bbox 562 1863 750 1903; x_wconf 76' lang='lat' dir='ltr'>spectantes,</span> <span class='ocrx_word' id='word_1_151' title='bbox 774 1870 844 1892; x_wconf 78' lang='lat' dir='ltr'>cum</span> <span class='ocrx_word' id='word_1_152' title='bbox 871 1858 1078 1891; x_wconf 76' lang='lat' dir='ltr'>indultorum.</span> <span class='ocrx_word' id='word_1_153' title='bbox 1100 1870 1177 1892; x_wconf 84' lang='lat' dir='ltr'>con-</span> 
     </span>
     <span class='ocr_line' id='line_1_33' title="bbox 479 1923 656 1955; baseline 0 0"><span class='ocrx_word' id='word_1_154' title='bbox 479 1923 618 1955; x_wconf 72' lang='lat' dir='ltr'>cessione</span> <span class='ocrx_word' id='word_1_155' title='bbox 637 1923 656 1955; x_wconf 87' lang='lat'>¹.</span> 
     </span>
    </p>
   </div>
   <div class='ocr_carea' id='block_1_7' title="bbox 453 2011 1162 2099">
    <p class='ocr_par' dir='ltr' id='par_1_10' title="bbox 453 2011 1162 2099">
     <span class='ocr_line' id='line_1_34' title="bbox 453 2011 1162 2046; baseline -0.001 -7"><span class='ocrx_word' id='word_1_156' title='bbox 453 2012 586 2040; x_wconf 78' lang='lat' dir='ltr'>clemens</span> <span class='ocrx_word' id='word_1_157' title='bbox 614 2011 786 2046; x_wconf 76' lang='lat' dir='ltr'>episcopus,</span> <span class='ocrx_word' id='word_1_158' title='bbox 807 2019 912 2040; x_wconf 79' lang='lat' dir='ltr'>servus</span> <span class='ocrx_word' id='word_1_159' title='bbox 929 2019 1084 2039; x_wconf 79' lang='lat' dir='ltr'>servorum</span> <span class='ocrx_word' id='word_1_160' title='bbox 1100 2011 1162 2046; x_wconf 82' lang='lat' dir='ltr'>Dei,</span> 
     </span>
     <span class='ocr_line' id='line_1_35' title="bbox 561 2065 1060 2099; baseline 0 -7"><span class='ocrx_word' id='word_1_161' title='bbox 561 2065 596 2092; x_wconf 87' lang='lat' dir='ltr'>ad</span> <span class='ocrx_word' id='word_1_162' title='bbox 617 2069 795 2099; x_wconf 80' lang='lat' dir='ltr'>perpetuam</span> <span class='ocrx_word' id='word_1_163' title='bbox 816 2065 860 2092; x_wconf 81' lang='lat' dir='ltr'>rei</span> <span class='ocrx_word' id='word_1_164' title='bbox 879 2065 1060 2092; x_wconf 81' lang='lat' dir='ltr'>memoriam.</span> 
     </span>
    </p>
   </div>
   <div class='ocr_carea' id='block_1_8' title="bbox 437 2144 1178 2295">
    <p class='ocr_par' dir='ltr' id='par_1_11' title="bbox 437 2144 1178 2295">
     <span class='ocr_line' id='line_1_36' title="bbox 481 2144 1178 2189; baseline -0.001 -10"><span class='ocrx_word' id='word_1_165' title='bbox 481 2145 665 2179; x_wconf 84' lang='lat' dir='ltr'>Laudabilis</span> <span class='ocrx_word' id='word_1_166' title='bbox 678 2144 880 2189; x_wconf 78' lang='lat' dir='ltr'>Apostolicae</span> <span class='ocrx_word' id='word_1_167' title='bbox 899 2145 989 2178; x_wconf 82' lang='lat' dir='ltr'>Sedis</span> <span class='ocrx_word' id='word_1_168' title='bbox 1007 2145 1178 2185; x_wconf 76' lang='lat' dir='ltr'>rectitudo,</span> 
     </span>
     <span class='ocr_line' id='line_1_37' title="bbox 437 2198 1178 2243; baseline 0 -12"><span class='ocrx_word' id='word_1_169' title='bbox 437 2210 519 2243; x_wconf 81' lang='lat' dir='ltr'>quae</span> <span class='ocrx_word' id='word_1_170' title='bbox 541 2199 571 2231; x_wconf 91' lang='lat' dir='ltr'>in</span> <span class='ocrx_word' id='word_1_171' title='bbox 592 2198 657 2231; x_wconf 80' lang='lat' dir='ltr'>suis</span> <span class='ocrx_word' id='word_1_172' title='bbox 677 2198 799 2231; x_wconf 83' lang='lat' dir='ltr'>actibus</span> <span class='ocrx_word' id='word_1_173' title='bbox 823 2198 955 2242; x_wconf 84' lang='lat' dir='ltr'>provida</span> <span class='ocrx_word' id='word_1_174' title='bbox 980 2198 1178 2243; x_wconf 67' lang='lat' dir='ltr'>circumspe-</span> 
     </span>
     <span class='ocr_line' id='line_1_38' title="bbox 438 2251 1178 2295; baseline 0.001 -11"><span class='ocrx_word' id='word_1_175' title='bbox 438 2252 544 2286; x_wconf 61' lang='lat' dir='ltr'>cuono</span> <span class='ocrx_word' id='word_1_176' title='bbox 575 2251 748 2293; x_wconf 80' lang='lat' dir='ltr'>dirigitur,</span> <span class='ocrx_word' id='word_1_177' title='bbox 773 2251 916 2285; x_wconf 61' lang='lat' dir='ltr'>fidetium</span> <span class='ocrx_word' id='word_1_178' title='bbox 937 2252 1178 2295; x_wconf 69' lang='lat' dir='ltr'>quorumlibet,</span> 
     </span>
    </p>
   </div>
   <div class='ocr_carea' id='block_1_9' title="bbox 439 2322 1183 2673">
    <p class='ocr_par' dir='ltr' id='par_1_12' title="bbox 439 2322 1183 2673">
     <span class='ocr_line' id='line_1_39' title="bbox 476 2322 1182 2354; baseline -0.001 -4"><span class='ocrx_word' id='word_1_179' title='bbox 476 2325 483 2350; x_wconf 82' lang='lat' dir='ltr'>t</span> <span class='ocrx_word' id='word_1_180' title='bbox 507 2323 599 2354; x_wconf 79' lang='lat' dir='ltr'>Quoad</span> <span class='ocrx_word' id='word_1_181' title='bbox 620 2323 710 2351; x_wconf 84' lang='lat' dir='ltr'>lucum</span> <span class='ocrx_word' id='word_1_182' title='bbox 731 2323 963 2350; x_wconf 74' lang='lat' dir='ltr'>Aromntnriorum</span> <span class='ocrx_word' id='word_1_183' title='bbox 983 2323 1009 2350; x_wconf 88' lang='lat' dir='ltr'>iu</span> <span class='ocrx_word' id='word_1_184' title='bbox 1030 2323 1119 2350; x_wconf 62' lang='lat' dir='ltr'>causis</span> <span class='ocrx_word' id='word_1_185' title='bbox 1139 2322 1182 2349; x_wconf 90' lang='lat' dir='ltr'>di-</span> 
     </span>
     <span class='ocr_line' id='line_1_40' title="bbox 439 2367 1182 2395; baseline 0 -2"><span class='ocrx_word' id='word_1_186' title='bbox 439 2368 609 2395; x_wconf 58' lang='lat' dir='ltr'>scussionum</span> <span class='ocrx_word' id='word_1_187' title='bbox 631 2367 690 2395; x_wconf 70' lang='lat' dir='ltr'>vide</span> <span class='ocrx_word' id='word_1_188' title='bbox 709 2368 734 2395; x_wconf 87' lang='lat' dir='ltr'>in</span> <span class='ocrx_word' id='word_1_189' title='bbox 755 2369 892 2395; x_wconf 81' lang='lat' dir='ltr'>constitut.</span> <span class='ocrx_word' id='word_1_190' title='bbox 917 2374 976 2394; x_wconf 66' lang='lat' dir='ltr'>xtst</span> <span class='ocrx_word' id='word_1_191' title='bbox 998 2367 1035 2394; x_wconf 78' lang='lat' dir='ltr'>Pii</span> <span class='ocrx_word' id='word_1_192' title='bbox 1052 2367 1087 2395; x_wconf 81' lang='lat' dir='ltr'>V:</span> <span class='ocrx_word' id='word_1_193' title='bbox 1110 2368 1182 2394; x_wconf 82' lang='lat' dir='ltr'>Cum</span> 
     </span>
     <span class='ocr_line' id='line_1_41' title="bbox 439 2412 1183 2449; baseline 0.001 -10"><span class='ocrx_word' id='word_1_194' title='bbox 439 2414 543 2447; x_wconf 78' lang='lat' dir='ltr'>officio,</span> <span class='ocrx_word' id='word_1_195' title='bbox 560 2417 624 2440; x_wconf 85' lang='lat' dir='ltr'>tom.</span> <span class='ocrx_word' id='word_1_196' title='bbox 641 2420 699 2444; x_wconf 77' lang='lat' dir='ltr'>rut.</span> <span class='ocrx_word' id='word_1_197' title='bbox 721 2421 782 2449; x_wconf 74' lang='lat' dir='ltr'>pag.</span> <span class='ocrx_word' id='word_1_198' title='bbox 801 2414 860 2441; x_wconf 76' lang='lat'>¹18.</span> <span class='ocrx_word' id='word_1_199' title='bbox 876 2429 906 2433; x_wconf 90' lang='lat'>—</span> <span class='ocrx_word' id='word_1_200' title='bbox 921 2412 993 2440; x_wconf 78' lang='lat' dir='ltr'>nanc</span> <span class='ocrx_word' id='word_1_201' title='bbox 1015 2413 1114 2440; x_wconf 83' lang='lat' dir='ltr'>hultnrn</span> <span class='ocrx_word' id='word_1_202' title='bbox 1131 2421 1183 2440; x_wconf 89' lang='lat' dir='ltr'>nou</span> 
     </span>
     <span class='ocr_line' id='line_1_42' title="bbox 441 2456 1183 2492; baseline 0.001 -9"><span class='ocrx_word' id='word_1_203' title='bbox 441 2458 625 2492; x_wconf 77' lang='lat' dir='ltr'>praeiudicare</span> <span class='ocrx_word' id='word_1_204' title='bbox 637 2458 814 2485; x_wconf 75' lang='lat' dir='ltr'>iurisdictuoni</span> <span class='ocrx_word' id='word_1_205' title='bbox 829 2457 1019 2492; x_wconf 68' lang='lat' dir='ltr'>gubernatoris</span> <span class='ocrx_word' id='word_1_206' title='bbox 1036 2457 1124 2490; x_wconf 82' lang='lat' dir='ltr'>Urbis,</span> <span class='ocrx_word' id='word_1_207' title='bbox 1141 2456 1183 2484; x_wconf 83' lang='lat' dir='ltr'>hic</span> 
     </span>
     <span class='ocr_line' id='line_1_43' title="bbox 441 2502 1182 2530; baseline 0.001 -2"><span class='ocrx_word' id='word_1_208' title='bbox 441 2502 512 2528; x_wconf 70' lang='lat' dir='ltr'>itt-nn</span> <span class='ocrx_word' id='word_1_209' title='bbox 539 2502 657 2529; x_wconf 74' lang='lat' dir='ltr'>Pontifex</span> <span class='ocrx_word' id='word_1_210' title='bbox 679 2502 825 2530; x_wconf 73' lang='lat' dir='ltr'>declaravit</span> <span class='ocrx_word' id='word_1_211' title='bbox 845 2503 888 2530; x_wconf 84' lang='lat' dir='ltr'>die</span> <span class='ocrx_word' id='word_1_212' title='bbox 904 2509 966 2530; x_wconf 68' lang='lat' dir='ltr'>xxiv</span> <span class='ocrx_word' id='word_1_213' title='bbox 987 2502 1074 2529; x_wconf 81' lang='lat' dir='ltr'>martii</span> <span class='ocrx_word' id='word_1_214' title='bbox 1092 2508 1182 2529; x_wconf 72' lang='lat' dir='ltr'>mocir.</span> 
     </span>
     <span class='ocr_line' id='line_1_44' title="bbox 441 2545 1183 2583; baseline 0 -11"><span class='ocrx_word' id='word_1_215' title='bbox 441 2555 521 2581; x_wconf 71' lang='lat' dir='ltr'>quum</span> <span class='ocrx_word' id='word_1_216' title='bbox 539 2556 591 2573; x_wconf 87' lang='lat' dir='ltr'>non</span> <span class='ocrx_word' id='word_1_217' title='bbox 609 2556 688 2582; x_wconf 82' lang='lat' dir='ltr'>pono,</span> <span class='ocrx_word' id='word_1_218' title='bbox 709 2547 774 2583; x_wconf 86' lang='lat' dir='ltr'>quin</span> <span class='ocrx_word' id='word_1_219' title='bbox 789 2547 839 2574; x_wconf 87' lang='lat' dir='ltr'>hoc</span> <span class='ocrx_word' id='word_1_220' title='bbox 855 2551 958 2575; x_wconf 83' lang='lat' dir='ltr'>tuntum</span> <span class='ocrx_word' id='word_1_221' title='bbox 980 2547 1099 2574; x_wconf 83' lang='lat' dir='ltr'>continet</span> <span class='ocrx_word' id='word_1_222' title='bbox 1112 2545 1183 2582; x_wconf 84' lang='lat' dir='ltr'>quod</span> 
     </span>
     <span class='ocr_line' id='line_1_45' title="bbox 443 2591 1183 2628; baseline 0 -12"><span class='ocrx_word' id='word_1_223' title='bbox 443 2591 468 2616; x_wconf 85' lang='lat' dir='ltr'>in</span> <span class='ocrx_word' id='word_1_224' title='bbox 485 2591 557 2626; x_wconf 75' lang='lat' dir='ltr'>prnxi</span> <span class='ocrx_word' id='word_1_225' title='bbox 574 2591 741 2618; x_wconf 67' lang='lat' dir='ltr'>notissimum</span> <span class='ocrx_word' id='word_1_226' title='bbox 757 2596 808 2626; x_wconf 69' lang='lat' dir='ltr'>est,</span> <span class='ocrx_word' id='word_1_227' title='bbox 824 2591 936 2628; x_wconf 68' lang='lat' dir='ltr'>ipsaque</span> <span class='ocrx_word' id='word_1_228' title='bbox 952 2591 1024 2618; x_wconf 79' lang='lat' dir='ltr'>hulla</span> <span class='ocrx_word' id='word_1_229' title='bbox 1040 2599 1124 2627; x_wconf 75' lang='lat' dir='ltr'>penes</span> <span class='ocrx_word' id='word_1_230' title='bbox 1139 2598 1183 2617; x_wconf 87' lang='lat' dir='ltr'>uo-</span> 
     </span>
     <span class='ocr_line' id='line_1_46' title="bbox 443 2635 1076 2673; baseline 0.002 -11"><span class='ocrx_word' id='word_1_231' title='bbox 443 2635 525 2663; x_wconf 77' lang='lat' dir='ltr'>tarion</span> <span class='ocrx_word' id='word_1_232' title='bbox 545 2636 637 2663; x_wconf 60' lang='lat' dir='ltr'>civit-m</span> <span class='ocrx_word' id='word_1_233' title='bbox 655 2636 845 2672; x_wconf 68' lang='lat' dir='ltr'>gubernatoris</span> <span class='ocrx_word' id='word_1_234' title='bbox 865 2637 1006 2673; x_wconf 73' lang='lat' dir='ltr'>registrum</span> <span class='ocrx_word' id='word_1_235' title='bbox 1026 2639 1076 2663; x_wconf 72' lang='lat' dir='ltr'>est.</span> 
     </span>
    </p>
   </div>
   <div class='ocr_carea' id='block_1_10' title="bbox 1012 224 1375 250">
    <p class='ocr_par' dir='ltr' id='par_1_13' title="bbox 1012 224 1375 250">
     <span class='ocr_line' id='line_1_47' title="bbox 1012 224 1375 250; baseline 0 -1"><span class='ocrx_word' id='word_1_236' title='bbox 1012 224 1200 249; x_wconf 78' lang='lat' dir='ltr'>BULLARIUM</span> <span class='ocrx_word' id='word_1_237' title='bbox 1219 224 1375 250; x_wconf 73' lang='lat' dir='ltr'>ROMANUM</span> 
     </span>
    </p>
   </div>
   <div class='ocr_carea' id='block_1_11' title="bbox 1209 274 1963 2668">
    <p class='ocr_par' dir='ltr' id='par_1_14' title="bbox 1209 274 1956 959">
     <span class='ocr_line' id='line_1_48' title="bbox 1210 274 1953 319; baseline 0.004 -13"><span class='ocrx_word' id='word_1_238' title='bbox 1210 283 1322 306; x_wconf 88' lang='lat' dir='ltr'>eorum</span> <span class='ocrx_word' id='word_1_239' title='bbox 1336 274 1521 317; x_wconf 88' lang='lat' dir='ltr'>praecipue,</span> <span class='ocrx_word' id='word_1_240' title='bbox 1535 274 1590 318; x_wconf 92' lang='lat' dir='ltr'>qui</span> <span class='ocrx_word' id='word_1_241' title='bbox 1603 275 1644 308; x_wconf 90' lang='lat' dir='ltr'>ad</span> <span class='ocrx_word' id='word_1_242' title='bbox 1657 275 1790 308; x_wconf 91' lang='lat' dir='ltr'>humani</span> <span class='ocrx_word' id='word_1_243' title='bbox 1807 275 1953 319; x_wconf 85' lang='lat' dir='ltr'>corporis</span> 
     </span>
     <span class='ocr_line' id='line_1_49' title="bbox 1209 325 1952 371; baseline 0.004 -12"><span class='ocrx_word' id='word_1_244' title='bbox 1209 325 1413 360; x_wconf 83' lang='lat' dir='ltr'>infirmitates</span> <span class='ocrx_word' id='word_1_245' title='bbox 1443 327 1603 360; x_wconf 84' lang='lat' dir='ltr'>curandas</span> <span class='ocrx_word' id='word_1_246' title='bbox 1634 328 1808 371; x_wconf 86' lang='lat' dir='ltr'>pharmaca</span> <span class='ocrx_word' id='word_1_247' title='bbox 1836 334 1868 362; x_wconf 89' lang='lat' dir='ltr'>et</span> <span class='ocrx_word' id='word_1_248' title='bbox 1890 329 1952 361; x_wconf 85' lang='lat' dir='ltr'>alia</span> 
     </span>
     <span class='ocr_line' id='line_1_50' title="bbox 1209 380 1950 425; baseline 0.005 -13"><span class='ocrx_word' id='word_1_249' title='bbox 1209 380 1447 414; x_wconf 86' lang='lat' dir='ltr'>medicamenta</span> <span class='ocrx_word' id='word_1_250' title='bbox 1472 387 1672 424; x_wconf 83' lang='lat' dir='ltr'>opportuna,</span> <span class='ocrx_word' id='word_1_251' title='bbox 1695 392 1851 425; x_wconf 86' lang='lat' dir='ltr'>operosae.</span> <span class='ocrx_word' id='word_1_252' title='bbox 1873 382 1950 416; x_wconf 87' lang='lat' dir='ltr'>dili-</span> 
     </span>
     <span class='ocr_line' id='line_1_51' title="bbox 1209 433 1955 479; baseline 0.004 -13"><span class='ocrx_word' id='word_1_253' title='bbox 1209 433 1336 476; x_wconf 82' lang='lat' dir='ltr'>gentiae</span> <span class='ocrx_word' id='word_1_254' title='bbox 1356 433 1474 475; x_wconf 91' lang='lat' dir='ltr'>studio,</span> <span class='ocrx_word' id='word_1_255' title='bbox 1503 444 1619 478; x_wconf 86' lang='lat' dir='ltr'>parare</span> <span class='ocrx_word' id='word_1_256' title='bbox 1643 439 1672 467; x_wconf 92' lang='lat' dir='ltr'>et</span> <span class='ocrx_word' id='word_1_257' title='bbox 1693 434 1882 479; x_wconf 89' lang='lat' dir='ltr'>impendere</span> <span class='ocrx_word' id='word_1_258' title='bbox 1908 435 1955 469; x_wconf 91' lang='lat' dir='ltr'>di-</span> 
     </span>
     <span class='ocr_line' id='line_1_52' title="bbox 1209 487 1951 529; baseline 0.004 -10"><span class='ocrx_word' id='word_1_259' title='bbox 1209 493 1419 529; x_wconf 81' lang='lat' dir='ltr'>gnoscuntur,</span> <span class='ocrx_word' id='word_1_260' title='bbox 1432 487 1636 521; x_wconf 88' lang='lat' dir='ltr'>indemnitati</span> <span class='ocrx_word' id='word_1_261' title='bbox 1648 488 1787 521; x_wconf 86' lang='lat' dir='ltr'>libenter</span> <span class='ocrx_word' id='word_1_262' title='bbox 1803 488 1951 525; x_wconf 85' lang='lat' dir='ltr'>consulit.</span> 
     </span>
     <span class='ocr_line' id='line_1_53' title="bbox 1210 533 1955 585; baseline 0 -11"><span class='ocrx_word' id='word_1_263' title='bbox 1210 546 1241 574; x_wconf 92' lang='lat' dir='ltr'>et</span> <span class='ocrx_word' id='word_1_264' title='bbox 1261 540 1438 584; x_wconf 89' lang='lat' dir='ltr'>dispendiis</span> <span class='ocrx_word' id='word_1_265' title='bbox 1458 541 1610 579; x_wconf 86' lang='lat' dir='ltr'>occurrit,</span> <span class='ocrx_word' id='word_1_266' title='bbox 1626 552 1661 574; x_wconf 83' lang='lat' dir='ltr'>ac</span> <span class='ocrx_word' id='word_1_267' title='bbox 1680 533 1763 585; x_wconf 55' lang='lat' dir='ltr'>(suae</span> <span class='ocrx_word' id='word_1_268' title='bbox 1783 547 1955 585; x_wconf 88' lang='lat' dir='ltr'>propterea</span> 
     </span>
     <span class='ocr_line' id='line_1_54' title="bbox 1210 593 1956 638; baseline 0 -12"><span class='ocrx_word' id='word_1_269' title='bbox 1210 593 1344 636; x_wconf 89' lang='lat' dir='ltr'>provide</span> <span class='ocrx_word' id='word_1_270' title='bbox 1364 593 1527 635; x_wconf 86' lang='lat' dir='ltr'>ordinata,</span> <span class='ocrx_word' id='word_1_271' title='bbox 1551 605 1586 627; x_wconf 81' lang='lat' dir='ltr'>ar</span> <span class='ocrx_word' id='word_1_272' title='bbox 1608 594 1705 627; x_wconf 90' lang='lat' dir='ltr'>etiam</span> <span class='ocrx_word' id='word_1_273' title='bbox 1726 594 1766 627; x_wconf 90' lang='lat' dir='ltr'>ab</span> <span class='ocrx_word' id='word_1_274' title='bbox 1788 594 1856 638; x_wconf 88' lang='lat' dir='ltr'>ipsa</span> <span class='ocrx_word' id='word_1_275' title='bbox 1874 594 1956 628; x_wconf 85' lang='lat' dir='ltr'>Sede</span> 
     </span>
     <span class='ocr_line' id='line_1_55' title="bbox 1211 646 1956 688; baseline 0.001 -9"><span class='ocrx_word' id='word_1_276' title='bbox 1211 646 1256 680; x_wconf 88' lang='lat' dir='ltr'>eis</span> <span class='ocrx_word' id='word_1_277' title='bbox 1276 657 1428 681; x_wconf 83' lang='lat' dir='ltr'>concessa</span> <span class='ocrx_word' id='word_1_278' title='bbox 1447 647 1543 681; x_wconf 78' lang='lat' dir='ltr'>fuisse</span> <span class='ocrx_word' id='word_1_279' title='bbox 1563 647 1732 688; x_wconf 84' lang='lat' dir='ltr'>dicuntur,</span> <span class='ocrx_word' id='word_1_280' title='bbox 1755 653 1792 680; x_wconf 90' lang='lat' dir='ltr'>ut</span> <span class='ocrx_word' id='word_1_281' title='bbox 1810 647 1956 680; x_wconf 87' lang='lat' dir='ltr'>firmiora</span> 
     </span>
     <span class='ocr_line' id='line_1_56' title="bbox 1211 700 1953 745; baseline 0.003 -13"><span class='ocrx_word' id='word_1_282' title='bbox 1211 700 1396 741; x_wconf 86' lang='lat' dir='ltr'>subsistant,</span> <span class='ocrx_word' id='word_1_283' title='bbox 1416 701 1544 745; x_wconf 86' lang='lat' dir='ltr'>saepius</span> <span class='ocrx_word' id='word_1_284' title='bbox 1556 701 1717 745; x_wconf 79' lang='lat' dir='ltr'>approbat</span> <span class='ocrx_word' id='word_1_285' title='bbox 1728 706 1760 734; x_wconf 89' lang='lat' dir='ltr'>et</span> <span class='ocrx_word' id='word_1_286' title='bbox 1771 701 1953 742; x_wconf 80' lang='lat' dir='ltr'>confirmat,</span> 
     </span>
     <span class='ocr_line' id='line_1_57' title="bbox 1211 747 1953 798; baseline 0.001 -12"><span class='ocrx_word' id='word_1_287' title='bbox 1211 754 1354 797; x_wconf 83' lang='lat' dir='ltr'>aliasque</span> <span class='ocrx_word' id='word_1_288' title='bbox 1379 747 1519 798; x_wconf 84' lang='lat' dir='ltr'>desuper</span> <span class='ocrx_word' id='word_1_289' title='bbox 1537 754 1700 798; x_wconf 86' lang='lat' dir='ltr'>disponit,</span> <span class='ocrx_word' id='word_1_290' title='bbox 1720 760 1815 798; x_wconf 89' lang='lat' dir='ltr'>prout</span> <span class='ocrx_word' id='word_1_291' title='bbox 1845 764 1953 787; x_wconf 88' lang='lat' dir='ltr'>rerum</span> 
     </span>
     <span class='ocr_line' id='line_1_58' title="bbox 1211 807 1953 852; baseline 0.001 -12"><span class='ocrx_word' id='word_1_292' title='bbox 1211 812 1241 840; x_wconf 87' lang='lat' dir='ltr'>et</span> <span class='ocrx_word' id='word_1_293' title='bbox 1261 817 1474 851; x_wconf 86' lang='lat' dir='ltr'>personarum</span> <span class='ocrx_word' id='word_1_294' title='bbox 1494 807 1649 851; x_wconf 85' lang='lat' dir='ltr'>qualitate</span> <span class='ocrx_word' id='word_1_295' title='bbox 1670 807 1777 841; x_wconf 86' lang='lat' dir='ltr'>debito</span> <span class='ocrx_word' id='word_1_296' title='bbox 1795 808 1953 852; x_wconf 86' lang='lat' dir='ltr'>pensatis,</span> 
     </span>
     <span class='ocr_line' id='line_1_59' title="bbox 1212 861 1954 905; baseline 0.001 -11"><span class='ocrx_word' id='word_1_297' title='bbox 1212 861 1251 894; x_wconf 87' lang='lat' dir='ltr'>ad</span> <span class='ocrx_word' id='word_1_298' title='bbox 1268 861 1454 905; x_wconf 88' lang='lat' dir='ltr'>pubblicam</span> <span class='ocrx_word' id='word_1_299' title='bbox 1471 861 1643 894; x_wconf 87' lang='lat' dir='ltr'>utilitatem</span> <span class='ocrx_word' id='word_1_300' title='bbox 1665 867 1696 894; x_wconf 63' lang='lat' dir='ltr'>et,</span> <span class='ocrx_word' id='word_1_301' title='bbox 1715 861 1852 895; x_wconf 89' lang='lat' dir='ltr'>salutem</span> <span class='ocrx_word' id='word_1_302' title='bbox 1873 872 1954 895; x_wconf 88' lang='lat' dir='ltr'>con-</span> 
     </span>
     <span class='ocr_line' id='line_1_60' title="bbox 1212 914 1890 959; baseline 0.001 -12"><span class='ocrx_word' id='word_1_303' title='bbox 1212 914 1306 958; x_wconf 89' lang='lat' dir='ltr'>spicit</span> <span class='ocrx_word' id='word_1_304' title='bbox 1325 915 1357 947; x_wconf 91' lang='lat' dir='ltr'>in</span> <span class='ocrx_word' id='word_1_305' title='bbox 1376 914 1514 948; x_wconf 89' lang='lat' dir='ltr'>Domino</span> <span class='ocrx_word' id='word_1_306' title='bbox 1538 914 1712 948; x_wconf 89' lang='lat' dir='ltr'>salubriter</span> <span class='ocrx_word' id='word_1_307' title='bbox 1731 915 1890 959; x_wconf 84' lang='lat' dir='ltr'>expedire.</span> 
     </span>
    </p>

    <p class='ocr_par' dir='ltr' id='par_1_15' title="bbox 1212 967 1962 2076">
     <span class='ocr_line' id='line_1_61' title="bbox 1256 967 1958 1012; baseline 0.001 -12"><span class='ocrx_word' id='word_1_308' title='bbox 1256 967 1325 1010; x_wconf 66' lang='lat' dir='ltr'>gl.</span> <span class='ocrx_word' id='word_1_309' title='bbox 1353 967 1502 1001; x_wconf 81' lang='lat' dir='ltr'>Exhibita</span> <span class='ocrx_word' id='word_1_310' title='bbox 1532 967 1694 1012; x_wconf 86' lang='lat' dir='ltr'>siquidem</span> <span class='ocrx_word' id='word_1_311' title='bbox 1729 968 1823 1002; x_wconf 91' lang='lat' dir='ltr'>nobis</span> <span class='ocrx_word' id='word_1_312' title='bbox 1853 978 1958 1012; x_wconf 88' lang='lat' dir='ltr'>nuper</span> 
     </span>
     <span class='ocr_line' id='line_1_62' title="bbox 1212 1020 1956 1064; baseline -0.001 -10"><span class='ocrx_word' id='word_1_313' title='bbox 1212 1031 1271 1064; x_wconf 88' lang='lat' dir='ltr'>pro</span> <span class='ocrx_word' id='word_1_314' title='bbox 1291 1026 1382 1064; x_wconf 85' lang='lat' dir='ltr'>parte</span> <span class='ocrx_word' id='word_1_315' title='bbox 1413 1020 1604 1054; x_wconf 90' lang='lat' dir='ltr'>dilectorum</span> <span class='ocrx_word' id='word_1_316' title='bbox 1625 1021 1767 1055; x_wconf 83' lang='lat' dir='ltr'>filiorum</span> <span class='ocrx_word' id='word_1_317' title='bbox 1788 1021 1956 1055; x_wconf 87' lang='lat' dir='ltr'>consulum</span> 
     </span>
     <span class='ocr_line' id='line_1_63' title="bbox 1212 1073 1956 1117; baseline 0.001 -11"><span class='ocrx_word' id='word_1_318' title='bbox 1212 1084 1249 1107; x_wconf 87' lang='lat' dir='ltr'>ac</span> <span class='ocrx_word' id='word_1_319' title='bbox 1268 1073 1485 1107; x_wconf 82' lang='lat' dir='ltr'>univcrsitatis</span> <span class='ocrx_word' id='word_1_320' title='bbox 1502 1079 1531 1107; x_wconf 91' lang='lat' dir='ltr'>et</span> <span class='ocrx_word' id='word_1_321' title='bbox 1546 1074 1673 1117; x_wconf 83' lang='lat' dir='ltr'>collegii</span> <span class='ocrx_word' id='word_1_322' title='bbox 1687 1074 1956 1108; x_wconf 84' lang='lat' dir='ltr'>aromatariorum</span> 
     </span>
     <span class='ocr_line' id='line_1_64' title="bbox 1212 1127 1955 1172; baseline 0.003 -13"><span class='ocrx_word' id='word_1_323' title='bbox 1212 1127 1306 1160; x_wconf 90' lang='lat' dir='ltr'>Urbis</span> <span class='ocrx_word' id='word_1_324' title='bbox 1326 1127 1438 1171; x_wconf 88' lang='lat' dir='ltr'>petitio</span> <span class='ocrx_word' id='word_1_325' title='bbox 1458 1127 1654 1167; x_wconf 91' lang='lat' dir='ltr'>continebat,</span> <span class='ocrx_word' id='word_1_326' title='bbox 1678 1128 1766 1172; x_wconf 91' lang='lat' dir='ltr'>quod</span> <span class='ocrx_word' id='word_1_327' title='bbox 1786 1127 1860 1161; x_wconf 85' lang='lat' dir='ltr'>licet</span> <span class='ocrx_word' id='word_1_328' title='bbox 1883 1127 1955 1172; x_wconf 91' lang='lat' dir='ltr'>ipsi,</span> 
     </span>
     <span class='ocr_line' id='line_1_65' title="bbox 1213 1181 1958 1226; baseline -0.001 -11"><span class='ocrx_word' id='word_1_329' title='bbox 1213 1192 1392 1225; x_wconf 84' lang='lat' dir='ltr'>eorumque</span> <span class='ocrx_word' id='word_1_330' title='bbox 1423 1187 1643 1215; x_wconf 88' lang='lat' dir='ltr'>antecessores</span> <span class='ocrx_word' id='word_1_331' title='bbox 1677 1192 1736 1226; x_wconf 90' lang='lat' dir='ltr'>pro</span> <span class='ocrx_word' id='word_1_332' title='bbox 1768 1181 1851 1215; x_wconf 75' lang='lat' dir='ltr'>felici</span> <span class='ocrx_word' id='word_1_333' title='bbox 1881 1181 1958 1214; x_wconf 87' lang='lat' dir='ltr'>artis</span> 
     </span>
     <span class='ocr_line' id='line_1_66' title="bbox 1213 1235 1960 1273; baseline 0 -5"><span class='ocrx_word' id='word_1_334' title='bbox 1213 1235 1444 1273; x_wconf 84' lang='lat' dir='ltr'>aromatariae‚</span> <span class='ocrx_word' id='word_1_335' title='bbox 1466 1241 1497 1268; x_wconf 88' lang='lat' dir='ltr'>et</span> <span class='ocrx_word' id='word_1_336' title='bbox 1521 1235 1608 1268; x_wconf 90' lang='lat' dir='ltr'>illam</span> <span class='ocrx_word' id='word_1_337' title='bbox 1638 1235 1855 1268; x_wconf 84' lang='lat' dir='ltr'>exercentium</span> <span class='ocrx_word' id='word_1_338' title='bbox 1875 1240 1960 1268; x_wconf 89' lang='lat' dir='ltr'>statu</span> 
     </span>
     <span class='ocr_line' id='line_1_67' title="bbox 1214 1287 1958 1328; baseline 0.001 -7"><span class='ocrx_word' id='word_1_339' title='bbox 1214 1293 1245 1321; x_wconf 88' lang='lat' dir='ltr'>et</span> <span class='ocrx_word' id='word_1_340' title='bbox 1264 1288 1555 1328; x_wconf 81' lang='lat' dir='ltr'>administratione,</span> <span class='ocrx_word' id='word_1_341' title='bbox 1572 1288 1698 1321; x_wconf 87' lang='lat' dir='ltr'>diversa</span> <span class='ocrx_word' id='word_1_342' title='bbox 1717 1293 1846 1327; x_wconf 90' lang='lat' dir='ltr'>statuta,</span> <span class='ocrx_word' id='word_1_343' title='bbox 1869 1287 1958 1322; x_wconf 87' lang='lat' dir='ltr'>ordi-</span> 
     </span>
     <span class='ocr_line' id='line_1_68' title="bbox 1214 1341 1960 1386; baseline 0.001 -12"><span class='ocrx_word' id='word_1_344' title='bbox 1214 1342 1359 1375; x_wconf 86' lang='lat' dir='ltr'>nationes</span> <span class='ocrx_word' id='word_1_345' title='bbox 1394 1347 1425 1375; x_wconf 87' lang='lat' dir='ltr'>et</span> <span class='ocrx_word' id='word_1_346' title='bbox 1459 1341 1599 1385; x_wconf 89' lang='lat' dir='ltr'>capitula</span> <span class='ocrx_word' id='word_1_347' title='bbox 1632 1341 1823 1383; x_wconf 87' lang='lat' dir='ltr'>ediderunt,</span> <span class='ocrx_word' id='word_1_348' title='bbox 1857 1352 1960 1386; x_wconf 85' lang='lat' dir='ltr'>eaque</span> 
     </span>
     <span class='ocr_line' id='line_1_69' title="bbox 1214 1395 1956 1439; baseline 0 -11"><span class='ocrx_word' id='word_1_349' title='bbox 1214 1395 1331 1429; x_wconf 88' lang='lat' dir='ltr'>deinde</span> <span class='ocrx_word' id='word_1_350' title='bbox 1347 1395 1524 1439; x_wconf 88' lang='lat' dir='ltr'>apostolica</span> <span class='ocrx_word' id='word_1_351' title='bbox 1544 1395 1734 1428; x_wconf 86' lang='lat' dir='ltr'>auctoritate</span> <span class='ocrx_word' id='word_1_352' title='bbox 1753 1395 1956 1433; x_wconf 80' lang='lat' dir='ltr'>consu-mata.</span> 
     </span>
     <span class='ocr_line' id='line_1_70' title="bbox 1214 1448 1960 1493; baseline 0 -12"><span class='ocrx_word' id='word_1_353' title='bbox 1214 1455 1245 1482; x_wconf 86' lang='lat' dir='ltr'>et</span> <span class='ocrx_word' id='word_1_354' title='bbox 1263 1449 1419 1482; x_wconf 88' lang='lat' dir='ltr'>nonnulla</span> <span class='ocrx_word' id='word_1_355' title='bbox 1432 1448 1494 1481; x_wconf 87' lang='lat' dir='ltr'>alia</span> <span class='ocrx_word' id='word_1_356' title='bbox 1507 1448 1674 1492; x_wconf 82' lang='lat' dir='ltr'>privilegia</span> <span class='ocrx_word' id='word_1_357' title='bbox 1691 1454 1722 1482; x_wconf 88' lang='lat' dir='ltr'>et</span> <span class='ocrx_word' id='word_1_358' title='bbox 1740 1448 1864 1482; x_wconf 90' lang='lat' dir='ltr'>indulta</span> <span class='ocrx_word' id='word_1_359' title='bbox 1883 1448 1960 1493; x_wconf 92' lang='lat' dir='ltr'>ipsis</span> 
     </span>
     <span class='ocr_line' id='line_1_71' title="bbox 1214 1501 1957 1551; baseline -0.001 -15"><span class='ocrx_word' id='word_1_360' title='bbox 1214 1502 1418 1551; x_wconf 80' lang='lat' dir='ltr'>aromatariis</span> <span class='ocrx_word' id='word_1_361' title='bbox 1438 1507 1470 1535; x_wconf 87' lang='lat' dir='ltr'>et</span> <span class='ocrx_word' id='word_1_362' title='bbox 1489 1511 1603 1535; x_wconf 89' lang='lat' dir='ltr'>eorum</span> <span class='ocrx_word' id='word_1_363' title='bbox 1624 1501 1811 1535; x_wconf 91' lang='lat' dir='ltr'>unversitati</span> <span class='ocrx_word' id='word_1_364' title='bbox 1831 1512 1868 1535; x_wconf 89' lang='lat' dir='ltr'>ac</span> <span class='ocrx_word' id='word_1_365' title='bbox 1887 1502 1957 1535; x_wconf 86' lang='lat' dir='ltr'>col-</span> 
     </span>
     <span class='ocr_line' id='line_1_72' title="bbox 1214 1554 1960 1599; baseline 0 -10"><span class='ocrx_word' id='word_1_366' title='bbox 1214 1556 1297 1599; x_wconf 78' lang='lat' dir='ltr'>legio</span> <span class='ocrx_word' id='word_1_367' title='bbox 1318 1555 1524 1595; x_wconf 89' lang='lat' dir='ltr'>huiusmodi,</span> <span class='ocrx_word' id='word_1_368' title='bbox 1547 1565 1606 1599; x_wconf 90' lang='lat' dir='ltr'>per</span> <span class='ocrx_word' id='word_1_369' title='bbox 1626 1554 1768 1588; x_wconf 88' lang='lat' dir='ltr'>diversos</span> <span class='ocrx_word' id='word_1_370' title='bbox 1797 1555 1960 1589; x_wconf 89' lang='lat' dir='ltr'>Romanos</span> 
     </span>
     <span class='ocr_line' id='line_1_73' title="bbox 1213 1608 1961 1653; baseline -0.001 -11"><span class='ocrx_word' id='word_1_371' title='bbox 1213 1609 1384 1643; x_wconf 84' lang='lat' dir='ltr'>Pontifices</span> <span class='ocrx_word' id='word_1_372' title='bbox 1396 1609 1659 1653; x_wconf 86' lang='lat' dir='ltr'>praedecessores</span> <span class='ocrx_word' id='word_1_373' title='bbox 1671 1613 1810 1649; x_wconf 90' lang='lat' dir='ltr'>nostros,</span> <span class='ocrx_word' id='word_1_374' title='bbox 1821 1608 1880 1641; x_wconf 92' lang='lat' dir='ltr'>sub</span> <span class='ocrx_word' id='word_1_375' title='bbox 1891 1618 1961 1642; x_wconf 87' lang='lat' dir='ltr'>cer-</span> 
     </span>
     <span class='ocr_line' id='line_1_74' title="bbox 1215 1657 1961 1706; baseline 0 -10"><span class='ocrx_word' id='word_1_376' title='bbox 1215 1663 1253 1697; x_wconf 90' lang='lat' dir='ltr'>tis</span> <span class='ocrx_word' id='word_1_377' title='bbox 1277 1663 1375 1696; x_wconf 88' lang='lat' dir='ltr'>modo</span> <span class='ocrx_word' id='word_1_378' title='bbox 1406 1669 1437 1696; x_wconf 90' lang='lat' dir='ltr'>et</span> <span class='ocrx_word' id='word_1_379' title='bbox 1461 1663 1564 1696; x_wconf 80' lang='lat' dir='ltr'>forma</span> <span class='ocrx_word' id='word_1_380' title='bbox 1597 1667 1673 1695; x_wconf 86' lang='lat' dir='ltr'>tuuc</span> <span class='ocrx_word' id='word_1_381' title='bbox 1697 1661 1854 1706; x_wconf 79' lang='lat' dir='ltr'>expressis</span> <span class='ocrx_word' id='word_1_382' title='bbox 1884 1657 1961 1696; x_wconf 71' lang='lat' dir='ltr'>con&#39;-</span> 
     </span>
     <span class='ocr_line' id='line_1_75' title="bbox 1214 1715 1961 1756; baseline -0.001 -6"><span class='ocrx_word' id='word_1_383' title='bbox 1214 1727 1302 1751; x_wconf 90' lang='lat' dir='ltr'>cessa</span> <span class='ocrx_word' id='word_1_384' title='bbox 1323 1716 1456 1756; x_wconf 84' lang='lat' dir='ltr'>suerint;</span> <span class='ocrx_word' id='word_1_385' title='bbox 1473 1715 1686 1749; x_wconf 88' lang='lat' dir='ltr'>nihilominus</span> <span class='ocrx_word' id='word_1_386' title='bbox 1703 1715 1780 1749; x_wconf 89' lang='lat' dir='ltr'>dicti</span> <span class='ocrx_word' id='word_1_387' title='bbox 1799 1721 1961 1749; x_wconf 87' lang='lat' dir='ltr'>aromata-</span> 
     </span>
     <span class='ocr_line' id='line_1_76' title="bbox 1215 1767 1961 1809; baseline -0.003 -6"><span class='ocrx_word' id='word_1_388' title='bbox 1215 1770 1252 1803; x_wconf 90' lang='lat' dir='ltr'>rii</span> <span class='ocrx_word' id='word_1_389' title='bbox 1274 1770 1323 1803; x_wconf 91' lang='lat' dir='ltr'>his</span> <span class='ocrx_word' id='word_1_390' title='bbox 1343 1769 1438 1802; x_wconf 90' lang='lat' dir='ltr'>etiam</span> <span class='ocrx_word' id='word_1_391' title='bbox 1456 1768 1592 1809; x_wconf 87' lang='lat' dir='ltr'>statutis,</span> <span class='ocrx_word' id='word_1_392' title='bbox 1617 1767 1886 1809; x_wconf 83' lang='lat' dir='ltr'>ordinationibus,</span> <span class='ocrx_word' id='word_1_393' title='bbox 1909 1778 1961 1802; x_wconf 90' lang='lat' dir='ltr'>ca-</span> 
     </span>
     <span class='ocr_line' id='line_1_77' title="bbox 1215 1821 1961 1868; baseline -0.003 -12"><span class='ocrx_word' id='word_1_394' title='bbox 1215 1823 1334 1868; x_wconf 90' lang='lat' dir='ltr'>pitulis,</span> <span class='ocrx_word' id='word_1_395' title='bbox 1359 1821 1532 1866; x_wconf 78' lang='lat' dir='ltr'>privilegiis</span> <span class='ocrx_word' id='word_1_396' title='bbox 1552 1826 1583 1854; x_wconf 89' lang='lat' dir='ltr'>ct</span> <span class='ocrx_word' id='word_1_397' title='bbox 1603 1821 1736 1854; x_wconf 87' lang='lat' dir='ltr'>indultis</span> <span class='ocrx_word' id='word_1_398' title='bbox 1754 1821 1887 1861; x_wconf 78' lang='lat' dir='ltr'>suffulti,</span> <span class='ocrx_word' id='word_1_399' title='bbox 1903 1821 1961 1855; x_wconf 88' lang='lat' dir='ltr'>ali·</span> 
     </span>
     <span class='ocr_line' id='line_1_78' title="bbox 1215 1874 1960 1920; baseline -0.003 -11"><span class='ocrx_word' id='word_1_400' title='bbox 1215 1887 1278 1920; x_wconf 89' lang='lat' dir='ltr'>qua</span> <span class='ocrx_word' id='word_1_401' title='bbox 1299 1876 1330 1908; x_wconf 88' lang='lat' dir='ltr'>in</span> <span class='ocrx_word' id='word_1_402' title='bbox 1351 1875 1419 1908; x_wconf 90' lang='lat' dir='ltr'>dies</span> <span class='ocrx_word' id='word_1_403' title='bbox 1444 1875 1562 1908; x_wconf 86' lang='lat' dir='ltr'>damna</span> <span class='ocrx_word' id='word_1_404' title='bbox 1591 1880 1623 1907; x_wconf 84' lang='lat' dir='ltr'>et</span> <span class='ocrx_word' id='word_1_405' title='bbox 1650 1874 1868 1915; x_wconf 87' lang='lat' dir='ltr'>incommoda,</span> <span class='ocrx_word' id='word_1_406' title='bbox 1896 1880 1960 1908; x_wconf 82' lang='lat' dir='ltr'>tam</span> 
     </span>
     <span class='ocr_line' id='line_1_79' title="bbox 1217 1928 1960 1973; baseline -0.004 -9"><span class='ocrx_word' id='word_1_407' title='bbox 1217 1931 1247 1964; x_wconf 90' lang='lat' dir='ltr'>in</span> <span class='ocrx_word' id='word_1_408' title='bbox 1279 1928 1514 1973; x_wconf 80' lang='lat' dir='ltr'>consequendis</span> <span class='ocrx_word' id='word_1_409' title='bbox 1543 1938 1656 1962; x_wconf 87' lang='lat' dir='ltr'>corum</span> <span class='ocrx_word' id='word_1_410' title='bbox 1686 1928 1831 1967; x_wconf 77' lang='lat' dir='ltr'>creditis.</span> <span class='ocrx_word' id='word_1_411' title='bbox 1863 1938 1960 1972; x_wconf 87' lang='lat' dir='ltr'>quam</span> 
     </span>
     <span class='ocr_line' id='line_1_80' title="bbox 1215 1985 1962 2028; baseline -0.003 -11"><span class='ocrx_word' id='word_1_412' title='bbox 1215 1985 1304 2022; x_wconf 82' lang='lat' dir='ltr'>alias,</span> <span class='ocrx_word' id='word_1_413' title='bbox 1324 1994 1383 2028; x_wconf 92' lang='lat' dir='ltr'>pro</span> <span class='ocrx_word' id='word_1_414' title='bbox 1401 1989 1585 2027; x_wconf 74' lang='lat' dir='ltr'>temporum</span> <span class='ocrx_word' id='word_1_415' title='bbox 1606 1992 1642 2015; x_wconf 82' lang='lat' dir='ltr'>ac</span> <span class='ocrx_word' id='word_1_416' title='bbox 1663 1992 1874 2026; x_wconf 86' lang='lat' dir='ltr'>personarum</span> <span class='ocrx_word' id='word_1_417' title='bbox 1893 1992 1962 2016; x_wconf 90' lang='lat' dir='ltr'>ma-</span> 
     </span>
     <span class='ocr_line' id='line_1_81' title="bbox 1216 2036 1722 2076; baseline -0.004 -5"><span class='ocrx_word' id='word_1_418' title='bbox 1216 2038 1282 2071; x_wconf 89' lang='lat' dir='ltr'>litia</span> <span class='ocrx_word' id='word_1_419' title='bbox 1303 2044 1333 2071; x_wconf 87' lang='lat' dir='ltr'>et</span> <span class='ocrx_word' id='word_1_420' title='bbox 1353 2036 1551 2076; x_wconf 79' lang='lat' dir='ltr'>diversitate,</span> <span class='ocrx_word' id='word_1_421' title='bbox 1574 2036 1722 2069; x_wconf 86' lang='lat' dir='ltr'>subeunt.</span> 
     </span>
    </p>

    <p class='ocr_par' dir='ltr' id='par_1_16' title="bbox 1216 2089 1963 2668">
     <span class='ocr_line' id='line_1_82' title="bbox 1261 2089 1962 2134; baseline -0.003 -10"><span class='ocrx_word' id='word_1_422' title='bbox 1261 2094 1277 2134; x_wconf 68' lang='grc' dir='ltr'>ξ</span> <span class='ocrx_word' id='word_1_423' title='bbox 1306 2091 1336 2124; x_wconf 70' lang='grc'>2.</span> <span class='ocrx_word' id='word_1_424' title='bbox 1365 2091 1470 2130; x_wconf 85' lang='lat' dir='ltr'>Quare</span> <span class='ocrx_word' id='word_1_425' title='bbox 1502 2100 1562 2134; x_wconf 87' lang='lat' dir='ltr'>pro</span> <span class='ocrx_word' id='word_1_426' title='bbox 1587 2095 1678 2133; x_wconf 85' lang='lat' dir='ltr'>parte</span> <span class='ocrx_word' id='word_1_427' title='bbox 1709 2089 1900 2129; x_wconf 89' lang='lat' dir='ltr'>consulum,</span> <span class='ocrx_word' id='word_1_428' title='bbox 1924 2098 1962 2122; x_wconf 89' lang='lat' dir='ltr'>ac</span> 
     </span>
     <span class='ocr_line' id='line_1_83' title="bbox 1216 2143 1960 2187; baseline -0.003 -9"><span class='ocrx_word' id='word_1_429' title='bbox 1216 2144 1445 2183; x_wconf 82' lang='lat' dir='ltr'>univcrsitatis,</span> <span class='ocrx_word' id='word_1_430' title='bbox 1466 2150 1497 2177; x_wconf 81' lang='lat' dir='ltr'>et</span> <span class='ocrx_word' id='word_1_431' title='bbox 1514 2143 1641 2185; x_wconf 66' lang='lat' dir='ltr'>collegii</span> <span class='ocrx_word' id='word_1_432' title='bbox 1663 2143 1960 2187; x_wconf 66' lang='lat' dir='ltr'>praefatorurmno-</span> 
     </span>
     <span class='ocr_line' id='line_1_84' title="bbox 1217 2196 1962 2240; baseline -0.003 -9"><span class='ocrx_word' id='word_1_433' title='bbox 1217 2198 1265 2231; x_wconf 90' lang='lat' dir='ltr'>bis</span> <span class='ocrx_word' id='word_1_434' title='bbox 1285 2198 1341 2231; x_wconf 82' lang='lat' dir='ltr'>suit</span> <span class='ocrx_word' id='word_1_435' title='bbox 1362 2197 1527 2230; x_wconf 86' lang='lat' dir='ltr'>humiliter</span> <span class='ocrx_word' id='word_1_436' title='bbox 1546 2196 1779 2240; x_wconf 86' lang='lat' dir='ltr'>supplicatum,</span> <span class='ocrx_word' id='word_1_437' title='bbox 1803 2201 1962 2240; x_wconf 88' lang='lat' dir='ltr'>quatenus</span> 
     </span>
     <span class='ocr_line' id='line_1_85' title="bbox 1217 2248 1962 2295; baseline -0.005 -10"><span class='ocrx_word' id='word_1_438' title='bbox 1217 2251 1355 2290; x_wconf 83' lang='lat' dir='ltr'>statutis,</span> <span class='ocrx_word' id='word_1_439' title='bbox 1376 2250 1536 2295; x_wconf 74' lang='lat' dir='ltr'>capitulis,</span> <span class='ocrx_word' id='word_1_440' title='bbox 1560 2249 1819 2283; x_wconf 83' lang='lat' dir='ltr'>ordinationilms</span> <span class='ocrx_word' id='word_1_441' title='bbox 1833 2275 1840 2289; x_wconf 87' lang='lat'>,</span> <span class='ocrx_word' id='word_1_442' title='bbox 1863 2248 1962 2293; x_wconf 88' lang='lat' dir='ltr'>privi-</span> 
     </span>
     <span class='ocr_line' id='line_1_86' title="bbox 1219 2303 1960 2347; baseline -0.003 -9"><span class='ocrx_word' id='word_1_443' title='bbox 1219 2305 1307 2346; x_wconf 61' lang='lat' dir='ltr'>logiis</span> <span class='ocrx_word' id='word_1_444' title='bbox 1327 2311 1357 2338; x_wconf 78' lang='lat' dir='ltr'>et</span> <span class='ocrx_word' id='word_1_445' title='bbox 1379 2304 1510 2338; x_wconf 80' lang='lat' dir='ltr'>indultis</span> <span class='ocrx_word' id='word_1_446' title='bbox 1530 2303 1732 2341; x_wconf 78' lang='lat' dir='ltr'>huiusmodi,</span> <span class='ocrx_word' id='word_1_447' title='bbox 1753 2313 1812 2347; x_wconf 90' lang='lat' dir='ltr'>pro</span> <span class='ocrx_word' id='word_1_448' title='bbox 1831 2303 1960 2337; x_wconf 86' lang='lat' dir='ltr'>illorum</span> 
     </span>
     <span class='ocr_line' id='line_1_87' title="bbox 1217 2355 1963 2401; baseline -0.003 -10"><span class='ocrx_word' id='word_1_449' title='bbox 1217 2358 1421 2391; x_wconf 74' lang='lat' dir='ltr'>subsistentia</span> <span class='ocrx_word' id='word_1_450' title='bbox 1450 2357 1586 2390; x_wconf 78' lang='lat' dir='ltr'>firmiori</span> <span class='ocrx_word' id='word_1_451' title='bbox 1602 2384 1609 2394; x_wconf 82' lang='grc'>,</span> <span class='ocrx_word' id='word_1_452' title='bbox 1632 2362 1663 2390; x_wconf 78' lang='lat' dir='ltr'>ct</span> <span class='ocrx_word' id='word_1_453' title='bbox 1690 2367 1729 2389; x_wconf 83' lang='lat' dir='ltr'>ne</span> <span class='ocrx_word' id='word_1_454' title='bbox 1754 2367 1806 2389; x_wconf 88' lang='lat' dir='ltr'>ars</span> <span class='ocrx_word' id='word_1_455' title='bbox 1838 2356 1906 2401; x_wconf 82' lang='lat' dir='ltr'>ipsa</span> <span class='ocrx_word' id='word_1_456' title='bbox 1926 2355 1963 2389; x_wconf 89' lang='lat' dir='ltr'>il-</span> 
     </span>
     <span class='ocr_line' id='line_1_88' title="bbox 1219 2410 1962 2456; baseline -0.004 -11"><span class='ocrx_word' id='word_1_457' title='bbox 1219 2413 1570 2456; x_wconf 75' lang='lat' dir='ltr'>lamquc‘cxcrcontcs,</span> <span class='ocrx_word' id='word_1_458' title='bbox 1591 2410 1666 2443; x_wconf 86' lang='lat' dir='ltr'>dum</span> <span class='ocrx_word' id='word_1_459' title='bbox 1689 2410 1758 2443; x_wconf 90' lang='lat' dir='ltr'>aliis</span> <span class='ocrx_word' id='word_1_460' title='bbox 1778 2414 1914 2454; x_wconf 90' lang='lat' dir='ltr'>prosunt</span> <span class='ocrx_word' id='word_1_461' title='bbox 1932 2414 1962 2443; x_wconf 90' lang='lat' dir='ltr'>et</span> 
     </span>
     <span class='ocr_line' id='line_1_89' title="bbox 1219 2465 1962 2510; baseline -0.001 -12"><span class='ocrx_word' id='word_1_462' title='bbox 1219 2467 1371 2510; x_wconf 76' lang='lat' dir='ltr'>prodesse</span> <span class='ocrx_word' id='word_1_463' title='bbox 1401 2466 1549 2504; x_wconf 76' lang='lat' dir='ltr'>student,</span> <span class='ocrx_word' id='word_1_464' title='bbox 1576 2475 1698 2509; x_wconf 70' lang='lat' dir='ltr'>suaque</span> <span class='ocrx_word' id='word_1_465' title='bbox 1730 2465 1904 2508; x_wconf 73' lang='lat' dir='ltr'>pharmaca</span> <span class='ocrx_word' id='word_1_466' title='bbox 1930 2467 1962 2497; x_wconf 85' lang='lat' dir='ltr'>et</span> 
     </span>
     <span class='ocr_line' id='line_1_90' title="bbox 1218 2516 1962 2563; baseline -0.003 -11"><span class='ocrx_word' id='word_1_467' title='bbox 1218 2520 1279 2552; x_wconf 84' lang='lat' dir='ltr'>alia</span> <span class='ocrx_word' id='word_1_468' title='bbox 1301 2519 1442 2553; x_wconf 64' lang='lat' dir='ltr'>remedia</span> <span class='ocrx_word' id='word_1_469' title='bbox 1463 2518 1591 2563; x_wconf 83' lang='lat' dir='ltr'>corpori</span> <span class='ocrx_word' id='word_1_470' title='bbox 1617 2518 1759 2551; x_wconf 85' lang='lat' dir='ltr'>humano</span> <span class='ocrx_word' id='word_1_471' title='bbox 1784 2516 1962 2551; x_wconf 79' lang='lat' dir='ltr'>necessaria</span> 
     </span>
     <span class='ocr_line' id='line_1_91' title="bbox 1218 2569 1963 2611; baseline -0.001 -8"><span class='ocrx_word' id='word_1_472' title='bbox 1218 2573 1365 2611; x_wconf 71' lang='lat' dir='ltr'>eredunt,</span> <span class='ocrx_word' id='word_1_473' title='bbox 1389 2571 1514 2605; x_wconf 80' lang='lat' dir='ltr'>damnis</span> <span class='ocrx_word' id='word_1_474' title='bbox 1534 2576 1562 2604; x_wconf 88' lang='lat' dir='ltr'>ct</span> <span class='ocrx_word' id='word_1_475' title='bbox 1586 2570 1800 2605; x_wconf 89' lang='lat' dir='ltr'>incommodis</span> <span class='ocrx_word' id='word_1_476' title='bbox 1821 2569 1963 2603; x_wconf 70' lang='lat' dir='ltr'>affician-</span> 
     </span>
     <span class='ocr_line' id='line_1_92' title="bbox 1219 2622 1961 2668; baseline -0.003 -9"><span class='ocrx_word' id='word_1_477' title='bbox 1219 2631 1281 2665; x_wconf 88' lang='lat' dir='ltr'>tur,</span> <span class='ocrx_word' id='word_1_478' title='bbox 1298 2625 1353 2659; x_wconf 87' lang='lat' dir='ltr'>sed</span> <span class='ocrx_word' id='word_1_479' title='bbox 1373 2635 1432 2659; x_wconf 91' lang='lat' dir='ltr'>suo</span> <span class='ocrx_word' id='word_1_480' title='bbox 1452 2623 1603 2659; x_wconf 83' lang='lat' dir='ltr'>exercitio</span> <span class='ocrx_word' id='word_1_481' title='bbox 1624 2623 1730 2658; x_wconf 85' lang='lat' dir='ltr'>debite</span> <span class='ocrx_word' id='word_1_482' title='bbox 1751 2623 1782 2657; x_wconf 91' lang='lat' dir='ltr'>in</span> <span class='ocrx_word' id='word_1_483' title='bbox 1799 2622 1961 2668; x_wconf 81' lang='lat' dir='ltr'>publicam</span> 
     </span>
    </p>
   </div>
   <div class='ocr_carea' id='block_1_12' title="bbox 1973 214 2178 256">
    <p class='ocr_par' dir='ltr' id='par_1_17' title="bbox 1973 214 2178 256">
     <span class='ocr_line' id='line_1_93' title="bbox 1973 214 2178 256; baseline 0.02 -4"><span class='ocrx_word' id='word_1_484' title='bbox 1973 226 2023 252; x_wconf 75' lang='grc' dir='ltr'>Αιι.</span> <span class='ocrx_word' id='word_1_485' title='bbox 2041 227 2072 253; x_wconf 85' lang='lat' dir='ltr'>c.</span> <span class='ocrx_word' id='word_1_486' title='bbox 2082 227 2155 256; x_wconf 68' lang='lat'>¹596*</span> <span class='ocrx_word' id='word_1_487' title='bbox 2165 214 2178 256; x_wconf 79' lang='grc'>.“</span> 
     </span>
    </p>
   </div>
   <div class='ocr_carea' id='block_1_13' title="bbox 2102 0 2253 3195">
    <p class='ocr_par' dir='ltr' id='par_1_18' title="bbox 2102 0 2253 3195">
     <span class='ocr_line' id='line_1_94' title="bbox 2102 0 2253 3195; baseline 0 0"><span class='ocrx_word' id='word_1_488' title='bbox 2102 0 2253 3195; x_wconf 95' lang='lat' dir='ltr'> </span> 
     </span>
    </p>
   </div>
   <div class='ocr_carea' id='block_1_14' title="bbox 1971 978 2137 1032">
    <p class='ocr_par' dir='ltr' id='par_1_19' title="bbox 1971 978 2137 1032">
     <span class='ocr_line' id='line_1_95' title="bbox 1998 978 2137 1010; baseline 0.007 -10"><span class='ocrx_word' id='word_1_489' title='bbox 1998 979 2080 1010; x_wconf 68' lang='lat' dir='ltr'>Causae</span> <span class='ocrx_word' id='word_1_490' title='bbox 2093 978 2137 1010; x_wconf 63' lang='grc' dir='ltr'>1]ιί</span> 
     </span>
     <span class='ocr_line' id='line_1_96' title="bbox 1971 1011 2121 1032; baseline -0.007 -5"><span class='ocrx_word' id='word_1_491' title='bbox 1971 1011 2121 1032; x_wconf 77' lang='lat' dir='ltr'>concessionis.</span> 
     </span>
    </p>
   </div>
   <div class='ocr_carea' id='block_1_15' title="bbox 1976 2094 2146 2170">
    <p class='ocr_par' dir='ltr' id='par_1_20' title="bbox 1976 2094 2146 2170">
     <span class='ocr_line' id='line_1_97' title="bbox 2016 2094 2121 2116; baseline -0.01 0"><span class='ocrx_word' id='word_1_492' title='bbox 2016 2094 2093 2116; x_wconf 60' lang='lat' dir='ltr'>Potitio</span> <span class='ocrx_word' id='word_1_493' title='bbox 2120 2104 2121 2108; x_wconf 56' lang='lat'>¹</span> 
     </span>
     <span class='ocr_line' id='line_1_98' title="bbox 1977 2119 2146 2152; baseline 0.006 -11"><span class='ocrx_word' id='word_1_494' title='bbox 1977 2119 2085 2152; x_wconf 57' lang='lat' dir='ltr'>vor-inu·</span> <span class='ocrx_word' id='word_1_495' title='bbox 2130 2143 2131 2147; x_wconf 56' lang='grc'>,</span> <span class='ocrx_word' id='word_1_496' title='bbox 2141 2142 2146 2146; x_wconf 84' lang='grc'><em>,</em></span> 
     </span>
     <span class='ocr_line' id='line_1_99' title="bbox 1976 2150 2120 2170; baseline -0.007 0"><span class='ocrx_word' id='word_1_497' title='bbox 1976 2150 2120 2170; x_wconf 65' lang='lat' dir='ltr'>maternorum·</span> 
     </span>
    </p>
   </div>
  </div>
 </body>
</html>
