2253 3195
261 207 309 233 An.
326 206 354 233 c.
377 206 445 234 1002
491 198 556 232 8⁵22)

460 257 608 291 rochialis
632 258 671 292 de
696 259 752 292 Sot
767 285 774 297 ‚
801 252 934 302 eiusque
959 259 1095 293 rectoris
1110 288 1119 301 ,
1146 271 1202 303 per

458 311 695 344 contribuentes
707 313 864 354 praefatos
875 313 1048 356 respective
1059 312 1201 356 quolibet

459 373 541 396 anno
559 373 715 408 perpetuo
739 365 910 398 solvendae
928 365 1151 409 applicantur:
1170 373 1201 400 et.

458 417 612 460 quoniam
633 417 795 460 primitiae
813 419 887 452 dicti
901 418 1008 462 oppidi
1024 430 1040 452 a
1054 420 1105 452 die
1118 431 1198 453 eon-

458 470 608 503 cessionis
632 470 902 514 iurispatronatus
923 472 1056 515 praefati
1078 473 1112 506 in
1139 474 1197 507 tri-

456 524 558 566 plum,
585 523 720 557 Domino
745 524 967 565 benedicente,
989 532 1099 560 auctae
1113 533 1198 567 sunt,

457 582 488 609 et
512 576 570 610 dos
595 577 755 620 praefatae
786 579 975 622 parochialis
1007 580 1046 612 ad
1071 587 1198 614 centum

456 629 554 662 libras
572 640 660 664 nunc
680 637 817 674 augetur
832 659 839 673 ,
870 643 905 665 ex
931 633 1088 667 reditibus
1113 645 1200 668 mere

457 684 692 725 ecclesiasticis,
721 686 759 718 ad
781 696 861 728 quos
881 686 906 719 si
935 687 1057 720 dotatio
1075 687 1199 721 domini

457 737 642 781 temporalis
666 737 705 771 de
732 739 844 781 viginti
884 739 973 773 libris
1011 752 1085 774 cum
1117 741 1200 775 dicta

457 789 652 833 obligatione
683 798 903 836 comparetur,
934 794 1022 838 parvi
1054 801 1101 828 est.
1126 806 1197 829 mo-

457 844 579 883 menti,
609 851 777 889 propterea
801 846 853 879 ius
876 853 1066 890 patronatus
1093 849 1199 883 dictae

456 898 649 940 parochialis
673 899 712 932 de
725 899 793 939 801,
811 900 926 934 dehinc
943 901 983 934 ad
1013 902 1199 947 episcopum

450 950 735 995 ,Segobricensem,
757 960 922 998 tamquam
941 955 1156 997 Ordinarium,
1169 963 1201 991 et

456 1004 495 1036 ad
521 1005 688 1047 dominum
712 1008 922 1050 temporalem
940 1009 1072 1052 praefati
1089 1010 1200 1054 oppidi

456 1057 522 1098 δοῖ,
544 1060 712 1102 pertineat,
739 1061 872 1094 alternis
893 1062 1027 1104 vicibus;
1049 1069 1079 1097 et
1096 1064 1200 1107 prima

455 1110 521 1143 vice
561 1113 729 1157 episcopus
769 1120 951 1157 praesentet
990 1125 1021 1150 et
1055 1116 1198 1152 instituat

457 1171 625 1200 rectorem.
640 1168 794 1209 Ecclesia,
808 1179 889 1212 quae
902 1180 1001 1213 penes
1018 1170 1125 1205 diruta
1139 1179 1197 1212 est,

455 1219 487 1252 in
505 1219 618 1253 eodem
636 1220 698 1254 situ
713 1221 936 1256 reaedificetur
952 1235 1025 1256 cum
1043 1225 1196 1267 sacristia,

456 1273 540 1306 iuxta
565 1275 701 1307 sormam
734 1276 881 1309 traditam
899 1305 906 1317 ‚
934 1283 965 1310 et
995 1277 1111 1311 domus
1143 1291 1199 1323 pro

456 1329 587 1361 rectoris
611 1328 817 1371 habitatione,
837 1332 982 1375 expensis
1006 1334 1101 1366 etiam
1121 1334 1200 1367 uni—

456 1381 626 1422 versitatis,
666 1389 884 1417 construatur.
912 1387 1027 1419 Terrae
1063 1398 1137 1421 vero
1169 1394 1198 1421 et

456 1435 579 1468 reditus
612 1435 652 1468 ad
684 1437 873 1480 mesquitan
899 1439 975 1471 olim
1006 1441 1200 1483 pertinentes

457 1489 611 1522 ecclesiae
636 1489 783 1533 applicati
811 1497 970 1525 maneant.

490 1569 565 1602 Vall
585 1569 623 1603 de
642 1571 847 1610 Almonacir,
871 1573 944 1616 Αῃν
962 1579 991 1606 e!
1010 1575 1171 1619 Alsyimin.

501 1649 659 1694 Oppidum
684 1651 757 1695 Ayr
789 1653 891 1685 Vallis
925 1655 963 1687 de
994 1656 1197 1699 Alnzouacir,

458 1705 605 1738 dominae
638 1706 775 1740 loannae
808 1708 964 1752 Enriquez
996 1710 1035 1743 de
1065 1711 1200 1746 Cabrera

456 1757 636 1792 comitissae
661 1760 699 1792 de
724 1760 862 1800 Aranda,
885 1767 1014 1795 eentum
1041 1763 1151 1797 decem
1170 1772 1198 1799 et

457 1817 530 1844 octo
545 1812 687 1846 continet
702 1813 815 1847 domos
829 1815 1077 1849 christianorum
1099 1828 1202 1862 nuper

456 1863 493 1894 ad
520 1862 618 1895 fidem
655 1864 845 1897 catholicam
883 1876 1122 1900 conversorum:
1156 1875 1200 1902 est

456 1916 571 1948 vicaria
592 1923 745 1961 perpetua
771 1918 873 1951 dietae
899 1919 992 1952 Vallis
1024 1920 1062 1953 de
1088 1922 1202 1955 Almo-

456 1971 545 2003 nacir
568 1982 624 2014 per
648 1972 883 2005 commissarios
900 1974 1093 2016 apostolicos
1114 1974 1202 2008 insti-

456 2030 522 2056 tuta
538 2024 568 2057 in
590 2025 657 2057 eius
672 2025 804 2058 ecclesia
815 2025 874 2058 sub
900 2027 1101 2061 invocatione
1121 2027 1201 2062 Con-

457 2077 615 2120 ‹feptionis
643 2079 674 2110 B.
701 2079 814 2111 Mariae
840 2079 987 2121 Virginis.
1020 2080 1119 2114 {labet
1144 2092 1201 2124 pro

456 2131 587 2163 annexis
611 2131 768 2175 oppidum
790 2132 940 2174 Alffl'mia
966 2133 1198 2178 qninquaginta

457 2194 509 2216 sex
529 2184 713 2225 domorum3
729 2185 814 2229 quod
833 2186 873 2218 ab
891 2188 953 2231 Ayr
974 2194 1088 2231 quarta
1110 2196 1199 2232 parte

458 2239 564 2271 tvnc-as:
590 2239 698 2278 distat,
724 2250 797 2272 nam
822 2241 882 2274 alia
907 2241 972 2274 «luo
996 2253 1115 2275 annexa
1142 2244 1200 2276 At-

459 2293 632 2326 ineclimilla
669 2301 696 2327 et
733 2294 955 2335 :lls51n‹li;„¹uilla
981 2297 1086 2330 ‹liruta
1115 2305 1198 2332 sunt.

459 2347 599 2379 vicarius
622 2354 805 2392 perpetuus,
833 2349 886 2392 qui
913 2350 942 2382 in
961 2350 1084 2383 civitate
1105 2352 1200 2395 Sego·

458 2400 594 2433 hiim-nsi
619 2402 746 2438 residet,
773 2402 885 2434 ‹lic-lius
910 2404 1077 2438 (lominicis
1102 2411 1130 2438 vt
1158 2408 1200 2439 sa·-

458 2454 544 2486 stivis
569 2455 647 2486 «luas
673 2456 811 2489 celebrat
836 2457 965 2494 utissas,
1001 2458 1132 2490 alteram
1167 2458 1198 2490 in

458 2507 590 2539 ‹wc-lesia
621 2508 659 2539 ‹ts›
686 2500 764 2551 thr,
791 2509 921 2542 altrratu
944 2511 973 2543 in
999 2511 1129 2543 ercli-sia
1162 2511 1199 2543 tle

467 2561 590 2599 ttgimi‘·
617 2561 675 2593 sub
701 2562 898 2595 invni-ationi-
931 2565 959 2596 S.
988 2564 1113 2596 loannis
1137 2564 1195 2596 lla-

460 2613 583 2655 ptisrw,
606 2615 763 2657 habetque
779 2627 834 2659 pro
855 2617 970 2649 salario
996 2617 1123 2659 triginta
1153 2627 1200 2649 se-

1037 212 1220 236 BL'LLARIL'M
1240 212 1394 237 ROMANL'M

1236 266 1322 304 ptem
1347 261 1456 302 libras,
1484 272 1621 306 quarum
1639 263 1752 307 viginti
1775 265 1869 299 solvit
1887 266 1977 299 infir-

1236 315 1356 347 marius
1380 315 1539 349 Ecclesiae
1556 316 1810 359 Segobricensis‚
1829 319 1883 362 qui
1905 320 1972 363 pri-

1235 367 1339 400 mitias
1359 368 1518 402 dictorum
1531 370 1678 403 locorum
1692 370 1831 414 integras
1842 372 1975 416 colligit,

1235 427 1307 454 octo
1332 421 1430 454 libras
1453 432 1563 455 mensa
1598 422 1808 466 episcopalis;
1839 430 1977 468 quatuor

1234 474 1331 507 libras
1341 475 1546 509 canonicatus
1560 476 1802 520 Segobrieensis
1818 478 1978 512 Ecclesiae

1234 527 1346 561 Officio
1361 528 1391 561 S.
1410 529 1627 573 inquisitionis
1643 530 1819 571 Valentiae,
1840 531 1979 564 auctori-

1234 586 1296 614 tate
1320 581 1506 624 apostolica,
1533 583 1712 627 applicatus
1745 594 1803 627 pro
1828 584 1975 625 decimis,

1235 644 1314 677 quas
1339 635 1511 679 recipiunt,
1529 642 1561 669 et
1581 636 1725 680 quinque
1745 637 1847 670 librae
1863 648 1900 671 ex
1920 647 1978 670 re-

1235 687 1356 721 ditibus
1372 689 1447 722 olim
1475 689 1663 732 mesquitae.
1684 690 1737 723 Est
1755 696 1861 724 autem
1879 691 1979 733 Infir-

1235 742 1344 774 maria
1368 742 1511 776 officium
1543 743 1727 776 collativam
1761 744 1800 776 ab
1825 744 1978 788 episeopo

1233 801 1261 828 et
1284 796 1423 839 capitulo
1447 795 1670 839 segobricensi
1691 797 1870 842 antiquitus
1887 797 1978 831 insti-

1235 853 1352 889 tutum,
1379 849 1472 882 cuius
1497 860 1574 882 usus
1598 855 1629 883 et
1657 851 1844 884 exercitium
1861 852 1978 885 multos

1233 902 1349 936 abhinc
1373 909 1459 936 retro
1479 913 1580 936 annos
1611 904 1755 945 exolevit,
1787 904 1883 948 eique
1910 906 1978 939 fue-

1235 962 1309 989 runt
1334 967 1474 989 annexae
1498 957 1658 1000 primitiae
1683 957 1819 991 istorum
1843 958 1978 1002 oppido-

1234 1021 1319 1051 rum,
1343 1016 1374 1043 ct
1393 1011 1527 1044 aliorum
1543 1021 1626 1054 quae
1645 1011 1752 1055 potius
1765 1013 1918 1056 parocho,
1939 1012 1978 1046 de

1233 1064 1302 1096 iure
1315 1064 1434 1104 divino,
1454 1063 1629 1104 debentur3
1648 1066 1703 1098 sed
1724 1065 1898 1109 apostolica
1915 1077 1974 1099 au-

1233 1117 1391 1159 ctoritate,
1403 1128 1608 1162 quocumque
1618 1119 1714 1152 modo
1726 1119 1881 1152 vacaverit
1895 1119 1979 1153 dicta

1234 1170 1420 1212 infirmaria,
1433 1181 1555 1204 massae
1569 1172 1731 1205 communi
1742 1172 1871 1216 capituli
1882 1171 1978 1216 Sego-

1233 1224 1388 1258 bricensis
1409 1224 1567 1258 Ecclesiae
1589 1225 1656 1258 eius
1675 1225 1799 1259 fructus
1813 1225 1894 1259 uniti
1912 1226 1979 1259 sue-

1234 1283 1323 1318 runt,
1344 1278 1461 1311 relictis
1485 1279 1721 1323 quinquaginta
1737 1269 1828 1312 libris
1851 1286 1977 1313 tantum

1233 1333 1318 1366 dicto
1343 1332 1535 1373 infirmario,
1554 1332 1608 1376 qui
1626 1343 1683 1376 pro
1708 1339 1852 1377 tempore
1869 1333 1975 1367 suerit.

1232 1386 1364 1430 Oportet
1388 1386 1475 1429 quod
1500 1385 1666 1430 praedicta
1690 1386 1807 1419 vicaria
1823 1392 1978 1431 perpetua

1234 1439 1363 1474 dotetur
1384 1438 1423 1472 de
1440 1438 1510 1472 aliis
1531 1439 1695 1482 sexaginta
1716 1439 1817 1473 tribus
1830 1439 1920 1472 libris
1937 1439 1976 1472 ad

1233 1495 1503 1537 complementum
1523 1499 1649 1526 centum
1667 1493 1820 1527 librarum
1845 1493 1877 1526 in
1895 1493 1979 1527 redi-

1236 1548 1330 1588 tibus,
1346 1548 1406 1581 hoc
1433 1547 1576 1580 videlicet
1596 1546 1710 1587 modo,
1725 1547 1812 1591 quod
1837 1546 1978 1580 infirma·

1235 1604 1301 1637 rius
1315 1611 1478 1645 praesens,
1495 1602 1540 1634 vel
1558 1600 1733 1643 capitulum
1742 1600 1978 1644 segobricensis

1235 1655 1505 1699 Ecclesiae,quod
1531 1653 1673 1687 succedit
1690 1654 1720 1686 in
1743 1653 1910 1695 fructibus,
1930 1655 1978 1688 ul-

1235 1716 1281 1743 tra
1299 1709 1367 1741 illas
1384 1707 1493 1751 viginti
1511 1707 1610 1740 libras
1624 1712 1771 1740 monetae
1780 1707 1977 1747 valentinae,

1234 1774 1313 1807 quas
1327 1768 1417 1795 antea
1434 1760 1587 1799 solvebat,
1602 1761 1702 1794 solvat
1715 1759 1793 1793 alias
1811 1761 1923 1804 viginti
1940 1761 1980 1794 li-

1235 1817 1319 1856 bras,
1331 1826 1441 1849 omnes
1455 1814 1665 1859 quadraginta
1677 1814 1790 1854 librae,
1799 1815 1922 1849 ratione
1932 1815 1979 1848 di-

1234 1877 1357 1904 ctarum
1370 1868 1593 1913 primitiarum,
1607 1878 1685 1911 quas
1699 1867 1838 1910 integras
1852 1867 1976 1912 recipit,

1233 1929 1264 1957 ct.
1279 1922 1392 1956 valoris
1403 1928 1477 1955 sunt,
1493 1927 1619 1955 centum
1631 1921 1741 1964 viginti
1757 1931 1871 1955 novem
1882 1921 1978 1955 libra-

1235 1987 1316 2010 rum.
1331 1977 1437 2009 Mensa
1453 1974 1654 2019 episcopaliS‚
1667 1975 1749 2008 ultra
1765 1974 1834 2008 illas
1848 1980 1920 2008 octo
1941 1975 1978 2008 li-

1234 2031 1307 2063 hras
1324 2041 1402 2073 quas
1419 2035 1511 2061 antea
1536 2028 1800 2066 solvebat‚sotvat
1821 2028 1932 2062 decem
1946 2034 1978 2062 et

1234 2090 1355 2127 septem
1375 2082 1470 2116 libras
1487 2088 1517 2115 et
1533 2082 1643 2114 decem
1659 2081 1792 2115 solidos:
1805 2092 1916 2115 omnes
1933 2082 1979 2115 vi—

1233 2137 1312 2181 ginti
1332 2137 1474 2179 ‹piinque
1494 2134 1593 2168 librae
1613 2141 1641 2167 et
1669 2134 1779 2167 decem
1798 2135 1909 2176 solidi,
1929 2147 1978 2169 ra-

1234 2191 1320 2225 tione
1338 2190 1434 2234 partis
1450 2188 1654 2225 dci-imarum,
1670 2199 1764 2231 quam
1780 2189 1902 2233 recipit,
1918 2200 1977 2222 va-

1233 2245 1307 2278 loris
1324 2250 1453 2276 centum
1477 2241 1709 2286 ‹piinquaginta
1735 2247 1856 2285 septem
1882 2242 1978 2275 libra-

1234 2302 1447 2340 rum,septcm
1459 2296 1634 2328 solidorum
1646 2301 1673 2328 et
1687 2295 1823 2328 «luorum
1835 2294 1977 2329 denario-

1236 2362 1315 2385 rum.
1335 2349 1545 2384 Canonicatus
1568 2348 1679 2381 Officio
1705 2347 1736 2380 S.
1759 2347 1977 2391 inquisitionis

1234 2406 1423 2449 applicatus,
1444 2404 1539 2447 quiet
1563 2401 1680 2434 divitur
1700 2401 1738 2433 do·
1755 2401 1878 2440 Torme,
1896 2402 1978 2435 ultra

1235 2458 1302 2491 illas
1324 2462 1461 2501 quatuor
1486 2455 1593 2495 libras,
1620 2459 1803 2498 qnasantea
1821 2454 1974 2495 solvebat,

1234 2512 1330 2543 solvat
1347 2510 1457 2541 ‹lert-m
1471 2509 1583 2547 libras,
1599 2519 1710 2541 omnes
1731 2507 1975 2551 quatuordecim

1235 2563 1353 2601 librae,
1381 2562 1501 2595 ratione
1529 2561 1625 2604 partis
1650 2561 1861 2597 det-imarum,
1879 2571 1974 2603 quam

1235 2617 1359 2659 recipit,
1379 2626 1461 2658 quae
1487 2614 1669 2657 minagium
1691 2625 1744 2647 sex
1770 2613 1858 2646 libris
1883 2613 1976 2646 aesti-

1990 218 2039 245 An.
2054 218 2084 245 C.
2107 220 2172 249 ¹602
