2253 3195
40 213 88 240 An.
106 213 135 239 C.
156 212 221 239 1591

24 1192 25 1197 ¹
45 1168 102 1190 Anas
111 1168 168 1194 teges
179 1169 214 1190 im-

31 1195 96 1223 ponit.

851 214 997 238 CLEMENS
1018 214 1074 237 Vlll
1095 214 1142 237 Pr,

238 271 332 299 care,
356 261 551 305 retentisque
576 261 725 294 censibus
749 267 822 294 ante
843 261 924 295 datis
949 267 980 294 et

236 313 405 354 attributis,
421 325 493 347 cum
512 315 662 348 omnibus
679 315 749 348 aliis
760 315 896 355 donatis,
914 325 980 347 em-

235 366 318 410 ptis,
344 366 474 409 legatis,
498 372 553 400 aut
571 367 736 410 acquisitis
757 378 793 400 ex
817 367 910 400 bonis
935 367 980 399 sie

235 419 361 463 emptis,
390 424 420 452 et.
445 430 480 451 ex
512 419 675 463 praedicta
700 430 827 452 sumina
851 426 979 452 centum

236 472 373 506 millium
391 482 624 514 sexagenorum
646 483 759 505 census
779 478 980 514 emergentes

234 526 273 558 ad
305 536 378 558 suas
409 531 437 558 et
470 525 545 558 dicti
576 525 700 558 noviter
731 525 827 558 erecti
852 526 979 567 collegii

236 578 439 612 necessitates
470 578 638 621 accipere,
662 578 826 621 possidere
847 585 877 611 et
897 590 976 611 eon-

234 637 374 672 vertere;
397 632 485 675 quod
510 631 682 673 collegium
711 637 881 675 postquam
911 642 979 665 ere-

234 689 321 718 ctum
342 689 424 717 esset
456 684 606 717 omnibus
638 684 675 717 iis
705 684 838 726 gratiis,
862 685 979 728 quibus

234 737 354 771 dictum
374 737 547 779 collegium
567 737 807 771 Comutaviense
822 748 839 770 a
852 738 979 781 praedi-

233 797 284 824 cto
298 791 470 835 Rodulpho
488 802 562 833 rege
580 791 612 824 in
629 791 858 835 imperatorem
876 792 977 825 electo

233 845 386 878 donatum
409 850 484 877 tune
504 850 582 885 erat,
608 845 670 878 frui
695 850 726 878 et.
755 846 895 887 gaudere
917 846 975 878 de-

233 897 333 938 beret,
358 897 444 931 iuxta
465 903 609 931 tenorem
639 898 858 942 praesentium
888 898 974 931 litte-

231 961 339 983 rarum
361 956 391 984 et
411 951 595 995 diplomatis
617 950 871 984 confirmationis
882 962 978 996 super

232 1005 280 1038 his
300 1015 319 1038 a
338 1004 423 1038 dicto
448 1004 619 1048 Rodulplio
648 1014 723 1047 rege
749 1004 780 1036 in
801 1004 976 1048 imperato-

233 1069 299 1091 rem
321 1059 433 1092 electo.

276 1113 292 1154 ξ
313 1111 365 1145 13.
394 1111 485 1151 Quod
505 1111 530 1144 si
551 1122 627 1144 vero
648 1111 802 1154 praedicti
826 1117 931 1144 rector
946 1118 975 1145 et

231 1165 413 1209 collegiales
442 1165 641 1208 negligerent
671 1171 726 1199 aut
757 1166 819 1199 tale
856 1177 974 1200 novum

231 1219 414 1260 collegium,
430 1219 538 1263 adepti
552 1219 711 1252 eiusmodi
731 1219 827 1260 bona,
851 1220 974 1262 erigere

231 1273 461 1311 detractarent,
487 1277 562 1305 tune
592 1282 658 1305 non
679 1272 784 1306 solum
810 1283 894 1306 novo
914 1273 974 1307 isto

232 1336 340 1367 censu,
363 1336 474 1359 verum
506 1326 601 1359 etiam
634 1325 815 1369 praeteritis
841 1326 917 1370 ipsis
938 1337 974 1360 ex

229 1379 463 1412 Comutaviensi
488 1379 676 1412 fundatione
698 1384 728 1412 et
754 1379 866 1421 legatis
885 1380 975 1413 attri-

229 1432 315 1466 butis
332 1443 369 1466 ac
386 1433 512 1466 donatis
529 1438 765 1476 consequenter
778 1433 892 1477 privati
906 1444 973 1467 esse

230 1486 395 1525 deberent,
413 1497 449 1519 ae
469 1486 522 1518 illa
543 1486 607 1519 suis
619 1486 813 1520 haeredibus
833 1497 889 1519 seu
910 1497 970 1530 po-

229 1539 321 1573 steris
346 1539 510 1581 resignare
540 1544 745 1580 tenerentur;
774 1540 898 1574 addidit
925 1540 972 1573 in-

228 1603 335 1636 super,
359 1593 446 1636 quod
465 1592 490 1626 si
511 1592 582 1636 quis
602 1593 778 1626 haeredum
797 1599 827 1627 et
846 1604 973 1627 succes-

228 1657 338 1679 sorum
359 1656 620 1690 possessorumve
651 1646 785 1679 dominii
815 1647 972 1690 praedicti

227 1699 478 1733 Comutaviensis
492 1704 565 1743 post
583 1700 691 1732 datam
704 1705 732 1732 et
743 1699 840 1732 latam
854 1694 973 1743 aprae-

228 1752 313 1786 dicto
334 1753 505 1796 Rodulpho
526 1763 602 1795 rege
615 1752 647 1785 in
661 1752 891 1796 imperatorem
910 1754 973 1786 ele-

227 1811 288 1846 cto,
303 1811 334 1839 et
346 1805 537 1839 officialibus
558 1805 633 1839 dicti
655 1805 746 1848 regni
765 1806 969 1846 sententiam,

226 1858 260 1892 id
279 1860 367 1903 quod
387 1870 482 1903 supra
503 1870 687 1903 expressum
711 1864 771 1899 est,
798 1860 917 1899 faeere,
942 1866 973 1893 et

226 1912 412 1946 huiusmodi
438 1913 522 1945 bona
549 1923 608 1956 pro
635 1917 816 1945 memorata
846 1923 973 1946 summa

226 1971 355 1999 centum
377 1965 515 1999 millium
535 1976 769 2008 sexagenorum
790 1976 910 2006 emere,
935 1977 972 1999 ac

227 2019 345 2052 rectori
357 2024 388 2052 et
398 2019 618 2061 eollegialihus
637 2018 810 2062 praedietis
823 2019 862 2052 de
876 2019 972 2062 pleno

226 2071 311 2104 intra
334 2077 461 2116 tempus
489 2071 703 2112 nominatum,
723 2071 872 2105 videlicet
897 2072 972 2105 anni

225 2124 379 2169 spatium,
400 2125 589 2167 consignare
609 2126 815 2165 detractaret,
838 2126 968 2167 statuit,

227 2184 261 2212 ut
280 2178 457 2222 presbyteri
474 2183 504 2211 et
532 2178 640 2212 elerici
661 2177 829 2212 Societatis
845 2189 904 2222 per
923 2190 972 2214 re-

227 2236 349 2265 ctorem
373 2231 662 2270 Comntaviensem‚
684 2242 740 2264 seu
762 2231 968 2274 Pragensem,

227 2290 259 2318 et
277 2285 376 2318 alium
406 2285 589 2329 praedictae
615 2284 781 2317 Societatis
813 2285 968 2327 collegio—

227 2348 298 2370 rum
327 2338 359 2371 in
379 2348 479 2381 regno
505 2337 677 2371 Bohcmiae
700 2343 831 2381 possent
856 2348 893 2370 ac
912 2348 968 2370 va-

227 2391 347 2431 lerent,
369 2396 499 2435 excepto
519 2401 584 2424 uno
605 2390 783 2423 camerario
813 2401 830 2423 a
856 2390 972 2424 tabulis

227 2443 383 2487 praedicti
403 2443 493 2486 regni
513 2443 673 2483 Arcensis,
690 2449 721 2476 et
738 2443 893 2486 oppidum
915 2443 971 2477 Co-

228 2496 427 2530 mutaviense
447 2507 520 2529 eum
541 2496 725 2536 suburbiis,
747 2496 832 2537 agris
846 2524 853 2535 ‚
877 2496 970 2540 oppi-

229 2550 288 2590 dis,
304 2549 393 2594 pagis
413 2560 449 2582 ae
468 2549 560 2589 villis,
581 2549 761 2594 quinimmo
780 2558 852 2582 cum
865 2549 970 2583 omni-

232 2603 290 2636 bus
310 2603 542 2647 quoquomodo
556 2603 674 2637 vocatis
691 2608 745 2638 aut
763 2603 966 2648 nuncupatis,

1667 199 1724 231 157

1014 262 1053 294 ad
1068 261 1187 294 dictum
1202 260 1381 294 dominium
1402 258 1630 303 spectantibus,
1656 268 1754 290 oceu-

1014 326 1110 359 pare,
1138 314 1302 358 possidere
1331 319 1362 346 et
1393 319 1523 352 tenere,
1547 322 1603 344 seu
1627 311 1755 344 illorum

1015 368 1169 400 fructibus
1190 367 1340 400 omnibus
1355 366 1451 410 potiri
1472 371 1503 399 et
1522 365 1663 407 gaudere
1679 370 1758 396 tam-

1015 421 1080 459 diu⁷
1098 421 1251 464 quamdin
1265 420 1325 453 illis
1339 419 1495 453 eiusmodi
1514 419 1598 452 bona
1611 428 1670 461 pro
1684 427 1754 450 me—

1015 481 1139 506 morata
1160 483 1287 505 summa
1308 478 1436 505 centum
1458 470 1597 504 millium
1621 477 1753 512 sexage-

1014 537 1129 558 narum
1152 532 1269 569 empta,
1295 526 1367 558 data
1391 536 1428 558 ac
1458 525 1489 557 in
1520 523 1756 568 possessionem

1015 579 1130 612 tradita
1151 590 1215 611 non
1244 580 1348 611 forent
1375 589 1392 610 a
1423 577 1662 611 successoribus
1692 575 1757 609 suis

1014 632 1203 676 praedicti&
1234 638 1261 665 et
1295 631 1426 675 insuper
1457 641 1569 664 omnes
1599 639 1756 674 expensae

1013 691 1115 718 essent
1138 685 1317 724 restitutae,
1347 695 1427 728 quas
1453 684 1538 727 ipsos
1566 688 1706 716 rectores
1726 688 1754 715 et

1013 738 1196 780 collegiales
1227 737 1257 769 in
1287 736 1446 769 actionem
1481 746 1645 769 assumere
1676 736 1756 768 sorte

1013 791 1223 833 contingeret,
1247 791 1518 834 quandocumque
1537 801 1612 822 vero
1630 800 1755 823 succes-

1012 855 1101 878 sores
1121 844 1169 878 sui
1190 843 1359 888 praedicti,
1383 843 1448 882 sive
1469 843 1512 883 is,
1532 842 1585 886 qui
1607 842 1757 876 dominus

1012 897 1215 931 Comutaviae
1237 898 1328 937 foret,
1359 896 1391 929 id
1412 896 1499 939 quod
1516 895 1668 928 scribitur
1684 900 1756 928 actu

1012 952 1119 984 forent
1140 950 1289 994 exequuti
1306 977 1312 990 ,
1337 961 1373 983 ac
1393 949 1511 982 rectori
1532 954 1562 981 et
1582 947 1756 991 collegiali-

1012 1005 1070 1037 bus
1091 1003 1276 1037 huiusmodi
1297 1004 1392 1044 bona,
1417 1008 1452 1036 nt
1467 1003 1658 1046 praefertur,
1682 1012 1752 1034 me-

1011 1063 1137 1091 morato
1158 1057 1261 1101 pretio
1288 1062 1397 1100 empta
1417 1055 1666 1097 consignarent,
1687 1060 1752 1088 tum

1011 1110 1142 1154 quidem
1157 1110 1232 1144 dieti
1254 1115 1361 1142 rector
1374 1114 1402 1142 et
1422 1109 1604 1150 collegiales
1625 1107 1754 1149 obligati

1010 1175 1078 1197 esse
1100 1164 1256 1197 deberent
1276 1163 1315 1195 ab
1344 1161 1509 1205 occupatis
1529 1171 1587 1204 per
1607 1171 1753 1193 camera-

1009 1217 1092 1250 rium
1119 1217 1244 1255 cedere,
1269 1227 1305 1249 ac
1326 1216 1410 1248 bona
1431 1219 1539 1258 empta
1558 1213 1598 1247 ad
1615 1224 1649 1246 se
1670 1213 1753 1247 reci-

1008 1282 1096 1314 pere,
1114 1271 1192 1303 citra
1205 1280 1335 1302 omnem
1349 1268 1580 1307 conditionem,
1601 1267 1688 1300 salva
1698 1266 1757 1299 iin-

1008 1335 1181 1368 pensarum
1202 1334 1260 1367 per
1280 1322 1366 1366 ipsos
1385 1327 1544 1355 rectorem
1559 1325 1590 1353 et
1602 1320 1755 1362 collegia-

1009 1379 1053 1411 les
1075 1379 1232 1411 factarum
1254 1376 1285 1408 in
1307 1374 1480 1409 iuridicuin
1498 1384 1685 1418 processum
1707 1384 1756 1406 re-

1008 1430 1182 1470 stitutione,
1207 1440 1290 1473 quae
1311 1429 1407 1462 etiam
1429 1426 1670 1461 concessionem
1692 1437 1752 1460 an-

1008 1484 1087 1517 teire
1105 1483 1254 1523 deberet;
1279 1483 1367 1526 quod
1387 1481 1447 1514 nisi
1469 1485 1691 1525 praestarent,
1716 1480 1754 1513 li-

1007 1537 1121 1570 berum
1143 1547 1211 1569 esse
1232 1536 1377 1576 domino,
1401 1534 1455 1579 qui
1477 1534 1539 1567 illis
1559 1534 1644 1567 bona
1670 1533 1755 1566 iuxta

1008 1591 1209 1624 conditiones
1218 1588 1431 1634 praescriptas
1440 1587 1676 1632 procuravisset
1685 1587 1754 1619 iure

1008 1644 1104 1678 simili
1118 1655 1176 1688 per
1196 1641 1411 1676 camerarium
1429 1653 1447 1674 a
1469 1640 1586 1674 tabulis
1599 1640 1689 1683 regni
1702 1651 1754 1673 ac-

1008 1703 1112 1741 cepto,
1138 1708 1192 1730 eos
1213 1696 1252 1729 ab
1273 1694 1437 1738 occupatis
1461 1693 1631 1737 expellere,
1653 1698 1684 1726 et
1707 1698 1754 1725 to-

1008 1756 1075 1784 tum
1103 1749 1285 1783 dominium
1314 1748 1354 1780 ad
1387 1757 1421 1780 se
1450 1747 1617 1790 recipere,
1648 1756 1754 1790 neque

1008 1804 1103 1837 etiam
1130 1803 1162 1836 id
1188 1802 1451 1847 praetermissum
1473 1811 1541 1834 esse
1560 1799 1682 1840 voluit,
1705 1799 1750 1832 si-

1007 1857 1138 1901 quidem
1167 1868 1240 1890 cum
1269 1862 1395 1900 tempus
1415 1855 1571 1887 habentes
1595 1863 1750 1886 nonnun-

1007 1922 1103 1955 quam
1131 1910 1266 1944 consilia
1291 1915 1322 1942 et
1342 1914 1431 1942 actus
1462 1912 1586 1940 mutare
1606 1907 1749 1945 soleant,

1007 1964 1133 2009 quodsi
1147 1964 1172 1997 is
1187 1964 1269 1997 forte
1290 1973 1327 1996 ex
1347 1962 1412 1996 suis
1431 1959 1683 2000 successoribus,
1698 1959 1752 2003 qui

1006 2018 1211 2062 presbyteros
1240 2022 1271 2050 et
1291 2016 1426 2050 elericos
1455 2014 1555 2059 ipsius
1585 2013 1752 2047 Societatis

1006 2071 1258 2106 Comutaviensis
1289 2069 1480 2113 expulisset,
1505 2072 1560 2100 aut
1579 2066 1659 2099 alius
1679 2072 1751 2110 post

1007 2126 1112 2169 ipsum
1133 2124 1285 2158 dominus
1301 2121 1505 2157 Comutaviae
1525 2120 1657 2154 eosdem
1680 2130 1751 2152 rur-

1006 2189 1059 2212 sus
1078 2177 1295 2212 Comutaviam
1322 2186 1472 2209 revocare
1498 2174 1611 2213 vellet,
1642 2172 1698 2206 ubi
1719 2172 1751 2206 id

1006 2231 1068 2264 illis
1092 2231 1276 2264 intimatum
1295 2230 1387 2267 foret,
1411 2234 1442 2261 et
1462 2229 1502 2261 de
1522 2228 1617 2271 plana
1634 2237 1670 2259 ae
1687 2226 1751 2259 sin-

1006 2295 1079 2317 cera
1091 2285 1254 2317 voluntate
1267 2288 1426 2322 constare,
1441 2286 1471 2314 et
1482 2287 1558 2314 tunc
1579 2280 1661 2313 intra
1675 2290 1750 2313 een-

1006 2343 1073 2370 ttnn
1094 2348 1195 2370 annos
1213 2337 1273 2381 ipsi
1294 2335 1470 2380 presbyteri
1492 2340 1523 2367 et
1547 2333 1655 2367 clerici
1672 2332 1751 2366 citra

1006 2400 1136 2423 omnem
1157 2389 1447 2423 contradictionem
1466 2388 1506 2420 ad
1531 2387 1610 2420 illud
1633 2386 1750 2419 Comu-

1007 2443 1146 2476 taviense
1155 2443 1326 2485 collegium
1339 2441 1445 2475 redire
1457 2445 1653 2479 tenerentur,
1664 2440 1751 2483 quod

1005 2497 1135 2540 quidem
1157 2496 1329 2538 collegium
1350 2495 1376 2528 is
1396 2506 1433 2527 ex
1454 2493 1604 2540 dominis,
1628 2492 1681 2537 qui
1696 2503 1750 2526 eos

1004 2555 1169 2583 revocaret
1189 2549 1250 2583 illis
1271 2550 1333 2582 tale
1353 2547 1491 2582 vicissim
1513 2547 1608 2592 quale
1628 2547 1667 2580 ab
1688 2547 1750 2580 illis

1004 2603 1152 2637 relietum
1182 2608 1264 2637 esset
1292 2613 1365 2636 cum
1397 2601 1547 2636 omnibus
1576 2600 1746 2641 censibus,

1773 208 1821 234 An.
1842 208 1868 234 C.
1892 208 1955 234 159AE
