2253 3195
293 225 342 252 Αιι.
363 224 392 252 c.
409 225 478 253 1596
522 216 587 251 302

303 1419 306 1421 -
327 1393 401 1415 ‚tt-utus
419 1396 471 1415 reci—

287 1421 358 1444 piendi
374 1425 471 1443 novitios.

322 2603 387 2625 Cnu·
403 2609 468 2624 ruer·

288 2632 335 2649 ult.

490 274 691 309 Reformatos
708 286 726 308 a
742 276 907 319 quibusvis
926 276 1232 309 excommunicatio-

490 328 550 367 nis,
561 328 779 372 suspensionis
795 334 826 362 et
845 329 1018 369 interdicti,
1029 329 1164 373 aliisque
1181 339 1232 362 ec-

491 382 673 415 clesiasticis
692 382 869 422 sententiis,
890 383 1035 416 censuris
1055 388 1086 416 et
1105 382 1228 426 poenis,

490 446 507 467 a
526 435 595 467 iure
616 435 663 468 vel
688 435 727 467 ab
752 435 896 476 homine,
925 435 1035 479 quavis
1063 435 1232 469 occasione

489 488 537 520 vel
557 498 652 521 causa
678 488 770 528 latis,
790 489 816 522 si
843 489 960 533 quibus
987 490 1233 533 quomodolibet

490 541 634 574 innodati
659 542 813 583 existunt,
836 543 877 576 ad
908 543 1057 577 effectum
1082 554 1232 587 praesen-

488 594 568 626 tium
581 595 745 628 dumtaxat
758 597 1032 640 consequendum,
1049 596 1163 629 harum
1184 608 1232 630 se-

488 647 534 680 rie
554 647 753 682 absolventes
773 654 805 682 et
823 649 988 683 absolutos
1008 650 1078 683 fore
1097 660 1231 684 censen-

490 706 545 739 tes,
558 701 847 744 supplicationibus
864 713 977 735 eorum
996 702 1128 736 nomine
1139 703 1232 737 nobis

487 753 653 787 humiliter
679 755 836 798 porrectis
861 755 1020 795 inclinati,
1043 756 1228 800 praeinser-

487 812 534 839 tas
562 806 709 849 Gregorii
737 809 803 842 xln
832 808 968 849 litteras,
1003 820 1040 842 ac
1069 810 1179 843 omnia
1199 810 1229 842 in

487 859 532 893 eis
552 866 702 894 contenta
726 861 833 903 (salvis
864 862 1108 896 limitationibns
1133 862 1230 896 infra-

486 913 657 957 scriptis),
687 914 726 947 ad
758 914 844 958 ipsos
871 915 996 949 Fratres
1032 916 1231 950 Reformatos

486 966 724 1010 provinciarum
745 967 1020 1011 supradictarum,
1041 969 1230 1003 auctoritate

487 1019 674 1063 apostolica,
698 1026 809 1054 tenore
826 1022 1057 1065 praesentium,
1074 1029 1230 1067 perpetuo

487 1073 688 1106 extendimus
707 1079 738 1106 et
757 1074 966 1118 ampliamus,
994 1086 1031 1108 ac
1057 1076 1231 1109 confirma-

486 1136 557 1159 mus
577 1132 607 1159 et
627 1127 856 1171 approbamus,
880 1134 910 1162 et
931 1139 991 1172 pro
1012 1130 1125 1163 maiori
1139 1141 1231 1174 prac-

486 1178 658 1212 missorum
679 1180 842 1221 firmitate,
866 1181 1028 1226 prioribus
1046 1183 1163 1216 nostris
1181 1184 1231 1217 lit-

486 1231 562 1265 teris
573 1233 922 1277 praedictis(quatenus
932 1235 962 1268 in
975 1235 1083 1280 aliquo
1090 1236 1230 1279 obstent)

487 1285 670 1329 specialiter
687 1292 717 1319 et
739 1297 887 1331 expresse
913 1288 1118 1331 derogamus.

533 1340 549 1381 ς
570 1337 601 1372 3.
626 1339 794 1373 Caeterum
821 1341 927 1384 quoad
951 1348 1048 1386 caput
1071 1343 1157 1376 circa
1181 1355 1230 1377 re-

487 1392 670 1435 cepti0nem
691 1393 887 1426 novitiorum
908 1405 967 1437 per
997 1396 1164 1429 custodem
1186 1397 1230 1430 fa-

486 1444 632 1478 ciendam
646 1473 653 1486 ,
677 1446 824 1479 volumus
844 1452 875 1480 et
895 1448 1069 1491 apostolica
1090 1450 1230 1483 auctori-

486 1504 549 1532 tate
577 1499 786 1533 concedimus
800 1527 807 1540 ‚
831 1506 866 1534 ut
886 1501 918 1534 in
939 1501 1032 1535 dictis
1056 1503 1229 1546 provinciis

486 1559 630 1592 tantum,
654 1564 878 1598 quoscumque
911 1555 1048 1588 novitios
1083 1556 1227 1590 habitum

485 1606 559 1639 dicti
580 1607 708 1640 Ordinis
728 1607 891 1651 suscipere
911 1608 1064 1648 volentes,
1078 1609 1118 1642 ad
1139 1609 1229 1642 habi-

484 1664 551 1692 tum
581 1659 764 1693 huiusmodi
800 1665 888 1693 extra
917 1661 1093 1704 capitulum
1124 1668 1229 1696 custo-

484 1711 578 1751 diale‚
603 1712 688 1745 iuxta
708 1713 844 1746 sormam
877 1714 1057 1747 litterarum
1089 1726 1107 1748 a
1136 1716 1229 1749 nobis

484 1765 642 1798 editarum
657 1766 716 1799 sub
726 1766 834 1800 datum
848 1767 898 1801 die
911 1778 928 1800 v
939 1768 1130 1811 septembris
1139 1779 1227 1803 iuncti

485 1818 515 1851 in
543 1819 682 1852 savorem
702 1820 872 1853 custodum
893 1826 924 1854 et
943 1821 1090 1854 Fratrum
1110 1822 1225 1856 Refor-

484 1877 645 1904 matorum
667 1872 742 1905 dicti
761 1871 898 1912 Ordinis,
916 1874 947 1906 in
962 1884 1062 1917 regno
1075 1875 1228 1909 Franciae

485 1924 699 1964 existentium,
723 1935 805 1969 quae
831 1926 1008 1970 incipiunt:
1034 1926 1169 1960 Ordinis
1180 1939 1229 1961 ve-

484 1978 693 2022 stre'rect'p¹·re
706 1978 845 2012 valeant.
856 1979 939 2018 Quas
947 1981 1078 2024 quidem
1093 1981 1224 2019 litteras,

486 2036 548 2063 tam
564 2031 669 2074 quoad
680 2032 866 2075 praemissa,
877 2043 974 2076 quam
985 2033 1091 2077 quoad
1105 2034 1228 2078 reliqua

486 2084 516 2117 in
538 2084 598 2117 illis
619 2090 780 2125 contenta,
798 2085 828 2118 in
843 2086 994 2119 omnibus
1007 2093 1036 2120 et
1053 2089 1228 2131 peromnia

484 2137 522 2170 ad
536 2137 665 2171 eosdem
687 2138 890 2172 Reformatos
915 2139 1074 2172 dictarum
1092 2141 1225 2184 provin-

483 2191 618 2229 ciarum,
635 2198 665 2224 et
683 2191 854 2225 cuiuslibet
874 2203 984 2225 earum
1011 2194 1224 2233 extendimus,

485 2245 617 2287 perinde
635 2256 671 2277 ae
691 2245 715 2277 si
739 2245 768 2278 in
800 2245 927 2278 illarum
957 2247 1096 2279 savorem
1123 2248 1228 2280 nomi—

485 2298 582 2331 natim
606 2299 710 2332 editae
733 2299 875 2332 fuissent.

530 2353 545 2391 ξ,
566 2351 596 2383 lo.
621 2351 731 2391 Quoad
747 2352 940 2385 monasteria
962 2353 1037 2396 ipsis
1058 2354 1225 2388 Reforma-

295 2407 423 2447 „„'¹¹'5,'¹·,
438 2408 468 2447 '.³.‡
486 2403 523 2436 tis
545 2405 763 2444 concedenda,
788 2405 936 2438 volumus
957 2412 988 2439 ut
1014 2407 1077 2440 sint
1097 2413 1170 2451 apta
1189 2408 1228 2441 ad

485 2455 654 2488 duodecim
685 2456 796 2489 saltem
824 2456 937 2489 fratres
967 2457 1169 2501 recipiendos
1199 2464 1229 2491 et

486 2509 681 2541 retinendos.

531 2563 545 2602 ᾗ
566 2560 594 2592 ἴ).
619 2562 707 2594 (iii-<ra
729 2563 977 2596 reservationem
1000 2574 1144 2602 casuum,
1163 2574 1228 2596 ser-

487 2619 576 2646 vetur
587 2614 750 2648 decretum
765 2626 783 2648 a
796 2616 888 2649 nobis
900 2627 998 2661 super
1011 2617 1072 2650 hoc
1091 2616 1224 2650 editum.

1073 228 1258 253 BULLAnmu
1277 228 1432 254 Romnum

1310 277 1325 319 ἓ
1345 275 1375 309 6.
1399 276 1511 316 Quoad
1530 282 1647 310 statuta
1666 283 1697 310 et
1725 278 1945 312 ordinationes
1968 278 2008 311 de

1266 335 1394 363 caetero
1414 330 1585 370 faciendas,
1601 330 1686 363 ultra
1703 341 1750 371 ea,
1765 341 1847 374 quae
1864 331 1896 364 in
1916 342 2008 375 prae-

1267 382 1359 415 dictis
1378 382 1524 425 Gregorii
1540 383 1655 416 litteris
1674 383 1899 427 disponuntur,
1919 385 2009 417 volu-

1267 446 1349 476 mus,
1371 442 1407 469 ut
1426 436 1515 469 nullo
1536 437 1634 470 modo
1654 436 1791 470 decretis
1814 447 1872 480 per
1890 448 1959 478 nos,
1976 438 2009 470 in

1266 495 1376 522 nostra
1396 488 1577 522 visitatione
1588 489 1682 523 Urbis
1695 489 1799 530 editis,
1815 500 1920 533 neque
1931 491 2009 524 alio-

1266 552 1339 575 rum
1359 542 1566 576 Summorum
1586 541 1790 583 Pontificum,
1814 543 2007 590 praedeces-

1266 605 1375 628 sorum
1390 601 1574 629 nostrorum
1590 595 1883 637 constitutionibus,
1900 595 2010 629 adver-

1265 654 1387 681 sentur.

1310 703 1327 743 g
1349 700 1378 734 7.
1395 701 1550 734 Volumus
1574 701 1670 735 etiam
1690 707 1725 734 ut
1745 701 1777 734 in
1802 701 1936 745 singulis
1956 712 2009 736 ca-

1265 871 1404 904 cumque
1431 861 1596 894 custodiae
1625 861 1737 894 saltem
1759 867 1840 902 tres,
1864 862 1919 905 qui
1945 872 2010 895 una

1266 923 1338 946 cum
1360 914 1503 954 custode,
1527 913 1746 947 admittendos
1774 914 1814 947 ad
1838 914 2008 958 praedica-

1267 967 1386 1000 tionem
1407 967 1494 1000 verbi
1514 967 1591 1008 Dei,
1614 968 1663 1000 vel
1683 967 1860 1001 audiendas
1885 969 2010 1002 confes-

1265 1021 1382 1061 siones,
1403 1021 1497 1054 etiam
1519 1021 1734 1065 ipsorummet
1754 1022 1900 1062 fratrum,
1915 1032 1952 1055 ac
1965 1021 2010 1055 le-

1265 1080 1370 1108 ctores
1387 1074 1534 1118 publicos
1559 1075 1655 1108 simul
1683 1075 1882 1115 examinent,
1905 1085 2011 1118 neque

1265 1134 1359 1160 antea
1371 1127 1412 1161 ad
1425 1127 1610 1161 huiusmodi
1626 1127 1805 1161 ministeria
1818 1128 2008 1168 exercenda,

1265 1181 1304 1213 ab
1331 1181 1440 1224 aliquo
1468 1181 1668 1224 probentur,
1699 1187 1754 1214 aut
1784 1181 2007 1214 admittantur.

1265 1234 1386 1267 Horum
1405 1233 1499 1266 etiam
1522 1244 1600 1267 cura
1619 1233 1659 1267 sit
1679 1233 1862 1267 examinare
1882 1239 1913 1267 et
1934 1244 2010 1278 pro·
2059 1248 2063 1251 ·

1266 1287 1352 1325 bare,
1365 1293 1429 1319 tam
1452 1287 1559 1330 quoad
1579 1286 1772 1327 doctrinam,
1787 1296 1883 1330 quam
1903 1287 2012 1330 quoad

1266 1351 1382 1380 mores,
1403 1340 1643 1384 promovendos
1660 1340 1700 1373 ad
1718 1350 1940 1384 quoscumque
1960 1351 2012 1374 ec·

1264 1393 1458 1427 clesiasticos
1489 1393 1630 1426 ordines.
1658 1393 1726 1432 Qua
1750 1393 1782 1426 in
1809 1404 1843 1426 re
1867 1399 2011 1427 servetur

1264 1447 1427 1480 decretum
1448 1446 1708 1489 congregationis
1727 1446 1939 1490 interpretum
1959 1455 2010 1480 sa-

1264 1500 1308 1533 cri
1329 1499 1462 1534 Concilii
1490 1499 1667 1533 Tridentini
1696 1509 1799 1543 nuper
1829 1499 1950 1533 editum
1980 1506 2012 1533 et

1264 1553 1516 1597 promulgatum.
1545 1552 1583 1586 Hi
1608 1563 1684 1586 vero
1713 1552 1948 1586 examinatores
1978 1552 2010 1586 in

1264 1605 1449 1640 huiusmodi
1470 1605 1576 1639 officio
1597 1604 1785 1639 confirmari
1802 1615 2010 1650 nequaquam

1264 1660 1397 1704 possint,
1423 1659 1481 1692 sed
1507 1659 1538 1692 in
1566 1659 1700 1701 singulis
1727 1659 1877 1703 capitulis
1903 1664 2010 1693 custo-

1264 1712 1401 1746 dialibus
1421 1712 1473 1745 alii
1494 1722 1623 1756 semper
1643 1712 1682 1746 de
1699 1722 1783 1745 novo
1803 1712 1843 1745 ad
1861 1711 1923 1746 hoc
1941 1722 2012 1746 mu-

1263 1776 1323 1799 nus
1343 1766 1531 1799 obeundum
1557 1765 1731 1808 eligantur.

1307 1820 1322 1863 ξ
1343 1819 1372 1852 8.
1396 1819 1426 1853 Si
1447 1819 1579 1863 quando
1605 1825 1712 1853 autem
1739 1819 1923 1863 praedictos
1943 1820 2007 1853 Re-

1265 1873 1416 1906 tot-matos
1437 1873 1591 1906 accedere
1612 1873 1781 1915 contigerit
1799 1874 1839 1907 ad
1860 1873 1931 1907 loca
1952 1874 2008 1907 ubi

1264 1926 1411 1970 proprias
1425 1926 1544 1960 liabent
1556 1927 1672 1960 domus
1688 1937 1743 1960 seu
1758 1933 1944 1968 conventus,
1955 1938 2010 1962 vo-

1265 1979 1384 2019 lumus,
1409 1985 1437 2012 et
1460 1979 1695 2024 praecipimus,
1719 1986 1753 2013 ut
1773 1980 1813 2014 ad
1834 1986 2010 2015 conventus

1263 2038 1293 2065 et
1318 2033 1434 2066 domus
1463 2032 1592 2066 illorum
1625 2033 1664 2066 de
1690 2033 1832 2074 familia,
1861 2044 1945 2077 quae
1976 2033 2008 2067 in

1263 2086 1384 2119 eisdem
1406 2087 1485 2120 locis
1505 2092 1611 2124 erunt,
1636 2086 1806 2126 divertere,
1830 2093 1886 2121 aut
1902 2087 2010 2132 hospi-

1264 2139 1323 2172 tari
1338 2140 1426 2172 nullo
1439 2140 1536 2173 modo
1546 2139 1677 2183 possint.
1689 2140 1902 2173 Decernentes
1915 2149 2009 2184 prae-

1265 2192 1359 2226 missa
1376 2192 1485 2226 omnia
1506 2199 1535 2226 et
1555 2192 1692 2235 singula,
1714 2198 1871 2236 perpetuo
1889 2192 2006 2232 valida,

1265 2246 1356 2278 firma
1369 2251 1399 2279 et
1413 2246 1555 2279 efficacia
1567 2256 1635 2279 esse
1656 2251 1687 2279 et
1708 2246 1788 2286 sore,
1804 2251 1833 2278 et
1849 2255 1906 2289 per
1917 2255 2010 2290 prae-

1264 2299 1366 2332 dit-tos
1387 2300 1513 2333 Fratres
1537 2299 1739 2333 Reformatos
1760 2305 1916 2343 perpetuo
1944 2299 2006 2333 ob-

1263 2352 1382 2386 servari
1401 2352 1529 2385 debere.

1308 2407 1324 2447 ς
1346 2406 1376 2438 9.
1401 2406 1586 2439 Praesentes
1607 2415 1736 2449 quoque
1757 2405 1897 2446 litteras,
1918 2405 2008 2440 nullo

1264 2464 1419 2501 tempore,
1443 2458 1483 2490 de
1502 2457 1720 2501 subreptionis
1738 2458 1786 2492 vel
1804 2458 2007 2502 obreptionis

1265 2511 1350 2550 vitio,
1374 2517 1427 2544 aut
1450 2511 1635 2544 intentionis
1656 2517 1784 2545 nostrae
1804 2512 1930 2546 defectu
1955 2522 2006 2545 ar-

1263 2564 1328 2606 gui,
1350 2564 1453 2597 notari
1480 2574 1536 2598 scu
1564 2564 1759 2608 impugnari,
1783 2571 1834 2599 aut
1855 2565 1916 2598 sul)
1936 2564 2007 2608 qui-

1264 2617 1370 2651 busvis
1391 2617 1660 2659 revocationibus,
1676 2617 1952 2663 suspensionibus,
1969 2617 2007 2651 li-

2021 229 2072 257 An.
2087 229 2116 257 C.
2137 230 2205 260 ¹590

2064 291 2156 313 Statuta.

2065 716 2127 737 Ratio
2150 716 2156 720 “
2190 717 2204 738 ⁸.

1265 754 1375 798 pitulis
1400 755 1653 795 custodialibus‚
1687 755 1810 799 aliquot
1839 766 1950 798 graves
1980 742 2205 800 θῑῖἕξέἑὴῗῗῗᾷρὲ

1265 807 1359 850 periti
1379 807 1438 840 viri
1463 807 1635 850 eligantur,
1659 818 1696 841 ex
1718 809 1870 842 fratribus
1901 809 2009 842 cuius-
2024 795 2162 843 3315th
2190 803 2204 814 ¹*

2047 1827 2164 1853 Divertere.
2190 1852 2193 1853 ⁷

2024 1853 2128 1884 hospitari
2137 1854 2166 1876 Ro
2180 1864 2182 1870 ·
2196 1873 2198 1877 .

2024 1882 2124 1902 matinen
2132 1879 2172 1902 deb

2024 1907 2087 1937 apud·
2097 1907 2172 1929 fratre!
2185 1902 2196 1923 π’

2024 1933 2111 1964 familia,
2125 1933 2146 1956 in
2157 1933 2172 1955 I·
2182 1939 2189 1948 -’

2023 2410 2135 2442 Clau-ulae
2145 2415 2159 2438 p
2198 2412 2202 2417 ’

2022 2443 2056 2460 σοι·
2060 2440 2148 2459 vnum.
