2253 3195
240 229 290 257 An.
311 229 340 258 c.
357 230 426 258 1596
472 220 536 254 288

257 2514 269 2530 k
292 2513 306 2532 Η
324 2513 410 2533 [stanu-

436 279 525 319 bere,
548 279 741 322 easdemque
758 282 944 321 piaesentes
957 277 1034 310 tibi
1027 287 1058 309 m
1077 276 1198 310 omni-

438 333 497 366 bus
523 339 551 365 et
582 343 640 376 per
665 331 773 364 omnia
794 330 962 373 suffragan
984 330 1113 371 debete,
1136 329 1197 362 il-

437 387 546 429 lasque
575 391 606 418 et
635 385 689 417 in
701 384 745 417 eis
775 389 927 417 ‹ontenta
955 394 1181 427 quaecumque

1023 229 1207 254 BULLARIUM
1227 228 1382 254 ROMANUM

1216 283 1319 316 tuum,
1343 287 1477 310 nomine
1495 283 1560 318 tuo
1584 277 1618 310 in
1637 279 1862 322 corpor,alem
1889 290 1960 313 rea-

1196 313 1278 379 lem
1297 336 1327 363 et
1357 331 1516 364 actualem
1536 331 1771 375 possessionem
1795 332 1892 366 officii
1905 343 1962 366 au-

1215 383 1393 423 ditor,atus
1417 390 1448 417 et
1467 394 1688 424 annexorum
1712 385 1908 430 iuriumque,
1931 391 1963 419 et

437 439 526 471 nullo
545 447 688 481 unquam
709 442 857 480 tempore
882 437 921 470 de
941 437 1178 481 subieptionis,
1197 436 1494 480 *pertinentiarum
1518 448 1555 471 ac
1579 437 1821 481 privilegiorum
1848 444 1880 472 et
1910 439 1959 472 sa-

436 492 483 524 vel
505 490 725 534 obreptionis,
756 494 811 523 aut
829 490 985 523 nullitatis
1004 490 1102 526 vitio,
1125 500 1182 523 seu

437 596 540 638 gnari,
564 596 746 637 invalidari,
767 602 822 629 aut
851 597 891 630 ad
923 596 1078 630 terminos
1103 596 1182 629 iuris

437 757 480 790 ris
509 763 564 790 aut
589 757 680 798 sacti,
704 757 753 790 vel
773 757 895 800 gratiae
920 758 1101 791 remedium
1123 757 1182 790 im-

436 811 566 854 petrari,
587 810 759 854 minusque
772 811 830 844 sub
845 811 1009 854 quibusvis
1027 811 1182 844 similium

436 865 485 897 vel
515 864 720 897 dissimilium
751 865 929 907 gratiarum
961 865 1179 898 revocationi·

436 917 506 957 bus,
519 917 795 961 suspensionibus,
810 917 1057 951 {imitationibus
1069 924 1100 951 et
1112 918 1182 952 aliis

436 971 606 1004 contrariis
633 971 899 1015 dispositionibus
928 972 1182 1015 compraehendi

435 1034 540 1068 posse,
563 1025 619 1058 sed
647 1035 777 1068 semper
796 1025 836 1058 ab
861 1025 923 1058 illis
954 1031 1101 1069 exceptas
1116 1053 1123 1066 ,
1153 1031 1184 1059 et

437 1077 564 1120 quoties
585 1077 658 1110 illae
679 1077 888 1117 emanabunt,
913 1078 1006 1111 toties
1023 1078 1055 1110 in
1076 1078 1182 1122 pristi-

436 1139 526 1169 num,
542 1136 571 1163 et
585 1141 672 1169 eum,
692 1130 724 1163 in
737 1141 802 1174 quo
815 1136 989 1174 antequam
1010 1131 1082 1164 illae
1096 1142 1183 1165 ema-
1199 1169 1200 1172 Ἴ

437 1189 562 1224 narent,
585 1190 687 1223 erant,
715 1189 832 1217 statum
854 1184 1015 1218 restitutas
1030 1212 1037 1224 ,
1062 1186 1182 1228 reposi-

437 1243 494 1275 tas,
518 1242 549 1270 et
568 1237 713 1281 plenarie
733 1237 955 1280 reintegratas‚
979 1248 1016 1270 ac
1037 1238 1076 1271 de
1099 1235 1201 1271 novo'

436 1300 615 1329 concessas,
632 1290 728 1323 etiam
738 1290 804 1324 ‘sub
821 1301 1027 1334 quacumque
1040 1291 1114 1324 data
1127 1302 1184 1335 per

439 1350 468 1376 te
489 1343 658 1386 eligenda,
682 1343 866 1388 validasque
887 1350 918 1377 et
937 1344 1082 1378 efficaces
1101 1354 1184 1378 sem-

435 1407 494 1441 per
518 1398 586 1430 sore
607 1403 635 1430 et
656 1408 736 1438 esse,
761 1397 891 1441 vimque
910 1398 1006 1431 validi
1027 1404 1058 1431 et
1079 1398 1184 1432 effica-

434 1450 479 1483 cis
505 1456 689 1484 contractus
719 1451 802 1484 inter
823 1462 897 1492 nos,
922 1457 951 1485 et
986 1451 1123 1491 Sedem‚
1147 1463 1183 1485 ac

434 1504 601 1537 Cameram
622 1504 803 1548 praedictas
824 1515 860 1537 ex
882 1514 955 1543 una,
973 1510 1001 1537 et
1025 1510 1053 1538 te
1074 1515 1110 1538 ex
1131 1505 1180 1538 al-

436 1563 502 1590 tera
524 1557 687 1601 partibus,
711 1557 771 1591 rite
790 1563 821 1591 et
847 1563 944 1593 recte.
968 1558 1040 1591 sacti
1062 1558 1131 1591 initi
1152 1564 1183 1592 et

434 1610 600 1654 stipulati,
623 1621 660 1644 ae
690 1611 786 1644 etiam
815 1611 890 1644 binc
920 1611 994 1645 inde
1025 1613 1180 1656 acceptati

434 1663 553 1697 hahere
583 1670 614 1697 et
637 1665 796 1704 obtinere,
817 1675 854 1698 ac
875 1665 1102 1699 inviolabiliter
1122 1666 1181 1699 ob-

434 1717 578 1757 servari,
606 1728 800 1761 semperque
827 1718 948 1751 validas
974 1724 1006 1752 et
1035 1718 1182 1753 efficaces

434 1771 588 1811 existere;
604 1771 715 1815 sicque
737 1782 794 1815 per
813 1782 1037 1816 quoscumque
1058 1773 1181 1807 iudices

434 1829 465 1856 et
484 1824 723 1858 commissarios
744 1824 839 1857 etiam
861 1826 892 1858 S.
916 1826 951 1858 R.
976 1826 1009 1859 E.
1033 1826 1180 1859 cardina-

436 1878 479 1910 les
513 1883 541 1910 et
570 1878 808 1918 camerarium,
832 1878 1000 1923 dictaeque
1029 1880 1179 1913 Gamerae

436 1930 658 1973 praesidentes
678 1937 704 1964 ct
729 1931 873 1971 clerico&
897 1942 932 1965 ac·
961 1932 1071 1976 palatii
1101 1943 1180 1977 apo-

434 1983 536 2016 stolici
558 1983 721 2018 auditores
739 1984 932 2028 praedictos,
949 1985 1074 2018 sublata
1088 1986 1134 2019 eis
1148 1992 1177 2019 et

434 2046 546 2069 eorum
583 2036 715 2070 cuilibet
747 2037 857 2081 quavis
889 2038 982 2071 aliter
1016 2038 1178 2072 iudicandi

435 2095 465 2121 ct
489 2089 720 2133 interpretandi
750 2091 899 2123 sau-uttam
919 2097 948 2124 et
970 2092 1176 2131 auctoritate,

436 2196 597 2235 locorum,
626 2197 760 2230 iudicari
790 2203 819 2230 et
841 2197 967 2230 deliniri
991 2198 1120 2238 debere,
1145 2210 1179 2231 ac

435 2248 561 2281 irritum
589 2255 620 2282 et
650 2249 744 2283 inane
772 2250 797 2282 si
827 2260 918 2283 secus
952 2261 1050 2295 super
1084 2251 1132 2284 bis
1164 2262 1180 2284 a

434 2312 609 2346 quoquam,
626 2303 737 2346 quavis
757 2304 959 2343 auctoritate,
976 2305 1113 2338 scienter
1134 2305 1180 2337 vel
1197 2310 1198 2319 ¹

436 2354 630 2395 ignoranter,
654 2357 826 2397 contigerit
850 2357 1010 2396 attentari,
1033 2358 1178 2391 anctori-

436 2414 498 2440 tats·
521 2415 550 2441 οι
572 2415 683 2443 tenore
705 2410 894 2454 praedictis,
916 2411 1132 2445 ‹tecm-nimus.

480 2464 494 2502 ,ξ
512 2464 541 2495 n.
559 2464 717 2501 Quocirca
736 2465 901 2508 praedicto
920 2465 1058 2498 ilenrico
1078 2465 1181 2499 cardi-

410 2516 498 2558 gnali
525 2522 552 2547 vt
579 2518 769 2554 ‹aunei-ario,
791 2529 849 2561 per
869 2518 1045 2562 apostolica
1062 2519 1181 2562 scripta

306 2573 327 2611 '¹¹
362 2574 419 2619 [32¹2
439 2574 526 2601 inotu
549 2569 628 2611 pari,
647 2571 854 2609 mandamus,
879 2578 1038 2614 qnatenus
1058 2583 1115 2615 per
1133 2582 1178 2609 se,
1216 2572 1317 2604 torma
1340 2571 1459 2605 servari
1489 2571 1606 2605 debere
1638 2571 1900 2616 disponentibus.
1922 2581 1960 2605 ao

1197 487 1371 530 Ϊουίιειιιιηι
1392 491 1645 534 piwaedictolum,
1668 501 1724 524 seu
1749 501 1840 535 quasi
1853 497 1963 524 aucto-

386 577 388 579 ,
436 543 622 576 intentionis
641 548 771 576 nostrae
791 543 917 576 defectu
934 543 1050 583 notaii,
1074 543 1199 586 impu-1

1216 543 1311 576 iitate
1336 549 1447 576 nostra
1474 543 1626 584 inducat,
1650 549 1681 577 et
1701 543 1851 578 defendat
1870 543 1964 577 indu-

1216 602 1315 637 ctum,
1343 600 1452 630 am'oto
1470 597 1584 631 exinde
1605 597 1751 641 quolibet
1768 597 1880 630 illicito
1901 597 1960 630 de-

437 649 560 689 reduci,
583 660 639 682 seu
657 649 690 682 in
711 649 771 689 ius,
792 650 840 683 vel
861 650 1112 683 controversiam
1132 643 1199 682 re?

437 703 554 743 vocari,
569 709 623 736 aut
643 703 796 737 adversus
815 714 868 737 eas
888 704 1117 748 quodcumque
1135 703 1182 736 iu-
1198 735 1199 738 ,

1216 655 1352 690 tentore,
1376 650 1496 683 faciens
1515 656 1560 689 te
1584 651 1633 684 vel
1653 661 1712 694 pro
1737 657 1778 691 te,
1801 660 1960 694 piocura—

1216 713 1285 736 iem
1306 703 1507 747 praedictum
1533 705 1572 737 ad
1603 703 1744 738 officium
1776 703 1963 737 huiusmodi

1217 757 1350 800 eiusque
1369 757 1508 790 liberum
1529 757 1729 799 exercitium,
1751 768 1878 791 necnon
1898 757 1960 791 ho-

1216 821 1332 851 nores,
1356 821 1455 844 onera
1470 838 1477 851 ‚
1500 811 1617 848 ,salaria
1631 839 1639 851 ‚
1662 810 1805 853 regalia,
1834 811 1904 844 iura
1933 817 1963 844 et

1216 864 1436 897 emolumenta
1456 864 1488 906 in
1517 864 1617 908 ipsius
1645 864 1767 898 Camilli
1793 863 1965 898 cardinalis

1216 917 1324 950 locum
1345 916 1491 957 admitti,
1514 917 1638 961 tibique
1665 917 1705 951 de
1735 917 1964 951 emolumentis

1216 976 1247 1003 et
1267 970 1337 1003 aliis
1361 970 1545 1014 praedictis,
1574 976 1608 1004 ut
1636 981 1749 1015 supra,
1771 970 1894 1013 integre
1914 981 1965 1004 re»-

1198 1023 1381 1067 ¹sponderi.
1405 1023 1681 1064 Contradictores‚
1711 1023 1796 1057 dicta
1825 1023 1965 1057 auctori-

1216 1082 1279 1110 tate
1299 1082 1420 1117 nostra,
1435 1077 1651 1121 appellatione
1670 1077 1858 1121 postposita,
1874 1087 1964 1110 com-

1217 1130 1390 1174 pescendo.

1263 1186 1279 1226 g
1299 1182 1351 1216 10.
1375 1184 1444 1217 Non
1476 1184 1681 1218 obstantibus
1703 1184 1903 1229 praemissis,
1926 1195 1964 1218 ac

1218 1237 1356 1275 nostris,
1379 1243 1538 1281 quatenus
1562 1248 1643 1282 opus
1670 1237 1732 1279 sit,
1756 1238 1795 1271 de
1816 1248 1882 1272 non
1903 1238 1964 1272 tol-

1218 1290 1314 1323 lendo
1335 1290 1404 1323 iure
1426 1290 1582 1334 quaesito,
1603 1301 1662 1325 nec
1679 1301 1744 1325 non
1764 1290 1965 1325 revocatoria

1219 1343 1404 1376 facultatum
1418 1343 1618 1388 percipiendi
1630 1343 1770 1388 pretium
1782 1343 1963 1378 officiorum

1218 1397 1321 1431 dictae
1345 1397 1478 1437 Curiae,
1503 1403 1534 1430 et
1558 1397 1668 1440 gratiis
1699 1398 1740 1431 ad
1769 1397 1870 1431 instar
1899 1407 1964 1431 non

1218 1450 1456 1491 concedendis,
1479 1450 1615 1495 aliisque
1641 1451 1852 1485 cancellariae
1879 1461 1962 1495 apo-

1217 1504 1349 1538 stolicae
1369 1504 1500 1547 regulis,
1528 1504 1623 1538 etiam
1645 1515 1703 1549 per
1722 1515 1792 1545 nos,
1815 1515 1852 1538 ac
1871 1514 1966 1549 prae-

1217 1558 1402 1592 decessores
1424 1564 1455 1591 et
1475 1568 1677 1592 successores
1701 1564 1831 1592 nostros
1846 1558 1965 1592 Roma-

1216 1621 1274 1644 nos
1305 1611 1477 1644 Pontifices
1508 1621 1750 1656 quoscumque,
1775 1611 1960 1656 quomodo-

1216 1675 1355 1708 cumque
1373 1670 1404 1698 et
1425 1665 1699 1709 quandocumque
1711 1664 1805 1699 editis
1818 1671 1849 1699 et
1862 1664 1962 1699 eden-

1216 1718 1274 1758 dis,
1302 1724 1334 1751 et
1352 1718 1448 1751 etiam
1469 1718 1604 1762 praefati
1630 1718 1676 1752 Pii
1702 1718 1742 1752 1v
1773 1719 1963 1763 praedeces-

1215 1771 1312 1810 soris,
1336 1772 1423 1815 quod
1445 1771 1634 1815 privilegia,
1659 1771 1904 1813 concessiones,
1933 1777 1965 1806 et

1215 1823 1339 1857 indulta
1351 1825 1502 1858 Gamerae
1522 1825 1706 1869 praedictae
1726 1824 1962 1869 praeiudicium

1215 1877 1458 1920 quomodolibet
1492 1878 1722 1911 concernentia
1737 1905 1744 1918 ,
1768 1878 1800 1911 in
1827 1878 1962 1913 Camera

1215 1931 1378 1973 praedicta
1397 1930 1479 1964 intra
1496 1937 1621 1964 certum
1641 1937 1766 1975 tempus
1783 1931 1959 1975 registrari,

1216 1984 1369 2024 intimari,
1395 1984 1549 2018 insinuari
1572 1991 1603 2018 et
1623 1985 1783 2019 notificari
1809 1985 1958 2019 debeant.

1214 2038 1311 2077 ltem,
1332 2038 1418 2081 qnod
1440 2044 1623 2082 praesentes
1643 2044 1768 2072 nostras
1787 2038 1910 2073 litteras
1930 2038 1961 2072 in

1196 2091 1326 2126 ¹eadem
1355 2091 1489 2124 Camera
1516 2092 1606 2125 nullo
1639 2102 1781 2136 unquam
1813 2097 1958 2136 tempore

437 2142 466 2174 in
492 2143 603 2186 quavis
633 2154 728 2177 eausa
753 2150 783 2177 et
813 2144 962 2178 instantia
988 2155 1024 2177 ac
1060 2138 1198 2189 ubique¹

1214 2151 1431 2188 praesentare,
1457 2145 1618 2181 intimare.
1638 2145 1805 2180 notificare
1826 2152 1857 2180 et
1878 2144 1962 2188 regi-

1215 2204 1316 2231 strare
1338 2199 1456 2238 facere,
1479 2209 1516 2232 ac
1537 2199 1699 2233 insinuare
1721 2199 1876 2239 tenearis,
1899 2198 1960 2232 nisi

1215 2257 1243 2284 et
1277 2251 1408 2295 quando
1438 2251 1492 2284 tibi
1524 2251 1706 2291 videbitur,
1731 2262 1767 2285 ac
1796 2250 1962 2295 quibusvis

1216 2303 1286 2337 aliis
1322 2304 1608 2338 constitutionibus
1638 2310 1669 2337 et
1704 2304 1962 2338 ordinationibus

1216 2358 1411 2401 apostolicis,
1432 2358 1528 2391 etiam
1553 2358 1593 2391 de
1614 2358 1709 2391 rebus
1729 2364 1760 2391 et
1780 2357 1874 2392 bonis
1893 2357 1956 2392 Ec-

1216 2411 1332 2444 clesiae
1371 2417 1402 2444 et
1439 2412 1590 2445 Gamerae
1625 2411 1863 2456 praedictarum
1896 2421 1960 2446 non

1215 2464 1404 2504 alienandis,
1428 2475 1464 2497 ac
1490 2464 1520 2497 in
1542 2464 1669 2497 illarum
1697 2465 1907 2506 alienatione,
1930 2469 1962 2499 et

1215 2529 1270 2551 seu
1301 2518 1507 2551 concessione
1540 2524 1642 2551 certas
1677 2518 1897 2553 solemnitates
1929 2523 1959 2552 et

439 2621 484 2654 vel
506 2621 615 2660 alium,
632 2633 686 2655 scu
702 2623 781 2656 alios
802 2630 842 2661 te,
867 2625 913 2657 vel
935 2631 1179 2668 procuratorem
1215 2624 1326 2658 Curiae
1345 2630 1374 2657 ct
1396 2624 1504 2668 palatii
1525 2625 1606 2668 stylo
1620 2651 1627 2665 ,
1648 2635 1706 2659 nec
1726 2635 1791 2658 non
1816 2623 1909 2658 Urbis
1928 2629 1959 2658 et

1974 230 2024 258 An.
2045 230 2073 258 C.
2089 231 2156 262 ¹59⁵
2182 268 2185 269 ⁷

2005 1196 2097 1226 Βρομί
2112 1193 2159 1218 σοι’

1978 1225 2058 1244 trariis.
