<?xml version="1.0" encoding="UTF-8"?>
<!DOCTYPE html PUBLIC "-//W3C//DTD XHTML 1.0 Transitional//EN"
    "http://www.w3.org/TR/xhtml1/DTD/xhtml1-transitional.dtd">
<html xmlns="http://www.w3.org/1999/xhtml" xml:lang="en" lang="en">
 <head>
  <title>
</title>
<meta http-equiv="Content-Type" content="text/html;charset=utf-8" />
  <meta name='ocr-system' content='tesseract 3.04.00' />
  <meta name='ocr-capabilities' content='ocr_page ocr_carea ocr_par ocr_line ocrx_word'/>
</head>
<body>
  <div class='ocr_page' id='page_1' title='image "./bullarumdiplomat10cath_0143.png"; bbox 0 0 2253 3195; ppageno 0'>
   <div class='ocr_carea' id='block_1_1' title="bbox 0 0 66 3195">
    <p class='ocr_par' dir='ltr' id='par_1_1' title="bbox 0 0 66 3195">
     <span class='ocr_line' id='line_1_1' title="bbox 0 0 66 3195; baseline 0 0"><span class='ocrx_word' id='word_1_1' title='bbox 0 0 66 3195; x_wconf 95' lang='lat' dir='ltr'> </span> 
     </span>
    </p>
   </div>
   <div class='ocr_carea' id='block_1_2' title="bbox 64 184 248 214">
    <p class='ocr_par' dir='ltr' id='par_1_2' title="bbox 64 184 248 214">
     <span class='ocr_line' id='line_1_2' title="bbox 64 184 248 214; baseline -0.011 0"><span class='ocrx_word' id='word_1_2' title='bbox 64 187 111 214; x_wconf 79' lang='lat' dir='ltr'>An.</span> <span class='ocrx_word' id='word_1_3' title='bbox 128 185 156 213; x_wconf 86' lang='lat' dir='ltr'>C.</span> <span class='ocrx_word' id='word_1_4' title='bbox 182 184 248 213; x_wconf 63' lang='lat'>¹594</span> 
     </span>
    </p>
   </div>
   <div class='ocr_carea' id='block_1_3' title="bbox 65 1517 251 1619">
    <p class='ocr_par' dir='ltr' id='par_1_3' title="bbox 65 1517 251 1619">
     <span class='ocr_line' id='line_1_3' title="bbox 88 1517 249 1545; baseline -0.006 -6"><span class='ocrx_word' id='word_1_5' title='bbox 88 1517 167 1545; x_wconf 78' lang='lat' dir='ltr'>Sicque</span> <span class='ocrx_word' id='word_1_6' title='bbox 177 1518 198 1538; x_wconf 88' lang='lat' dir='ltr'>in</span> <span class='ocrx_word' id='word_1_7' title='bbox 208 1519 249 1538; x_wconf 85' lang='lat' dir='ltr'>sin-</span> 
     </span>
     <span class='ocr_line' id='line_1_4' title="bbox 65 1544 251 1571; baseline -0.005 -5"><span class='ocrx_word' id='word_1_8' title='bbox 65 1544 118 1571; x_wconf 65' lang='lat' dir='ltr'>gulis</span> <span class='ocrx_word' id='word_1_9' title='bbox 140 1544 251 1565; x_wconf 82' lang='lat' dir='ltr'>tribunali-</span> 
     </span>
     <span class='ocr_line' id='line_1_5' title="bbox 65 1571 250 1592; baseline 0 0"><span class='ocrx_word' id='word_1_10' title='bbox 65 1572 104 1592; x_wconf 77' lang='lat' dir='ltr'>lms</span> <span class='ocrx_word' id='word_1_11' title='bbox 114 1571 250 1592; x_wconf 81' lang='lat' dir='ltr'>iudicandum</span> 
     </span>
     <span class='ocr_line' id='line_1_6' title="bbox 66 1597 192 1619; baseline -0.008 0"><span class='ocrx_word' id='word_1_12' title='bbox 66 1604 112 1619; x_wconf 72' lang='lat' dir='ltr'>esse</span> <span class='ocrx_word' id='word_1_13' title='bbox 126 1597 192 1619; x_wconf 81' lang='lat' dir='ltr'>iubet.</span> 
     </span>
    </p>
   </div>
   <div class='ocr_carea' id='block_1_4' title="bbox 72 2213 256 2341">
    <p class='ocr_par' dir='ltr' id='par_1_4' title="bbox 72 2213 256 2341">
     <span class='ocr_line' id='line_1_7' title="bbox 97 2213 254 2234; baseline 0 0"><span class='ocrx_word' id='word_1_14' title='bbox 97 2213 153 2234; x_wconf 80' lang='lat' dir='ltr'>Loca</span> <span class='ocrx_word' id='word_1_15' title='bbox 172 2213 254 2234; x_wconf 80' lang='lat' dir='ltr'>noviter</span> 
     </span>
     <span class='ocr_line' id='line_1_8' title="bbox 72 2239 254 2266; baseline 0 -6"><span class='ocrx_word' id='word_1_16' title='bbox 72 2239 170 2266; x_wconf 74' lang='lat' dir='ltr'>erigenda</span> <span class='ocrx_word' id='word_1_17' title='bbox 182 2242 202 2261; x_wconf 83' lang='lat' dir='ltr'>et</span> <span class='ocrx_word' id='word_1_18' title='bbox 212 2240 254 2261; x_wconf 83' lang='lat' dir='ltr'>iam</span> 
     </span>
     <span class='ocr_line' id='line_1_9' title="bbox 72 2269 254 2287; baseline 0.005 -1"><span class='ocrx_word' id='word_1_19' title='bbox 72 2269 143 2287; x_wconf 78' lang='lat' dir='ltr'>erecta</span> <span class='ocrx_word' id='word_1_20' title='bbox 192 2272 254 2287; x_wconf 83' lang='lat' dir='ltr'>unum</span> 
     </span>
     <span class='ocr_line' id='line_1_10' title="bbox 72 2293 255 2314; baseline 0.005 -1"><span class='ocrx_word' id='word_1_21' title='bbox 72 2295 161 2314; x_wconf 82' lang='lat' dir='ltr'>montem</span> <span class='ocrx_word' id='word_1_22' title='bbox 178 2293 255 2314; x_wconf 86' lang='lat' dir='ltr'>cousti-</span> 
     </span>
     <span class='ocr_line' id='line_1_11' title="bbox 72 2319 256 2341; baseline 0.005 -2"><span class='ocrx_word' id='word_1_23' title='bbox 72 2320 130 2340; x_wconf 80' lang='lat' dir='ltr'>tuere</span> <span class='ocrx_word' id='word_1_24' title='bbox 154 2319 256 2341; x_wconf 72' lang='lat' dir='ltr'>declarat.</span> 
     </span>
    </p>
   </div>
   <div class='ocr_carea' id='block_1_5' title="bbox 261 181 1024 2418">
    <p class='ocr_par' dir='ltr' id='par_1_5' title="bbox 261 181 1024 1442">
     <span class='ocr_line' id='line_1_12' title="bbox 879 181 1024 207; baseline 0 -1"><span class='ocrx_word' id='word_1_25' title='bbox 879 181 1024 207; x_wconf 66' lang='lat' dir='ltr'>CLEMENS</span> 
     </span>
     <span class='ocr_line' id='line_1_13' title="bbox 263 231 1003 275; baseline -0.004 -9"><span class='ocrx_word' id='word_1_26' title='bbox 263 232 450 266; x_wconf 74' lang='lat' dir='ltr'>thesaurarii</span> <span class='ocrx_word' id='word_1_27' title='bbox 479 232 637 275; x_wconf 72' lang='lat' dir='ltr'>generalis</span> <span class='ocrx_word' id='word_1_28' title='bbox 658 231 801 265; x_wconf 77' lang='lat' dir='ltr'>facienda</span> <span class='ocrx_word' id='word_1_29' title='bbox 831 237 857 263; x_wconf 87' lang='lat' dir='ltr'>et</span> <span class='ocrx_word' id='word_1_30' title='bbox 884 231 1003 264; x_wconf 85' lang='lat' dir='ltr'>instru-</span> 
     </span>
     <span class='ocr_line' id='line_1_14' title="bbox 264 285 1007 330; baseline -0.004 -11"><span class='ocrx_word' id='word_1_31' title='bbox 264 293 373 320; x_wconf 85' lang='lat' dir='ltr'>menta</span> <span class='ocrx_word' id='word_1_32' title='bbox 387 287 524 330; x_wconf 76' lang='lat' dir='ltr'>desuper</span> <span class='ocrx_word' id='word_1_33' title='bbox 541 286 745 323; x_wconf 82' lang='lat' dir='ltr'>celebranda,</span> <span class='ocrx_word' id='word_1_34' title='bbox 763 296 835 318; x_wconf 88' lang='lat' dir='ltr'>cum</span> <span class='ocrx_word' id='word_1_35' title='bbox 857 285 1007 318; x_wconf 87' lang='lat' dir='ltr'>omnibus</span> 
     </span>
     <span class='ocr_line' id='line_1_15' title="bbox 264 340 1003 382; baseline -0.005 -9"><span class='ocrx_word' id='word_1_36' title='bbox 264 340 294 372; x_wconf 90' lang='lat' dir='ltr'>in</span> <span class='ocrx_word' id='word_1_37' title='bbox 315 340 375 373; x_wconf 87' lang='lat' dir='ltr'>illis</span> <span class='ocrx_word' id='word_1_38' title='bbox 393 340 562 380; x_wconf 86' lang='lat' dir='ltr'>contentis,</span> <span class='ocrx_word' id='word_1_39' title='bbox 579 351 614 373; x_wconf 78' lang='lat' dir='ltr'>ex</span> <span class='ocrx_word' id='word_1_40' title='bbox 634 350 730 379; x_wconf 80' lang='lat' dir='ltr'>nunc,</span> <span class='ocrx_word' id='word_1_41' title='bbox 749 345 840 382; x_wconf 89' lang='lat' dir='ltr'>prout</span> <span class='ocrx_word' id='word_1_42' title='bbox 861 350 896 371; x_wconf 79' lang='lat' dir='ltr'>cx</span> <span class='ocrx_word' id='word_1_43' title='bbox 918 345 1003 376; x_wconf 70' lang='lat' dir='ltr'>tunc,</span> 
     </span>
     <span class='ocr_line' id='line_1_16' title="bbox 264 392 1003 437; baseline -0.003 -13"><span class='ocrx_word' id='word_1_44' title='bbox 264 400 434 437; x_wconf 88' lang='lat' dir='ltr'>postquam</span> <span class='ocrx_word' id='word_1_45' title='bbox 458 394 537 426; x_wconf 84' lang='lat' dir='ltr'>sacta</span> <span class='ocrx_word' id='word_1_46' title='bbox 558 399 587 426; x_wconf 94' lang='lat' dir='ltr'>et</span> <span class='ocrx_word' id='word_1_47' title='bbox 609 393 770 426; x_wconf 73' lang='lat' dir='ltr'>celebrum</span> <span class='ocrx_word' id='word_1_48' title='bbox 789 392 917 429; x_wconf 74' lang='lat' dir='ltr'>suerint,</span> <span class='ocrx_word' id='word_1_49' title='bbox 945 402 1003 423; x_wconf 82' lang='lat' dir='ltr'>:m-</span> 
     </span>
     <span class='ocr_line' id='line_1_17' title="bbox 264 445 1006 490; baseline -0.004 -11"><span class='ocrx_word' id='word_1_50' title='bbox 264 447 409 481; x_wconf 83' lang='lat' dir='ltr'>ctoritate</span> <span class='ocrx_word' id='word_1_51' title='bbox 431 453 458 480; x_wconf 84' lang='lat' dir='ltr'>ct</span> <span class='ocrx_word' id='word_1_52' title='bbox 482 453 592 480; x_wconf 87' lang='lat' dir='ltr'>tenore</span> <span class='ocrx_word' id='word_1_53' title='bbox 614 445 810 490; x_wconf 80' lang='lat' dir='ltr'>praemissis,</span> <span class='ocrx_word' id='word_1_54' title='bbox 836 446 1006 478; x_wconf 80' lang='lat' dir='ltr'>eontirma-</span> 
     </span>
     <span class='ocr_line' id='line_1_18' title="bbox 264 498 1007 544; baseline -0.003 -11"><span class='ocrx_word' id='word_1_55' title='bbox 264 512 334 533; x_wconf 87' lang='lat' dir='ltr'>mus</span> <span class='ocrx_word' id='word_1_56' title='bbox 355 507 382 534; x_wconf 78' lang='lat' dir='ltr'>et</span> <span class='ocrx_word' id='word_1_57' title='bbox 404 501 633 544; x_wconf 87' lang='lat' dir='ltr'>approbamus,</span> <span class='ocrx_word' id='word_1_58' title='bbox 656 510 691 531; x_wconf 85' lang='lat' dir='ltr'>ac</span> <span class='ocrx_word' id='word_1_59' title='bbox 713 498 928 542; x_wconf 81' lang='lat' dir='ltr'>praesentium</span> <span class='ocrx_word' id='word_1_60' title='bbox 951 508 1007 531; x_wconf 90' lang='lat' dir='ltr'>no-</span> 
     </span>
     <span class='ocr_line' id='line_1_19' title="bbox 262 551 1003 591; baseline -0.004 -5"><span class='ocrx_word' id='word_1_61' title='bbox 262 559 398 586; x_wconf 87' lang='lat' dir='ltr'>strarum</span> <span class='ocrx_word' id='word_1_62' title='bbox 414 554 593 586; x_wconf 81' lang='lat' dir='ltr'>litterarum</span> <span class='ocrx_word' id='word_1_63' title='bbox 609 551 787 584; x_wconf 79' lang='lat' dir='ltr'>munimine</span> <span class='ocrx_word' id='word_1_64' title='bbox 802 551 1003 591; x_wconf 68' lang='lat' dir='ltr'>roboramus,</span> 
     </span>
     <span class='ocr_line' id='line_1_20' title="bbox 262 604 1005 650; baseline -0.003 -12"><span class='ocrx_word' id='word_1_65' title='bbox 262 617 438 650; x_wconf 86' lang='lat' dir='ltr'>omnesque</span> <span class='ocrx_word' id='word_1_66' title='bbox 470 612 497 639; x_wconf 79' lang='lat' dir='ltr'>et</span> <span class='ocrx_word' id='word_1_67' title='bbox 530 605 684 645; x_wconf 64' lang='lat' dir='ltr'>sing-utos,</span> <span class='ocrx_word' id='word_1_68' title='bbox 710 612 772 637; x_wconf 89' lang='lat' dir='ltr'>tam</span> <span class='ocrx_word' id='word_1_69' title='bbox 796 604 886 643; x_wconf 84' lang='lat' dir='ltr'>iuris,</span> <span class='ocrx_word' id='word_1_70' title='bbox 911 614 1005 648; x_wconf 89' lang='lat' dir='ltr'>quam</span> 
     </span>
     <span class='ocr_line' id='line_1_21' title="bbox 261 658 1007 700; baseline -0.004 -8"><span class='ocrx_word' id='word_1_71' title='bbox 261 659 345 700; x_wconf 83' lang='lat' dir='ltr'>facti,</span> <span class='ocrx_word' id='word_1_72' title='bbox 369 671 405 692; x_wconf 84' lang='lat' dir='ltr'>ac</span> <span class='ocrx_word' id='word_1_73' title='bbox 426 660 521 692; x_wconf 83' lang='lat' dir='ltr'>ctiam</span> <span class='ocrx_word' id='word_1_74' title='bbox 542 659 779 693; x_wconf 85' lang='lat' dir='ltr'>solemnitatum</span> <span class='ocrx_word' id='word_1_75' title='bbox 808 658 913 691; x_wconf 81' lang='lat' dir='ltr'>forsan</span> <span class='ocrx_word' id='word_1_76' title='bbox 934 658 1007 690; x_wconf 89' lang='lat' dir='ltr'>sub-</span> 
     </span>
     <span class='ocr_line' id='line_1_22' title="bbox 261 711 1006 756; baseline -0.005 -10"><span class='ocrx_word' id='word_1_77' title='bbox 261 712 456 746; x_wconf 83' lang='lat' dir='ltr'>stantialium</span> <span class='ocrx_word' id='word_1_78' title='bbox 485 712 728 756; x_wconf 74' lang='lat' dir='ltr'>quomodolibet</span> <span class='ocrx_word' id='word_1_79' title='bbox 750 711 958 747; x_wconf 72' lang='lat' dir='ltr'>omissurum,</span> <span class='ocrx_word' id='word_1_80' title='bbox 982 711 1006 743; x_wconf 86' lang='lat' dir='ltr'>si</span> 
     </span>
     <span class='ocr_line' id='line_1_23' title="bbox 262 765 1007 810; baseline -0.003 -11"><span class='ocrx_word' id='word_1_81' title='bbox 262 766 316 810; x_wconf 89' lang='lat' dir='ltr'>qui</span> <span class='ocrx_word' id='word_1_82' title='bbox 350 766 580 799; x_wconf 74' lang='lat' dir='ltr'>intervenerint</span> <span class='ocrx_word' id='word_1_83' title='bbox 603 765 631 798; x_wconf 91' lang='lat' dir='ltr'>in</span> <span class='ocrx_word' id='word_1_84' title='bbox 666 765 802 805; x_wconf 86' lang='lat' dir='ltr'>eisdem,</span> <span class='ocrx_word' id='word_1_85' title='bbox 836 765 1007 809; x_wconf 75' lang='lat' dir='ltr'>praecipue</span> 
     </span>
     <span class='ocr_line' id='line_1_24' title="bbox 261 817 1006 861; baseline -0.003 -9"><span class='ocrx_word' id='word_1_86' title='bbox 261 829 337 852; x_wconf 80' lang='lat' dir='ltr'>vero</span> <span class='ocrx_word' id='word_1_87' title='bbox 351 819 495 852; x_wconf 86' lang='lat' dir='ltr'>desectus</span> <span class='ocrx_word' id='word_1_88' title='bbox 509 820 733 852; x_wconf 88' lang='lat' dir='ltr'>mandatorum</span> <span class='ocrx_word' id='word_1_89' title='bbox 753 817 952 861; x_wconf 76' lang='lat' dir='ltr'>specialium,</span> <span class='ocrx_word' id='word_1_90' title='bbox 968 818 1006 850; x_wconf 83' lang='lat' dir='ltr'>ad</span> 
     </span>
     <span class='ocr_line' id='line_1_25' title="bbox 262 871 1006 916; baseline -0.001 -11"><span class='ocrx_word' id='word_1_91' title='bbox 262 873 440 916; x_wconf 85' lang='lat' dir='ltr'>praemissa</span> <span class='ocrx_word' id='word_1_92' title='bbox 472 873 616 906; x_wconf 77' lang='lat' dir='ltr'>facienda</span> <span class='ocrx_word' id='word_1_93' title='bbox 644 871 889 916; x_wconf 61' lang='lat' dir='ltr'>requisitor-um,</span> <span class='ocrx_word' id='word_1_94' title='bbox 919 878 1006 904; x_wconf 90' lang='lat' dir='ltr'>motu</span> 
     </span>
     <span class='ocr_line' id='line_1_26' title="bbox 262 925 1006 969; baseline -0.003 -10"><span class='ocrx_word' id='word_1_95' title='bbox 262 932 293 959; x_wconf 88' lang='lat' dir='ltr'>et</span> <span class='ocrx_word' id='word_1_96' title='bbox 311 926 444 959; x_wconf 88' lang='lat' dir='ltr'>scientia</span> <span class='ocrx_word' id='word_1_97' title='bbox 475 926 646 965; x_wconf 83' lang='lat' dir='ltr'>similibus,</span> <span class='ocrx_word' id='word_1_98' title='bbox 669 925 737 969; x_wconf 89' lang='lat' dir='ltr'>pari</span> <span class='ocrx_word' id='word_1_99' title='bbox 759 925 949 958; x_wconf 84' lang='lat' dir='ltr'>auctoritate</span> <span class='ocrx_word' id='word_1_100' title='bbox 979 931 1006 958; x_wconf 89' lang='lat' dir='ltr'>et</span> 
     </span>
     <span class='ocr_line' id='line_1_27' title="bbox 263 978 1008 1024; baseline -0.003 -11"><span class='ocrx_word' id='word_1_101' title='bbox 263 986 375 1013; x_wconf 89' lang='lat' dir='ltr'>tenore</span> <span class='ocrx_word' id='word_1_102' title='bbox 395 981 599 1024; x_wconf 75' lang='lat' dir='ltr'>supplemus.</span> <span class='ocrx_word' id='word_1_103' title='bbox 624 989 725 1022; x_wconf 83' lang='lat' dir='ltr'>eaque</span> <span class='ocrx_word' id='word_1_104' title='bbox 757 978 865 1012; x_wconf 85' lang='lat' dir='ltr'>omnin</span> <span class='ocrx_word' id='word_1_105' title='bbox 887 985 915 1011; x_wconf 86' lang='lat' dir='ltr'>et</span> <span class='ocrx_word' id='word_1_106' title='bbox 945 978 1008 1011; x_wconf 85' lang='lat' dir='ltr'>sin-</span> 
     </span>
     <span class='ocr_line' id='line_1_28' title="bbox 262 1031 1005 1075; baseline -0.003 -9"><span class='ocrx_word' id='word_1_107' title='bbox 262 1033 337 1075; x_wconf 84' lang='lat' dir='ltr'>gula</span> <span class='ocrx_word' id='word_1_108' title='bbox 355 1033 468 1073; x_wconf 77' lang='lat' dir='ltr'>valida,</span> <span class='ocrx_word' id='word_1_109' title='bbox 493 1032 586 1065; x_wconf 88' lang='lat' dir='ltr'>tirma</span> <span class='ocrx_word' id='word_1_110' title='bbox 607 1038 636 1065; x_wconf 86' lang='lat' dir='ltr'>et</span> <span class='ocrx_word' id='word_1_111' title='bbox 657 1031 799 1064; x_wconf 72' lang='lat' dir='ltr'>efficacia</span> <span class='ocrx_word' id='word_1_112' title='bbox 819 1032 897 1069; x_wconf 81' lang='lat' dir='ltr'>fore,</span> <span class='ocrx_word' id='word_1_113' title='bbox 912 1042 1005 1065; x_wconf 90' lang='lat' dir='ltr'>snos-</span> 
     </span>
     <span class='ocr_line' id='line_1_29' title="bbox 263 1084 1008 1130; baseline -0.003 -11"><span class='ocrx_word' id='word_1_114' title='bbox 263 1096 325 1129; x_wconf 89' lang='lat' dir='ltr'>que</span> <span class='ocrx_word' id='word_1_115' title='bbox 344 1085 506 1130; x_wconf 88' lang='lat' dir='ltr'>plenarios</span> <span class='ocrx_word' id='word_1_116' title='bbox 526 1091 555 1119; x_wconf 89' lang='lat' dir='ltr'>et</span> <span class='ocrx_word' id='word_1_117' title='bbox 577 1085 718 1127; x_wconf 80' lang='lat' dir='ltr'>integros</span> <span class='ocrx_word' id='word_1_118' title='bbox 746 1084 877 1117; x_wconf 76' lang='lat' dir='ltr'>effectus</span> <span class='ocrx_word' id='word_1_119' title='bbox 901 1085 1008 1118; x_wconf 81' lang='lat' dir='ltr'>sortiri</span> 
     </span>
     <span class='ocr_line' id='line_1_30' title="bbox 264 1139 1008 1183; baseline -0.003 -10"><span class='ocrx_word' id='word_1_120' title='bbox 264 1146 294 1173; x_wconf 84' lang='lat' dir='ltr'>et</span> <span class='ocrx_word' id='word_1_121' title='bbox 314 1140 460 1173; x_wconf 89' lang='lat' dir='ltr'>obtinere</span> <span class='ocrx_word' id='word_1_122' title='bbox 481 1139 610 1180; x_wconf 88' lang='lat' dir='ltr'>debere,</span> <span class='ocrx_word' id='word_1_123' title='bbox 636 1150 670 1172; x_wconf 85' lang='lat' dir='ltr'>ac</span> <span class='ocrx_word' id='word_1_124' title='bbox 689 1149 745 1183; x_wconf 90' lang='lat' dir='ltr'>per</span> <span class='ocrx_word' id='word_1_125' title='bbox 766 1149 877 1172; x_wconf 88' lang='lat' dir='ltr'>omnes</span> <span class='ocrx_word' id='word_1_126' title='bbox 895 1144 922 1171; x_wconf 88' lang='lat' dir='ltr'>et</span> <span class='ocrx_word' id='word_1_127' title='bbox 946 1139 1008 1171; x_wconf 89' lang='lat' dir='ltr'>sin-</span> 
     </span>
     <span class='ocr_line' id='line_1_31' title="bbox 265 1192 1009 1237; baseline -0.003 -10"><span class='ocrx_word' id='word_1_128' title='bbox 265 1194 355 1236; x_wconf 72' lang='lat' dir='ltr'>gulas</span> <span class='ocrx_word' id='word_1_129' title='bbox 375 1194 646 1237; x_wconf 78' lang='lat' dir='ltr'>Congregationes</span> <span class='ocrx_word' id='word_1_130' title='bbox 663 1192 855 1237; x_wconf 69' lang='lat' dir='ltr'>praedictas,</span> <span class='ocrx_word' id='word_1_131' title='bbox 877 1193 1009 1237; x_wconf 76' lang='lat' dir='ltr'>perinde</span> 
     </span>
     <span class='ocr_line' id='line_1_32' title="bbox 266 1246 1008 1292; baseline -0.003 -11"><span class='ocrx_word' id='word_1_132' title='bbox 266 1258 303 1281; x_wconf 85' lang='lat' dir='ltr'>ac</span> <span class='ocrx_word' id='word_1_133' title='bbox 322 1247 347 1281; x_wconf 91' lang='lat' dir='ltr'>si</span> <span class='ocrx_word' id='word_1_134' title='bbox 370 1248 429 1292; x_wconf 89' lang='lat' dir='ltr'>ipsi</span> <span class='ocrx_word' id='word_1_135' title='bbox 447 1253 674 1292; x_wconf 74' lang='lat' dir='ltr'>procuratores</span> <span class='ocrx_word' id='word_1_136' title='bbox 692 1246 771 1288; x_wconf 86' lang='lat' dir='ltr'>illas,</span> <span class='ocrx_word' id='word_1_137' title='bbox 789 1257 861 1280; x_wconf 85' lang='lat' dir='ltr'>cum</span> <span class='ocrx_word' id='word_1_138' title='bbox 880 1246 1008 1290; x_wconf 84' lang='lat' dir='ltr'>speciali</span> 
     </span>
     <span class='ocr_line' id='line_1_33' title="bbox 265 1301 1010 1343; baseline -0.001 -8"><span class='ocrx_word' id='word_1_139' title='bbox 265 1312 375 1335; x_wconf 85' lang='lat' dir='ltr'>earum</span> <span class='ocrx_word' id='word_1_140' title='bbox 409 1302 579 1341; x_wconf 84' lang='lat' dir='ltr'>mandato,</span> <span class='ocrx_word' id='word_1_141' title='bbox 613 1301 829 1343; x_wconf 74' lang='lat' dir='ltr'>obligassent,</span> <span class='ocrx_word' id='word_1_142' title='bbox 864 1312 899 1333; x_wconf 82' lang='lat' dir='ltr'>ac</span> <span class='ocrx_word' id='word_1_143' title='bbox 931 1301 1010 1334; x_wconf 79' lang='lat' dir='ltr'>alios</span> 
     </span>
     <span class='ocr_line' id='line_1_34' title="bbox 265 1354 1011 1399; baseline -0.003 -10"><span class='ocrx_word' id='word_1_144' title='bbox 265 1366 389 1396; x_wconf 88' lang='lat' dir='ltr'>omnes,</span> <span class='ocrx_word' id='word_1_145' title='bbox 407 1356 446 1388; x_wconf 88' lang='lat' dir='ltr'>ad</span> <span class='ocrx_word' id='word_1_146' title='bbox 467 1365 548 1399; x_wconf 85' lang='lat' dir='ltr'>quos</span> <span class='ocrx_word' id='word_1_147' title='bbox 565 1354 733 1399; x_wconf 78' lang='lat' dir='ltr'>spectabit,</span> <span class='ocrx_word' id='word_1_148' title='bbox 746 1354 882 1387; x_wconf 83' lang='lat' dir='ltr'>firmiter</span> <span class='ocrx_word' id='word_1_149' title='bbox 903 1354 1011 1387; x_wconf 85' lang='lat' dir='ltr'>obser-</span> 
     </span>
     <span class='ocr_line' id='line_1_35' title="bbox 266 1409 469 1442; baseline 0 0"><span class='ocrx_word' id='word_1_150' title='bbox 266 1409 369 1442; x_wconf 85' lang='lat' dir='ltr'>vanda</span> <span class='ocrx_word' id='word_1_151' title='bbox 389 1419 469 1442; x_wconf 87' lang='lat' dir='ltr'>esse.</span> 
     </span>
    </p>

    <p class='ocr_par' dir='ltr' id='par_1_6' title="bbox 265 1462 1014 2147">
     <span class='ocr_line' id='line_1_36' title="bbox 310 1462 1012 1507; baseline 0 -12"><span class='ocrx_word' id='word_1_152' title='bbox 310 1462 375 1506; x_wconf 61' lang='grc' dir='ltr'>ἓὸ.</span> <span class='ocrx_word' id='word_1_153' title='bbox 404 1463 519 1507; x_wconf 85' lang='lat' dir='ltr'>Sicque</span> <span class='ocrx_word' id='word_1_154' title='bbox 551 1473 607 1506; x_wconf 89' lang='lat' dir='ltr'>per</span> <span class='ocrx_word' id='word_1_155' title='bbox 638 1472 859 1506; x_wconf 85' lang='lat' dir='ltr'>quoscumque</span> <span class='ocrx_word' id='word_1_156' title='bbox 891 1462 1012 1496; x_wconf 80' lang='lat' dir='ltr'>iudices</span> 
     </span>
     <span class='ocr_line' id='line_1_37' title="bbox 266 1515 1010 1559; baseline 0 -10"><span class='ocrx_word' id='word_1_157' title='bbox 266 1516 449 1549; x_wconf 87' lang='lat' dir='ltr'>ordinarios</span> <span class='ocrx_word' id='word_1_158' title='bbox 473 1521 504 1549; x_wconf 90' lang='lat' dir='ltr'>et</span> <span class='ocrx_word' id='word_1_159' title='bbox 523 1516 702 1559; x_wconf 80' lang='lat' dir='ltr'>delegatos,</span> <span class='ocrx_word' id='word_1_160' title='bbox 726 1515 821 1548; x_wconf 87' lang='lat' dir='ltr'>etiam</span> <span class='ocrx_word' id='word_1_161' title='bbox 843 1526 1010 1549; x_wconf 80' lang='lat' dir='ltr'>causarum</span> 
     </span>
     <span class='ocr_line' id='line_1_38' title="bbox 266 1569 1013 1614; baseline 0 -11"><span class='ocrx_word' id='word_1_162' title='bbox 266 1570 374 1614; x_wconf 80' lang='lat' dir='ltr'>palatii</span> <span class='ocrx_word' id='word_1_163' title='bbox 395 1570 562 1614; x_wconf 88' lang='lat' dir='ltr'>apostolici</span> <span class='ocrx_word' id='word_1_164' title='bbox 584 1570 758 1609; x_wconf 79' lang='lat' dir='ltr'>auditores,</span> <span class='ocrx_word' id='word_1_165' title='bbox 783 1580 819 1602; x_wconf 86' lang='lat' dir='ltr'>ac</span> <span class='ocrx_word' id='word_1_166' title='bbox 840 1569 938 1613; x_wconf 88' lang='lat' dir='ltr'>ipsius</span> <span class='ocrx_word' id='word_1_167' title='bbox 958 1571 1013 1604; x_wconf 88' lang='lat' dir='ltr'>Ca-</span> 
     </span>
     <span class='ocr_line' id='line_1_39' title="bbox 266 1623 1013 1668; baseline 0.001 -11"><span class='ocrx_word' id='word_1_168' title='bbox 266 1635 374 1658; x_wconf 85' lang='lat' dir='ltr'>merae</span> <span class='ocrx_word' id='word_1_169' title='bbox 394 1624 597 1668; x_wconf 85' lang='lat' dir='ltr'>Apostolicae</span> <span class='ocrx_word' id='word_1_170' title='bbox 617 1624 792 1668; x_wconf 81' lang='lat' dir='ltr'>praesides,</span> <span class='ocrx_word' id='word_1_171' title='bbox 817 1623 960 1665; x_wconf 82' lang='lat' dir='ltr'>clericos,</span> <span class='ocrx_word' id='word_1_172' title='bbox 977 1636 1013 1658; x_wconf 88' lang='lat' dir='ltr'>ac</span> 
     </span>
     <span class='ocr_line' id='line_1_40' title="bbox 265 1677 1012 1722; baseline 0.001 -11"><span class='ocrx_word' id='word_1_173' title='bbox 265 1678 295 1712; x_wconf 82' lang='lat' dir='ltr'>S.</span> <span class='ocrx_word' id='word_1_174' title='bbox 326 1678 362 1711; x_wconf 81' lang='lat' dir='ltr'>R.</span> <span class='ocrx_word' id='word_1_175' title='bbox 394 1678 427 1711; x_wconf 89' lang='lat' dir='ltr'>E.</span> <span class='ocrx_word' id='word_1_176' title='bbox 458 1677 672 1711; x_wconf 86' lang='lat' dir='ltr'>camerarium</span> <span class='ocrx_word' id='word_1_177' title='bbox 710 1677 1012 1722; x_wconf 83' lang='lat' dir='ltr'>thesaurariumque</span> 
     </span>
     <span class='ocr_line' id='line_1_41' title="bbox 265 1731 1012 1775; baseline -0.001 -10"><span class='ocrx_word' id='word_1_178' title='bbox 265 1732 466 1775; x_wconf 87' lang='lat' dir='ltr'>praedictum</span> <span class='ocrx_word' id='word_1_179' title='bbox 489 1738 517 1766; x_wconf 91' lang='lat' dir='ltr'>et</span> <span class='ocrx_word' id='word_1_180' title='bbox 538 1731 618 1765; x_wconf 89' lang='lat' dir='ltr'>alios</span> <span class='ocrx_word' id='word_1_181' title='bbox 639 1731 737 1775; x_wconf 89' lang='lat' dir='ltr'>ipsius</span> <span class='ocrx_word' id='word_1_182' title='bbox 751 1731 902 1765; x_wconf 82' lang='lat' dir='ltr'>Gamerae</span> <span class='ocrx_word' id='word_1_183' title='bbox 917 1731 1012 1764; x_wconf 90' lang='lat' dir='ltr'>mini-</span> 
     </span>
     <span class='ocr_line' id='line_1_42' title="bbox 265 1785 1013 1829; baseline 0 -11"><span class='ocrx_word' id='word_1_184' title='bbox 265 1791 358 1824; x_wconf 85' lang='lat' dir='ltr'>stros,</span> <span class='ocrx_word' id='word_1_185' title='bbox 386 1785 511 1819; x_wconf 87' lang='lat' dir='ltr'>sublata</span> <span class='ocrx_word' id='word_1_186' title='bbox 532 1785 577 1819; x_wconf 90' lang='lat' dir='ltr'>eis</span> <span class='ocrx_word' id='word_1_187' title='bbox 597 1791 627 1818; x_wconf 87' lang='lat' dir='ltr'>et</span> <span class='ocrx_word' id='word_1_188' title='bbox 648 1796 760 1818; x_wconf 90' lang='lat' dir='ltr'>eorum</span> <span class='ocrx_word' id='word_1_189' title='bbox 782 1785 915 1818; x_wconf 80' lang='lat' dir='ltr'>cuilibet</span> <span class='ocrx_word' id='word_1_190' title='bbox 935 1796 1013 1829; x_wconf 86' lang='lat' dir='ltr'>qua-</span> 
     </span>
     <span class='ocr_line' id='line_1_43' title="bbox 265 1838 1010 1883; baseline -0.001 -11"><span class='ocrx_word' id='word_1_191' title='bbox 265 1839 311 1873; x_wconf 79' lang='lat' dir='ltr'>vis</span> <span class='ocrx_word' id='word_1_192' title='bbox 336 1839 429 1873; x_wconf 83' lang='lat' dir='ltr'>aliter</span> <span class='ocrx_word' id='word_1_193' title='bbox 454 1838 616 1873; x_wconf 85' lang='lat' dir='ltr'>iudicandi</span> <span class='ocrx_word' id='word_1_194' title='bbox 644 1845 672 1872; x_wconf 90' lang='lat' dir='ltr'>et</span> <span class='ocrx_word' id='word_1_195' title='bbox 702 1838 933 1883; x_wconf 85' lang='lat' dir='ltr'>interpretandi</span> <span class='ocrx_word' id='word_1_196' title='bbox 961 1840 1010 1872; x_wconf 86' lang='lat' dir='ltr'>sa-</span> 
     </span>
     <span class='ocr_line' id='line_1_44' title="bbox 266 1892 1012 1932; baseline -0.003 -6"><span class='ocrx_word' id='word_1_197' title='bbox 266 1894 385 1927; x_wconf 82' lang='lat' dir='ltr'>cultate</span> <span class='ocrx_word' id='word_1_198' title='bbox 405 1899 435 1926; x_wconf 90' lang='lat' dir='ltr'>et</span> <span class='ocrx_word' id='word_1_199' title='bbox 455 1892 656 1932; x_wconf 79' lang='lat' dir='ltr'>auctoritate,</span> <span class='ocrx_word' id='word_1_200' title='bbox 674 1892 808 1925; x_wconf 86' lang='lat' dir='ltr'>iudicari</span> <span class='ocrx_word' id='word_1_201' title='bbox 831 1898 858 1925; x_wconf 90' lang='lat' dir='ltr'>et</span> <span class='ocrx_word' id='word_1_202' title='bbox 882 1892 1012 1925; x_wconf 84' lang='lat' dir='ltr'>diffiniri</span> 
     </span>
     <span class='ocr_line' id='line_1_45' title="bbox 267 1945 1014 1990; baseline -0.004 -9"><span class='ocrx_word' id='word_1_203' title='bbox 267 1946 395 1987; x_wconf 86' lang='lat' dir='ltr'>debere,</span> <span class='ocrx_word' id='word_1_204' title='bbox 410 1946 602 1990; x_wconf 86' lang='lat' dir='ltr'>irritumque</span> <span class='ocrx_word' id='word_1_205' title='bbox 623 1952 651 1979; x_wconf 91' lang='lat' dir='ltr'>et</span> <span class='ocrx_word' id='word_1_206' title='bbox 673 1946 768 1978; x_wconf 88' lang='lat' dir='ltr'>inane</span> <span class='ocrx_word' id='word_1_207' title='bbox 786 1945 945 1989; x_wconf 89' lang='lat' dir='ltr'>quidquid</span> <span class='ocrx_word' id='word_1_208' title='bbox 966 1956 1014 1978; x_wconf 91' lang='lat' dir='ltr'>se-</span> 
     </span>
     <span class='ocr_line' id='line_1_46' title="bbox 267 1998 1010 2044; baseline -0.001 -11"><span class='ocrx_word' id='word_1_209' title='bbox 267 2011 322 2033; x_wconf 83' lang='lat' dir='ltr'>cus</span> <span class='ocrx_word' id='word_1_210' title='bbox 342 2010 439 2044; x_wconf 87' lang='lat' dir='ltr'>super</span> <span class='ocrx_word' id='word_1_211' title='bbox 459 1999 508 2032; x_wconf 87' lang='lat' dir='ltr'>his</span> <span class='ocrx_word' id='word_1_212' title='bbox 528 2011 545 2032; x_wconf 80' lang='lat' dir='ltr'>a</span> <span class='ocrx_word' id='word_1_213' title='bbox 566 2009 742 2043; x_wconf 76' lang='lat' dir='ltr'>quoquam,</span> <span class='ocrx_word' id='word_1_214' title='bbox 766 1998 877 2043; x_wconf 82' lang='lat' dir='ltr'>quavis</span> <span class='ocrx_word' id='word_1_215' title='bbox 897 2005 1010 2032; x_wconf 81' lang='lat' dir='ltr'>aucto-</span> 
     </span>
     <span class='ocr_line' id='line_1_47' title="bbox 268 2052 1013 2094; baseline -0.001 -8"><span class='ocrx_word' id='word_1_216' title='bbox 268 2053 372 2093; x_wconf 83' lang='lat' dir='ltr'>ritate,</span> <span class='ocrx_word' id='word_1_217' title='bbox 396 2052 534 2086; x_wconf 84' lang='lat' dir='ltr'>scienter</span> <span class='ocrx_word' id='word_1_218' title='bbox 557 2052 604 2085; x_wconf 80' lang='lat' dir='ltr'>vel</span> <span class='ocrx_word' id='word_1_219' title='bbox 627 2052 824 2094; x_wconf 80' lang='lat' dir='ltr'>ignoranter,</span> <span class='ocrx_word' id='word_1_220' title='bbox 846 2052 1013 2094; x_wconf 72' lang='lat' dir='ltr'>contigerit</span> 
     </span>
     <span class='ocr_line' id='line_1_48' title="bbox 269 2105 944 2147; baseline -0.003 -7"><span class='ocrx_word' id='word_1_221' title='bbox 269 2106 432 2147; x_wconf 84' lang='lat' dir='ltr'>attentari,</span> <span class='ocrx_word' id='word_1_222' title='bbox 456 2105 661 2140; x_wconf 87' lang='lat' dir='ltr'>decernimus</span> <span class='ocrx_word' id='word_1_223' title='bbox 682 2111 712 2139; x_wconf 89' lang='lat' dir='ltr'>et</span> <span class='ocrx_word' id='word_1_224' title='bbox 733 2106 944 2138; x_wconf 87' lang='lat' dir='ltr'>declaramus.</span> 
     </span>
    </p>

    <p class='ocr_par' dir='ltr' id='par_1_7' title="bbox 270 2158 1015 2418">
     <span class='ocr_line' id='line_1_49' title="bbox 314 2158 1015 2203; baseline -0.003 -10"><span class='ocrx_word' id='word_1_225' title='bbox 314 2162 330 2203; x_wconf 65' lang='grc' dir='ltr'>ξ</span> <span class='ocrx_word' id='word_1_226' title='bbox 346 2160 375 2193; x_wconf 92' lang='grc'>7.</span> <span class='ocrx_word' id='word_1_227' title='bbox 387 2160 570 2201; x_wconf 83' lang='lat' dir='ltr'>Praeterea,</span> <span class='ocrx_word' id='word_1_228' title='bbox 587 2170 646 2203; x_wconf 88' lang='lat' dir='ltr'>pro</span> <span class='ocrx_word' id='word_1_229' title='bbox 665 2158 779 2192; x_wconf 87' lang='lat' dir='ltr'>maiori</span> <span class='ocrx_word' id='word_1_230' title='bbox 797 2159 911 2192; x_wconf 87' lang='lat' dir='ltr'>Montis</span> <span class='ocrx_word' id='word_1_231' title='bbox 924 2169 1015 2203; x_wconf 91' lang='lat' dir='ltr'>prae-</span> 
     </span>
     <span class='ocr_line' id='line_1_50' title="bbox 270 2212 1015 2257; baseline -0.001 -10"><span class='ocrx_word' id='word_1_232' title='bbox 270 2214 359 2255; x_wconf 84' lang='lat' dir='ltr'>dicti,</span> <span class='ocrx_word' id='word_1_233' title='bbox 383 2213 532 2257; x_wconf 90' lang='lat' dir='ltr'>illiusque</span> <span class='ocrx_word' id='word_1_234' title='bbox 554 2212 680 2255; x_wconf 74' lang='lat' dir='ltr'>collegii</span> <span class='ocrx_word' id='word_1_235' title='bbox 702 2212 940 2252; x_wconf 88' lang='lat' dir='ltr'>montistarum,</span> <span class='ocrx_word' id='word_1_236' title='bbox 957 2223 1015 2246; x_wconf 84' lang='lat' dir='ltr'>nec</span> 
     </span>
     <span class='ocr_line' id='line_1_51' title="bbox 270 2265 1015 2310; baseline -0.003 -9"><span class='ocrx_word' id='word_1_237' title='bbox 270 2279 334 2302; x_wconf 92' lang='lat' dir='ltr'>non</span> <span class='ocrx_word' id='word_1_238' title='bbox 360 2278 473 2301; x_wconf 89' lang='lat' dir='ltr'>eorum</span> <span class='ocrx_word' id='word_1_239' title='bbox 499 2266 554 2310; x_wconf 84' lang='lat' dir='ltr'>qui</span> <span class='ocrx_word' id='word_1_240' title='bbox 584 2266 738 2310; x_wconf 82' lang='lat' dir='ltr'>pecunias</span> <span class='ocrx_word' id='word_1_241' title='bbox 764 2276 837 2298; x_wconf 84' lang='lat' dir='ltr'>suas</span> <span class='ocrx_word' id='word_1_242' title='bbox 867 2266 898 2298; x_wconf 90' lang='lat' dir='ltr'>in</span> <span class='ocrx_word' id='word_1_243' title='bbox 931 2265 1015 2299; x_wconf 82' lang='lat' dir='ltr'>dicto</span> 
     </span>
     <span class='ocr_line' id='line_1_52' title="bbox 271 2318 1013 2361; baseline -0.005 -6"><span class='ocrx_word' id='word_1_244' title='bbox 271 2322 376 2355; x_wconf 87' lang='lat' dir='ltr'>Monte</span> <span class='ocrx_word' id='word_1_245' title='bbox 397 2320 617 2361; x_wconf 87' lang='lat' dir='ltr'>collocabunt,</span> <span class='ocrx_word' id='word_1_246' title='bbox 635 2320 760 2353; x_wconf 82' lang='lat' dir='ltr'>cautela</span> <span class='ocrx_word' id='word_1_247' title='bbox 780 2324 811 2352; x_wconf 86' lang='lat' dir='ltr'>et</span> <span class='ocrx_word' id='word_1_248' title='bbox 831 2318 1013 2359; x_wconf 84' lang='lat' dir='ltr'>securitate,</span> 
     </span>
     <span class='ocr_line' id='line_1_53' title="bbox 272 2373 1013 2418; baseline -0.004 -11"><span class='ocrx_word' id='word_1_249' title='bbox 272 2386 308 2408; x_wconf 79' lang='lat' dir='ltr'>ex</span> <span class='ocrx_word' id='word_1_250' title='bbox 337 2385 422 2407; x_wconf 85' lang='lat' dir='ltr'>nunc</span> <span class='ocrx_word' id='word_1_251' title='bbox 449 2373 580 2418; x_wconf 81' lang='lat' dir='ltr'>pariter,</span> <span class='ocrx_word' id='word_1_252' title='bbox 613 2378 706 2417; x_wconf 90' lang='lat' dir='ltr'>prout</span> <span class='ocrx_word' id='word_1_253' title='bbox 734 2383 770 2405; x_wconf 79' lang='lat' dir='ltr'>ex</span> <span class='ocrx_word' id='word_1_254' title='bbox 804 2378 889 2412; x_wconf 85' lang='lat' dir='ltr'>tunc,</span> <span class='ocrx_word' id='word_1_255' title='bbox 923 2378 1013 2415; x_wconf 87' lang='lat' dir='ltr'>post-</span> 
     </span>
    </p>
   </div>
   <div class='ocr_carea' id='block_1_6' title="bbox 1021 230 1028 902">
    <p class='ocr_par' dir='ltr' id='par_1_8' title="bbox 1021 230 1028 902">
     <span class='ocr_line' id='line_1_54' title="bbox 1021 230 1028 902; baseline 0 0"><span class='ocrx_word' id='word_1_256' title='bbox 1021 230 1028 902; x_wconf 95' lang='lat' dir='ltr'> </span> 
     </span>
    </p>
   </div>
   <div class='ocr_carea' id='block_1_7' title="bbox 223 2425 1017 2472">
    <p class='ocr_par' dir='ltr' id='par_1_9' title="bbox 223 2425 1017 2472">
     <span class='ocr_line' id='line_1_55' title="bbox 223 2425 1017 2472; baseline -0.001 -13"><span class='ocrx_word' id='word_1_257' title='bbox 223 2456 226 2459; x_wconf 81' lang='grc'>,</span> <span class='ocrx_word' id='word_1_258' title='bbox 271 2438 367 2472; x_wconf 85' lang='lat' dir='ltr'>quam</span> <span class='ocrx_word' id='word_1_259' title='bbox 386 2427 489 2461; x_wconf 86' lang='lat' dir='ltr'>dictus</span> <span class='ocrx_word' id='word_1_260' title='bbox 504 2426 721 2469; x_wconf 75' lang='lat' dir='ltr'>Mons,vig0re</span> <span class='ocrx_word' id='word_1_261' title='bbox 735 2425 964 2470; x_wconf 80' lang='lat' dir='ltr'>praesentium,</span> <span class='ocrx_word' id='word_1_262' title='bbox 977 2426 1017 2458; x_wconf 86' lang='lat' dir='ltr'>ad</span> 
     </span>
    </p>
   </div>
   <div class='ocr_carea' id='block_1_8' title="bbox 271 2478 1035 2630">
    <p class='ocr_par' dir='ltr' id='par_1_10' title="bbox 271 2478 1035 2630">
     <span class='ocr_line' id='line_1_56' title="bbox 271 2478 1017 2525; baseline -0.004 -11"><span class='ocrx_word' id='word_1_263' title='bbox 271 2480 449 2525; x_wconf 85' lang='lat' dir='ltr'>quamlibet</span> <span class='ocrx_word' id='word_1_264' title='bbox 483 2481 629 2514; x_wconf 88' lang='lat' dir='ltr'>locorum</span> <span class='ocrx_word' id='word_1_265' title='bbox 663 2478 872 2523; x_wconf 80' lang='lat' dir='ltr'>quantitatem</span> <span class='ocrx_word' id='word_1_266' title='bbox 906 2484 1017 2512; x_wconf 85' lang='lat' dir='ltr'>auctus</span> 
     </span>
     <span class='ocr_line' id='line_1_57' title="bbox 271 2532 1018 2581; baseline -0.004 -13"><span class='ocrx_word' id='word_1_267' title='bbox 271 2533 378 2581; x_wconf 59' lang='lat' dir='ltr'>tuerit,</span> <span class='ocrx_word' id='word_1_268' title='bbox 399 2534 485 2579; x_wconf 90' lang='lat' dir='ltr'>quod</span> <span class='ocrx_word' id='word_1_269' title='bbox 499 2539 564 2567; x_wconf 85' lang='lat' dir='ltr'>tam</span> <span class='ocrx_word' id='word_1_270' title='bbox 578 2533 720 2577; x_wconf 83' lang='lat' dir='ltr'>antiqua,</span> <span class='ocrx_word' id='word_1_271' title='bbox 738 2542 833 2576; x_wconf 86' lang='lat' dir='ltr'>quam</span> <span class='ocrx_word' id='word_1_272' title='bbox 852 2542 934 2565; x_wconf 87' lang='lat' dir='ltr'>nova</span> <span class='ocrx_word' id='word_1_273' title='bbox 947 2532 1018 2565; x_wconf 84' lang='lat' dir='ltr'>loca</span> 
     </span>
     <span class='ocr_line' id='line_1_58' title="bbox 272 2585 1035 2630; baseline -0.003 -10"><span class='ocrx_word' id='word_1_274' title='bbox 272 2587 418 2630; x_wconf 75' lang='lat' dir='ltr'>augenda</span> <span class='ocrx_word' id='word_1_275' title='bbox 432 2586 628 2627; x_wconf 75' lang='lat' dir='ltr'>huiusmodi,</span> <span class='ocrx_word' id='word_1_276' title='bbox 652 2596 752 2619; x_wconf 88' lang='lat' dir='ltr'>unum</span> <span class='ocrx_word' id='word_1_277' title='bbox 768 2585 917 2629; x_wconf 80' lang='lat' dir='ltr'>idemque</span> <span class='ocrx_word' id='word_1_278' title='bbox 931 2585 1018 2618; x_wconf 81' lang='lat' dir='ltr'>Mon-</span> <span class='ocrx_word' id='word_1_279' title='bbox 1034 2622 1035 2625; x_wconf 11' lang='grc' dir='ltr'><strong>Ἴ</strong></span> 
     </span>
    </p>
   </div>
   <div class='ocr_carea' id='block_1_9' title="bbox 1042 169 1798 2629">
    <p class='ocr_par' dir='ltr' id='par_1_11' title="bbox 1042 169 1790 1118">
     <span class='ocr_line' id='line_1_59' title="bbox 1044 169 1748 206; baseline -0.003 -1"><span class='ocrx_word' id='word_1_280' title='bbox 1044 181 1101 206; x_wconf 76' lang='lat' dir='ltr'>rm</span> <span class='ocrx_word' id='word_1_281' title='bbox 1122 181 1171 205; x_wconf 73' lang='lat'>1²1².</span> <span class='ocrx_word' id='word_1_282' title='bbox 1691 169 1748 203; x_wconf 71' lang='lat' dir='ltr'>tlt</span> 
     </span>
     <span class='ocr_line' id='line_1_60' title="bbox 1043 228 1783 274; baseline -0.003 -12"><span class='ocrx_word' id='word_1_283' title='bbox 1043 230 1080 263; x_wconf 88' lang='lat' dir='ltr'>tis</span> <span class='ocrx_word' id='word_1_284' title='bbox 1101 239 1228 274; x_wconf 84' lang='lat' dir='ltr'>corpus,</span> <span class='ocrx_word' id='word_1_285' title='bbox 1244 239 1279 262; x_wconf 83' lang='lat' dir='ltr'>ac</span> <span class='ocrx_word' id='word_1_286' title='bbox 1290 228 1478 262; x_wconf 88' lang='lat' dir='ltr'>ultimorum</span> <span class='ocrx_word' id='word_1_287' title='bbox 1501 228 1645 261; x_wconf 88' lang='lat' dir='ltr'>locorum</span> <span class='ocrx_word' id='word_1_288' title='bbox 1661 235 1783 272; x_wconf 79' lang='lat' dir='ltr'>empto-</span> 
     </span>
     <span class='ocr_line' id='line_1_61' title="bbox 1042 282 1784 326; baseline -0.004 -10"><span class='ocrx_word' id='word_1_289' title='bbox 1042 294 1091 316; x_wconf 81' lang='lat' dir='ltr'>res</span> <span class='ocrx_word' id='word_1_290' title='bbox 1112 294 1183 316; x_wconf 84' lang='lat' dir='ltr'>cum</span> <span class='ocrx_word' id='word_1_291' title='bbox 1206 282 1346 326; x_wconf 82' lang='lat' dir='ltr'>antiquis</span> <span class='ocrx_word' id='word_1_292' title='bbox 1361 282 1520 315; x_wconf 88' lang='lat' dir='ltr'>montistis</span> <span class='ocrx_word' id='word_1_293' title='bbox 1533 293 1632 315; x_wconf 89' lang='lat' dir='ltr'>unum</span> <span class='ocrx_word' id='word_1_294' title='bbox 1649 287 1675 314; x_wconf 84' lang='lat' dir='ltr'>el</span> <span class='ocrx_word' id='word_1_295' title='bbox 1700 282 1784 315; x_wconf 85' lang='lat' dir='ltr'>idem</span> 
     </span>
     <span class='ocr_line' id='line_1_62' title="bbox 1042 336 1786 380; baseline -0.001 -11"><span class='ocrx_word' id='word_1_296' title='bbox 1042 337 1226 377; x_wconf 63' lang='lat' dir='ltr'>collegium,</span> <span class='ocrx_word' id='word_1_297' title='bbox 1251 337 1371 380; x_wconf 82' lang='lat' dir='ltr'>absque</span> <span class='ocrx_word' id='word_1_298' title='bbox 1389 336 1496 380; x_wconf 87' lang='lat' dir='ltr'>aliqua</span> <span class='ocrx_word' id='word_1_299' title='bbox 1513 346 1645 380; x_wconf 87' lang='lat' dir='ltr'>prorsus</span> <span class='ocrx_word' id='word_1_300' title='bbox 1662 337 1786 369; x_wconf 90' lang='lat' dir='ltr'>ratione</span> 
     </span>
     <span class='ocr_line' id='line_1_63' title="bbox 1042 389 1786 433; baseline 0.001 -13"><span class='ocrx_word' id='word_1_301' title='bbox 1042 390 1217 433; x_wconf 85' lang='lat' dir='ltr'>prioritatis</span> <span class='ocrx_word' id='word_1_302' title='bbox 1245 401 1299 422; x_wconf 86' lang='lat' dir='ltr'>seu</span> <span class='ocrx_word' id='word_1_303' title='bbox 1332 389 1578 433; x_wconf 73' lang='lat' dir='ltr'>posterioritatis</span> <span class='ocrx_word' id='word_1_304' title='bbox 1608 389 1786 422; x_wconf 77' lang='lat' dir='ltr'>differentia</span> 
     </span>
     <span class='ocr_line' id='line_1_64' title="bbox 1042 443 1784 486; baseline 0 -12"><span class='ocrx_word' id='word_1_305' title='bbox 1042 443 1249 479; x_wconf 70' lang='lat' dir='ltr'>constituant,</span> <span class='ocrx_word' id='word_1_306' title='bbox 1273 454 1307 475; x_wconf 81' lang='lat' dir='ltr'>ar</span> <span class='ocrx_word' id='word_1_307' title='bbox 1330 443 1508 486; x_wconf 84' lang='lat' dir='ltr'>posteriora</span> <span class='ocrx_word' id='word_1_308' title='bbox 1530 443 1610 480; x_wconf 74' lang='lat' dir='ltr'>loca,</span> <span class='ocrx_word' id='word_1_309' title='bbox 1636 443 1784 475; x_wconf 88' lang='lat' dir='ltr'>illorum-</span> 
     </span>
     <span class='ocr_line' id='line_1_65' title="bbox 1042 497 1784 539; baseline 0.003 -13"><span class='ocrx_word' id='word_1_310' title='bbox 1042 506 1103 538; x_wconf 78' lang='lat' dir='ltr'>que</span> <span class='ocrx_word' id='word_1_311' title='bbox 1122 502 1283 539; x_wconf 72' lang='lat' dir='ltr'>emptores</span> <span class='ocrx_word' id='word_1_312' title='bbox 1298 497 1447 529; x_wconf 87' lang='lat' dir='ltr'>omnibus</span> <span class='ocrx_word' id='word_1_313' title='bbox 1461 502 1488 529; x_wconf 88' lang='lat' dir='ltr'>et</span> <span class='ocrx_word' id='word_1_314' title='bbox 1511 497 1644 537; x_wconf 61' lang='lat' dir='ltr'>singulis</span> <span class='ocrx_word' id='word_1_315' title='bbox 1665 497 1784 537; x_wconf 66' lang='lat' dir='ltr'>gratiis,</span> 
     </span>
     <span class='ocr_line' id='line_1_66' title="bbox 1042 550 1785 593; baseline 0.001 -12"><span class='ocrx_word' id='word_1_316' title='bbox 1042 550 1309 593; x_wconf 76' lang='lat' dir='ltr'>exemptionibus,</span> <span class='ocrx_word' id='word_1_317' title='bbox 1336 550 1546 589; x_wconf 76' lang='lat' dir='ltr'>libertatibus,</span> <span class='ocrx_word' id='word_1_318' title='bbox 1571 550 1785 583; x_wconf 86' lang='lat' dir='ltr'>immunitati-</span> 
     </span>
     <span class='ocr_line' id='line_1_67' title="bbox 1042 603 1789 647; baseline -0.001 -11"><span class='ocrx_word' id='word_1_319' title='bbox 1042 603 1111 643; x_wconf 86' lang='lat' dir='ltr'>bus,</span> <span class='ocrx_word' id='word_1_320' title='bbox 1128 604 1331 637; x_wconf 83' lang='lat' dir='ltr'>sacultatibus</span> <span class='ocrx_word' id='word_1_321' title='bbox 1349 610 1376 637; x_wconf 81' lang='lat' dir='ltr'>et</span> <span class='ocrx_word' id='word_1_322' title='bbox 1399 604 1583 647; x_wconf 62' lang='lat' dir='ltr'>privilegiis,</span> <span class='ocrx_word' id='word_1_323' title='bbox 1598 603 1714 647; x_wconf 87' lang='lat' dir='ltr'>quibus</span> <span class='ocrx_word' id='word_1_324' title='bbox 1734 614 1789 636; x_wconf 86' lang='lat' dir='ltr'>an-</span> 
     </span>
     <span class='ocr_line' id='line_1_68' title="bbox 1045 657 1785 701; baseline -0.001 -12"><span class='ocrx_word' id='word_1_325' title='bbox 1045 657 1181 701; x_wconf 79' lang='lat' dir='ltr'>tiquiora</span> <span class='ocrx_word' id='word_1_326' title='bbox 1217 658 1307 695; x_wconf 79' lang='lat' dir='ltr'>loca,</span> <span class='ocrx_word' id='word_1_327' title='bbox 1344 657 1538 701; x_wconf 81' lang='lat' dir='ltr'>illorumque</span> <span class='ocrx_word' id='word_1_328' title='bbox 1567 667 1785 701; x_wconf 76' lang='lat' dir='ltr'>possessores,</span> 
     </span>
     <span class='ocr_line' id='line_1_69' title="bbox 1043 710 1790 750; baseline 0.003 -8"><span class='ocrx_word' id='word_1_329' title='bbox 1043 710 1126 743; x_wconf 74' lang='lat' dir='ltr'>iuxta</span> <span class='ocrx_word' id='word_1_330' title='bbox 1137 710 1211 743; x_wconf 85' lang='lat' dir='ltr'>dicti</span> <span class='ocrx_word' id='word_1_331' title='bbox 1231 710 1343 744; x_wconf 84' lang='lat' dir='ltr'>Montis</span> <span class='ocrx_word' id='word_1_332' title='bbox 1354 710 1523 743; x_wconf 78' lang='lat' dir='ltr'>erectionis</span> <span class='ocrx_word' id='word_1_333' title='bbox 1536 711 1683 750; x_wconf 72' lang='lat' dir='ltr'>formam,</span> <span class='ocrx_word' id='word_1_334' title='bbox 1696 717 1790 744; x_wconf 87' lang='lat' dir='ltr'>utun-</span> 
     </span>
     <span class='ocr_line' id='line_1_70' title="bbox 1045 764 1788 808; baseline 0 -12"><span class='ocrx_word' id='word_1_335' title='bbox 1045 769 1104 800; x_wconf 76' lang='lat' dir='ltr'>tur,</span> <span class='ocrx_word' id='word_1_336' title='bbox 1129 764 1297 807; x_wconf 88' lang='lat' dir='ltr'>potiuntur</span> <span class='ocrx_word' id='word_1_337' title='bbox 1318 770 1345 796; x_wconf 84' lang='lat' dir='ltr'>et</span> <span class='ocrx_word' id='word_1_338' title='bbox 1377 764 1528 806; x_wconf 66' lang='lat' dir='ltr'>gaudent,</span> <span class='ocrx_word' id='word_1_339' title='bbox 1554 776 1589 797; x_wconf 85' lang='lat' dir='ltr'>ac</span> <span class='ocrx_word' id='word_1_340' title='bbox 1611 765 1667 802; x_wconf 77' lang='lat' dir='ltr'>uti,</span> <span class='ocrx_word' id='word_1_341' title='bbox 1693 765 1788 808; x_wconf 86' lang='lat' dir='ltr'>potiri</span> 
     </span>
     <span class='ocr_line' id='line_1_71' title="bbox 1043 818 1786 861; baseline 0 -11"><span class='ocrx_word' id='word_1_342' title='bbox 1043 824 1073 850; x_wconf 88' lang='lat' dir='ltr'>et</span> <span class='ocrx_word' id='word_1_343' title='bbox 1093 818 1233 859; x_wconf 73' lang='lat' dir='ltr'>gaudere</span> <span class='ocrx_word' id='word_1_344' title='bbox 1254 824 1384 860; x_wconf 83' lang='lat' dir='ltr'>possunt</span> <span class='ocrx_word' id='word_1_345' title='bbox 1408 823 1434 849; x_wconf 88' lang='lat' dir='ltr'>et</span> <span class='ocrx_word' id='word_1_346' title='bbox 1469 824 1616 861; x_wconf 84' lang='lat' dir='ltr'>poterunt</span> <span class='ocrx_word' id='word_1_347' title='bbox 1645 818 1675 849; x_wconf 92' lang='lat' dir='ltr'>in</span> <span class='ocrx_word' id='word_1_348' title='bbox 1699 818 1786 850; x_wconf 81' lang='lat' dir='ltr'>sutu-</span> 
     </span>
     <span class='ocr_line' id='line_1_72' title="bbox 1044 871 1790 915; baseline 0.001 -12"><span class='ocrx_word' id='word_1_349' title='bbox 1044 882 1126 908; x_wconf 77' lang='lat' dir='ltr'>rum,</span> <span class='ocrx_word' id='word_1_350' title='bbox 1151 871 1369 914; x_wconf 84' lang='lat' dir='ltr'>paril&#39;ormitcr</span> <span class='ocrx_word' id='word_1_351' title='bbox 1389 877 1417 904; x_wconf 89' lang='lat' dir='ltr'>et</span> <span class='ocrx_word' id='word_1_352' title='bbox 1444 882 1545 914; x_wconf 82' lang='lat' dir='ltr'>aeque</span> <span class='ocrx_word' id='word_1_353' title='bbox 1571 872 1790 915; x_wconf 74' lang='lat' dir='ltr'>principaliter</span> 
     </span>
     <span class='ocr_line' id='line_1_73' title="bbox 1043 925 1788 969; baseline 0.001 -12"><span class='ocrx_word' id='word_1_354' title='bbox 1043 925 1099 965; x_wconf 76' lang='lat' dir='ltr'>uti,</span> <span class='ocrx_word' id='word_1_355' title='bbox 1124 925 1218 968; x_wconf 91' lang='lat' dir='ltr'>potiri</span> <span class='ocrx_word' id='word_1_356' title='bbox 1240 930 1268 957; x_wconf 84' lang='lat' dir='ltr'>et</span> <span class='ocrx_word' id='word_1_357' title='bbox 1290 925 1431 965; x_wconf 60' lang='lat' dir='ltr'>gaudere</span> <span class='ocrx_word' id='word_1_358' title='bbox 1452 925 1589 969; x_wconf 86' lang='lat' dir='ltr'>possint,</span> <span class='ocrx_word' id='word_1_359' title='bbox 1615 926 1737 958; x_wconf 79' lang='lat' dir='ltr'>valeant</span> <span class='ocrx_word' id='word_1_360' title='bbox 1760 932 1788 958; x_wconf 88' lang='lat' dir='ltr'>et</span> 
     </span>
     <span class='ocr_line' id='line_1_74' title="bbox 1044 978 1790 1022; baseline 0.001 -12"><span class='ocrx_word' id='word_1_361' title='bbox 1044 978 1178 1010; x_wconf 86' lang='lat' dir='ltr'>debeant</span> <span class='ocrx_word' id='word_1_362' title='bbox 1199 978 1229 1010; x_wconf 92' lang='lat' dir='ltr'>in</span> <span class='ocrx_word' id='word_1_363' title='bbox 1251 978 1402 1011; x_wconf 90' lang='lat' dir='ltr'>omnibus</span> <span class='ocrx_word' id='word_1_364' title='bbox 1416 984 1444 1011; x_wconf 90' lang='lat' dir='ltr'>et</span> <span class='ocrx_word' id='word_1_365' title='bbox 1464 989 1520 1022; x_wconf 89' lang='lat' dir='ltr'>per</span> <span class='ocrx_word' id='word_1_366' title='bbox 1533 979 1653 1018; x_wconf 85' lang='lat' dir='ltr'>omnia,</span> <span class='ocrx_word' id='word_1_367' title='bbox 1669 979 1790 1022; x_wconf 85' lang='lat' dir='ltr'>absque</span> 
     </span>
     <span class='ocr_line' id='line_1_75' title="bbox 1043 1031 1788 1074; baseline 0.001 -11"><span class='ocrx_word' id='word_1_368' title='bbox 1043 1031 1150 1074; x_wconf 82' lang='lat' dir='ltr'>aliqua</span> <span class='ocrx_word' id='word_1_369' title='bbox 1171 1031 1318 1064; x_wconf 88' lang='lat' dir='ltr'>similiter</span> <span class='ocrx_word' id='word_1_370' title='bbox 1348 1031 1540 1068; x_wconf 72' lang='lat' dir='ltr'>differentia,</span> <span class='ocrx_word' id='word_1_371' title='bbox 1566 1032 1735 1065; x_wconf 84' lang='lat' dir='ltr'>statuimus</span> <span class='ocrx_word' id='word_1_372' title='bbox 1761 1038 1788 1065; x_wconf 89' lang='lat' dir='ltr'>et</span> 
     </span>
     <span class='ocr_line' id='line_1_76' title="bbox 1044 1085 1242 1118; baseline 0 -1"><span class='ocrx_word' id='word_1_373' title='bbox 1044 1085 1242 1118; x_wconf 84' lang='lat' dir='ltr'>ordinamus.</span> 
     </span>
    </p>

    <p class='ocr_par' dir='ltr' id='par_1_12' title="bbox 1044 1138 1797 2469">
     <span class='ocr_line' id='line_1_77' title="bbox 1090 1138 1790 1183; baseline 0.001 -12"><span class='ocrx_word' id='word_1_374' title='bbox 1090 1141 1105 1181; x_wconf 65' lang='grc' dir='ltr'>ξ</span> <span class='ocrx_word' id='word_1_375' title='bbox 1137 1138 1166 1171; x_wconf 82' lang='lat'>8.</span> <span class='ocrx_word' id='word_1_376' title='bbox 1201 1139 1418 1182; x_wconf 58' lang='lat' dir='ltr'>volumusque</span> <span class='ocrx_word' id='word_1_377' title='bbox 1451 1139 1569 1175; x_wconf 88' lang='lat' dir='ltr'>etiam,</span> <span class='ocrx_word' id='word_1_378' title='bbox 1604 1139 1790 1183; x_wconf 85' lang='lat' dir='ltr'>eisdemque</span> 
     </span>
     <span class='ocr_line' id='line_1_78' title="bbox 1044 1192 1791 1236; baseline 0 -11"><span class='ocrx_word' id='word_1_379' title='bbox 1044 1192 1309 1236; x_wconf 86' lang='lat' dir='ltr'>procuratoribus</span> <span class='ocrx_word' id='word_1_380' title='bbox 1330 1192 1548 1235; x_wconf 73' lang='lat' dir='ltr'>generalibus,</span> <span class='ocrx_word' id='word_1_381' title='bbox 1581 1203 1635 1225; x_wconf 88' lang='lat' dir='ltr'>seu</span> <span class='ocrx_word' id='word_1_382' title='bbox 1665 1193 1791 1225; x_wconf 86' lang='lat' dir='ltr'>duobus</span> 
     </span>
     <span class='ocr_line' id='line_1_79' title="bbox 1044 1245 1789 1290; baseline -0.001 -11"><span class='ocrx_word' id='word_1_383' title='bbox 1044 1246 1083 1279; x_wconf 81' lang='lat' dir='ltr'>ab</span> <span class='ocrx_word' id='word_1_384' title='bbox 1096 1246 1171 1290; x_wconf 84' lang='lat' dir='ltr'>ipsis</span> <span class='ocrx_word' id='word_1_385' title='bbox 1184 1245 1448 1290; x_wconf 82' lang='lat' dir='ltr'>procuratoribus</span> <span class='ocrx_word' id='word_1_386' title='bbox 1461 1245 1619 1289; x_wconf 83' lang='lat' dir='ltr'>deputatis</span> <span class='ocrx_word' id='word_1_387' title='bbox 1634 1246 1789 1279; x_wconf 86' lang='lat' dir='ltr'>dictarum</span> 
     </span>
     <span class='ocr_line' id='line_1_80' title="bbox 1044 1299 1790 1343; baseline -0.003 -9"><span class='ocrx_word' id='word_1_388' title='bbox 1044 1300 1357 1343; x_wconf 76' lang='lat' dir='ltr'>Congregationum,</span> <span class='ocrx_word' id='word_1_389' title='bbox 1390 1299 1616 1338; x_wconf 83' lang='lat' dir='ltr'>concedimus,</span> <span class='ocrx_word' id='word_1_390' title='bbox 1652 1306 1682 1332; x_wconf 90' lang='lat' dir='ltr'>ut</span> <span class='ocrx_word' id='word_1_391' title='bbox 1722 1300 1790 1333; x_wconf 84' lang='lat' dir='ltr'>loca</span> 
     </span>
     <span class='ocr_line' id='line_1_81' title="bbox 1045 1353 1792 1398; baseline -0.001 -12"><span class='ocrx_word' id='word_1_392' title='bbox 1045 1353 1209 1398; x_wconf 82' lang='lat' dir='ltr'>praedicta</span> <span class='ocrx_word' id='word_1_393' title='bbox 1222 1353 1346 1392; x_wconf 86' lang='lat' dir='ltr'>Montis,</span> <span class='ocrx_word' id='word_1_394' title='bbox 1364 1353 1470 1395; x_wconf 67' lang='lat' dir='ltr'>vigore</span> <span class='ocrx_word' id='word_1_395' title='bbox 1488 1353 1722 1397; x_wconf 86' lang='lat' dir='ltr'>praesentium,</span> <span class='ocrx_word' id='word_1_396' title='bbox 1737 1364 1792 1386; x_wconf 87' lang='lat' dir='ltr'>au—</span> 
     </span>
     <span class='ocr_line' id='line_1_82' title="bbox 1046 1407 1791 1451; baseline -0.004 -10"><span class='ocrx_word' id='word_1_397' title='bbox 1046 1408 1161 1451; x_wconf 66' lang='lat' dir='ltr'>genda,</span> <span class='ocrx_word' id='word_1_398' title='bbox 1186 1418 1258 1441; x_wconf 80' lang='lat' dir='ltr'>cum</span> <span class='ocrx_word' id='word_1_399' title='bbox 1283 1407 1463 1440; x_wconf 86' lang='lat' dir='ltr'>interventu</span> <span class='ocrx_word' id='word_1_400' title='bbox 1492 1407 1565 1440; x_wconf 88' lang='lat' dir='ltr'>dicti</span> <span class='ocrx_word' id='word_1_401' title='bbox 1601 1407 1791 1440; x_wconf 86' lang='lat' dir='ltr'>thesaurarii</span> 
     </span>
     <span class='ocr_line' id='line_1_83' title="bbox 1047 1460 1793 1504; baseline -0.003 -10"><span class='ocrx_word' id='word_1_402' title='bbox 1047 1461 1216 1504; x_wconf 74' lang='lat' dir='ltr'>generatis.</span> <span class='ocrx_word' id='word_1_403' title='bbox 1234 1461 1427 1504; x_wconf 79' lang='lat' dir='ltr'>cuicumque</span> <span class='ocrx_word' id='word_1_404' title='bbox 1450 1460 1632 1501; x_wconf 81' lang='lat' dir='ltr'>mercatori,</span> <span class='ocrx_word' id='word_1_405' title='bbox 1649 1471 1705 1494; x_wconf 82' lang='lat' dir='ltr'>seu</span> <span class='ocrx_word' id='word_1_406' title='bbox 1724 1460 1793 1493; x_wconf 81' lang='lat' dir='ltr'>aliis</span> 
     </span>
     <span class='ocr_line' id='line_1_84' title="bbox 1047 1514 1789 1559; baseline 0 -12"><span class='ocrx_word' id='word_1_407' title='bbox 1047 1514 1193 1559; x_wconf 86' lang='lat' dir='ltr'>personis</span> <span class='ocrx_word' id='word_1_408' title='bbox 1215 1514 1381 1548; x_wconf 88' lang='lat' dir='ltr'>meliorem</span> <span class='ocrx_word' id='word_1_409' title='bbox 1408 1514 1626 1548; x_wconf 87' lang='lat' dir='ltr'>conditionem</span> <span class='ocrx_word' id='word_1_410' title='bbox 1649 1514 1789 1548; x_wconf 78' lang='lat' dir='ltr'>offeren-</span> 
     </span>
     <span class='ocr_line' id='line_1_85' title="bbox 1048 1568 1794 1612; baseline -0.003 -10"><span class='ocrx_word' id='word_1_411' title='bbox 1048 1569 1142 1609; x_wconf 81' lang='lat' dir='ltr'>tibus,</span> <span class='ocrx_word' id='word_1_412' title='bbox 1166 1568 1271 1612; x_wconf 88' lang='lat' dir='ltr'>pretio</span> <span class='ocrx_word' id='word_1_413' title='bbox 1293 1568 1376 1601; x_wconf 86' lang='lat' dir='ltr'>inter</span> <span class='ocrx_word' id='word_1_414' title='bbox 1393 1578 1447 1601; x_wconf 90' lang='lat' dir='ltr'>eos</span> <span class='ocrx_word' id='word_1_415' title='bbox 1468 1568 1702 1606; x_wconf 86' lang='lat' dir='ltr'>conveniendo,</span> <span class='ocrx_word' id='word_1_416' title='bbox 1719 1579 1794 1601; x_wconf 88' lang='lat' dir='ltr'>ven-</span> 
     </span>
     <span class='ocr_line' id='line_1_86' title="bbox 1048 1621 1795 1665; baseline -0.003 -9"><span class='ocrx_word' id='word_1_417' title='bbox 1048 1623 1123 1656; x_wconf 85' lang='lat' dir='ltr'>dere</span> <span class='ocrx_word' id='word_1_418' title='bbox 1145 1629 1171 1655; x_wconf 87' lang='lat' dir='ltr'>et</span> <span class='ocrx_word' id='word_1_419' title='bbox 1201 1621 1353 1659; x_wconf 76' lang='lat' dir='ltr'>alienare,</span> <span class='ocrx_word' id='word_1_420' title='bbox 1377 1621 1583 1665; x_wconf 89' lang='lat' dir='ltr'>pretiumque</span> <span class='ocrx_word' id='word_1_421' title='bbox 1605 1622 1678 1655; x_wconf 86' lang='lat' dir='ltr'>inde</span> <span class='ocrx_word' id='word_1_422' title='bbox 1710 1621 1795 1655; x_wconf 87' lang='lat' dir='ltr'>redi-</span> 
     </span>
     <span class='ocr_line' id='line_1_87' title="bbox 1048 1675 1792 1719; baseline -0.003 -10"><span class='ocrx_word' id='word_1_423' title='bbox 1048 1677 1188 1719; x_wconf 68' lang='lat' dir='ltr'>gendum</span> <span class='ocrx_word' id='word_1_424' title='bbox 1211 1685 1308 1719; x_wconf 88' lang='lat' dir='ltr'>penes</span> <span class='ocrx_word' id='word_1_425' title='bbox 1329 1675 1480 1708; x_wconf 85' lang='lat' dir='ltr'>dilectum</span> <span class='ocrx_word' id='word_1_426' title='bbox 1512 1675 1614 1708; x_wconf 84' lang='lat' dir='ltr'>filium</span> <span class='ocrx_word' id='word_1_427' title='bbox 1640 1676 1792 1709; x_wconf 87' lang='lat' dir='ltr'>Ioannem</span> 
     </span>
     <span class='ocr_line' id='line_1_88' title="bbox 1048 1728 1795 1773; baseline -0.003 -10"><span class='ocrx_word' id='word_1_428' title='bbox 1048 1729 1221 1773; x_wconf 87' lang='lat' dir='ltr'>Baptistam</span> <span class='ocrx_word' id='word_1_429' title='bbox 1252 1728 1453 1768; x_wconf 51' lang='lat' dir='ltr'>[bertinum</span> <span class='ocrx_word' id='word_1_430' title='bbox 1478 1728 1709 1772; x_wconf 84' lang='lat' dir='ltr'>depositarium</span> <span class='ocrx_word' id='word_1_431' title='bbox 1738 1739 1795 1761; x_wconf 92' lang='lat' dir='ltr'>no-</span> 
     </span>
     <span class='ocr_line' id='line_1_89' title="bbox 1048 1782 1795 1825; baseline 0 -10"><span class='ocrx_word' id='word_1_432' title='bbox 1048 1789 1148 1816; x_wconf 84' lang='lat' dir='ltr'>strum</span> <span class='ocrx_word' id='word_1_433' title='bbox 1162 1783 1358 1825; x_wconf 80' lang='lat' dir='ltr'>generalem,</span> <span class='ocrx_word' id='word_1_434' title='bbox 1373 1792 1518 1815; x_wconf 89' lang='lat' dir='ltr'>seorsum</span> <span class='ocrx_word' id='word_1_435' title='bbox 1538 1782 1577 1815; x_wconf 87' lang='lat' dir='ltr'>ab</span> <span class='ocrx_word' id='word_1_436' title='bbox 1596 1782 1665 1815; x_wconf 89' lang='lat' dir='ltr'>aliis</span> <span class='ocrx_word' id='word_1_437' title='bbox 1679 1782 1795 1815; x_wconf 89' lang='lat' dir='ltr'>nostris</span> 
     </span>
     <span class='ocr_line' id='line_1_90' title="bbox 1049 1835 1795 1881; baseline 0 -12"><span class='ocrx_word' id='word_1_438' title='bbox 1049 1836 1204 1881; x_wconf 85' lang='lat' dir='ltr'>pecuniis,</span> <span class='ocrx_word' id='word_1_439' title='bbox 1228 1836 1406 1879; x_wconf 81' lang='lat' dir='ltr'>deponere,</span> <span class='ocrx_word' id='word_1_440' title='bbox 1432 1835 1508 1868; x_wconf 88' lang='lat' dir='ltr'>itaut</span> <span class='ocrx_word' id='word_1_441' title='bbox 1536 1835 1620 1875; x_wconf 82' lang='lat' dir='ltr'>inde,</span> <span class='ocrx_word' id='word_1_442' title='bbox 1645 1835 1704 1868; x_wconf 84' lang='lat' dir='ltr'>nisi</span> <span class='ocrx_word' id='word_1_443' title='bbox 1737 1846 1795 1879; x_wconf 89' lang='lat' dir='ltr'>pro</span> 
     </span>
     <span class='ocr_line' id='line_1_91' title="bbox 1049 1888 1794 1934; baseline -0.001 -13"><span class='ocrx_word' id='word_1_444' title='bbox 1049 1889 1241 1934; x_wconf 85' lang='lat' dir='ltr'>praestanda</span> <span class='ocrx_word' id='word_1_445' title='bbox 1276 1889 1361 1922; x_wconf 85' lang='lat' dir='ltr'>dieto</span> <span class='ocrx_word' id='word_1_446' title='bbox 1401 1888 1573 1931; x_wconf 84' lang='lat' dir='ltr'>Rodulpho</span> <span class='ocrx_word' id='word_1_447' title='bbox 1606 1889 1794 1932; x_wconf 85' lang='lat' dir='ltr'>Imperatori</span> 
     </span>
     <span class='ocr_line' id='line_1_92' title="bbox 1049 1942 1792 1986; baseline -0.004 -9"><span class='ocrx_word' id='word_1_448' title='bbox 1049 1944 1150 1977; x_wconf 84' lang='lat' dir='ltr'>electo</span> <span class='ocrx_word' id='word_1_449' title='bbox 1172 1942 1327 1976; x_wconf 86' lang='lat' dir='ltr'>destinata</span> <span class='ocrx_word' id='word_1_450' title='bbox 1348 1953 1419 1986; x_wconf 86' lang='lat' dir='ltr'>ope,</span> <span class='ocrx_word' id='word_1_451' title='bbox 1444 1942 1491 1975; x_wconf 77' lang='lat' dir='ltr'>vel</span> <span class='ocrx_word' id='word_1_452' title='bbox 1513 1952 1598 1982; x_wconf 84' lang='lat' dir='ltr'>casu,</span> <span class='ocrx_word' id='word_1_453' title='bbox 1632 1953 1695 1986; x_wconf 89' lang='lat' dir='ltr'>quo</span> <span class='ocrx_word' id='word_1_454' title='bbox 1722 1943 1792 1976; x_wconf 89' lang='lat' dir='ltr'>bel-</span> 
     </span>
     <span class='ocr_line' id='line_1_93' title="bbox 1048 1996 1795 2040; baseline -0.003 -10"><span class='ocrx_word' id='word_1_455' title='bbox 1048 1998 1127 2037; x_wconf 79' lang='lat' dir='ltr'>lum,</span> <span class='ocrx_word' id='word_1_456' title='bbox 1150 2003 1324 2040; x_wconf 82' lang='lat' dir='ltr'>antequam</span> <span class='ocrx_word' id='word_1_457' title='bbox 1345 1996 1447 2029; x_wconf 83' lang='lat' dir='ltr'>dictae</span> <span class='ocrx_word' id='word_1_458' title='bbox 1472 1996 1628 2039; x_wconf 78' lang='lat' dir='ltr'>pecuniae</span> <span class='ocrx_word' id='word_1_459' title='bbox 1650 1996 1681 2028; x_wconf 90' lang='lat' dir='ltr'>in</span> <span class='ocrx_word' id='word_1_460' title='bbox 1702 2007 1795 2029; x_wconf 89' lang='lat' dir='ltr'>usum</span> 
     </span>
     <span class='ocr_line' id='line_1_94' title="bbox 1049 2050 1795 2095; baseline 0 -12"><span class='ocrx_word' id='word_1_461' title='bbox 1049 2051 1227 2095; x_wconf 79' lang='lat' dir='ltr'>praefatum</span> <span class='ocrx_word' id='word_1_462' title='bbox 1247 2055 1485 2087; x_wconf 77' lang='lat' dir='ltr'>com&#39;ertautur,</span> <span class='ocrx_word' id='word_1_463' title='bbox 1509 2055 1658 2090; x_wconf 84' lang='lat' dir='ltr'>cessaret,</span> <span class='ocrx_word' id='word_1_464' title='bbox 1688 2050 1728 2083; x_wconf 88' lang='lat' dir='ltr'>ad</span> <span class='ocrx_word' id='word_1_465' title='bbox 1749 2050 1795 2083; x_wconf 82' lang='lat' dir='ltr'>ef-</span> 
     </span>
     <span class='ocr_line' id='line_1_95' title="bbox 1050 2103 1796 2147; baseline -0.003 -9"><span class='ocrx_word' id='word_1_466' title='bbox 1050 2105 1166 2138; x_wconf 82' lang='lat' dir='ltr'>fectum</span> <span class='ocrx_word' id='word_1_467' title='bbox 1189 2103 1377 2137; x_wconf 87' lang='lat' dir='ltr'>restituendi</span> <span class='ocrx_word' id='word_1_468' title='bbox 1399 2103 1475 2147; x_wconf 89' lang='lat' dir='ltr'>ipsis</span> <span class='ocrx_word' id='word_1_469' title='bbox 1487 2103 1796 2145; x_wconf 79' lang='lat' dir='ltr'>Congregationibus</span> 
     </span>
     <span class='ocr_line' id='line_1_96' title="bbox 1050 2156 1795 2202; baseline -0.003 -11"><span class='ocrx_word' id='word_1_470' title='bbox 1050 2169 1108 2202; x_wconf 89' lang='lat' dir='ltr'>pro</span> <span class='ocrx_word' id='word_1_471' title='bbox 1129 2157 1353 2201; x_wconf 86' lang='lat' dir='ltr'>redemptione</span> <span class='ocrx_word' id='word_1_472' title='bbox 1365 2156 1440 2190; x_wconf 90' lang='lat' dir='ltr'>dicti</span> <span class='ocrx_word' id='word_1_473' title='bbox 1458 2156 1583 2195; x_wconf 71' lang='lat' dir='ltr'>Montis,</span> <span class='ocrx_word' id='word_1_474' title='bbox 1599 2156 1720 2200; x_wconf 93' lang='lat' dir='ltr'>percipi</span> <span class='ocrx_word' id='word_1_475' title='bbox 1736 2157 1795 2189; x_wconf 91' lang='lat' dir='ltr'>mi-</span> 
     </span>
     <span class='ocr_line' id='line_1_97' title="bbox 1050 2210 1794 2254; baseline 0 -10"><span class='ocrx_word' id='word_1_476' title='bbox 1050 2211 1136 2244; x_wconf 89' lang='lat' dir='ltr'>nime</span> <span class='ocrx_word' id='word_1_477' title='bbox 1158 2212 1294 2247; x_wconf 76' lang='lat' dir='ltr'>valeant,</span> <span class='ocrx_word' id='word_1_478' title='bbox 1318 2221 1377 2243; x_wconf 88' lang='lat' dir='ltr'>nec</span> <span class='ocrx_word' id='word_1_479' title='bbox 1398 2210 1427 2242; x_wconf 90' lang='lat' dir='ltr'>in</span> <span class='ocrx_word' id='word_1_480' title='bbox 1456 2210 1536 2243; x_wconf 85' lang='lat' dir='ltr'>alios</span> <span class='ocrx_word' id='word_1_481' title='bbox 1560 2220 1794 2254; x_wconf 83' lang='lat' dir='ltr'>quoscumque.</span> 
     </span>
     <span class='ocr_line' id='line_1_98' title="bbox 1051 2263 1797 2309; baseline -0.003 -11"><span class='ocrx_word' id='word_1_482' title='bbox 1051 2276 1146 2309; x_wconf 89' lang='lat' dir='ltr'>quam</span> <span class='ocrx_word' id='word_1_483' title='bbox 1170 2265 1200 2297; x_wconf 93' lang='lat' dir='ltr'>in</span> <span class='ocrx_word' id='word_1_484' title='bbox 1223 2264 1414 2308; x_wconf 84' lang='lat' dir='ltr'>praedictos,</span> <span class='ocrx_word' id='word_1_485' title='bbox 1439 2274 1514 2296; x_wconf 90' lang='lat' dir='ltr'>usus</span> <span class='ocrx_word' id='word_1_486' title='bbox 1535 2263 1693 2302; x_wconf 76' lang='lat' dir='ltr'>converti,</span> <span class='ocrx_word' id='word_1_487' title='bbox 1718 2264 1797 2296; x_wconf 89' lang='lat' dir='ltr'>ulla-</span> 
     </span>
     <span class='ocr_line' id='line_1_99' title="bbox 1052 2316 1797 2362; baseline -0.001 -11"><span class='ocrx_word' id='word_1_488' title='bbox 1052 2324 1143 2352; x_wconf 85' lang='lat' dir='ltr'>tenus</span> <span class='ocrx_word' id='word_1_489' title='bbox 1175 2318 1313 2362; x_wconf 81' lang='lat' dir='ltr'>possiut‚</span> <span class='ocrx_word' id='word_1_490' title='bbox 1337 2317 1437 2351; x_wconf 87' lang='lat' dir='ltr'>libere</span> <span class='ocrx_word' id='word_1_491' title='bbox 1469 2316 1617 2350; x_wconf 89' lang='lat' dir='ltr'>similiter</span> <span class='ocrx_word' id='word_1_492' title='bbox 1645 2327 1682 2350; x_wconf 85' lang='lat' dir='ltr'>ac</span> <span class='ocrx_word' id='word_1_493' title='bbox 1712 2317 1797 2350; x_wconf 87' lang='lat' dir='ltr'>licite</span> 
     </span>
     <span class='ocr_line' id='line_1_100' title="bbox 1051 2370 1793 2416; baseline -0.003 -11"><span class='ocrx_word' id='word_1_494' title='bbox 1051 2372 1184 2416; x_wconf 80' lang='lat' dir='ltr'>possint,</span> <span class='ocrx_word' id='word_1_495' title='bbox 1210 2371 1304 2405; x_wconf 86' lang='lat' dir='ltr'>etiam</span> <span class='ocrx_word' id='word_1_496' title='bbox 1328 2376 1545 2414; x_wconf 85' lang='lat' dir='ltr'>opportunam</span> <span class='ocrx_word' id='word_1_497' title='bbox 1567 2370 1607 2403; x_wconf 88' lang='lat' dir='ltr'>ad</span> <span class='ocrx_word' id='word_1_498' title='bbox 1628 2370 1688 2403; x_wconf 88' lang='lat' dir='ltr'>hoc</span> <span class='ocrx_word' id='word_1_499' title='bbox 1709 2380 1793 2414; x_wconf 88' lang='lat' dir='ltr'>quo-</span> 
     </span>
     <span class='ocr_line' id='line_1_101' title="bbox 1051 2423 1638 2469; baseline -0.003 -11"><span class='ocrx_word' id='word_1_500' title='bbox 1051 2436 1113 2469; x_wconf 87' lang='lat' dir='ltr'>que</span> <span class='ocrx_word' id='word_1_501' title='bbox 1134 2425 1197 2458; x_wconf 89' lang='lat' dir='ltr'>illis</span> <span class='ocrx_word' id='word_1_502' title='bbox 1218 2425 1401 2458; x_wconf 78' lang='lat' dir='ltr'>facultatem</span> <span class='ocrx_word' id='word_1_503' title='bbox 1424 2423 1638 2467; x_wconf 86' lang='lat' dir='ltr'>impartimur.</span> 
     </span>
    </p>

    <p class='ocr_par' dir='ltr' id='par_1_13' title="bbox 1052 2477 1798 2629">
     <span class='ocr_line' id='line_1_102' title="bbox 1097 2477 1796 2522; baseline -0.001 -11"><span class='ocrx_word' id='word_1_504' title='bbox 1097 2477 1152 2522; x_wconf 73' lang='lat'>§9-</span> <span class='ocrx_word' id='word_1_505' title='bbox 1167 2479 1381 2511; x_wconf 87' lang='lat' dir='ltr'>Decernentes</span> <span class='ocrx_word' id='word_1_506' title='bbox 1394 2482 1579 2522; x_wconf 86' lang='lat' dir='ltr'>praesentes</span> <span class='ocrx_word' id='word_1_507' title='bbox 1597 2477 1717 2511; x_wconf 87' lang='lat' dir='ltr'>litteras</span> <span class='ocrx_word' id='word_1_508' title='bbox 1730 2478 1796 2511; x_wconf 90' lang='lat' dir='ltr'>ullo</span> 
     </span>
     <span class='ocr_line' id='line_1_103' title="bbox 1052 2531 1798 2576; baseline -0.001 -11"><span class='ocrx_word' id='word_1_509' title='bbox 1052 2542 1194 2576; x_wconf 86' lang='lat' dir='ltr'>unquam</span> <span class='ocrx_word' id='word_1_510' title='bbox 1211 2537 1368 2576; x_wconf 85' lang='lat' dir='ltr'>tempore,</span> <span class='ocrx_word' id='word_1_511' title='bbox 1383 2531 1479 2564; x_wconf 88' lang='lat' dir='ltr'>etiam</span> <span class='ocrx_word' id='word_1_512' title='bbox 1493 2542 1529 2565; x_wconf 86' lang='lat' dir='ltr'>ex</span> <span class='ocrx_word' id='word_1_513' title='bbox 1546 2541 1585 2566; x_wconf 89' lang='lat' dir='ltr'>eo</span> <span class='ocrx_word' id='word_1_514' title='bbox 1607 2531 1693 2575; x_wconf 91' lang='lat' dir='ltr'>quod</span> <span class='ocrx_word' id='word_1_515' title='bbox 1705 2542 1798 2575; x_wconf 88' lang='lat' dir='ltr'>prae-</span> 
     </span>
     <span class='ocr_line' id='line_1_104' title="bbox 1053 2584 1798 2629; baseline 0.001 -12"><span class='ocrx_word' id='word_1_516' title='bbox 1053 2585 1157 2619; x_wconf 84' lang='lat' dir='ltr'>dictae</span> <span class='ocrx_word' id='word_1_517' title='bbox 1177 2585 1448 2627; x_wconf 80' lang='lat' dir='ltr'>Congregationes</span> <span class='ocrx_word' id='word_1_518' title='bbox 1468 2584 1652 2629; x_wconf 79' lang='lat' dir='ltr'>praemissis</span> <span class='ocrx_word' id='word_1_519' title='bbox 1670 2595 1798 2628; x_wconf 83' lang='lat' dir='ltr'>expres-</span> 
     </span>
    </p>
   </div>
   <div class='ocr_carea' id='block_1_10' title="bbox 1802 180 1985 208">
    <p class='ocr_par' dir='ltr' id='par_1_14' title="bbox 1802 180 1985 208">
     <span class='ocr_line' id='line_1_105' title="bbox 1802 180 1985 208; baseline 0.016 -3"><span class='ocrx_word' id='word_1_520' title='bbox 1802 180 1850 206; x_wconf 83' lang='grc' dir='ltr'>Αη.</span> <span class='ocrx_word' id='word_1_521' title='bbox 1871 180 1898 207; x_wconf 75' lang='lat' dir='ltr'>t).</span> <span class='ocrx_word' id='word_1_522' title='bbox 1920 181 1985 208; x_wconf 60' lang='lat'>¹594</span> 
     </span>
    </p>
   </div>
   <div class='ocr_carea' id='block_1_11' title="bbox 1807 1148 1991 1334">
    <p class='ocr_par' dir='ltr' id='par_1_15' title="bbox 1807 1148 1991 1334">
     <span class='ocr_line' id='line_1_106' title="bbox 1833 1148 1989 1173; baseline 0 -5"><span class='ocrx_word' id='word_1_523' title='bbox 1833 1148 1989 1173; x_wconf 58' lang='lat' dir='ltr'>[topazum-mn«</span> 
     </span>
     <span class='ocr_line' id='line_1_107' title="bbox 1807 1175 1990 1200; baseline 0.016 -7"><span class='ocrx_word' id='word_1_524' title='bbox 1807 1175 1872 1198; x_wconf 57' lang='lat' dir='ltr'>rlissil,</span> <span class='ocrx_word' id='word_1_525' title='bbox 1888 1175 1937 1195; x_wconf 45' lang='lat' dir='ltr'>ilitul</span> <span class='ocrx_word' id='word_1_526' title='bbox 1955 1181 1990 1200; x_wconf 71' lang='lat' dir='ltr'>pt:-</span> 
     </span>
     <span class='ocr_line' id='line_1_108' title="bbox 1807 1202 1990 1222; baseline 0.011 -2"><span class='ocrx_word' id='word_1_527' title='bbox 1807 1202 1882 1222; x_wconf 74' lang='lat' dir='ltr'>cuniae</span> <span class='ocrx_word' id='word_1_528' title='bbox 1892 1202 1912 1222; x_wconf 89' lang='lat' dir='ltr'>in</span> <span class='ocrx_word' id='word_1_529' title='bbox 1923 1203 1990 1222; x_wconf 74' lang='lat' dir='ltr'>subsi-</span> 
     </span>
     <span class='ocr_line' id='line_1_109' title="bbox 1807 1228 1990 1254; baseline 0.011 -7"><span class='ocrx_word' id='word_1_530' title='bbox 1807 1228 1863 1248; x_wconf 70' lang='lat' dir='ltr'>dium</span> <span class='ocrx_word' id='word_1_531' title='bbox 1881 1234 1918 1254; x_wconf 77' lang='lat' dir='ltr'>prs·</span> <span class='ocrx_word' id='word_1_532' title='bbox 1936 1229 1990 1249; x_wconf 65' lang='lat' dir='ltr'>bellu</span> 
     </span>
     <span class='ocr_line' id='line_1_110' title="bbox 1807 1256 1990 1275; baseline 0.005 -1"><span class='ocrx_word' id='word_1_533' title='bbox 1807 1258 1880 1275; x_wconf 57' lang='lat' dir='ltr'>cutura</span> <span class='ocrx_word' id='word_1_534' title='bbox 1911 1256 1990 1275; x_wconf 57' lang='lat' dir='ltr'>&#39;l&#39;urae-ns</span> 
     </span>
     <span class='ocr_line' id='line_1_111' title="bbox 1807 1282 1991 1302; baseline 0.005 -1"><span class='ocrx_word' id='word_1_535' title='bbox 1807 1282 1914 1302; x_wconf 66' lang='lat' dir='ltr'>dumtaxat</span> <span class='ocrx_word' id='word_1_536' title='bbox 1955 1283 1991 1302; x_wconf 86' lang='lat' dir='ltr'>im-</span> 
     </span>
     <span class='ocr_line' id='line_1_112' title="bbox 1808 1309 1931 1334; baseline 0.008 -7"><span class='ocrx_word' id='word_1_537' title='bbox 1808 1309 1931 1334; x_wconf 76' lang='lat' dir='ltr'>pendantur.</span> 
     </span>
    </p>
   </div>
   <div class='ocr_carea' id='block_1_12' title="bbox 1847 2481 1965 2502">
    <p class='ocr_par' dir='ltr' id='par_1_16' title="bbox 1847 2481 1965 2502">
     <span class='ocr_line' id='line_1_113' title="bbox 1847 2481 1965 2502; baseline -0.008 -1"><span class='ocrx_word' id='word_1_538' title='bbox 1847 2481 1965 2502; x_wconf 74' lang='lat' dir='ltr'>Clausulae.</span> 
     </span>
    </p>
   </div>
  </div>
 </body>
</html>
