2253 3195
21 218 70 246 An.
86 218 114 246 C.
138 217 205 246 1596

59 1387 178 1410 clausulae.

66 1920 222 1942 commissario-

39 1953 83 1969 rum
93 1947 220 1974 designatio.

834 216 981 241 CLEMENS
1002 216 1058 239 x'ttt
1081 216 1130 239 Pr,

221 267 289 300 sinc
307 266 415 310 aliqua
436 275 569 310 prorsus
590 266 789 310 exceptione,
813 265 911 308 recipi
933 270 963 297 et

222 319 347 353 admitti
375 319 534 360 debeant,
564 330 669 363 neque
689 319 728 352 ab
750 319 892 363 ipsarum
914 329 964 351 cc-

222 373 391 406 clesiarum
418 372 579 416 capitulis,
607 378 661 404 aut
692 372 962 404 monastwiorum

221 426 441 463 conventibus,
466 431 492 459 et
512 425 732 469 superioribus
763 430 880 458 statuta
905 425 963 457 ali-

222 490 284 523 qua
304 479 353 512 bis
373 479 534 512 contraria
549 505 556 516 ,
591 478 658 511 sine
679 479 859 515 consulum,
884 489 960 521 pro--

223 532 390 565 consulum
413 537 444 564 et
467 537 596 564 senatus
616 531 855 574 praedictorum
882 541 960 563 con-

222 595 317 618 sensu
335 590 363 618 et
385 584 586 628 Apostolicae
606 584 695 618 Sedis
716 584 961 627 approbatione,

224 638 286 678 edi,
301 638 395 671 condi
410 644 439 671 et
453 637 611 681 publicari
627 638 693 670 ullo
708 638 806 670 modo
828 638 961 680 possint„

224 698 255 724 et
282 691 378 732 edita,
402 691 532 724 condita
561 696 592 723 et
612 691 775 734 publicata
796 702 855 734 pro
887 697 966 723 tem-

224 755 313 788 pore,
344 744 462 777 nullius
493 743 620 776 roboris
651 744 699 776 vel
725 744 880 776 momenti
903 744 964 776 exi-

225 802 329 833 stant:
360 796 392 829 in
422 797 557 829 ccclesia
589 807 662 829 vero
698 797 805 830 Sancti
830 797 966 830 Mauritii

225 850 377 890 sufficiat,
401 856 435 883 ut
455 861 514 894 pro
539 856 685 894 tempore
706 850 841 894 provisi,
869 862 902 883 se
929 851 968 883 de

226 904 377 947 legitimis
404 909 435 936 et
462 903 609 946 ingenuis
647 904 835 947 parentibus
878 910 969 937 natos

227 968 307 997 esse,
335 968 393 1001 per
410 958 491 991 duos
517 963 614 991 testes
635 958 768 991 idoneos
790 964 820 991 et
839 958 901 991 tide
923 959 969 991 tli-

227 1021 324 1054 gnos,
354 1011 539 1055 probosque
559 1016 590 1044 et
613 1011 766 1044 honestae
796 1022 966 1044 eonversa-

229 1064 323 1098 tionis
343 1064 427 1097 viros
448 1070 583 1104 tantum,
611 1065 685 1097 licet
712 1075 777 1098 non
798 1065 861 1098 sint
881 1065 967 1098 eius-

229 1118 301 1151 dem
322 1117 494 1161 qualitatis,
519 1128 582 1161 qua
607 1118 703 1151 debet
723 1129 790 1151 esse
811 1118 968 1162 provisus,

228 1170 315 1203 iuxta
327 1170 403 1204 Sixti
420 1171 678 1214 praedecessoris
692 1171 970 1205 confirmationem

228 1223 443 1268 praedictam,
467 1225 614 1265 doceant,
638 1235 697 1257 nec
717 1225 757 1257 ad
778 1225 866 1258 aliud
888 1225 973 1258 circa

229 1282 381 1310 statutum
400 1277 599 1321 praedictum
623 1283 801 1311 tencantur.

276 1332 292 1373 ξ
312 1329 343 1363 3.
367 1330 482 1374 Sicque
503 1331 541 1363 ab
560 1331 711 1364 omnibus
730 1333 864 1373 censeri,
889 1338 916 1365 et
933 1333 973 1366 ita

232 1394 290 1428 per
321 1394 543 1428 quoscumque
580 1385 701 1418 iudices
732 1386 914 1419 ordinarios
945 1392 972 1419 et

234 1438 419 1480 delegatos,
455 1438 551 1471 etiam
574 1449 744 1472 causarum
769 1439 878 1483 palatii
900 1450 976 1483 apo-

233 1491 337 1524 stolici
368 1491 547 1531 auditores,
581 1492 707 1526 sublata
741 1493 786 1525 eis
808 1498 974 1526 eteorum

234 1544 366 1577 cuilibet
385 1545 495 1589 quavis
525 1545 618 1578 aliter
638 1545 801 1579 iudicandi
821 1552 850 1579 ct
878 1546 976 1579 inter-

233 1598 380 1642 pretandi
400 1599 548 1631 facultate
570 1604 600 1632 et
616 1599 818 1637 auctoritate,
842 1600 976 1633 iudicari

234 1658 265 1685 et
291 1651 417 1685 definiri
446 1652 583 1693 debere,
608 1663 644 1685 ac
671 1653 798 1686 irritum
827 1659 857 1686 et
883 1653 978 1687 inane

235 1705 393 1749 quidquid
420 1715 511 1739 secus
539 1716 637 1750 super
668 1706 716 1739 bis
740 1717 757 1739 a
788 1717 974 1750 quoquam,

236 1759 348 1803 quavis
379 1759 582 1800 auctoritate,
606 1759 745 1793 scienter
762 1761 810 1793 vel
830 1761 980 1803 ignoran-

238 1818 296 1853 ter,
320 1813 493 1855 contigerit
510 1813 670 1859 attentari.

282 1867 298 1908 ξ
320 1865 350 1898 lt.
374 1865 533 1905 Quocirca
556 1866 793 1900 venerabilibus
829 1867 981 1901 fratribus

237 1919 478 1953 Monasteriensi
500 1925 530 1952 et
549 1919 786 1962 Osnaburgensi
806 1920 977 1964 episcopis,

238 1984 275 2006 ac
301 1974 419 2007 dilecto
450 1974 518 2007 filio
545 1985 714 2008 causarum
740 1975 852 2008 Curiae
872 1976 981 2009 Came-

238 2037 292 2060 rae
303 2027 506 2070 Apostolicae
519 2028 661 2070 generali
675 2028 813 2062 auditori
825 2039 882 2072 per
890 2040 982 2073 prac-

239 2086 344 2114 sentes
364 2082 566 2121 mandamus,
594 2088 628 2115 ut
648 2081 728 2126 ipsi,
760 2082 809 2115 vel
830 2083 905 2123 duo,
929 2088 983 2116 aut

240 2145 323 2167 unus
353 2144 466 2168 eorum
490 2140 674 2178 praesentes
698 2135 836 2173 litteras,
865 2136 919 2168 ubi
953 2142 981 2169 et

240 2187 370 2231 quando
391 2198 471 2231 opus
493 2188 598 2227 suerit,
623 2199 659 2221 ac
672 2188 799 2231 quoties
821 2199 879 2231 pro
892 2194 982 2232 parte
999 2207 1001 2211 ·

241 2241 357 2274 civium
374 2241 688 2282 monasteriensium,
709 2247 763 2274 aut
783 2241 916 2275 alicuius
930 2253 983 2275 co-

241 2306 313 2328 rum
340 2295 460 2328 suerint
491 2295 636 2338 requisiti
667 2294 856 2327 solemniter
876 2306 983 2338 perse

241 2349 289 2381 vel
315 2348 394 2381 alios
424 2348 647 2392 publicantes,
675 2358 711 2381 ac
737 2348 768 2380 in
799 2348 983 2391 praemissis

243 2401 381 2435 efficacis
401 2401 767 2446 det'cnsionispraesidio
786 2401 979 2441 assistentes,

243 2455 369 2496 faciant,
386 2456 577 2489 auctoritate
596 2460 716 2495 nostra,
732 2460 916 2499 praesentes
934 2454 983 2487 lit-

244 2514 327 2542 teras
354 2514 384 2542 et
403 2509 435 2542 in
460 2509 504 2543 eis
525 2515 675 2543 contenta
697 2518 922 2553 quaecumque
944 2508 983 2540 ab

245 2564 407 2605 omnibus,
434 2564 474 2597 ad
495 2573 575 2607 quos
595 2568 717 2607 spectat
737 2568 768 2595 ct
788 2563 818 2595 in
840 2563 982 2595 futurum

245 2617 411 2662 spectabit,
428 2616 655 2651 inviolabiliter
666 2615 839 2656 observari;
857 2620 984 2648 contra-

1646 199 1710 233 ⁶293

999 263 1136 297 dictores
1154 262 1325 306 quoslibet,
1351 261 1461 304 eisquc
1482 259 1647 296 auxilium,
1665 269 1740 291 con-

998 317 1105 349 silium
1127 316 1174 349 vel
1208 317 1347 348 favorem
1373 314 1501 358 publice
1522 314 1569 346 vel
1595 313 1737 349 occulte,

999 369 1118 401 directe
1139 380 1194 401 scu
1213 368 1369 400 indirecte
1387 365 1631 411 quomodolibet
1650 376 1742 408 prae-

999 427 1127 459 stantes,
1157 432 1214 464 per
1234 431 1386 454 censuras
1406 419 1639 453 ecclesiasticas
1664 418 1742 451 alia-

1000 486 1061 518 que
1089 480 1273 518 opportuna
1300 473 1378 506 iuris
1410 479 1440 506 et
1470 472 1541 505 sacti
1574 472 1739 508 remedia,

1000 528 1215 571 appellatione
1229 527 1418 570 postposita,
1434 526 1680 569 compescendo,
1698 525 1745 557 iti-

1001 588 1112 614 vocato
1134 581 1231 614 ctiam
1252 581 1291 613 ad
1318 581 1389 620 boc,
1413 580 1438 613 si
1459 591 1539 623 opus
1557 579 1662 620 fuerit,
1686 590 1743 611 au-

1000 635 1075 667 xilio
1098 634 1219 667 bracbii
1241 633 1426 667 saecularis

1046 689 1060 730 ,ξ
1081 688 1110 721 ἴ).
1135 689 1204 721 Non
1229 688 1431 721 obstantibus
1464 687 1563 720 felicis
1594 688 1745 720 recorda-

1003 742 1096 775 tionis
1116 741 1271 775 Bonisacii
1298 742 1402 784 Papae
1424 740 1500 779 VIII,
1529 740 1624 773 etiam
1646 751 1742 783 prae-

1003 795 1179 828 decessoris
1200 794 1317 832 nostri‚
1343 795 1382 826 dc
1402 804 1481 831 una,
1506 799 1536 826 et
1557 793 1586 825 in
1609 793 1746 825 concilio

1003 849 1144 891 generali
1171 848 1254 881 edita
1280 849 1318 880 de
1341 847 1465 880 duabus
1494 846 1623 889 diaetis,
1656 847 1748 879 dum-

1004 903 1101 935 modo
1114 903 1196 934 ultra
1212 907 1274 934 tres
1289 901 1408 934 diaetas
1429 900 1545 944 aliquis
1559 900 1749 933 auctoritate

1004 956 1223 999 praesentium
1249 956 1288 988 ad
1316 954 1474 987 iudicium
1502 964 1567 986 non
1588 954 1746 993 trabatur,

1005 1009 1140 1052 aliisque
1152 1008 1336 1052 apostolicis
1350 1007 1635 1041 constitutionibus
1654 1012 1684 1039 et
1697 1018 1750 1039 or-

1007 1062 1237 1102 dinationibus,
1261 1072 1388 1095 necnon
1406 1061 1616 1094 ecclesiarum
1639 1066 1750 1094 etmo-

1007 1115 1221 1148 nasteriorum
1247 1115 1511 1158 praedictorum,
1554 1114 1751 1157 illorumque.

1008 1169 1171 1208 ordinum,
1187 1169 1282 1201 etiam
1298 1168 1491 1206 iuramento,
1506 1167 1752 1199 confirmatione

1007 1222 1205 1266 apostolica,
1236 1222 1284 1254 vel
1307 1221 1418 1265 quavis
1442 1220 1594 1253 firmitate
1619 1220 1680 1252 alia
1702 1230 1751 1252 ro-

1008 1275 1141 1312 boratisv
1162 1274 1288 1308 statutis
1314 1280 1344 1307 et.
1364 1272 1664 1313 consuetudinibus,
1688 1272 1754 1316 pri-

1008 1329 1131 1371 vilegiis
1151 1339 1297 1372 quoque,
1327 1327 1459 1360 indultis
1484 1332 1514 1359 et
1532 1326 1645 1359 litteris
1678 1337 1754 1369 apo-

1009 1382 1129 1415 stolicis
1149 1382 1181 1414 in
1200 1381 1398 1414 contrarium
1412 1380 1663 1424 praemissorum
1678 1379 1750 1419 illis,

1010 1445 1189 1479 eorumque
1218 1434 1376 1479 capitulis,
1401 1434 1630 1474 conventibus,
1654 1444 1752 1477 supe-

1012 1490 1151 1523 rioribus
1169 1495 1199 1522 et
1220 1488 1387 1533 personis,
1416 1488 1475 1521 sub
1497 1487 1756 1531 quibuscumque

1012 1543 1180 1576 tenoribus
1193 1548 1221 1576 et
1236 1542 1357 1579 formis,
1381 1552 1417 1574 ac
1432 1540 1632 1573 irritantibus
1644 1545 1674 1573 et.
1686 1540 1756 1573 aliis

1013 1596 1150 1630 decretis
1170 1595 1415 1639 quomodolibet
1435 1593 1615 1633 concessis,
1639 1593 1757 1626 confir-

1014 1650 1116 1688 matis,
1150 1649 1336 1693 approbatis
1357 1654 1388 1681 et
1407 1647 1577 1688 innovatis,
1603 1646 1755 1680 caeteris-

1014 1715 1075 1747 que.
1097 1702 1265 1736 contrariis
1283 1702 1553 1746 quibuscumque.

1058 1758 1172 1790 Datum
1198 1757 1319 1789 Romae
1351 1756 1437 1800 apud
1460 1756 1490 1789 S.
1522 1756 1674 1795 Marcum,
1698 1754 1757 1787 sub

1015 1812 1134 1844 annulo
1155 1810 1336 1849 piscatoris,
1348 1809 1399 1842 die
1411 1820 1469 1843 v111
1483 1808 1609 1851 augusti
1623 1818 1754 1845 moxcx‘i,

1015 1864 1222 1909 pontificatus
1243 1863 1343 1897 nostri
1365 1874 1450 1897 anno
1471 1874 1500 1897 v.

1052 1927 1110 1954 Dat.
1127 1927 1169 1954 die
1191 1926 1206 1954 8
1222 1926 1329 1962 augusti
1347 1926 1425 1959 1596,
1443 1925 1540 1961 pontis.
1563 1933 1607 1952 an.
1625 1933 1651 1951 v.

1309 2086 1466 2121 CXXXIX.

1019 2187 1136 2221 Contra
1157 2185 1330 2217 monachos
1354 2182 1621 2226 Cmtqregsatiom‘s
1634 2182 1763 2216 Camal-

1061 2239 1207 2272 (tulensis
1219 2238 1357 2281 officiaet
1374 2237 1552 2279 cligyw'tates
1570 2236 1758 2268 ambientes.

1220 2328 1355 2354 Clemens
1376 2326 1454 2357 Papa
1473 2325 1560 2357 VIII,

1146 2382 1182 2409 ad
1202 2384 1378 2415 perpetuam
1393 2379 1435 2407 rei
1455 2378 1637 2406 memoriam.

1062 2452 1273 2486 Ambitiosam
1284 2451 1446 2483 bonorum
1459 2455 1488 2483 et
1502 2449 1695 2492 dignitatum
1710 2460 1764 2482 cu-

1018 2506 1186 2551 piditatem
1213 2504 1446 2538 ecclesiasticos
1464 2514 1587 2543 omnes,
1612 2503 1667 2535 scd
1690 2502 1764 2535 reli-

1018 2560 1124 2603 giosos
1133 2557 1395 2603 praesertim,qni
1406 2557 1436 2589 in
1449 2556 1639 2589 humilitatis
1650 2556 1763 2600 spiritu

1017 2615 1081 2648 Deo
1102 2612 1220 2646 servire
1243 2617 1401 2651 tenentur,
1427 2610 1468 2644 ita
1486 2609 1584 2643 vitare
1605 2610 1708 2650 decet,
1729 2615 1762 2642 ut

1758 209 1807 235 An.
1824 208 1853 235 (2.
1872 207 1940 235 ¹596

1775 699 1887 723 Derogntio
1896 703 1944 717 con-

1761 726 1881 746 trariorum.

1806 2452 1897 2472 :tint-1110
1907 2451 1924 2470 in
1935 2458 1964 2470 ru-

1779 2479 1860 2504 Iigiosis
1880 2478 1965 2498 {Initum-

1779 2507 1818 2526 tur.
