2253 3195
1 214 50 241 An.
67 213 97 240 c.
115 212 184 239 1596
1624 196 1686 230 247
1733 206 1783 233 An.
1802 205 1830 233 c.
1850 206 1918 233 1596

976 259 1170 298 turandum,
1196 258 1341 302 quotidie
1373 258 1438 290 sere
1470 262 1656 293 uteremur,
1685 267 1719 288 re

976 318 1041 345 tota
1060 312 1189 345 tandem
1212 312 1250 344 ad
1272 322 1329 344 nos
1347 312 1488 354 perlata,
1512 316 1543 343 ct
1562 310 1594 342 in
1614 309 1714 349 lianc,

975 376 1057 409 quae
1075 376 1159 398 nunc
1181 365 1299 403 editur,
1324 365 1460 397 sormam
1483 364 1623 403 redacta,
1648 363 1715 395 sin·
1775 374 1831 404 Quae
1850 380 1918 395 emen-

975 419 1077 459 gulari
1098 419 1151 451 Dei
1174 418 1372 460 benignitate
1391 419 1508 461 (neque
1527 417 1612 450 enim
1626 417 1719 449 aliter
1734 401 1920 448 ssliiiffliltkffl‘teffif

1734 454 1890 474 atissiiiiiNatit
1898 459 1920 474 a·

975 472 1164 515 accipimus)
1179 472 1366 504 Pontificale
1386 471 1566 504 Romanum
1589 471 1717 503 tandem
1734 481 1765 501 niz
1780 481 1869 506 aliisque
1885 485 1919 501 co-

813 211 959 235 CLEMENS
977 211 1036 235 vm
1055 211 1105 235 PP.
1139 220 1148 228 -

198 259 397 293 auctoritatis
410 259 546 302 gratiam
564 270 679 302 magna
697 271 733 293 ex
753 265 843 303 parte
861 259 938 292 anii-

196 319 321 352 serant·,
346 312 465 346 idcirco
486 313 667 345 necessaria
683 323 733 346 res
751 313 814 345 visa
832 318 888 351 est,
905 318 937 345 ut

197 367 330 400 eaedem
352 367 510 400 formulae
525 367 556 399 in
570 367 668 399 sacris
684 367 868 410 praesulum
888 377 939 399 ec·

197 420 450 453 clesiasticorum
477 420 667 453 muneribus
687 420 873 456 servandac,
889 430 939 451 re-

197 479 349 516 cuperato
366 474 482 518 prioris
495 473 687 515 integritatis
700 479 794 511 statu,
808 472 940 505 omnino

1734 508 1824 527 ‹lii-ilius.

33 693 127 716 Clemens
143 693 182 714 ita-

0 726 39 748 que
62 720 182 744 emendari.

0 749 21 769 et
50 748 182 768 emendatam

0 773 40 804 edi.
49 776 70 795 et
80 774 183 800 divulgari

0 801 65 823 iussit.

197 526 453 564 restituerentur,
470 532 501 559 ct
513 527 552 559 ab
574 527 724 560 omnibus
745 525 940 569 praescripta

197 578 291 612 firma
308 580 416 623 aliqua
436 580 561 613 ratione
580 580 838 613 observarentur.

242 634 259 675 ξ
279 633 310 666 4.
334 633 397 667 Nos
422 633 521 675 igitur
537 633 577 666 ad
598 643 760 665 summum
782 632 941 675 apostola-

198 692 247 719 tus
266 686 402 730 apicem,
427 686 549 719 meritis
569 686 643 719 licet
661 686 848 730 imparibus,
873 697 942 719 eve-

198 740 255 781 cti,
282 740 522 784 praedictorum
553 741 772 773 Romanorum
804 740 939 773 Pontifi-

198 804 271 826 cum
289 794 574 837 praedecessorum
596 799 781 827 nostrorum
803 793 943 835 vestigiis

199 846 420 888 inhaerentes,
445 847 533 880 omni
565 859 642 880 cura
670 853 698 880 et
726 847 942 880 sollicitudine

198 900 409 934 adnitendum
434 901 528 934 nobis
549 911 616 934 esse
644 900 810 937 duximus,
835 906 870 933 ut
895 911 943 933 er-

199 963 299 993 rores,
323 954 378 998 qui
403 954 535 998 quidem
561 965 620 987 nec
644 954 757 998 pauci,
781 965 840 987 nec
860 954 943 986 leves

199 1007 231 1040 in
244 1007 330 1040 idem
344 1008 541 1055 Pontificale,
565 1007 745 1051 depravatis
763 1007 881 1050 passim
895 1007 943 1039 lo-

200 1061 254 1101 cis,
272 1061 479 1105 irrepserant,
501 1071 597 1104 quam
619 1060 857 1093 accuratissime
878 1061 941 1093 toi—

199 1113 355 1147 lerentur.
367 1114 454 1147 Idem
475 1114 561 1147 enim
580 1114 785 1151 Pontiiicale,
801 1113 945 1157 corrupti

201 1172 231 1200 et
251 1167 397 1200 mendosi
414 1167 586 1200 voluminis
602 1167 742 1211 speciem
760 1167 833 1200 ideo
854 1177 946 1210 prae-

201 1221 370 1261 seferebat,
386 1228 419 1254 ut
434 1221 555 1265 (multis
573 1212 768 1254 dictionibus
784 1221 859 1253 binc
873 1220 946 1253 inde

200 1274 319 1318 partim
340 1274 372 1307 in
393 1285 490 1307 unam
517 1274 690 1308 contractis
704 1302 711 1314 ,
735 1274 852 1318 partim
883 1285 947 1307 una

201 1327 233 1360 in
254 1328 362 1372 plures
390 1328 550 1368 distincta,
578 1328 696 1372 partim
723 1328 837 1361 iisdem
865 1328 947 1360 male

202 1391 238 1414 ac
258 1392 429 1425 perperam
451 1381 615 1415 collocatis
637 1387 667 1414 et
690 1381 843 1421 traiectis,
867 1392 944 1424 par-

203 1434 260 1467 tim
281 1434 421 1478 denique
442 1434 511 1478 ipso
533 1434 688 1468 orationis
703 1445 796 1467 sensu
811 1435 947 1476 mutato)

203 1487 338 1521 dubium
359 1494 458 1529 esset,
479 1488 596 1532 quibus
620 1489 748 1521 tandem
769 1488 881 1521 officiis
901 1489 947 1520 vel

202 1541 354 1575 laudibus
380 1541 477 1575 iidem
499 1541 653 1575 ecclesiae
680 1542 845 1585 praesules
869 1542 949 1574 divi-

202 1606 281 1629 num
317 1606 438 1629 numen
467 1602 766 1640 prosequerentur·,
798 1601 945 1640 praetcr-

203 1659 299 1693 quam
313 1649 399 1693 quod
412 1649 444 1681 in
457 1649 595 1682 rubricis
608 1649 704 1682 etiam
719 1649 866 1693 sparsim,
883 1655 949 1682 tur-

202 1703 276 1736 bata
297 1702 419 1736 ordinis
440 1702 539 1743 serie,
561 1702 724 1746 dispositis
739 1730 746 1743 ,
775 1708 862 1736 tanta
883 1708 949 1736 erat

203 1756 341 1790 varietas
362 1762 393 1790 et
413 1756 607 1797 obscuritas,
631 1761 667 1789 ut
687 1756 798 1789 multis
819 1757 851 1789 in
872 1756 950 1790 locis

202 1816 288 1843 recte
308 1820 368 1844 nec
389 1821 430 1843 ne
459 1820 492 1843 se
512 1810 680 1849 haberent,
705 1809 859 1853 opinione
881 1820 949 1842 ma-

203 1863 251 1906 gis
264 1874 361 1908 quam
382 1863 501 1897 iudicio
516 1869 599 1897 esset
618 1864 837 1897 statuendum.
862 1864 950 1897 Hanc

204 1928 281 1961 ergo
313 1919 353 1952 ad
379 1929 459 1959 rem,
484 1924 549 1952 tam
578 1929 651 1951 cum
678 1918 831 1951 eeclesiae
863 1918 950 1951 cultu

206 1972 378 2016 officioque
411 1977 523 2005 nostro
555 1971 760 2005 coniunctam
777 1999 784 2011 ,
820 1977 950 2015 tamque

205 2036 331 2067 eorum,
359 2026 415 2070 qui
440 2036 498 2070 pro
524 2025 666 2069 impositi
687 2025 794 2058 oneris
816 2025 924 2058 debito
940 2052 947 2066 ,

206 2079 303 2114 sacris
320 2079 473 2113 ecclesiae
488 2079 678 2112 muneribus
691 2089 805 2112 vacare
818 2079 947 2119 debent,

206 2133 399 2167 concordiae
420 2138 451 2166 et
470 2132 584 2166 unitati
603 2137 847 2175 congruentem,
872 2142 947 2165 exa-

206 2186 395 2220 minandam
416 2191 448 2219 et
467 2185 696 2219 absolvendam
722 2185 784 2228 piis
812 2185 948 2229 quibus-

208 2240 282 2273 dam
300 2245 397 2283 atque
418 2239 596 2281 insignibus
616 2238 703 2278 viris,
723 2237 778 2271 diu
798 2238 952 2271 multum-

208 2292 316 2336 quein
329 2292 570 2336 pontificalibus
591 2291 805 2324 caeremoniis
826 2295 858 2323 et
878 2290 949 2323 riti-

207 2344 267 2378 bus
286 2345 428 2386 versatis,
452 2345 623 2388 negocium
650 2344 809 2383 dedimus,
832 2343 952 2376 dictum

208 2398 395 2432 Pontificaie
415 2399 631 2443 undequaque
650 2397 833 2440 corrigendi
855 2402 885 2430 et
904 2407 954 2430 re-

209 2452 362 2486 stituendi
377 2479 384 2492 ,
408 2463 534 2486 necnon
566 2462 793 2496 quaecumque
814 2451 853 2483 ad
875 2461 950 2484 exa-

211 2511 293 2540 ctam
315 2505 400 2539 illius
418 2506 593 2540 editionem
607 2511 753 2550 spectare
767 2505 955 2538 viderentur

211 2559 420 2604 perquirendi
441 2566 472 2593 et
490 2559 686 2604 praestandi.
703 2559 847 2603 Cumque
868 2559 955 2602 apud

212 2624 266 2649 eos
285 2619 419 2659 paterna
432 2613 628 2656 hortatione,
650 2613 690 2647 ad
711 2613 772 2647 hoc
792 2623 873 2657 opus
887 2622 955 2646 ma-

976 525 1157 557 restitutum
1180 530 1209 557 et
1231 523 1412 557 absolutum
1434 530 1490 563 cst,
1508 530 1604 567 atque
1626 524 1669 556 ita
1683 534 1718 555 ex

976 579 1063 610 omni
1096 583 1185 621 parte
1215 578 1405 621 dispositum
1428 578 1534 621 (quod
1556 577 1577 609 ii
1599 577 1715 615 etiam,

977 632 1030 675 qui
1051 631 1186 674 negocio
1215 642 1251 664 ac
1272 631 1398 664 muneri
1420 631 1495 663 buit:
1524 631 1716 674 praefuere,

977 684 1271 725 coulirrnai‘uutlut
1290 684 1369 717 nibil
1391 684 1429 716 ab
1451 684 1591 727 antiquis
1612 683 1720 716 Ponti-

978 739 1118 771 ticalium
1140 738 1327 778 codicibus,
1352 738 1407 781 qui
1429 743 1495 770 tum
1518 737 1549 769 in
1570 737 1717 770 clariori-

978 792 1036 824 bus
1056 791 1150 824 Urbis
1171 791 1324 828 ecclesiis,
1354 796 1422 823 tuin
1445 790 1474 822 in
1505 796 1614 823 nostra
1634 790 1720 822 Vati-

978 856 1056 877 cana
1077 844 1283 882 bibliotheca,
1308 855 1344 877 ac
1372 844 1512 887 denique
1539 844 1569 876 in
1591 843 1722 887 quibus-

979 898 1051 930 dam
1080 897 1149 930 aliis
1180 897 1359 939 insignibus
1390 897 1468 929 locis
1500 902 1719 935 asservantur,

979 952 1120 984 alienum
1152 957 1207 984 aut
1245 951 1430 994 discrepans
1468 950 1642 994 irrepserit.
1676 950 1724 985 Ad

980 1016 1075 1049 quam
1097 1016 1241 1049 operam,
1266 1005 1297 1037 in
1320 1004 1450 1037 vetustis
1478 1004 1568 1036 libris
1589 1003 1672 1036 inter
1691 1014 1724 1037 se

980 1059 1194 1095 conserendis,
1210 1064 1339 1091 strenue
1352 1069 1388 1091 ac
1402 1057 1542 1090 fideliter
1561 1063 1721 1097 navatam,

981 1113 1011 1146 id
1029 1112 1192 1145 commodi
1214 1123 1343 1156 quoque
1364 1112 1505 1151 accessit,
1530 1112 1616 1154 quod
1635 1111 1655 1143 ii
1669 1110 1723 1154 qui

981 1177 1017 1200 ea
1035 1167 1067 1198 in
1089 1177 1123 1198 re
1140 1165 1333 1198 industriam
1355 1166 1567 1204 collocarunt,
1592 1175 1628 1197 ex
1647 1174 1722 1207 gra-

981 1219 1116 1253 vissimis
1137 1219 1351 1263 scriptoribus
1377 1229 1431 1252 eos
1457 1219 1586 1251 demum
1614 1223 1725 1251 aucto-

981 1285 1042 1314 res,
1063 1273 1119 1317 qui
1139 1273 1286 1306 omnium
1314 1272 1532 1316 probatissimi
1561 1272 1723 1304 haberen-

983 1332 1044 1368 tur,
1068 1326 1195 1371 sequuti
1224 1326 1358 1366 suerint,
1389 1326 1541 1370 quodque
1569 1324 1727 1367 ambiguis

982 1380 1134 1414 omnibus
1154 1391 1190 1413 ac
1211 1379 1318 1413 dubiis
1344 1380 1440 1412 rebus
1470 1378 1724 1423 praetermissis,

983 1445 1035 1467 eas
1050 1434 1226 1472 dumtaxat,
1239 1443 1321 1476 quae
1336 1438 1442 1466 essent
1462 1432 1494 1465 in
1515 1431 1631 1465 veteris
1643 1432 1727 1464 Pon-

985 1486 1109 1519 tificalis
1130 1497 1257 1519 summa
1281 1486 1570 1529 compraehensae,
1595 1485 1725 1527 delege-

984 1540 1058 1579 rint,
1079 1540 1117 1573 iis
1138 1545 1245 1572 tamen
1267 1539 1417 1582 exceptis,
1441 1549 1524 1582 quae
1545 1539 1584 1571 ad
1604 1539 1725 1571 Roma-

984 1604 1062 1626 num
1082 1593 1273 1626 Pontificem
1293 1593 1494 1633 attinebant,
1518 1592 1605 1636 quod
1634 1591 1729 1624 nimi-

984 1657 1055 1680 rum
1074 1646 1105 1678 in
1119 1646 1346 1679 caeremoniali
1366 1646 1396 1679 S.
1412 1647 1447 1679 R.
1465 1646 1498 1678 E.
1516 1650 1587 1678 sunt
1602 1655 1729 1688 expres·

984 1711 1047 1734 sae.
1072 1701 1115 1733 Ex
1134 1700 1274 1733 rubricis
1294 1710 1370 1733 vero
1383 1727 1390 1740 ,
1414 1699 1524 1732 multis
1552 1698 1704 1732 detractis
1718 1725 1726 1739 ‚

985 1765 1067 1798 quae
1090 1754 1250 1787 exactiore
1271 1753 1424 1786 methodo
1446 1753 1478 1785 in
1510 1752 1630 1786 librum
1652 1761 1727 1785 cae-

985 1808 1206 1842 remoniarum
1239 1807 1465 1853 episcoporum
1495 1811 1570 1839 sunt
1600 1805 1701 1838 relata
1720 1832 1727 1845 ,

986 1862 1147 1906 plerisque
1168 1861 1276 1899 etiam,
1300 1860 1346 1893 uti
1367 1859 1564 1893 necessitatis
1577 1859 1658 1892 ratio
1672 1869 1730 1902 po-

985 1916 1134 1953 stulabat,
1163 1914 1306 1954 adiectis,
1331 1919 1361 1947 et
1382 1919 1551 1958 praeterea
1570 1923 1635 1946 non
1654 1923 1732 1956 pau-

986 1968 1030 2001 cis
1050 1968 1244 2012 quibusdam
1258 1967 1290 2000 in
1305 1967 1420 2000 melius
1433 1966 1651 2005 commutatis,
1668 1966 1731 1998 cla-

987 2022 1117 2065 riusque
1138 2020 1299 2065 expositis,
1314 2031 1350 2053 ae
1369 2019 1507 2063 denique
1527 2024 1623 2052 cantu
1635 2019 1731 2063 plano

987 2076 1018 2108 in
1039 2075 1198 2119 aptiorem
1226 2073 1457 2108 modulationis
1478 2074 1615 2106 sormam
1640 2073 1729 2116 (per-

987 2128 1095 2161 multis
1115 2127 1259 2173 syllabis,
1283 2138 1343 2171 pro
1376 2132 1560 2170 temporum
1593 2130 1729 2165 natura,

987 2182 1040 2215 ubi
1062 2182 1141 2215 ratio
1163 2192 1216 2214 eas
1236 2180 1372 2224 produci
1393 2185 1425 2213 et
1445 2179 1563 2223 corripi
1584 2179 1729 2222 postula-

988 2236 1051 2275 bat,
1076 2240 1189 2268 contra
1210 2245 1306 2278 quam
1328 2234 1416 2278 prius
1437 2233 1469 2266 in
1490 2232 1622 2276 antiquo
1643 2233 1729 2265 Pon-

988 2288 1097 2322 tificali
1127 2299 1311 2332 expressum
1342 2293 1429 2327 erat,
1459 2286 1560 2328 magis
1588 2285 1733 2329 apposite

988 2342 1139 2382 extensis,
1163 2342 1212 2375 vel
1240 2341 1412 2374 contractis
1439 2351 1456 2373 a
1489 2339 1563 2372 viris
1593 2339 1661 2372 eius
1687 2339 1733 2372 rei

988 2395 1109 2439 peritis,
1134 2396 1173 2428 ad
1194 2395 1256 2428 hoc
1277 2395 1364 2428 iussu
1383 2400 1493 2427 nostro
1512 2392 1656 2435 delectis)
1678 2392 1730 2426 di-

989 2449 1126 2491 ligenter
1155 2449 1310 2488 redacto,
1341 2458 1422 2491 opus
1454 2447 1516 2479 iam
1549 2446 1734 2480 absolutum

989 2502 1211 2547 probavimus,
1235 2507 1266 2534 et
1296 2502 1417 2535 Romae
1449 2500 1521 2541 cdi,
1546 2499 1734 2543 editumque

990 2556 1147 2600 divulgari
1168 2555 1404 2589 mandavimus.

1035 2612 1050 2653 ξ
1072 2610 1102 2644 5.
1126 2610 1165 2644 Ut
1185 2615 1292 2644 autem
1313 2608 1413 2654 ipsius
1440 2608 1546 2654 operis
1571 2607 1663 2642 labor
1690 2607 1731 2642 ti·-
