2253 3195
84 267 133 302 An.
153 271 181 302 C.
199 272 266 301 1599

104 709 202 730 inhibens
218 713 268 734 quo-

84 737 151 757 minus
169 737 268 762 quaestu·

84 769 118 785 ras
126 762 269 783 molestentur.

114 1347 234 1369 cnututae.

136 1934 280 1961 Exequutores

97 1959 207 1987 designati.

893 267 1039 299 ctnMaNs
1059 272 1117 298 vm
1137 270 1187 298 pr.

280 327 311 356 et
330 321 417 356 licite
436 322 583 363 valeant;
607 316 651 356 ita
671 328 789 362 tamen,
806 315 893 366 quod
904 322 1018 356 huius-

280 376 368 409 modi
381 376 602 421 eleemosynae
613 376 644 409 in
653 387 747 409 usum
757 375 833 409 dicti
840 375 1018 420 hospitalis,

281 429 320 462 ad
333 429 417 463 illius
437 440 616 473 pauperum
637 429 842 463 necessitates
854 429 1022 462 sublevan-

282 482 337 515 das
358 483 522 516 dumtaxat
551 488 800 522 convertantur,
832 482 1022 515 auctoritate

281 541 312 568 et
332 541 442 569 tenore
463 536 648 580 praedictis,
663 536 759 569 etiam
774 541 930 579 perpetuo
945 546 1023 568 con-

283 590 427 623 cedimus
448 596 478 623 et
496 590 712 632 indulgemus.

328 645 344 686 g
365 642 395 676 8.
412 644 626 677 Decernentes
640 643 800 688 syndicos,
824 643 1022 685 gubernato-

283 707 334 730 res
354 702 385 729 et
414 696 690 730 administratores
720 696 914 741 praedictos,
939 702 970 729 et
986 696 1025 729 ab

284 749 329 782 eis
349 750 389 782 ad
413 750 633 794 receptionem
654 751 932 794 eleemosynarum
961 749 1023 782 hu-

283 802 423 836 iusmodi
444 804 612 847 deputatas
628 814 785 847 personas
805 815 863 848 per
880 804 1026 837 locorum

283 855 482 897 Ordinarios‚
506 867 561 890 seu
583 867 695 890 eorum
713 857 849 890 vicarios
870 857 902 889 in
926 856 1024 900 spiri-

284 910 424 944 tualibus
438 911 617 953 generales,
633 917 688 944 aut
705 911 868 951 officiales,
885 921 945 943 nec
962 920 1026 943 non

283 964 422 997 fabricae
442 964 593 998 basilicae
613 964 771 1008 Principis
798 965 1026 1008 Apostolorum

284 1017 324 1050 de
344 1017 440 1058 Urbe,
457 1018 663 1052 etCruciatae
680 1023 820 1058 sanctae,
844 1029 880 1051 ac
900 1017 1028 1051 Ordinis

286 1071 402 1104 Beatac
423 1071 539 1105 Mariae
557 1071 800 1115 Redemptionis
824 1071 1027 1115 Captivorum

287 1125 467 1169 deputatos,
492 1127 539 1159 vel
560 1136 782 1170 quoscumque
803 1126 894 1167 alios,
918 1126 1029 1170 quavis

287 1179 479 1212 auctoritate
499 1179 679 1222 fungentes,
704 1179 880 1220 molestari,
903 1185 1030 1223 pertur-

289 1231 358 1265 bari
379 1233 428 1266 vel
448 1232 624 1277 inquietari
645 1243 711 1266 non
731 1243 836 1277 posse.

333 1287 349 1328 5
371 1285 401 1319 9.
429 1286 545 1330 Sicque
582 1298 640 1331 per
666 1297 889 1331 quoscumque
909 1286 1030 1320 iudices

289 1340 472 1374 ordinarios
484 1347 515 1374 et
528 1342 702 1384 delegatos,
715 1340 1027 1381 autcommissarios,

289 1399 319 1426 et
339 1404 507 1427 causarum
525 1394 637 1428 Palatii
657 1394 833 1439 Apostolici
853 1395 1028 1435 auditores,

288 1457 325 1480 ac
336 1447 471 1481 Sanctae
488 1448 652 1482 Romanae
663 1448 824 1482 Ecclesiae
838 1449 1029 1489 cardinales,

289 1500 384 1534 etiam
416 1502 456 1535 de
475 1501 574 1535 latere
600 1502 741 1544 legatos,
775 1502 900 1535 sublata
929 1501 974 1534 eis
1003 1507 1034 1534 et

290 1564 403 1588 eorum
424 1555 557 1588 cuilibet
582 1555 692 1599 quavis
713 1555 805 1588 aliter
822 1555 986 1588 iudicandi
1004 1561 1034 1589 et

290 1607 523 1652 interpretandi
536 1609 688 1642 facultate
701 1608 943 1649 etauctoritate,
964 1608 1034 1642 ubi-

291 1672 353 1705 que
371 1661 507 1695 iudicari
522 1662 692 1695 etdefiniri
705 1662 834 1703 debere,
852 1673 888 1695 ac
906 1662 1033 1695 irritum

291 1721 322 1749 et
341 1715 436 1749 inane
456 1716 481 1749 si
502 1727 593 1750 secus
613 1727 710 1761 super
730 1717 779 1750 his
799 1728 817 1750 a
843 1727 1008 1761 quoquam
1024 1745 1031 1759 ,

293 1769 404 1813 quavis
425 1770 626 1811 auctoritate,
650 1770 788 1804 scienter
807 1770 855 1804 vel
877 1770 1032 1813 ignoram-

293 1828 352 1863 ter‚
374 1823 545 1866 contigerit
562 1824 723 1857 attentari.

339 1878 355 1918 ἕ
377 1875 429 1910 10.
454 1876 610 1916 Quocirca
627 1877 865 1911 venerabilibus
886 1878 1037 1912 fratribus

294 1929 412 1963 nostris
433 1930 683 1975 archiepiscopis
703 1931 853 1964 Remensi
868 1937 898 1964 et
917 1931 1038 1964 Rotho-

297 1984 439 2026 magensi
460 1995 496 2017 ac
517 1985 669 2029 episcopo
689 1984 861 2018 Parisiensi
881 1985 1034 2019 commit-

297 2037 393 2070 timus
414 2043 444 2071 et
468 2038 660 2072 mandamus
676 2066 683 2079 ,
707 2044 866 2082 quatenus
886 2039 965 2083 ipsi,
989 2040 1037 2073 vel

298 2091 374 2131 duo,
399 2096 454 2124 aut
473 2101 557 2124 unus
578 2102 689 2125 eorum
711 2102 768 2135 per
787 2102 832 2132 se,
855 2092 904 2126 vel
924 2093 1035 2134 alium,

297 2155 354 2178 seu
368 2144 448 2177 alios
459 2150 644 2188 praesentes
656 2145 791 2186 litteras,
810 2150 841 2178 et
858 2145 889 2178 in
905 2146 949 2179 eis
962 2157 1039 2180 con-

300 2203 385 2231 tenta
406 2208 649 2242 quaecumque,
673 2198 728 2231 ubi
752 2204 783 2231 et
806 2199 936 2242 quando
957 2209 1039 2243 opus

298 2251 403 2291 suerit,
420 2262 456 2285 ac
476 2251 602 2295 quoties
619 2262 678 2295 pro
692 2257 783 2295 parte
795 2252 923 2286 Henrici
941 2253 1036 2295 regis,

297 2316 357 2339 nec
376 2316 441 2339 non
461 2315 519 2349 pro
541 2311 686 2350 tempore
708 2305 910 2339 existentium
931 2307 1039 2350 syndi-

298 2351 683 2402 corum,gi1bernatorum
698 2364 728 2392 et
741 2359 1039 2393 administratorum

298 2413 550 2456 praedictorum,
575 2413 621 2446 vel
635 2412 770 2446 alicuius
795 2423 908 2446 eorum
923 2413 1042 2446 suerint

299 2466 456 2510 requisiti,
485 2466 674 2500 solemniter
694 2466 912 2510 publicantes,
932 2466 1041 2511 eisque

300 2518 332 2552 in
352 2519 536 2563 praemissis
556 2519 695 2553 efficacis
716 2519 911 2553 defensionis
942 2530 1039 2563 prae-

301 2572 384 2607 sidio
398 2573 592 2614 assistentes,
604 2572 919 2607 faciantauctoritate
933 2578 1043 2606 nostra

301 2632 485 2670 praesentes
499 2626 632 2667 litteras,
647 2632 678 2659 et
698 2626 730 2658 in
751 2626 796 2659 cis
816 2631 966 2659 contenta
984 2625 1043 2658 hu-

302 2679 441 2713 iusmodi
463 2680 501 2712 ab
520 2679 682 2721 munibus,
706 2679 745 2713 ad
766 2690 847 2724 quos
867 2684 988 2723 spectat
1013 2684 1043 2712 et

1056 332 1114 366 pro
1124 327 1269 365 tempore
1278 312 1678 364 spectabit,inviolabiliter
1687 313 1798 351 obser-

1057 375 1133 415 vari,
1148 385 1184 408 ac
1194 374 1352 419 syndicos,
1369 373 1601 416 gubernatores
1617 377 1647 405 et
1661 371 1800 404 admini-

1057 434 1208 462 stratores
1218 427 1410 472 pmedictos,
1428 436 1604 470 omnesque
1616 425 1706 466 alios,
1719 435 1800 469 quos

1057 487 1241 526 praesentes
1250 481 1337 525 ipsae
1345 487 1545 514 concernunt
1557 485 1588 513 et
1605 484 1802 513 concernent

1058 535 1090 568 in
1110 535 1272 574 futurum,
1303 534 1365 567 illis
1394 533 1528 577 pacifice
1563 532 1625 565 srui
1656 538 1687 565 et
1717 542 1798 574 gau-

1060 588 1153 628 dere,
1178 598 1242 620 non
1263 587 1486 631 permittentes
1507 586 1592 630 ipsos
1612 586 1660 619 vel
1688 595 1801 619 eorum

1060 641 1245 685 quempiam
1260 651 1318 684 per
1331 650 1553 684 quoscumque
1575 639 1713 683 desuper
1726 649 1803 672 con-

1061 700 1109 727 tra
1129 694 1318 727 eorumdem
1331 693 1549 737 praesentium
1565 698 1710 726 tenorem
1724 702 1804 736 quo-

1061 747 1239 780 modolibet
1259 746 1401 780 indebite
1422 746 1604 786 molestam
1634 745 1800 779 contradi-

1061 807 1165 835 ctores
1179 801 1339 846 quoslibet
1360 806 1390 834 et
1402 801 1538 834 rebelles
1550 811 1607 844 per
1616 799 1801 840 sententias,

1062 866 1213 889 censuras
1234 861 1265 888 et
1281 865 1401 899 poenas
1415 853 1657 895 ecclesiasticas,
1677 853 1805 897 aliaque

1063 914 1247 953 opportuna
1268 908 1346 942 iuris
1366 914 1397 941 et
1415 907 1488 940 sacti
1509 907 1669 947 remedia,
1695 906 1805 950 appel-

1063 962 1182 995 latione
1196 961 1384 1006 postposita,
1408 961 1655 1005 compescendo,
1678 970 1805 993 necnon

1062 1017 1213 1060 legitimis
1233 1027 1330 1060 super
1350 1016 1398 1049 his
1411 1015 1568 1048 habendis
1581 1014 1714 1048 servatis
1730 1024 1805 1058 pro-

1063 1071 1216 1111 cessibus,
1244 1069 1429 1110 sententias,
1458 1079 1610 1103 censuras
1631 1074 1662 1101 et
1684 1078 1806 1112 poenas

1063 1124 1159 1168 ipsas
1183 1124 1279 1157 etiam
1300 1123 1422 1156 iteratis
1441 1122 1563 1157 vicibus
1583 1122 1803 1165 aggravando,

1064 1178 1212 1211 invocato
1249 1177 1344 1211 etiam
1376 1177 1416 1210 ad
1438 1176 1516 1216 hoc,
1549 1176 1575 1209 si
1597 1186 1677 1219 opus
1697 1175 1804 1216 suerit,

1065 1231 1183 1265 auxilio
1199 1230 1324 1264 brachii
1345 1230 1528 1264 saecularis.

1110 1286 1126 1327 ξ
1148 1283 1200 1317 11.
1224 1284 1294 1317 Non
1315 1283 1516 1317 obstantibus
1547 1282 1732 1327 praemissis
1747 1310 1754 1323 ‚
1778 1289 1810 1316 et

1065 1343 1194 1371 sanctae
1215 1337 1392 1370 memoriae
1417 1336 1571 1370 Bonisacii
1602 1336 1707 1380 Papae
1728 1336 1805 1377 Vlll,

1067 1391 1177 1425 itidem
1197 1390 1454 1436 praedecessoris
1471 1390 1585 1432 nostri,
1603 1400 1665 1434 qua
1680 1396 1811 1423 cavetur

1067 1457 1107 1479 ne
1125 1445 1196 1490 quis
1209 1451 1339 1489 praeter
1361 1455 1452 1478 suam
1476 1444 1636 1477 civitatem
1655 1444 1702 1477 vel
1721 1444 1811 1477 dioe-

1068 1499 1177 1540 cesim,
1202 1499 1263 1532 nisi
1277 1499 1309 1532 in
1330 1499 1425 1532 certis
1445 1498 1602 1542 expressis
1620 1497 1758 1538 casibus,
1780 1503 1812 1531 et

1069 1553 1101 1586 in
1122 1553 1183 1587 illis
1203 1553 1288 1586 ultra
1307 1563 1405 1585 unam
1427 1552 1565 1585 diaetam
1597 1562 1615 1584 a
1639 1551 1703 1585 fine
1734 1562 1812 1585 suae

1069 1606 1206 1640 diocesis
1231 1607 1270 1639 ad
1302 1605 1459 1639 iudicium
1481 1610 1651 1645 evocetur,
1685 1616 1740 1639 seu
1771 1615 1812 1638 ne

1069 1661 1192 1694 iudices
1213 1671 1230 1693 a
1250 1660 1331 1694 Sede
1359 1659 1525 1704 praedicta
1556 1658 1701 1703 deputati
1723 1663 1813 1691 extra

1070 1714 1231 1748 civitatem
1252 1713 1301 1747 vel
1322 1713 1508 1754 dioecesim,
1525 1713 1557 1745 in
1576 1712 1692 1756 quibus
1709 1712 1812 1756 depu-

1070 1768 1127 1801 tati
1149 1768 1278 1808 suerint,
1301 1772 1414 1801 contra
1440 1776 1664 1810 quoscumque
1692 1776 1810 1810 proce-

1071 1822 1158 1863 dere,
1180 1827 1234 1854 aut
1254 1821 1306 1854 alii
1327 1820 1375 1854 vel
1396 1820 1466 1853 aliis
1478 1820 1562 1852 vices
1578 1829 1651 1852 suas
1665 1819 1814 1852 commit-

1073 1881 1139 1908 tere
1156 1875 1296 1908 audeant
1315 1875 1364 1908 vel
1384 1878 1604 1918 praesumant,
1629 1883 1665 1906 ac
1686 1872 1718 1905 in
1737 1883 1815 1906 con-

1072 1928 1145 1962 cilio
1176 1927 1319 1971 generali
1354 1927 1441 1961 edita
1471 1927 1509 1960 de
1541 1926 1666 1960 duabus
1686 1926 1811 1967 diaetis,

1073 1982 1250 2015 dummodo
1264 1981 1348 2014 ultra
1361 1987 1426 2014 tres
1435 1980 1556 2014 diaetas
1570 1980 1685 2024 aliquis
1706 1985 1816 2014 aucto-

1072 2035 1165 2069 ritate
1186 2034 1405 2079 praesentium
1427 2035 1466 2068 ad
1488 2033 1642 2068 iudicium
1660 2044 1724 2067 non
1747 2040 1813 2067 tra-

1073 2089 1168 2123 hatur
1182 2116 1189 2130 ‚
1225 2089 1361 2132 aliisque
1395 2087 1603 2132 apostolicis,
1635 2098 1763 2121 necnon
1784 2088 1816 2120 in

1073 2142 1283 2182 sinodalibus,
1310 2141 1562 2186 provincialibus
1580 2147 1610 2175 et
1626 2141 1817 2174 universali-

1074 2198 1132 2230 bus
1153 2196 1296 2230 conciliis
1317 2195 1421 2236 editis,
1441 2195 1633 2239 specialibus
1652 2195 1700 2228 vel
1721 2206 1817 2237 gene-

1073 2250 1195 2283 ralibus
1208 2248 1491 2282 constitutionibus
1505 2253 1536 2281 et
1547 2247 1817 2289 ordinationibus,

1074 2303 1252 2347 ceterisque
1272 2303 1441 2336 contrariis
1455 2302 1724 2346 quibuscumque.

1120 2357 1136 2399 ς
1159 2356 1212 2389 12.
1236 2356 1391 2389 Volumus
1412 2362 1531 2396 autem,
1554 2366 1591 2389 ac
1611 2365 1669 2399 per
1689 2356 1817 2389 easdem

1074 2415 1259 2454 praesentes
1296 2409 1520 2449 decernimus,
1553 2408 1641 2453 quod
1662 2419 1817 2453 personae

1075 2463 1114 2496 ad
1136 2463 1359 2496 collectionem
1392 2463 1668 2506 eleemosynarum
1700 2462 1815 2495 huius-

1077 2516 1163 2550 modi
1184 2526 1243 2561 pro
1265 2523 1409 2560 tempore
1428 2516 1612 2560 deputatae,
1633 2525 1671 2549 eo
1692 2516 1817 2549 maius¹

1076 2570 1144 2603 sine
1165 2570 1240 2603 dolo
1261 2575 1292 2603 et.
1312 2570 1456 2604 modeste
1468 2570 1652 2612 fungantur,
1668 2576 1818 2614 quaesto-

1077 2633 1147 2657 rum
1159 2633 1278 2657 nomen
1288 2633 1353 2657 non
1362 2622 1820 2667 gerant,nullasindulgentias

1113 2688 1122 2714 1
1142 2687 1205 2723 Legi
1221 2687 1289 2714 sorte.
1305 2687 1387 2714 debet
1406 2695 1534 2715 munere.
1553 2690 1647 2722 tn.T.).

1704 255 1768 293 503
1813 268 1861 296 An.
1883 266 1912 296 c.
1930 263 1998 296 1595}

1837 1287 1951 1318 Deroffatio
1959 1293 2008 1308 con·

1824 1319 1944 1337 trax-iorum.

1848 2358 1922 2389 Modus
1930 2362 2019 2378 servan-

1904 2392 1923 2406 ιη
1955 2390 2018 2411 quae·

1833 2413 1984 2435 stuatiunibus.
