2253 3195
314 252 362 278 An.
381 252 410 279 r..
431 253 497 279 troi
543 242 607 276 (310

339 1425 458 1447 Clausulas.

512 302 677 345 permissis
705 301 786 334 sacta
811 301 874 334 sint
889 328 896 341 ,
919 300 981 334 nisi
1007 301 1075 345 ipsa
1094 301 1181 335 bona
1199 301 1256 334 do-

511 360 587 387 nata
607 354 776 387 actualiter
793 360 909 387 etcum
931 354 1046 388 effectu
1067 354 1257 387 eisdemmet

513 407 700 447 donatariis‚
718 408 831 441 saltem
853 408 934 441 infra
948 414 1020 442 octo
1038 408 1165 441 dierum
1186 419 1257 452 spa-

512 460 604 501 tium,
617 461 732 493 tradita
746 461 913 499 suerint,et
923 462 1052 495 realiter
1064 472 1163 506 penes
1172 462 1258 506 ipsos

511 514 737 555 remanserint,
752 515 801 548 vel
814 515 884 548 illas
897 526 933 548 ex
943 526 1148 560 quacumque
1162 526 1258 549 causa

512 567 608 599 etiam
637 568 822 607 custodiae,
857 569 1016 612 depositi,
1049 569 1164 606 mutui,
1203 576 1257 603 aut

511 620 659 663 precario
679 621 728 654 vel
760 621 824 654 alio
853 632 1062 665 quocumque
1083 622 1176 655 titulo
1201 633 1257 655 seu

511 678 690 716 praetextu,
715 674 811 707 etiam
833 685 906 707 cum
928 675 1073 708 clausula
1093 675 1257 709 constituti

512 726 589 760 dieti
603 727 776 761 donatores
786 728 995 768 detinuerint,
1012 729 1061 761 vel
1075 729 1161 772 apud
1179 729 1258 762 alias

510 790 678 824 personas,
701 791 757 814 sen
779 782 926 824 collegia,
950 782 1045 815 etiam
1066 788 1257 826 procurato-

511 834 560 867 rio
585 835 717 868 nomine
739 836 987 870 donatariorum
1009 836 1094 870 dicta
1113 836 1199 869 bona
1227 843 1258 870 et

511 898 562 921 res
581 888 709 929 donata,
728 889 855 929 tradita,
879 890 1116 930 commendata,
1131 901 1186 923 seu
1199 890 1257 923 sub

513 941 672 984 deposito,
700 943 748 975 vel
774 943 837 975 alio
858 943 951 976 titulo
973 943 1178 986 consignata,
1201 954 1258 977 seu

513 994 642 1035 tradita,
665 1006 721 1028 seu
743 997 990 1039 quomodolibet
1007 998 1168 1030 occultata
1190 998 1257 1030 sue-

511 1048 590 1088 rint·‚
623 1049 665 1081 ita
697 1050 803 1093 quod,
831 1055 966 1094 propter
996 1050 1172 1094 praemissa
1204 1057 1258 1084 aut.

511 1101 600 1141 alias,
624 1103 796 1146 exequutio
822 1104 1048 1147 applicationis
1073 1109 1105 1137 et
1128 1105 1275 1138 littera-t

512 1165 582 1188 rum
605 1156 791 1190 huiusmodi
810 1158 993 1191 nullatenus
1011 1158 1160 1202 impediri
1182 1169 1257 1202 pos-

512 1209 562 1247 sit,
579 1210 633 1243 sed
653 1210 781 1244 illarum
796 1211 918 1245 iudices
938 1213 977 1246 ad
999 1213 1187 1246 earumdem
1208 1212 1274 1246 lit-'

513 1268 655 1296 terarum
686 1265 816 1298 totalem
838 1265 1088 1309 exequutionem
1107 1266 1257 1299 devenire

513 1320 609 1359 atque
629 1318 806 1360 procedere
821 1318 959 1352 debeant
980 1325 1011 1352 et
1029 1325 1208 1353 teneantur.
1272 1329 1274 1349 t

559 1371 575 1411 ξ
596 1369 626 1402 6.
651 1370 767 1414 Sicque
788 1377 816 1404 et
835 1382 899 1404 non
925 1372 1003 1405 alias
1024 1383 1081 1416 per
1098 1373 1229 1406 eosdem
1246 1400 1253 1413 ,

514 1427 543 1455 et
575 1433 798 1467 quoscumque
829 1425 908 1457 alios
940 1424 1062 1458 iudices
1097 1431 1128 1458 et
1162 1436 1253 1459 com-

514 1476 689 1517 missarios,
713 1478 824 1521 quavis
856 1479 1048 1512 auctoritate
1074 1480 1252 1522 fungentes,

513 1530 610 1563 etiam
621 1542 790 1564 causarum
813 1532 922 1576 palatii
940 1533 1107 1576 apostolici
1123 1534 1252 1567 audito·
1271 1535 1272 1556 l

513 1594 574 1623 res,
599 1594 634 1616 ac
660 1584 795 1617 Sanctae
822 1585 986 1618 Romanae
1007 1586 1167 1619 Ecclesiae
1185 1597 1273 1624 car-1,

514 1637 648 1677 dinales,
673 1638 769 1671 ctiam
793 1639 831 1672 de
858 1640 958 1672 latere
988 1640 1132 1682 legatos,
1157 1646 1185 1673 et
1207 1631 1273 1674 (Ῐί-Ι

513 1697 582 1724 ctae
602 1692 692 1725 Sedis
712 1692 859 1731 nuncios,
883 1693 1008 1726 sublata
1035 1693 1080 1726 eis
1094 1699 1122 1727 et
1142 1704 1255 1727 eorum

513 1744 644 1777 cuilibet
665 1745 775 1789 quavis
795 1746 887 1779 aliter
908 1746 1071 1780 iudicandi
1099 1752 1129 1780 et
1158 1737 1272 1781 inter-¹

512 1798 660 1840 pretandi
683 1799 832 1831 facultate
857 1804 884 1831 et
907 1800 1111 1840 auctoritate,
1134 1800 1256 1844 ubique

515 1851 648 1885 iudicari
672 1858 703 1885 et
720 1853 849 1885 deliniri
872 1853 1002 1894 debere,
1031 1854 1157 1887 irritum
1176 1865 1254 1898 qno-

514 1916 577 1948 que
598 1911 625 1938 et
650 1905 743 1938 inane
764 1906 922 1950 quidquid
948 1918 1039 1940 secus
1059 1919 1156 1951 snper
1176 1908 1225 1941 bis
1239 1896 1273 1946 al

513 1970 700 2003 quoquam,
734 1960 846 2003 quavis
875 1961 1088 1999 auctoritate,
1118 1959 1274 1996 scienter?

514 2013 561 2045 vcl
585 2012 780 2051 iunorantm⁷
805 2013 976 2054 contigerit
994 2014 1153 2047 attentari.

560 2066 628 2107 57.
662 2067 841 2099 nisu-tetius
873 2067 1053 2100 inhibentes
1085 2068 1114 2100 in
1140 2068 1273 2101 virtntc'

459 2155 499 2167 mn
515 2126 643 2153 sauctae
666 2120 881 2158 obedientiae,
900 2126 926 2153 et
950 2121 1007 2152 sub
1027 2118 1275 2163 indignationis

517 2179 644 2206 nostrae
663 2174 797 2217 aliisque.
819 2174 951 2207 arbitrio
973 2180 1084 2207 nostro
1105 2185 1163 2218 per
1181 2186 1275 2219 ron-¹

393 2219 500 2273 M'Jlsq'l'ff‘
518 2228 719 2260 tral‘aeientes
745 2239 782 2259 eo
805 2228 872 2271 ipso
899 2228 1100 2261 inrui-iendis
1133 2230 1254 2272 poenis,
1274 2222 1275 2225 Ἰ

516 2281 774 2324 quilutsruutqne
797 2281 955 2313 indii-ibus
976 2309 981 2319 ,
1006 2282 1099 2314 etiani
1122 2289 1275 2325 consor-t

517 2334 679 2366 vatoribus
705 2345 984 2378 quaruuuuunqne
1014 2335 1206 2375 religionum
1229 2327 1275 2373 etf

516 2388 667 2419 ordinum
698 2388 904 2430 quantumvis
941 2394 1187 2432 exetnptornin,
1223 2401 1258 2422 ac

516 2442 625 2484 quavis
647 2442 837 2475 aurun-itate
859 2448 887 2474 et
907 2454 961 2474 sen
990 2442 1115 2475 indulto
1140 2443 1254 2475 sutt‘ut-

518 2500 645 2531 tortun,
679 2506 717 2526 ne
747 2495 775 2527 in
810 2495 993 2527 buiustuodi
1017 2495 1194 2538 spoliorum
1228 2502 1256 2529 et

518 2547 675 2579 bouorutu
703 2548 817 2586 cuiuis,
842 2548 936 2580 etiarn
964 2553 1130 2591 prat-textu
1151 2549 1254 2580 dona-

519 2601 653 2637 tioutnu,
670 2613 724 2632 seu
747 2602 809 2633 ulio
829 2601 920 2634 titulo
943 2602 989 2633 vel
1012 2613 1106 2634 rausa
1131 2613 1163 2633 se
1178 2613 1256 2645 qno-

519 2665 582 2699 quo
598 2655 693 2685 inodo
709 2654 932 2691 intromittant,
949 2666 1005 2686 nrr
1020 2655 1153 2686 vit-arios
1167 2666 1257 2698 prae—

1095 253 1278 278 BELLAntmt
1298 253 1451 277 nou-wrm

1290 300 1404 341 dictos,
1419 301 1458 334 ad
1473 311 1553 344 quos
1577 300 1766 334 omnimoda
1785 301 1965 336 iurisdictio
1979 301 2030 335 di-

1290 359 1422 396 ctorum
1439 353 1619 397 spoliorum
1642 353 1797 397 privative
1820 355 1927 398 quoad
1948 354 2034 398 ipsos

1291 413 1321 440 et
1341 408 1422 441 alios
1435 418 1659 452 quoscumque
1680 408 1802 441 iudices
1821 413 1967 452 spectare
1977 409 2033 441 de-

1290 461 1375 502 beat,
1393 461 1511 505 quibus
1529 467 1559 495 et
1579 472 1692 495 eorum
1710 461 1852 502 cuilibet,
1875 467 2034 506 quatenus

1290 525 1372 558 opus
1392 515 1442 555 sit,
1463 515 1648 548 facultatem
1670 515 1838 548 inhibendi
1858 515 2034 559 praedictis

1291 575 1321 602 et
1341 569 1411 602 aliis
1423 569 1682 613 quibuscumque
1695 569 1754 602 sub
1766 569 1944 609 sententiis,
1961 579 2034 602 cen-

1291 622 1373 655 suris
1386 628 1415 656 et
1433 623 1547 666 poenis
1560 623 1796 664 ecclesiasticis,
1813 633 1850 656 ac
1867 622 1964 656 ettam
1979 633 2035 666 pe-

1291 675 1444 709 cuniariis
1469 676 1572 719 (omni
1597 682 1628 710 et
1651 687 1856 721 quacumque
1885 676 2031 720 appella-

1290 728 1377 762 tione
1397 735 1522 763 remota
1542 731 1553 772 )
1571 730 1687 763 harum
1708 729 1791 763 serie
1811 729 2031 770 concedimus,

1291 783 1463 816 molestare
1477 810 1484 824 ,
1518 783 1721 826 perturbare,
1751 789 1806 816 aut
1829 783 2009 827 inquietare
2023 809 2031 823 ,

1291 847 1347 870 seu
1364 837 1590 881 applicationis
1601 837 1789 870 huiusmodi
1803 842 1834 870 et
1852 837 2033 870 litterarum

1292 889 1540 933 exequutionem
1552 889 1723 933 impedire,
1739 889 1787 923 vel
1800 889 1966 923 retardare
1976 899 2034 922 au-

1292 943 1389 976 deant
1408 953 1464 976 seu
1484 948 1703 987 praesumant.

1336 996 1399 1040 §8-
1429 998 1467 1030 Et
1491 996 1704 1030 nibilominus
1732 996 1856 1030 dilectis
1876 996 1950 1030 tiliis
1979 997 2034 1029 ab-

1273 1084 1274 1087 ,
1291 1050 1356 1083 bati
1375 1050 1564 1084 monasterii
1578 1051 1804 1085 Sanctissimae
1816 1050 1981 1084 Trinitatis
1994 1051 2034 1084 de

1291 1103 1450 1147 Sacargia,
1466 1104 1703 1137 Turritanensis
1727 1115 1783 1137 seu
1803 1104 1923 1137 nullius
1943 1104 2033 1138 dioe-

1291 1158 1388 1198 cesis,
1414 1157 1666 1192 Camaldulensis
1691 1157 1828 1199 Ordinis,
1853 1169 1890 1191 ac
1910 1158 2033 1191 decano

1291 1211 1445 1245 ecclesiae
1462 1211 1709 1245 Calaritanensis
1730 1217 1761 1245 et
1779 1211 1892 1245 Curiae
1922 1222 2034 1245 causa-

1290 1276 1362 1298 rum
1380 1265 1532 1299 Gamerae
1552 1265 1756 1309 Apostolieae
1777 1265 1922 1308 generali
1941 1265 2033 1299 audi-

1291 1319 1351 1353 tori
1371 1330 1429 1363 per
1448 1326 1634 1363 praesentes
1655 1319 1887 1353 committimus
1900 1325 2034 1353 etman-

1272 1402 1273 1408 ,
1291 1373 1416 1411 damus,
1437 1379 1596 1416 quatenus
1617 1373 1688 1416 ipsi,
1711 1373 1759 1406 vel
1778 1373 1853 1413 duo,
1877 1378 1931 1406 aut
1950 1384 2034 1407 unus

1272 1437 1415 1466 eorum,
1438 1437 1496 1470 per
1515 1436 1559 1465 se,
1582 1426 1630 1459 vel
1651 1426 1761 1466 alium,
1785 1436 1841 1459 seu
1860 1426 1951 1467 alios,
1978 1427 2032 1460 ubi

1271 1519 1273 1523 ἢ
1290 1485 1320 1513 et
1334 1480 1465 1523 quando
1479 1490 1560 1523 opus
1580 1479 1686 1519 suerit,
1707 1485 1893 1523 praesentes
1909 1479 2034 1513 litteras

1289 1533 1478 1566 solemniter
1501 1532 1716 1577 publicantes,
1739 1532 1868 1573 saciant,
1893 1533 2033 1566 auctori-

1291 1591 1352 1619 tate
1369 1592 1498 1627 nostra,
1526 1586 1704 1630 praemissa
1728 1586 1838 1619 omnia
1858 1591 1888 1619 et
1907 1586 2034 1630 singula

1289 1638 1328 1671 ab
1351 1638 1423 1679 illis,
1438 1639 1477 1671 ad
1497 1649 1577 1682 quos
1588 1644 1710 1682 spectat
1730 1644 1761 1672 et
1779 1638 1937 1683 spectabit
1953 1648 2034 1683 quo-

1271 1692 1469 1745 imodolibet
1488 1692 1520 1724 in
1545 1693 1688 1725 futurum
1704 1719 1711 1732 ‚
1735 1698 1893 1736 perpetuo
1923 1697 1955 1725 et
1979 1692 2031 1725 in-

1290 1745 1482 1779 violabiliter
1509 1755 1546 1779 ac
1572 1745 1710 1779 firmiter
1741 1745 1924 1786 observari,
1955 1756 2033 1779 con-

1271 1799 1479 1832 .tradictores
1506 1810 1740 1843 quoscumque,
1769 1805 1799 1832 et
1826 1799 1973 1839 rebelles,
2002 1803 2034 1832 et

1271 1839 1346 1893 lseu
1368 1852 1494 1885 illarum
1516 1853 1648 1885 totalem
1668 1858 1699 1885 et
1723 1852 1946 1885 omnimodam
1962 1862 2034 1886 exe-

1290 1906 1479 1950 quutionem
1502 1906 1615 1950 quovis
1635 1912 1801 1950 praetextu
1820 1906 2029 1950 quomodoli-

1291 1960 1344 1993 bet
1364 1959 1576 2003 impedientes
1596 1961 1643 1993 vel
1663 1959 1874 1999 retardantes,
1896 1965 1951 1993 aut
1972 1959 2033 1993 irn-

1291 2013 1394 2057 pediri
1429 2014 1476 2047 vel
1510 2013 1666 2046 retardari
1699 2024 1757 2057 per
1791 2024 1824 2047 se
1849 2013 1897 2046 vel
1933 2013 2032 2047 alium

1292 2072 1513 2110 procurantes,
1547 2077 1605 2110 per
1629 2066 1814 2106 sententias,
1837 2076 1988 2100 censuras
2003 2072 2033 2100 et

1292 2132 1412 2166 poenas
1429 2121 1671 2160 ecclesiasticaS,
1696 2121 1822 2164 aliaque
1851 2125 2034 2164 opportuna

1294 2176 1370 2209 iuris
1384 2181 1415 2208 et
1435 2176 1506 2209 sacti
1530 2175 1685 2212 remedia,
1710 2174 1928 2218 appellatione
1947 2180 2033 2218 post-

1274 2232 1275 2235 ’
1293 2229 1405 2273 posita,
1434 2229 1682 2272 compescendO,
1704 2239 1740 2260 ac
1761 2227 1912 2269 legitimis
1936 2238 2034 2271 super

1293 2283 1341 2315 bis
1366 2282 1522 2315 babondis
1553 2281 1685 2315 servatis
1710 2281 1928 2325 processibus,
1959 2291 2032 2314 sen-

1293 2336 1428 2373 tentias,
1453 2345 1606 2368 censuras
1634 2340 1662 2367 et
1689 2344 1809 2378 poenas
1833 2334 1916 2378 ipsas
1935 2334 2031 2367 etiam

1294 2389 1414 2422 iteratis
1444 2389 1566 2421 vicibus
1587 2388 1803 2431 aggravando,
1824 2388 1972 2421 invocato
1992 2388 2032 2421 ad

1293 2443 1364 2481 bor,
1385 2442 1409 2474 si
1432 2453 1513 2486 opus
1546 2442 1650 2481 suerit,
1675 2441 1794 2475 auxilio
1821 2441 1943 2474 brachii
1964 2451 2032 2474 sae-

1292 2495 1418 2528 unlaris.

1337 2551 1352 2591 5
1374 2549 1404 2581 fl.
1422 2549 1490 2582 Non
1512 2549 1713 2582 obstantibus
1733 2548 1898 2592 quibusvis
1915 2547 2031 2580 consti·
2047 2552 2201 2576 ‹tenuari-ton
2223 2564 2228 2593 ,¹

1293 2602 1468 2635 tntiouibus
1488 2608 1517 2635 et
1550 2602 1808 2635 ordinationibus
1831 2600 2028 2645 apostolicis,

1291 2661 1321 2688 ct
1335 2655 1492 2687 dirtartun
1506 2655 1714 2687 oct-tosiarum
1725 2654 1819 2687 etiam
1835 2653 2028 2695 iuramento,

2049 1032 2152 1058 designat.

2050 251 2098 278 An.
2117 251 2144 279 C.
2165 252 2226 283 1600

2088 1005 2198 1032 Exequuto
