2253 3195
0 276 19 302 ³¹⁴1
62 274 111 301 An.
128 273 158 300 C.
177 271 244 300 1599

79 1606 201 1628 Mandatum
211 1608 248 1628 mi-

1 1633 26 1647 m·
67 1634 136 1654 nistris
147 1634 248 1655 Gamerae

4 1656 25 1673 ²⁸¹⁴
67 1660 198 1686 Apostoticae
223 1661 248 1681 de

2 1683 26 1716 Q
67 1687 159 1713 parendo
200 1688 250 1709 huic

0 1712 26 1726 ’ΛΝ
67 1713 158 1735 decreto.

98 2192 170 2215 Dictae
186 2197 253 2216 tamen

72 2222 227 2243 constitutiones
235 2223 254 2243 iu

73 2249 176 2272 postorum
183 2250 254 2270 obser-

74 2274 154 2296 vandae
168 2278 222 2296 sunt.

144 2568 256 2596 llerogatio

78 2595 233 2618 contrariorum.

872 266 1017 290 CLEMENS
1038 265 1094 288 vm
1115 265 1164 288 ΙΨ.

257 319 431 353 stitutionis
455 318 599 352 eiusdem
620 317 666 351 Pii
688 317 710 350 V
731 326 827 360 super
847 315 993 348 declara-

258 372 343 406 tione
362 372 465 405 dictae
485 372 608 416 primae
629 369 865 404 constitutionis
885 367 998 401 simili-

257 432 306 459 ter
325 426 444 465 editae,
469 436 550 469 quae
572 425 701 469 incipit:
726 424 778 457 Ad
814 424 995 456 Romanum

257 484 376 523 specta!
412 479 626 521 Pontificem,
655 478 712 511 sub
740 478 849 510 datum
879 476 997 508 Itomae

258 533 342 576 apud
361 532 511 565 Sanctum
531 532 659 564 Petrum
673 530 731 563 sub
752 529 871 562 annulo
893 528 998 560 I'isca-

258 586 354 625 toris,
377 585 428 618 die
457 596 475 618 v
504 584 608 617 martii
641 594 790 623 MDLXNH,
823 581 995 625 pontifica-

259 644 309 671 tus
333 639 381 672 sui
412 648 496 671 anno
525 648 588 678 vn,
613 646 835 680 quoscumque
864 634 999 667 civitatis

258 693 491 731 Ferrariensis,
523 698 577 725 aut
608 701 888 735 quatumcumquc
916 688 995 721 alia—

258 757 330 779 rum
366 746 548 785 civitatumy
589 751 746 778 terrarum
784 749 814 777 et
853 744 997 776 locorum

259 799 394 832 ducatus
414 804 445 832 et
464 799 633 841 legationis
653 797 865 831 Ferrariensis
894 796 996 833 cives,

259 853 390 892 incolas,
400 852 596 885 habitatores
616 857 646 884 et
666 861 819 894 personas
833 850 1001 892 utriusque
1017 872 1018 875 η

259 917 351 939 sexus
386 917 445 950 pro
479 912 623 949 tempore
655 910 727 938 ante
763 904 1000 937 devolutionem

260 959 394 992 civitatis
414 965 444 992 et
466 960 599 992 ducatus
620 958 858 1002 praedictorum
880 957 920 990 ad
945 967 1003 989 nos

260 1018 291 1046 et
320 1012 435 1046 Sedem
462 1012 679 1055 Apostolicam
711 1010 885 1055 praeterito
917 1020 1000 1053 quo-

260 1067 425 1110 quomodo
457 1067 649 1106 molestare,
670 1065 861 1109 perturbarc
881 1065 929 1096 vel
950 1064 1000 1096 in-

262 1120 407 1164 quietare
428 1121 611 1153 nullatenus
631 1119 754 1163 possint
778 1119 825 1151 vel
852 1119 1001 1157 debeant,

261 1175 337 1218 quia
354 1185 475 1218 poenas
495 1174 604 1216 vigore
623 1174 781 1207 dictarum
803 1172 1004 1206 constitutio-

261 1239 338 1261 num
354 1233 428 1261 ante
450 1228 567 1261 dictam
583 1227 823 1261 devolutionem
846 1226 1001 1265 incursas,

262 1282 307 1315 eiS
328 1282 468 1324 gratiose
494 1281 688 1315 remittimus
714 1287 744 1314 et
770 1281 1001 1314 condonamus.

261 1334 390 1368 Irritum
408 1335 620 1367 nihilominus
639 1340 670 1367 ct
684 1334 779 1367 inane
798 1334 1006 1367 decernentes

261 1387 420 1432 quidquid
448 1399 539 1421 secus
570 1398 668 1431 super
695 1387 744 1420 his
771 1398 788 1420 a
817 1397 1002 1430 quoquam,

262 1441 372 1485 quavis
381 1441 581 1482 auctoritate,
593 1441 732 1475 scienter
745 1441 792 1474 vel
805 1440 1003 1483 ignoranter,

262 1495 434 1538 contigerit
451 1495 612 1529 attentari.

308 1548 373 1592 §2
401 1549 557 1588 Quocirca
584 1548 708 1582 dilectis
733 1548 807 1581 filiis
835 1553 946 1581 nostro
977 1552 1008 1581 et

263 1602 397 1635 Sanctae
414 1602 577 1635 Romanae
602 1601 760 1635 Ecclesiae
778 1601 958 1634 camerario
971 1612 1007 1634 ac

264 1655 466 1689 thesaurario
486 1655 645 1698 generali,
670 1666 796 1688 necnon
817 1655 1005 1698 praesiden-

265 1709 361 1751 tibus,
385 1710 523 1750 clericis,
547 1709 769 1743 commissario
794 1708 948 1751 gencrali‚
972 1719 1009 1741 ac

265 1762 335 1796 aliis
363 1763 554 1796 officialibus
575 1769 605 1796 et
633 1762 786 1795 ministris
818 1762 920 1795 dictae
951 1761 1008 1795 Ca-

265 1826 374 1849 merae
407 1827 466 1860 per
495 1822 680 1860 praesentes
711 1815 944 1848 committimus
980 1819 1010 1847 et

266 1870 468 1911 mandamus,
483 1875 519 1903 ut
538 1870 631 1909 cives,
657 1870 788 1910 incolas,
813 1869 1009 1902 habitatores

267 1930 297 1957 et
327 1934 481 1967 personas
510 1924 713 1968 praedictas,
743 1923 850 1967 quoad
884 1928 1010 1966 tempus

266 1978 476 2021 praeteritum
497 1977 734 2021 supradictum,
758 1977 1008 2021 praemissorum

267 2031 381 2064 effectu
399 2031 532 2075 pacifice
546 2031 607 2064 frui
621 2037 652 2064 et
665 2032 805 2074 gaudere
823 2031 1011 2075 permittant

268 2090 299 2117 et
319 2084 447 2117 saciant.

313 2140 329 2180 ἕ
350 2137 380 2171 3.
409 2138 456 2171 Ab
477 2137 545 2181 ipsa
565 2144 671 2171 tamen
699 2137 904 2171 devolutione
929 2137 1007 2170 civi-

270 2191 342 2224 tatis
367 2197 397 2225 et
425 2192 559 2224 ducatus
590 2191 828 2235 praedictorum
861 2191 1011 2235 deinceps

270 2245 301 2277 in
316 2251 519 2289 perpetuum,
537 2245 799 2278 constitutionem
813 2244 860 2276 Pii
878 2245 1011 2287 praede—

270 2299 426 2339 cessoris,
450 2299 600 2342 illiusque
621 2298 871 2331 declarationem
893 2309 1008 2341 supra-

271 2353 381 2393 dictas,
405 2353 437 2386 in
460 2353 535 2396 ipsis
556 2352 651 2385 etiam
670 2351 817 2391 civitate,
841 2351 957 2383 ducatu
979 2356 1009 2384 et

270 2406 429 2448 legatione
463 2405 659 2439 Ferrariensi
692 2404 923 2437 inviolabiliter
953 2404 1011 2436 ob-

270 2460 389 2492 servari
409 2465 439 2493 et
459 2460 611 2493 custodiri
633 2459 750 2492 debere
776 2458 990 2491 decernimus.

316 2516 332 2556 ξ
353 2514 383 2546 4.
407 2514 476 2547 Non
494 2513 695 2547 obstantibus
713 2512 875 2556 praedicta
893 2517 923 2545 ct
943 2511 1012 2555 qui-

272 2567 378 2601 busvis
395 2567 465 2600 aliis
479 2566 763 2600 constitutionilnis
785 2571 815 2599 et
835 2565 1011 2598 ordinatio-

272 2623 366 2655 nibus
379 2621 572 2666 apostolicis,
591 2632 627 2653 ac
641 2620 739 2664 ipsius
752 2622 903 2653 Gamerae
916 2619 1011 2652 etiam

273 2676 465 2717 iuramento,
490 2675 735 2709 confirmatione
756 2674 942 2718 apostolica,
964 2673 1011 2706 vel

1681 248 1738 281 551

1032 313 1141 357 quavis
1162 311 1312 344 firmitate
1334 310 1395 343 alia
1417 308 1574 342 roboratis
1595 307 1720 341 statutis
1744 313 1775 340 et

1032 365 1335 404 consuetudinilms,
1360 362 1534 407 privilegiis
1555 372 1696 405 quoquc,
1721 361 1771 393 in—

1015 419 1128 459 :dultjs
1149 424 1177 451 et
1200 418 1312 451 litteris
1337 416 1521 461 apostolicis
1542 415 1645 448 eidem
1668 424 1774 447 came-

1032 484 1086 506 rae
1118 479 1147 505 ct
1173 472 1372 511 camerario,
1397 470 1619 509 thesaurario,
1648 473 1678 501 et
1707 467 1776 500 aliis

1033 526 1204 569 praedictis
1237 525 1268 557 in
1301 524 1497 558 contrarium
1533 521 1777 566 quomodolibet

1033 578 1204 618 concessis,
1229 577 1438 616 confirmatis,
1462 575 1650 620 approbatis
1672 579 1702 606 et
1722 573 1772 605 in-

1033 632 1165 665 novatis.
1193 631 1314 670 Quibus
1331 631 1481 664 omnibus
1503 636 1533 662 et
1551 628 1696 670 singulis,
1720 637 1775 660 co-

1035 697 1105 718 rum
1129 691 1254 718 tenores
1274 684 1497 728 praesentibus
1529 694 1587 727 pro
1618 680 1776 725 expressis

1034 739 1199 779 habentes,
1215 739 1274 771 liae
1288 738 1354 771 vice
1369 739 1532 770 dumtaxat
1551 736 1733 780 specialiter
1749 740 1780 767 ct

1035 803 1182 835 expresse
1203 792 1407 833 derogamus,
1432 790 1634 833 caeterisque
1653 793 1779 822 contra-

1035 845 1090 878 riis
1111 846 1381 889 quibuscuimpie.

1080 900 1193 933 Datum
1213 900 1333 932 Romae
1354 899 1439 942 apud
1460 898 1611 931 Sanctum
1634 897 1776 935 Petrum⁷

1037 954 1095 986 sub
1117 954 1237 986 annulo
1258 953 1439 992 rismum-is,
1464 952 1514 985 die
1540 962 1569 985 γι
1599 950 1781 984 decembris

1038 1017 1168 1046 nexem,
1191 1006 1396 1050 pontificatus
1417 1006 1518 1038 nostri
1543 1016 1627 1038 anno
1649 1015 1717 1038 vn1.

1075 1069 1132 1096 Dat.
1151 1069 1194 1096 die
1209 1070 1225 1096 ϋ
1241 1069 1395 1096 decembris
1420 1069 1495 1102 1599,
1514 1067 1608 1104 pontif.
1628 1076 1672 1094 an.
1688 1073 1743 1093 ΠΗ.

1334 1222 1487 1257 CCXXIII.

1043 1303 1230 1337 Curdinalis
1261 1303 1529 1336 Aldolwandinus
1554 1303 1692 1336 Sanctae
1716 1303 1781 1336 Ro-

1085 1367 1203 1389 manae
1222 1357 1382 1389 Ecclesiae
1402 1357 1603 1389 camerarius
1628 1356 1781 1399 ἀρείφατ-

1088 1414 1161 1449 tur,
1185 1409 1380 1452 modificatis
1403 1414 1510 1442 tanton
1534 1409 1706 1442 normanis
1734 1410 1784 1452 fa-

1087 1463 1265 1496 cfziltatibus
1279 1464 1297 1496 ¹.

1060 1535 1194 1561 Clemens
1214 1534 1388 1568 episcopus,
1411 1542 1517 1562 servus
1541 1542 1694 1562 servorum
1717 1535 1768 1562 Dei

1042 1589 1155 1616 Dilecto
1175 1588 1236 1615 filio
1253 1589 1340 1615 Petro
1362 1590 1390 1616 S.
1404 1588 1518 1616 Nicolai
1539 1588 1570 1615 in
1587 1589 1709 1615 carcere
1726 1588 1786 1615 dia-

1079 1641 1152 1660 cono
1182 1634 1261 1660 card.
1287 1633 1506 1660 Aldobrandino
1526 1636 1708 1666 nuncupato,
1733 1640 1786 1659 no-

1078 1681 1141 1705 stro
1162 1680 1192 1705 et,
1209 1678 1237 1704 S.
1251 1677 1322 1704 RE.
1334 1677 1507 1709 camerario,
1525 1678 1655 1704 salutem
1671 1680 1702 1703 et.
1717 1684 1787 1710 apo-

1079 1723 1217 1750 stolicam
1232 1722 1485 1749 benedictionem.

1087 1786 1120 1818 In
1142 1785 1344 1818 conserendis
1372 1784 1561 1817 muneribus
1588 1789 1620 1817 et
1648 1783 1783 1825 officiis,

1043 1850 1125 1883 quae
1145 1838 1335 1882 praesertim
1357 1837 1465 1880 gravia
1482 1843 1512 1870 et
1532 1837 1625 1870 nobis
1643 1837 1788 1880 proxima

1044 1898 1138 1933 sunt,
1167 1892 1210 1924 ita
1230 1902 1369 1935 aequum
1391 1897 1438 1924 est
1457 1891 1657 1935 prospicere,
1686 1896 1721 1923 ut
1742 1890 1788 1922 illi

1079 1965 1091 1991 1
1110 1963 1269 1991 Huiusmodi
1281 1963 1424 1990 Camerarii
1437 1963 1555 1990 officium
1568 1962 1787 1997 antiquissimum

1045 2018 1103 2037 esse
1118 2009 1200 2045 liquet
1217 2018 1249 2036 ex
1269 2008 1374 2035 constit.
1389 2015 1415 2034 nt
1431 2007 1532 2035 Urbani
1548 2007 1576 2034 V:
1596 2007 1788 2042 Apenninus,

1045 2059 1106 2082 tom.
1125 2061 1166 2088 tv,
1184 2062 1244 2089 pag.
1271 2054 1338 2086 520,
1355 2056 1382 2080 et
1406 2053 1443 2079 Pii
1461 2052 1490 2079 1V
1511 2052 1649 2079 constitut.
1672 2059 1788 2078 xxxviii:

1047 2101 1203 2129 Romanus,
1226 2102 1289 2125 tom.
1306 2105 1352 2130 vn,
1377 2106 1437 2133 pag.
1462 2097 1519 2123 1⁹23.
1547 2097 1663 2131 Eiusque
1683 2096 1791 2122 iurisdi-

1046 2145 1161 2171 ctionem
1177 2144 1203 2170 in
1220 2142 1400 2170 diiudicandis
1416 2142 1516 2172 litibus,
1529 2141 1586 2167 vide
1602 2145 1656 2167 tam
1673 2141 1698 2167 in
1713 2141 1791 2167 dictis

1045 2189 1135 2223 bullis,
1152 2197 1232 2224 quam
1251 2188 1277 2214 iu
1299 2187 1402 2214 Urbani
1418 2187 1451 2213 VI
1468 2186 1659 2213 constitutione
1680 2192 1701 2212 1:
1720 2186 1793 2220 Δρο-

1044 2234 1169 2266 scoticae,
1186 2237 1249 2259 tom.
1262 2239 1298 2266 tv,
1309 2240 1369 2267 pag.
1381 2232 1442 2265 581,
1460 2235 1486 2257 et
1501 2230 1598 2257 Leonis
1613 2229 1632 2256 Χ
1653 2229 1791 2256 constitut.

1046 2285 1142 2305 xxvnt:
1162 2278 1247 2311 Licet,
1264 2281 1365 2308 teinv,
1383 2284 1443 2311 pag.
1461 2276 1523 2308 6³³8,
1537 2283 1567 2301 ac
1589 2275 1646 2301 Iulii
1664 2274 1700 2301 Ill
1728 2283 1792 2301 con-

1046 2323 1100 2349 stit.
1113 2329 1156 2349 nt:
1181 2322 1269 2355 Licet,
1290 2325 1354 2348 tom.
1372 2329 1409 2352 vi,
1434 2329 1494 2355 pag.
1515 2320 1577 2346 405.
1598 2320 1630 2346 Et
1653 2319 1794 2354 signanter

1046 2366 1133 2401 quoad
1158 2365 1350 2393 coercitionem
1374 2365 1557 2391 ministrorum
1582 2364 1728 2397 Gamerae,
1753 2367 1793 2390 at-

1047 2413 1126 2438 tende
1143 2411 1281 2438 constitut.
1299 2417 1323 2437 χι
1347 2410 1403 2437 tulii
1426 2410 1458 2436 11:
1477 2410 1671 2444 I'ercepimus,
1689 2413 1753 2435 tom.
1768 2416 1793 2443 v,

1047 2465 1106 2492 pag.
1126 2456 1188 2482 4⁶20.
1206 2456 1238 2482 Et
1259 2464 1300 2490 qu·
1314 2455 1346 2481 ad
1368 2458 1494 2490 computa
1518 2454 1674 2481 officialium
1699 2457 1725 2480 ct
1749 2463 1792 2480 re-

1046 2501 1203 2528 scissionem
1213 2504 1398 2527 contractuum
1410 2501 1536 2526 Gamerae
1547 2500 1720 2534 laesirorum⁷
1734 2508 1794 2525 con·

1046 2546 1101 2572 stit.
1125 2545 1161 2572 t‘ii
1178 2546 1207 2572 lV
1225 2545 1410 2581 praecitatam.
1429 2544 1504 2571 Circa
1527 2553 1588 2571 vcro
1605 2544 1794 2571 rescissionem

1046 2590 1217 2618 alienationis
1243 2590 1373 2616 bonorum
1399 2589 1474 2615 Sedis
1495 2589 1667 2624 Apostolicae
1694 2589 1795 2624 inspice

1047 2639 1132 2663 const.
1149 2642 1217 2661 cxxn
1233 2634 1353 2661 eiusdem
1366 2634 1402 2660 I‘ii
1413 2635 1446 2660 IV
1457 2642 1461 2660 :
1472 2634 1660 2668 Aposlolicac,
1670 2637 1735 2661 tom.
1746 2640 1793 2666 vn,

1047 2689 1106 2717 pag.
1124 2681 1184 2707 418.
1203 2680 1280 2706 Circa
1304 2679 1363 2706 lites
1383 2678 1584 2713 naufragiorum
1608 2678 1745 2706 constitut.
1770 2684 1795 2705 xl

1791 261 1840 285 An.
1857 257 1886 284 C.
1904 256 1972 284 1599

1838 1802 1959 1823 Exordium.
