2253 3195
65 272 114 298 An.
134 270 162 297 C.
180 271 248 298 1599

78 756 172 778 iniuncta
184 762 247 781 opera

66 788 102 808 pro
114 783 248 808 indulgentiis

65 810 177 831 lucrandis.

876 269 1023 294 CLEMENS
1043 269 1101 292 vul
1121 269 1170 292 ΓΡ.

261 319 378 364 quibus
392 318 535 352 fidelium
551 319 772 363 eleemosynae
793 329 851 362 pro
869 318 1006 351 subven-

261 374 348 407 tione
379 384 559 417 pauperum
573 401 580 413 ‚
620 379 650 406 et
670 373 740 406 aliis
760 371 1004 406 necessitatibus

261 427 467 470 hospitalium
500 427 738 470 praedictorum
771 431 1006 470 reponerentur

262 486 290 513 et
302 480 741 523 conservarentur,deputare
754 479 1005 522 posseiit.Quo(l-

262 544 325 577 que
347 533 465 575 singuli
480 544 516 565 ex
535 532 705 574 magistris,
729 531 1002 564 administratori-

262 587 331 626 bus,
350 586 576 625 confratribus,
600 585 726 618 nunciis
746 591 777 618 et
797 585 1006 618 servitoribus

262 641 448 674 huiusmodi
469 651 567 673 unam
589 640 637 672 vel
658 639 736 672 duas
759 638 928 672 ecclesiam
958 638 1005 671 vel

264 694 415 727 ecclesias
434 693 562 726 illarum
581 693 737 736 partium,
757 692 787 725 in
801 692 918 735 quibus
932 702 1007 725 con-

263 747 361 779 stituti
382 747 497 786 forent,
521 745 680 785 visitandi,
704 750 735 778 et
756 745 788 777 in
813 755 1007 788 unaquaque

264 800 399 833 ecclesia
422 800 538 844 septies
569 799 757 834 Orationem
786 799 1004 838 Doim'nicam,

264 860 295 887 et
309 854 403 887 toties
424 853 665 887 Salutationem
684 853 879 896 Anyelicam
896 853 1009 886 devote

265 908 413 948 dicendo,
442 918 554 941 omnes
575 913 605 940 et
625 907 766 949 singulas
791 906 1008 949 indulgentias

264 973 301 995 ae
320 961 753 1006 peccatorum.rernissiones
773 971 1009 1004 consequeren-

264 1021 317 1049 tur
331 1043 338 1056 ,
362 1021 394 1049 et
423 1015 559 1059 quilibet
580 1025 691 1048 eorum
714 1013 867 1057 consequi
888 1019 1005 1057 posset,

265 1079 345 1113 quas
358 1073 635 1112 consequerentur
656 1073 685 1101 et
708 1067 860 1111 consequi
878 1071 1009 1111 possent

265 1122 290 1156 si
311 1121 647 1166 quadragesimalibus
678 1127 709 1154 et
729 1121 800 1153 aliis
826 1120 900 1153 anni
924 1126 1006 1153 tem-

264 1176 419 1221 poribus,
441 1176 528 1214 illas,
552 1185 634 1219 quae
654 1185 712 1218 pro
744 1174 935 1207 stationibus
956 1175 1007 1207 de-

264 1235 394 1274 putatae
415 1229 607 1268 existebant,
642 1227 793 1261 ecclesias
823 1227 855 1259 in
875 1227 959 1261 Urbe
980 1233 1010 1260 et

265 1289 354 1317 extra
374 1293 456 1323 eam,
474 1282 687 1327 personaliter
699 1281 876 1315 visitarent.
901 1281 1009 1320 Quod—

266 1347 328 1381 que
361 1336 498 1377 infirmi,
526 1346 637 1375 senes,
660 1334 884 1368 valetudinarii
906 1340 936 1367 et
956 1334 1009 1367 alii

266 1390 470 1434 impotenteS,
488 1389 584 1423 simili
604 1388 804 1431 indulgentia
815 1388 1007 1432 potirentur,

267 1444 353 1477 dicta
383 1443 573 1477 auctoritate
608 1442 765 1476 concessit
797 1447 828 1475 et
857 1442 1007 1481 indulsit,

267 1496 441 1530 districtius
461 1496 637 1529 inhibendo
651 1495 818 1535 universis,
836 1500 865 1529 et
876 1495 1010 1538 singulis

265 1551 413 1584 locorum
433 1549 621 1590 Ordinariis‚
645 1550 912 1594 archiepiscopis,
937 1550 1007 1594 epi-

266 1605 383 1649 scopis,
406 1604 596 1645 abbatibus,
620 1603 778 1647 capitulis,
801 1603 1011 1637 conventibus

267 1664 298 1691 et
318 1658 388 1691 aliis
400 1657 563 1702 praelatis,
580 1663 609 1691 et
623 1657 770 1701 personis
790 1657 1012 1690 ecclesiasticis

267 1717 332 1745 tarn
353 1711 552 1745 secularibus
578 1721 784 1754 quacumque
805 1710 900 1743 etiam
929 1710 1013 1743 dicta

267 1765 446 1809 apostoliea
466 1764 658 1797 auctoritate
678 1764 897 1807 fungentibus,
915 1775 1011 1807 quam

266 1818 421 1853 Ordinum
431 1828 713 1862 quorumcumque
724 1817 818 1851 etiam
834 1818 1015 1851 Mendican-

268 1873 347 1906 tium
366 1872 578 1915 regularibus,
601 1871 756 1915 exemptis
777 1877 808 1904 et
829 1882 893 1904 non
908 1883 1014 1905 exem-

267 1925 340 1970 ptis,
357 1926 415 1959 sub
431 1925 774 1958 excommunicationis
788 1925 871 1958 latae
886 1931 1013 1958 senten-

268 1979 331 2012 tiae
351 1989 470 2022 poena,
488 1989 585 2022 quam
607 1978 828 2011 inobedientes
855 1978 1014 2022 episcopis

269 2031 439 2065 inferiores
459 2031 626 2064 incurrere
652 2031 762 2064 voluit.
792 2032 856 2065 Nec
878 2042 914 2064 ex
941 2037 1015 2065 tunc

269 2085 422 2128 deinceps
437 2084 618 2126 magistros,
636 2084 924 2124 administratores,
940 2095 1015 2117 con-

269 2140 394 2178 fratres,
411 2137 552 2178 nuntios,
576 2142 760 2180 receptores
778 2143 832 2170 aut
844 2137 1016 2171 servitores

272 2192 431 2226 dictorum
447 2191 668 2235 hospitalium,
680 2191 726 2224 vel
739 2191 777 2223 ab
789 2191 833 2224 eis
847 2191 1016 2234 deputatos

270 2257 326 2279 seu
335 2245 537 2289 deputandos
544 2255 604 2288 pro
614 2245 1017 2288 teml‘ioressuperdeputa-

270 2300 357 2333 tione
367 2309 536 2343 capsarum
547 2310 602 2332 seu
614 2305 801 2332 truncorum
817 2299 1014 2339 huiusmodi,

271 2358 326 2386 aut
350 2353 443 2393 alias,
467 2358 581 2386 eontra
600 2353 735 2385 formam
758 2352 946 2384 facultatum
973 2352 1017 2385 eis

272 2407 411 2450 desuper
431 2417 449 2439 a
469 2406 552 2440 dicta
572 2406 653 2440 Sede
680 2416 922 2445 concessarum,
946 2416 1017 2438 mo-

273 2461 388 2493 lestare
430 2470 486 2492 seu
527 2459 718 2503 perturbare
757 2464 1013 2502 praesun‘icrent.

273 2513 444 2546 Praeterea
464 2513 549 2546 idem
570 2513 668 2546 Iulius
688 2513 917 2556 praedecessor
946 2511 1014 2545 sin—

274 2567 364 2609 gulas
381 2577 465 2606 suas,
486 2567 563 2599 dum
584 2566 754 2609 legationis
774 2565 882 2599 officio
904 2566 1016 2608 funge-

274 2626 374 2661 retur,
399 2631 435 2653 ac
455 2619 532 2654 Sixti
551 2625 581 2653 et
598 2620 768 2653 Alexandri
789 2620 1018 2664 praedecesso-

275 2684 347 2706 rum
367 2674 609 2718 praedictorum
630 2673 752 2707 litteras
765 2701 772 2715 ‚
800 2673 967 2707 facultates
988 2678 1018 2707 et

1037 316 1271 356 concessiones,
1289 315 1473 359 omniaque,
1491 319 1521 347 ct
1534 312 1659 355 singula
1680 311 1711 344 in
1733 310 1778 343 eis

1037 376 1197 409 contenta,
1215 381 1273 403 nec
1286 380 1348 402 non
1362 369 1435 401 inde
1456 373 1591 411 sequuta
1604 375 1779 410 quaecum-

1037 435 1110 468 que,
1135 423 1310 468 apostolica
1331 421 1519 455 auctoritate
1541 420 1624 454 dicta
1644 430 1680 452 ex
1694 425 1780 452 certa

1037 477 1171 510 scientia
1204 476 1394 520 approbarit
1423 481 1454 508 et
1487 472 1705 512 confirmavit,
1745 482 1781 504 ac

1038 541 1150 564 omues
1170 536 1201 563 et
1229 530 1371 571 singulos
1401 534 1464 562 tam
1487 528 1564 561 iuris
1585 536 1682 571 quam
1707 525 1781 559 facti

1038 585 1203 623 defectus,
1232 583 1257 615 si
1289 582 1343 626 qui
1373 583 1480 615 forsan
1502 579 1732 614 intervenerint
1751 579 1782 612 in

1039 637 1171 677 eisdem,
1199 636 1369 680 supplevit,
1393 636 1512 679 illaque
1532 634 1641 667 omnia
1662 638 1692 667 et
1711 633 1779 666 sin-

1039 691 1124 733 gula,
1147 696 1243 734 prout
1263 700 1322 733 per
1342 689 1446 733 ipsum
1468 689 1584 722 Iulium
1606 687 1783 730 tunclega-

1040 751 1118 784 tum,
1131 755 1168 777 ac
1185 744 1367 788 praedictos
1387 743 1508 777 Sixtum
1523 748 1552 776 et
1566 741 1783 776 Alexandrum

1039 798 1305 842 praedecessores
1322 807 1472 830 concessa
1490 796 1625 835 fuerant,
1649 796 1688 828 de
1701 804 1784 827 novo

1041 848 1207 882 concessit.
1225 849 1263 881 Et
1283 848 1378 881 etiam
1396 847 1573 880 successive
1593 846 1706 879 similis
1720 856 1786 878 me-

1042 902 1163 936 moriae
1172 900 1632 940 LeoXetClemensVll,ctiam
1648 898 1785 932 Romani

1040 956 1211 989 Pontifices
1232 954 1495 998 praedecessores
1514 953 1637 993 nostri,
1676 952 1785 986 omnia

1042 1015 1072 1043 et
1092 1009 1217 1052 singula
1242 1008 1419 1052 privilegia,
1447 1007 1583 1047 indulta,
1607 1006 1783 1045 libertates,

1042 1063 1271 1102 immunitates,
1289 1061 1515 1105 indulgentias,
1538 1059 1744 1093 remissiones
1758 1064 1788 1092 et

1042 1117 1160 1157 gratias
1181 1127 1198 1149 a
1218 1116 1304 1150 Sixto
1324 1116 1373 1155 tv,
1397 1115 1578 1148 Alexandro
1592 1114 1641 1153 Vl,
1659 1113 1784 1153 Iulioll,

1042 1171 1176 1214 aliisque
1196 1169 1348 1203 Romanis
1368 1168 1578 1202 Pontificibus
1598 1167 1788 1211 praedeces·

1042 1224 1169 1257 soribus
1181 1223 1246 1257 suis
1256 1223 1342 1257 dicto
1354 1221 1504 1266 hospitali
1517 1220 1623 1254 Sancti
1636 1220 1785 1263 Remigii,

1043 1278 1193 1322 illiusque
1233 1276 1416 1319 magistris,
1452 1273 1786 1315 administratoribus,

1043 1331 1267 1371 confratribus,
1292 1329 1512 1368 servitoribus,
1537 1327 1657 1360 nuntiis
1679 1333 1710 1360 et
1734 1327 1790 1360 he-

1044 1384 1273 1424 nefactoribus,
1297 1394 1356 1416 nec
1376 1382 1619 1415 nonlibertates
1632 1386 1664 1414 et
1684 1390 1790 1414 exem-

1043 1439 1169 1482 ptiones
1192 1436 1406 1470 saecularium
1432 1434 1634 1469 exactionum
1657 1445 1674 1467 a
1698 1433 1786 1475 regi-

1043 1493 1103 1526 bus
1115 1490 1366 1536 etprincipibus‚
1384 1489 1519 1533 aliisque
1529 1487 1791 1521 christifidelibus

1045 1557 1211 1586 concessa,
1236 1546 1348 1578 eadem
1377 1543 1553 1588 apostolica
1582 1542 1788 1583 auctoritate,

1045 1599 1166 1643 pariter
1182 1604 1340 1643 perpetuo
1362 1596 1553 1641 approbavit
1573 1601 1603 1629 et
1618 1595 1793 1629 confirma-

1046 1654 1099 1694 vit,
1110 1659 1205 1697 prout
1215 1653 1247 1686 in
1260 1651 1394 1694 singulis
1408 1651 1694 1694 praedecessorum
1708 1648 1790 1689 Iulii,

1047 1713 1077 1741 et
1109 1706 1203 1749 legati
1232 1705 1475 1749 praedictorum
1507 1703 1621 1736 litteris
1654 1703 1794 1746 desuper

1047 1761 1198 1796 confectis
1218 1760 1346 1804 plenius
1367 1759 1560 1792 continetur.

1092 1816 1106 1859 ξ,
1126 1815 1155 1848 5.
1180 1815 1257 1849 Cum
1271 1819 1391 1853 autem,
1408 1814 1491 1846 sicut
1505 1813 1618 1846 eadem
1633 1811 1791 1855 expositio

1047 1868 1276 1911 subiungebat,
1309 1873 1491 1910 temporum
1520 1865 1739 1908 malignitate,
1762 1869 1794 1897 et

1048 1922 1228 1965 vigentibus
1258 1921 1435 1954 multorum
1472 1929 1631 1952 annorum
1657 1917 1739 1951 serie
1761 1917 1793 1949 in

1048 1977 1198 2010 universa
1220 1975 1322 2009 Gallia
1356 1974 1517 2007 bellorum
1551 1971 1794 2016 tempestatibus

1049 2031 1197 2064 effectum
1216 2029 1267 2069 sit,
1282 2034 1317 2062 ut
1337 2027 1511 2061 christiana
1531 2026 1669 2060 charitas
1683 2025 1794 2057 admo-

1050 2084 1127 2117 dum
1149 2083 1311 2126 neglecta,
1336 2092 1373 2114 ac
1394 2091 1549 2114 numerus
1571 2088 1742 2113 coecorum
1765 2082 1796 2111 et

1051 2148 1231 2182 pauperum
1261 2136 1292 2169 in
1323 2136 1410 2169 dicto
1430 2134 1580 2178 hospitali
1607 2132 1713 2167 Sancti
1735 2132 1795 2164 Re-

1051 2191 1140 2234 migii
1161 2196 1273 2224 auctus
1292 2189 1399 2229 fuerit,
1423 2195 1454 2222 et
1485 2187 1598 2221 exinde
1619 2192 1682 2220 tam
1705 2185 1794 2229 pium

1051 2256 1132 2289 opus
1154 2255 1171 2277 a
1191 2244 1357 2288 praedicto
1389 2243 1506 2277 Sancto
1538 2240 1700 2274 Ludovico
1722 2249 1796 2281 rege

1052 2293 1215 2332 charitatis
1241 2297 1355 2331 affectu
1378 2296 1556 2329 institutum
1586 2294 1678 2327 facile
1699 2294 1797 2337 depe-

1052 2352 1115 2385 rire
1135 2351 1245 2395 possit,
1261 2351 1321 2384 nisi
1343 2350 1472 2394 piorum
1493 2349 1637 2382 fidelium
1656 2348 1797 2381 eleemo-

1051 2405 1135 2449 synis
1156 2405 1335 2444 adiuvetur3
1353 2403 1537 2437 huiusmodi
1552 2413 1627 2436 vero
1641 2401 1794 2434 auxilium

1052 2469 1164 2502 parum
1186 2457 1369 2502 proficuum
1392 2463 1422 2490 et
1442 2457 1519 2490 utile
1540 2457 1581 2489 sit
1600 2465 1769 2489 evasurum
1786 2482 1793 2495 ,

1052 2512 1111 2545 nisi
1133 2512 1172 2545 ad
1194 2512 1470 2555 eleemosynarum
1507 2510 1657 2543 collectas
1687 2519 1797 2552 perso-

1052 2576 1111 2598 nae
1131 2565 1344 2609 particulares
1364 2574 1422 2608 per
1435 2569 1536 2597 totum
1550 2573 1685 2606 regnum
1705 2572 1796 2605 prae-

1053 2619 1173 2652 dictum
1199 2619 1409 2662 deputentur,
1434 2623 1462 2650 et
1484 2618 1556 2650 licet
1579 2627 1636 2660 per
1667 2616 1796 2649 decreta

1052 2672 1183 2707 Concilii
1204 2671 1381 2706 Tridentini
1414 2677 1548 2716 propter
1574 2680 1691 2715 pravos
1711 2669 1796 2703 elee-

1684 250 1742 285 501
1794 260 1844 287 An.
1861 259 1889 286 c.
1911 258 1979 286 1599

1827 1813 1940 1834 Praedicta
1951 1812 1994 1838 pri-

1808 1842 1884 1864 vilegia
1918 1839 1993 1859 contir-

1807 1868 1860 1888 mari
1872 1868 1926 1893 petit.
1939 1866 1994 1886 fleu-

1808 1901 1864 1915 ricus
1879 1894 1905 1915 IV
1923 1899 1966 1914 rex.
