2253 3195
269 251 318 276 Λιι.
341 250 369 277 c.
389 251 456 278 mou
503 242 567 274 628

314 905 330 915 ‚t
352 914 355 915 r
375 906 393 915 >*
406 904 416 913 tl
433 904 452 915 U·

270 930 346 943 inmuni
371 924 454 948 prune-

270 956 351 969 unirnnt
367 953 386 970 ct
409 956 454 973 ura-

269 979 353 996 tuarum.

270 1003 458 1026 canit-inminhuni

270 1030 367 1053 generate
392 1029 454 1050 [rhu

271 1059 290 1074 ρι
305 1059 391 1077 euclem
413 1058 454 1078 cml-

378 977 455 1001 quibus

468 300 530 332 iam
562 299 602 331 ad
631 298 748 332 Urbem
777 298 878 341 ipsam
902 298 1159 337 conductarum,
1183 303 1214 331 et

469 353 499 385 in
521 363 557 384 ea
584 351 811 390 existentium,
836 361 871 383 ac
892 361 951 394 pro
973 350 1086 383 eodem
1109 351 1210 383 colle—

467 406 520 448 gio
542 406 573 437 in
595 415 712 446 magna
731 415 787 437 seu
817 415 915 448 parva
936 404 1126 447 quantitate,
1148 410 1213 436 tam

468 460 498 491 in
525 458 629 491 barcis
654 468 751 501 quam
787 457 820 490 in
847 457 1048 500 magazenss,
1079 463 1109 490 ct
1136 457 1214 490 alias

468 511 604 545 ubilibet
630 511 867 551 emendorum,
891 510 1084 544 auctoritate
1110 516 1137 544 et
1171 517 1214 544 te-

468 576 548 598 nore
573 564 758 608 praedictis,
783 564 894 597 itidem
917 570 1076 608 perpetuo
1101 564 1214 597 eximi-

469 629 539 651 mus
560 623 590 651 et
610 617 800 658 liberamus,
824 628 859 650 ac
879 617 938 650 sub
959 618 990 651 S.
1013 617 1098 650 Petri
1119 622 1147 650 et
1167 617 1215 650 di-

469 678 537 704 ctae
559 671 650 705 Sedis
672 676 767 714 atque
787 676 899 704 nostra
924 670 1126 714 protectione
1155 681 1211 703 su-

468 724 634 768 scipimus,
651 724 810 768 nobisque
829 730 857 757 et
879 724 983 757 eidem
1005 724 1079 758 Sedi
1100 723 1214 757 imme-

470 778 554 811 diate
575 777 776 810 subiicimus.

513 830 569 875 ξῖ).
586 831 757 864 Praeterea
768 830 904 873 collegio
919 830 1070 874 illiusque
1081 830 1211 871 rectori,

469 884 671 918 scholaribus
686 912 693 925 ,
728 883 1015 928 praeceptoribus,
1040 883 1211 926 magistris,

470 938 667 978 oeconomis,
691 938 893 978 officialibus,
918 937 1073 970 ministris
1094 943 1124 970 et
1143 948 1216 981 per-

471 992 558 1025 sonis
578 991 764 1036 praedietis
781 997 816 1025 ut
833 991 1095 1035 quibuscumque
1115 990 1215 1034 privi-

471 1045 571 1087 legiis,
587 1045 855 1089 exemptionibus,
877 1044 1092 1085 libertatibus,
1117 1044 1216 1077 facul-

471 1093 598 1139 tatibus,
615 1098 726 1141 gratiis
739 1103 769 1131 et
784 1098 926 1138 indultis,
944 1097 1062 1141 quibus
1073 1097 1215 1131 studium

469 1153 619 1196 generale
639 1152 742 1185 dictae
762 1151 867 1191 Urbis,
892 1162 1019 1184 necnon
1045 1151 1107 1184 alia
1131 1151 1216 1185 Ger-

471 1206 627 1246 manicae,
656 1205 820 1247 Anglicae,
845 1204 1027 1238 etGraccae
1047 1204 1215 1238 nationum

470 1259 605 1302 collegia
618 1259 648 1292 in
668 1259 736 1303 ipsa
753 1258 837 1291 Urbe
847 1257 1003 1299 instituta,
1019 1258 1216 1302 illorumque

470 1319 628 1353 rectores,
656 1313 841 1353 scholares,
869 1318 1117 1357 praeceptores,
1142 1323 1213 1345 ma-

470 1367 576 1409 gistri,
607 1367 790 1405 oeconomi,
819 1366 993 1406 officiales,
1023 1366 1160 1399 ministri
1186 1374 1213 1400 et

470 1431 628 1465 personae
643 1420 755 1464 quovis
770 1420 867 1453 modo
881 1425 1027 1459 utuntur,
1048 1420 1217 1463 potiuntur

470 1482 499 1508 et
519 1475 670 1518 gaudent,
686 1474 791 1515 acuti,
812 1474 909 1518 potiri
932 1480 960 1507 et
983 1475 1124 1516 gaudere
1136 1484 1213 1518 pos-

470 1535 543 1562 sunt
563 1534 591 1562 ct
618 1534 770 1572 poterunt
795 1527 1043 1572 quomodolibet
1064 1528 1095 1560 in
1125 1528 1212 1561 sutu-

470 1593 553 1623 rum,
578 1592 643 1615 non
664 1582 769 1615 solum
798 1582 838 1615 ad
866 1592 981 1615 eorum
1006 1581 1128 1621 instar,
1161 1581 1216 1615 sed

469 1635 690 1679 paril‘ormiter
719 1641 749 1668 et
775 1646 877 1679 aeque
907 1635 1156 1679 principaliter,
1185 1635 1215 1667 in

470 1689 621 1721 omnibus
642 1695 672 1722 et
693 1700 750 1733 per
769 1689 878 1721 onmia
899 1688 956 1728 uti,
980 1688 1076 1732 potiri
1097 1694 1127 1721 et
1141 1699 1218 1731 gau—

471 1743 546 1775 dere
568 1742 715 1782 valeant,
741 1741 862 1775 eisdem
889 1741 1081 1774 auctoritate
1112 1747 1141 1774 et
1174 1747 1217 1774 te-

470 1806 561 1835 nore,
586 1795 682 1828 ctiam
705 1801 861 1838 perpetuo
883 1794 1091 1828 ronccdinms
1112 1800 1141 1827 ct
1163 1794 1213 1826 in-

471 1850 652 1889 dulgemus.
682 1848 860 1881 [listrictius
882 1859 1011 1891 quoque
1033 1847 1217 1881 inhibemus

471 1901 601 1938 vic-ario,
625 1901 786 1940 senatori,
811 1901 1097 1934 conservatoribus
1119 1907 1148 1934 et
1168 1912 1217 1934 rc-

472 1954 700 1986 lormatoribus
722 1954 825 1993 l'rbis,
849 1965 885 1986 ac
907 1954 1023 1987 rectori
1045 1954 1142 1987 studii
1157 1954 1216 1986 hun

472 2007 622 2045 iusinodi,
654 2007 791 2050 aliisque
814 2007 985 2045 iudicibus,
1010 2007 1213 2047 officialibus,

472 2060 729 2104 praesidentibus
748 2066 776 2093 ct
804 2060 928 2093 clericis
950 2061 1134 2104 praedictis,
1159 2072 1216 2093 nec

472 2126 534 2146 non
558 2126 615 2158 pro
638 2121 782 2158 tempore
810 2114 954 2147 existenti
987 2115 1017 2147 S.
1043 2115 1076 2147 ll.
1108 2115 1139 2147 Ε.
1165 2126 1217 2146 ra-

474 2168 635 2207 mvn-ario,
665 2174 692 2200 et
726 2168 890 2211 quibusvis·
920 2168 1151 2201 ronniiissariis
1178 2169 1217 2201 :ul

472 2222 719 2265 exequutioninn
750 2221 974 2260 decinmrnm,
1010 2222 1217 2265 aliorumque

471 2285 605 2306 onerum
640 2274 880 2317 praedirtoruni
913 2286 970 2318 pro
999 2280 1142 2318 tempore
1163 2276 1217 2307 ‹lc-

472 2328 598 2371 putatis,
624 2339 662 2360 ne
683 2328 869 2371 quarnnix‘is
892 2328 1070 2361 litterarum
1093 2328 1138 2360 ris
1157 2329 1216 2360 snb

473 2382 733 2425 qnilmsruniqtn:
767 2382 932 2415 tenoribus·
954 2387 981 2414 rt
1003 2382 1113 2415 stirmis
1134 2394 1213 2416 ron-

472 2447 632 2467 ressaruni
656 2441 832 2479 praetextu,
857 2436 1028 2476 colle-‚tium
1052 2447 1108 2480 per
1123 2448 1215 2480 prae-

471 2494 575 2519 ‚sentes
590 2494 745 2526 ure-vtum,
771 2488 917 2532 illiusque
933 2495 1104 2527 t'⁴·t'lot·t¹ttt,
1125 2490 1216 2522 scho-

475 2542 565 2577 illst-s,
591 2548 838 2585 praeceptori-S,
864 2543 1045 2584 iintgistros,
1069 2554 1212 2576 oecono-

475 2606 541 2625 tuos
564 2622 568 2629 ,

473 2658 527 2678 ,κε-ιι
549 2659 659 2679 eornm
679 2649 831 2691 aliquem,
851 2649 879 2681 in
896 2649 1079 2692 priwinissis
1101 2649 1212 2693 quovis

1059 250 1241 273 ffl‘LLAulUM
1263 251 1416 273 hommum

1247 297 1346 331 modo
1361 297 1534 331 molestent
1548 303 1603 330 aut
1615 298 1780 331 molestari
1791 298 1988 342 permittant.

1293 353 1308 393 ξ
1330 350 1360 384 6.
1381 351 1420 384 Ut
1437 357 1544 384 autem
1564 351 1663 395 ipsius
1677 351 1803 393 collegii
1823 362 1882 395 per
1897 362 1991 396 prae-
2021 368 2136 398 neptunu.»
2150 369 2209 390 ει-.
2234 346 2235 377 3

1247 409 1353 437 sentes
1383 404 1482 437 erecti
1504 404 1741 437 conservationi
1766 404 1920 448 bonoque
1941 416 1992 438 re-
2007 396 2202 447 llll'gtfi‘ssfidlssllffz

2008 448 2135 498 etatae
2146 448 2205 498 {tsi
2219 463 2224 467 ·

2008 501 2144 522 lacunalibus
2159 499 2206 524 tnie't
2241 500 2243 526 ζ

2009 527 2089 548 rotatis.
2241 530 2242 534 ¹

1248 457 1372 499 gimini,
1396 463 1461 490 tam
1477 457 1508 489 in
1522 457 1571 490 his
1586 468 1668 501 quae
1689 458 1729 490 ad
1747 457 1992 490 instructionem

1248 516 1279 543 et
1299 510 1525 554 disciplinam,
1550 522 1647 554 quani
1683 521 1766 554 quae
1793 511 1833 544 ad
1859 511 1989 551 victum,

1247 564 1416 605 restitum,
1441 564 1568 607 aliaque
1593 563 1780 597 huiusmodi
1812 564 1994 597 necessaria

1247 618 1420 662 pertinent,
1435 624 1618 663 opportune
1632 619 1830 659 consulatur,
1841 618 1994 652 dilectum

1248 671 1350 704 filium
1365 677 1512 705 nostrum
1526 671 1708 711 Camillum,
1731 671 1812 705 tituli
1833 671 1879 704 Ss.
1902 671 1994 704 Ioan-

1247 725 1297 758 nis
1321 731 1352 758 et
1381 725 1493 765 Pauli,
1533 725 1757 769 presbyterum
1794 724 1993 757 cardinalem

1247 779 1462 821 Burghesium
1482 785 1718 823 nuncupatum,
1753 778 1898 812 eiusdem
1923 778 1992 811 col-

1248 834 1323 876 legii
1353 844 1411 877 per
1442 838 1626 877 praesentes
1656 832 1754 866 erecti
1775 838 1994 876 protectorem

1249 893 1279 920 et
1300 887 1505 920 defensorem
1527 886 1632 929 (cuius
1645 885 1781 919 consilio
1802 891 1907 929 etope
1925 896 1995 918 om-

1249 941 1303 974 nia
1327 941 1529 985 supradicta,
1553 951 1589 974 ac
1619 940 1682 974 alia
1709 950 1934 984 quaecumque
1954 940 1995 973 ad

1250 995 1380 1028 eosdem
1410 995 1441 1027 in
1469 994 1574 1038 ipsum
1606 994 1779 1036 collegium
1813 1004 1871 1038 per
1894 1003 1991 1037 prae-

1249 1055 1354 1082 sentes
1381 1054 1524 1082 erectum
1550 1047 1767 1081 admittendos
1792 1047 1995 1080 retinendos-

1249 1114 1311 1146 que
1332 1102 1495 1136 scholares
1515 1101 1713 1145 spectantia,
1744 1111 1781 1134 ac
1811 1100 1890 1134 alias
1906 1111 1991 1144 quo-

1250 1155 1428 1190 modolibet
1441 1155 1623 1188 necessaria
1636 1160 1782 1197 agantur,
1799 1159 1990 1195 statuantur,

1249 1215 1279 1243 et
1289 1209 1494 1252 ordinentur)
1506 1208 1732 1242 constituimus
1742 1213 1774 1241 et
1787 1208 1990 1251 deputamus;

1249 1273 1285 1296 ac
1303 1262 1435 1296 Camillo
1449 1262 1616 1302 cardinali,
1638 1267 1668 1294 et
1688 1272 1746 1305 pro
1767 1267 1913 1305 tempore
1927 1260 1993 1294 exi-

1249 1316 1547 1360 stenti-protectori
1574 1315 1740 1359 praedicto
1768 1325 1828 1358 pro
1849 1314 1993 1348 eiusdem

1249 1369 1376 1412 collegii
1408 1380 1466 1413 per
1490 1374 1676 1413 praesentes
1700 1368 1798 1402 crecti
1814 1395 1821 1408 ,
1844 1367 1994 1412 illiusque

1250 1433 1462 1467 personarum
1485 1450 1492 1463 ,
1519 1423 1694 1462 bonorum,
1717 1432 1842 1462 rerum,
1874 1420 1992 1454 iurium

1251 1482 1314 1509 tam
1335 1475 1552 1520 spiritualium
1575 1486 1671 1519 quam
1695 1474 1924 1518 temporalium
1944 1485 1993 1508 sa-

1251 1530 1335 1563 lubri
1357 1529 1535 1563 directione
1555 1534 1586 1562 et
1607 1528 1861 1568 conservatione,
1883 1534 1989 1562 recto-

1250 1595 1312 1623 res,
1333 1589 1571 1627 praeceptores,
1585 1582 1766 1625 magistros,
1783 1592 1990 1623 oeconomos,

1251 1637 1433 1677 advocatos,
1449 1641 1687 1680 procuratores,
1712 1641 1921 1680 caeterosque
1935 1635 1994 1668 mi-

1251 1691 1368 1724 nistros
1386 1696 1416 1724 ct
1429 1690 1581 1725 officiales
1596 1689 1627 1722 in
1646 1700 1683 1722 eo
1701 1689 1889 1733 deputandi,
1906 1699 1995 1722 amo-

1251 1744 1357 1785 vendi,
1381 1756 1416 1777 ac
1438 1744 1509 1777 loco
1528 1743 1782 1776 amovendorum
1809 1742 1888 1776 alios
1908 1742 1992 1776 suffi-

1251 1798 1369 1838 ciendi,
1399 1807 1527 1830 necnon
1553 1802 1691 1836 statuta,
1725 1795 1945 1829 ordinationes
1965 1801 1996 1829 et

1252 1851 1381 1884 decreta
1399 1860 1635 1893 quaecumque,
1659 1848 1745 1881 licita
1767 1854 1873 1882 tamen
1893 1848 1994 1882 etho-

1251 1911 1362 1945 nesta,
1392 1904 1556 1947 sacrisque
1586 1902 1765 1936 canonibus
1797 1909 1824 1936 et
1858 1903 1995 1937 decretis

1250 1957 1381 1992 Concilii
1411 1957 1611 1997 Tridentini,
1643 1968 1680 1990 ac
1712 1957 1995 1992 constitutionibus

1251 2011 1436 2055 apostolicis·
1473 2021 1537 2044 non
1571 2011 1754 2051 contraria,
1795 2010 1933 2044 faciendi
1965 2017 1992 2044 et

1252 2065 1380 2105 edendi,
1405 2070 1501 2108 atque
1521 2065 1574 2097 illa
1595 2065 1721 2108 quoties
1742 2076 1799 2109 pro
1821 2064 1950 2098 eorum¹
1965 2071 1993 2098 ct

1254 2125 1436 2162 temporum
1458 2118 1622 2162 qualitate,
1647 2128 1701 2151 sen
1723 2118 1802 2151 alias
1822 2117 1995 2162 expediens

1253 2172 1412 2205 videbitur
1436 2171 1640 2209 immutandi,
1665 2171 1859 2213 corrigendi,
1886 2172 1996 2205 mode-

1252 2226 1355 2263 randi,
1380 2225 1590 2263 relormandi,
1605 2225 1838 2269 interpretan(.li
1860 2225 1993 2258 ctetiam

1251 2279 1311 2312 alia
1347 2291 1381 2310 ex
1420 2279 1544 2318 integro
1574 2278 1759 2314 tendendi:
1795 2289 1877 2321 quae
1909 2283 1995 2322 post-

1251 2344 1346 2376 quam
1378 2332 1566 2371 itnntutata,
1592 2337 1746 2369 correcta,
1773 2333 1944 2364 reformata
1965 2337 1993 2365 et

1251 2385 1379 2418 condita
1401 2385 1530 2425 suerint,
1555 2396 1592 2417 eo
1620 2385 1688 2428 ipso
1710 2384 1793 2417 dicta
1819 2385 1995 2428 apostolica

1251 2438 1439 2472 atu-toritate
1464 2439 1655 2471 contirmata
1677 2443 1705 2471 ct
1731 2438 1909 2482 approbata
1933 2438 1996 2472 sint

1251 2496 1277 2523 et
1299 2500 1366 2521 essi·
1392 2494 1595 2526 ‹relisi-antur,
1626 2500 1662 2521 ae
1688 2489 1727 2521 ab
1759 2488 1930 2528 omuibus,
1954 2489 1994 2522 ad

1232 2555 1330 2587 ¹qnos
1351 2555 1408 2587 pro
1430 2548 1575 2586 tempor«-
1600 2542 1769 2586 spertaliit,
1793 2542 1852 2575 suh
1882 2542 1994 2586 poenis

603 2595 754 2626 nutriata-s
779 2601 806 2627 vt
831 2595 993 2628 ministros
1015 2596 1211 2635 lminsmodi,
1231 2626 1232 2634 ,

1252 2596 1280 2628 iu
1308 2595 1588 2628 contrawnientcs
1606 2595 1794 2634 statuendis,
1829 2595 1991 2629 observari

1288 2659 1294 2684 l
1321 2657 1473 2691 legendnm
1495 2657 1562 2684 sortc
1585 2666 1682 2685 rerum
1703 2658 1793 2691 (um).

2010 249 2059 276 An.
2082 249 2109 276 C.
2128 249 2193 277 1600
2234 270 2235 282 ,
