<?xml version="1.0" encoding="UTF-8"?>
<!DOCTYPE html PUBLIC "-//W3C//DTD XHTML 1.0 Transitional//EN"
    "http://www.w3.org/TR/xhtml1/DTD/xhtml1-transitional.dtd">
<html xmlns="http://www.w3.org/1999/xhtml" xml:lang="en" lang="en">
 <head>
  <title>
</title>
<meta http-equiv="Content-Type" content="text/html;charset=utf-8" />
  <meta name='ocr-system' content='tesseract 3.04.00' />
  <meta name='ocr-capabilities' content='ocr_page ocr_carea ocr_par ocr_line ocrx_word'/>
</head>
<body>
  <div class='ocr_page' id='page_1' title='image "./bullarumdiplomat10cath/bullarumdiplomat10cath_0668.png"; bbox 0 0 2253 3195; ppageno 0'>
   <div class='ocr_carea' id='block_1_1' title="bbox 261 224 555 261">
    <p class='ocr_par' dir='ltr' id='par_1_1' title="bbox 261 224 555 261">
     <span class='ocr_line' id='line_1_1' title="bbox 261 224 555 261; baseline -0.007 -2"><span class='ocrx_word' id='word_1_1' title='bbox 261 233 310 260; x_wconf 70' lang='lat' dir='ltr'>An.</span> <span class='ocrx_word' id='word_1_2' title='bbox 330 233 358 260; x_wconf 86' lang='lat' dir='ltr'>c.</span> <span class='ocrx_word' id='word_1_3' title='bbox 378 233 446 261; x_wconf 76' lang='lat' dir='ltr'>icoo</span> <span class='ocrx_word' id='word_1_4' title='bbox 491 224 555 257; x_wconf 75' lang='grc'>614</span> 
     </span>
    </p>
   </div>
   <div class='ocr_carea' id='block_1_2' title="bbox 270 1361 456 1463">
    <p class='ocr_par' dir='ltr' id='par_1_2' title="bbox 270 1361 456 1463">
     <span class='ocr_line' id='line_1_2' title="bbox 311 1361 455 1386; baseline 0 -6"><span class='ocrx_word' id='word_1_5' title='bbox 311 1361 352 1381; x_wconf 69' lang='lat' dir='ltr'>Lm</span> <span class='ocrx_word' id='word_1_6' title='bbox 362 1363 455 1386; x_wconf 52' lang='lat' dir='ltr'>lautores</span> 
     </span>
     <span class='ocr_line' id='line_1_3' title="bbox 270 1388 455 1409; baseline -0.011 0"><span class='ocrx_word' id='word_1_7' title='bbox 270 1388 358 1409; x_wconf 64' lang='lat' dir='ltr'>huius-:u</span> <span class='ocrx_word' id='word_1_8' title='bbox 379 1391 455 1408; x_wconf 49' lang='lat' dir='ltr'>consti*</span> 
     </span>
     <span class='ocr_line' id='line_1_4' title="bbox 271 1414 456 1441; baseline 0 -6"><span class='ocrx_word' id='word_1_9' title='bbox 271 1415 357 1435; x_wconf 66' lang='lat' dir='ltr'>iunoni,</span> <span class='ocrx_word' id='word_1_10' title='bbox 391 1414 456 1441; x_wconf 72' lang='lat' dir='ltr'>depu-</span> 
     </span>
     <span class='ocr_line' id='line_1_5' title="bbox 271 1443 317 1463; baseline -0.022 0"><span class='ocrx_word' id='word_1_11' title='bbox 271 1443 317 1463; x_wconf 74' lang='lat' dir='ltr'>tati.</span> 
     </span>
    </p>
   </div>
   <div class='ocr_carea' id='block_1_3' title="bbox 1043 232 1398 256">
    <p class='ocr_par' dir='ltr' id='par_1_3' title="bbox 1043 232 1398 256">
     <span class='ocr_line' id='line_1_6' title="bbox 1043 232 1398 256; baseline -0.003 0"><span class='ocrx_word' id='word_1_12' title='bbox 1043 232 1224 256; x_wconf 73' lang='lat' dir='ltr'>BULLAntUM</span> <span class='ocrx_word' id='word_1_13' title='bbox 1246 232 1398 255; x_wconf 75' lang='lat' dir='ltr'><strong>ROMANUM</strong></span> 
     </span>
    </p>
   </div>
   <div class='ocr_carea' id='block_1_4' title="bbox 459 278 1981 431">
    <p class='ocr_par' dir='ltr' id='par_1_4' title="bbox 459 278 1981 431">
     <span class='ocr_line' id='line_1_7' title="bbox 459 278 1981 326; baseline -0.003 -10"><span class='ocrx_word' id='word_1_14' title='bbox 459 282 649 326; x_wconf 85' lang='lat' dir='ltr'>persolverit</span> <span class='ocrx_word' id='word_1_15' title='bbox 662 292 734 315; x_wconf 88' lang='lat' dir='ltr'>cum</span> <span class='ocrx_word' id='word_1_16' title='bbox 749 281 875 321; x_wconf 79' lang='lat' dir='ltr'>effectu,</span> <span class='ocrx_word' id='word_1_17' title='bbox 891 280 989 324; x_wconf 81' lang='lat' dir='ltr'>lapsis</span> <span class='ocrx_word' id='word_1_18' title='bbox 1008 280 1122 313; x_wconf 88' lang='lat' dir='ltr'>diebus</span> <span class='ocrx_word' id='word_1_19' title='bbox 1140 279 1201 313; x_wconf 88' lang='lat' dir='ltr'>eis·</span> <span class='ocrx_word' id='word_1_20' title='bbox 1237 279 1333 312; x_wconf 81' lang='lat' dir='ltr'>suerit</span> <span class='ocrx_word' id='word_1_21' title='bbox 1346 279 1469 322; x_wconf 83' lang='lat' dir='ltr'>integre</span> <span class='ocrx_word' id='word_1_22' title='bbox 1482 279 1691 318; x_wconf 84' lang='lat' dir='ltr'>satisfactum,</span> <span class='ocrx_word' id='word_1_23' title='bbox 1704 278 1836 322; x_wconf 82' lang='lat' dir='ltr'>ipseque</span> <span class='ocrx_word' id='word_1_24' title='bbox 1853 288 1981 312; x_wconf 79' lang='lat' dir='ltr'>excom-</span> 
     </span>
     <span class='ocr_line' id='line_1_8' title="bbox 460 332 1980 376; baseline -0.003 -7"><span class='ocrx_word' id='word_1_25' title='bbox 460 337 544 376; x_wconf 84' lang='lat' dir='ltr'>dem,</span> <span class='ocrx_word' id='word_1_26' title='bbox 572 335 763 368; x_wconf 73' lang='lat' dir='ltr'>sementiam</span> <span class='ocrx_word' id='word_1_27' title='bbox 785 333 1126 367; x_wconf 75' lang='lat' dir='ltr'>excommunicationis</span> <span class='ocrx_word' id='word_1_28' title='bbox 1153 333 1202 366; x_wconf 92' lang='lat' dir='ltr'>in·</span> <span class='ocrx_word' id='word_1_29' title='bbox 1238 333 1419 367; x_wconf 82' lang='lat' dir='ltr'>manicatus</span> <span class='ocrx_word' id='word_1_30' title='bbox 1454 334 1494 366; x_wconf 91' lang='lat' dir='ltr'>ab</span> <span class='ocrx_word' id='word_1_31' title='bbox 1535 333 1720 366; x_wconf 89' lang='lat' dir='ltr'>huiusmodi</span> <span class='ocrx_word' id='word_1_32' title='bbox 1755 332 1980 366; x_wconf 79' lang='lat' dir='ltr'>excommuni-</span> 
     </span>
     <span class='ocr_line' id='line_1_9' title="bbox 460 385 1978 431; baseline -0.003 -9"><span class='ocrx_word' id='word_1_33' title='bbox 460 395 577 426; x_wconf 78' lang='lat' dir='ltr'>currat,</span> <span class='ocrx_word' id='word_1_34' title='bbox 602 399 619 420; x_wconf 86' lang='lat' dir='ltr'>a</span> <span class='ocrx_word' id='word_1_35' title='bbox 645 399 710 431; x_wconf 83' lang='lat' dir='ltr'>qua</span> <span class='ocrx_word' id='word_1_36' title='bbox 734 388 851 430; x_wconf 89' lang='lat' dir='ltr'>(donec</span> <span class='ocrx_word' id='word_1_37' title='bbox 873 386 1003 427; x_wconf 88' lang='lat' dir='ltr'>rectori,</span> <span class='ocrx_word' id='word_1_38' title='bbox 1026 397 1083 420; x_wconf 93' lang='lat' dir='ltr'>seu</span> <span class='ocrx_word' id='word_1_39' title='bbox 1103 397 1200 430; x_wconf 88' lang='lat' dir='ltr'>prae-</span> <span class='ocrx_word' id='word_1_40' title='bbox 1238 387 1372 420; x_wconf 88' lang='lat' dir='ltr'>cationis</span> <span class='ocrx_word' id='word_1_41' title='bbox 1402 386 1577 426; x_wconf 88' lang='lat' dir='ltr'>sententia,</span> <span class='ocrx_word' id='word_1_42' title='bbox 1613 385 1822 419; x_wconf 72' lang='lat' dir='ltr'>absolutionis</span> <span class='ocrx_word' id='word_1_43' title='bbox 1852 385 1978 419; x_wconf 85' lang='lat' dir='ltr'>benefi-</span> 
     </span>
    </p>
   </div>
   <div class='ocr_carea' id='block_1_5' title="bbox 460 439 1224 2412">
    <p class='ocr_par' dir='ltr' id='par_1_5' title="bbox 460 439 1222 1287">
     <span class='ocr_line' id='line_1_10' title="bbox 461 439 1222 484; baseline -0.004 -10"><span class='ocrx_word' id='word_1_44' title='bbox 461 441 583 484; x_wconf 80' lang='lat' dir='ltr'>ccptori</span> <span class='ocrx_word' id='word_1_45' title='bbox 611 447 640 473; x_wconf 91' lang='lat' dir='ltr'>et</span> <span class='ocrx_word' id='word_1_46' title='bbox 671 440 908 482; x_wconf 76' lang='lat' dir='ltr'>collegialibus,</span> <span class='ocrx_word' id='word_1_47' title='bbox 931 440 980 473; x_wconf 84' lang='lat' dir='ltr'>vel</span> <span class='ocrx_word' id='word_1_48' title='bbox 1000 439 1222 483; x_wconf 76' lang='lat' dir='ltr'>procuratori]</span> 
     </span>
     <span class='ocr_line' id='line_1_11' title="bbox 460 494 1205 538; baseline 0 -11"><span class='ocrx_word' id='word_1_49' title='bbox 460 494 631 538; x_wconf 83' lang='lat' dir='ltr'>praedictis</span> <span class='ocrx_word' id='word_1_50' title='bbox 654 494 692 527; x_wconf 86' lang='lat' dir='ltr'>de</span> <span class='ocrx_word' id='word_1_51' title='bbox 733 494 889 538; x_wconf 79' lang='lat' dir='ltr'>pensione</span> <span class='ocrx_word' id='word_1_52' title='bbox 926 505 986 538; x_wconf 90' lang='lat' dir='ltr'>per</span> <span class='ocrx_word' id='word_1_53' title='bbox 1020 500 1205 538; x_wconf 74' lang='lat' dir='ltr'>praesentes</span> 
     </span>
     <span class='ocr_line' id='line_1_12' title="bbox 460 547 1206 590; baseline 0 -9"><span class='ocrx_word' id='word_1_54' title='bbox 460 554 621 581; x_wconf 80' lang='lat' dir='ltr'>reservata</span> <span class='ocrx_word' id='word_1_55' title='bbox 640 547 825 581; x_wconf 84' lang='lat' dir='ltr'>huiusmodi</span> <span class='ocrx_word' id='word_1_56' title='bbox 853 553 929 581; x_wconf 90' lang='lat' dir='ltr'>tunc</span> <span class='ocrx_word' id='word_1_57' title='bbox 956 547 1063 581; x_wconf 85' lang='lat' dir='ltr'>debita</span> <span class='ocrx_word' id='word_1_58' title='bbox 1082 547 1206 590; x_wconf 84' lang='lat' dir='ltr'>integre</span> 
     </span>
     <span class='ocr_line' id='line_1_13' title="bbox 461 601 1206 641; baseline -0.001 -7"><span class='ocrx_word' id='word_1_59' title='bbox 461 601 676 641; x_wconf 72' lang='lat' dir='ltr'>satisfactum,</span> <span class='ocrx_word' id='word_1_60' title='bbox 701 608 754 634; x_wconf 84' lang='lat' dir='ltr'>aut</span> <span class='ocrx_word' id='word_1_61' title='bbox 783 601 862 634; x_wconf 88' lang='lat' dir='ltr'>alias</span> <span class='ocrx_word' id='word_1_62' title='bbox 891 611 964 634; x_wconf 92' lang='lat' dir='ltr'>cum</span> <span class='ocrx_word' id='word_1_63' title='bbox 994 606 1119 633; x_wconf 84' lang='lat' dir='ltr'>rectore</span> <span class='ocrx_word' id='word_1_64' title='bbox 1150 611 1206 634; x_wconf 89' lang='lat' dir='ltr'>seu</span> 
     </span>
     <span class='ocr_line' id='line_1_14' title="bbox 462 654 1203 699; baseline -0.001 -12"><span class='ocrx_word' id='word_1_65' title='bbox 462 660 682 699; x_wconf 76' lang='lat' dir='ltr'>praeceptore,</span> <span class='ocrx_word' id='word_1_66' title='bbox 707 660 737 688; x_wconf 90' lang='lat' dir='ltr'>et</span> <span class='ocrx_word' id='word_1_67' title='bbox 758 654 991 697; x_wconf 75' lang='lat' dir='ltr'>collegialibus‚</span> <span class='ocrx_word' id='word_1_68' title='bbox 1014 654 1063 686; x_wconf 79' lang='lat' dir='ltr'>vel</span> <span class='ocrx_word' id='word_1_69' title='bbox 1083 664 1203 697; x_wconf 89' lang='lat' dir='ltr'>procu-</span> 
     </span>
     <span class='ocr_line' id='line_1_15' title="bbox 462 707 1208 752; baseline -0.001 -11"><span class='ocrx_word' id='word_1_70' title='bbox 462 714 569 741; x_wconf 89' lang='lat' dir='ltr'>ratore</span> <span class='ocrx_word' id='word_1_71' title='bbox 590 708 762 752; x_wconf 85' lang='lat' dir='ltr'>praedictis</span> <span class='ocrx_word' id='word_1_72' title='bbox 787 719 884 752; x_wconf 89' lang='lat' dir='ltr'>super</span> <span class='ocrx_word' id='word_1_73' title='bbox 911 708 972 740; x_wconf 91' lang='lat' dir='ltr'>hoc</span> <span class='ocrx_word' id='word_1_74' title='bbox 993 707 1208 740; x_wconf 78' lang='lat' dir='ltr'>amicabiliter</span> 
     </span>
     <span class='ocr_line' id='line_1_16' title="bbox 463 760 1207 804; baseline -0.003 -10"><span class='ocrx_word' id='word_1_75' title='bbox 463 761 696 794; x_wconf 79' lang='lat' dir='ltr'>concordatum</span> <span class='ocrx_word' id='word_1_76' title='bbox 736 761 871 803; x_wconf 88' lang='lat' dir='ltr'>suerit),</span> <span class='ocrx_word' id='word_1_77' title='bbox 913 766 1141 804; x_wconf 74' lang='lat' dir='ltr'>praeterquam</span> <span class='ocrx_word' id='word_1_78' title='bbox 1175 760 1207 792; x_wconf 91' lang='lat' dir='ltr'>in</span> 
     </span>
     <span class='ocr_line' id='line_1_17' title="bbox 463 813 1208 853; baseline -0.003 -6"><span class='ocrx_word' id='word_1_79' title='bbox 463 814 575 847; x_wconf 90' lang='lat' dir='ltr'>mortis</span> <span class='ocrx_word' id='word_1_80' title='bbox 595 814 732 848; x_wconf 87' lang='lat' dir='ltr'>articulo</span> <span class='ocrx_word' id='word_1_81' title='bbox 753 814 966 853; x_wconf 86' lang='lat' dir='ltr'>constitutus,</span> <span class='ocrx_word' id='word_1_82' title='bbox 995 813 1208 846; x_wconf 81' lang='lat' dir='ltr'>absolutionis</span> 
     </span>
     <span class='ocr_line' id='line_1_18' title="bbox 462 866 1209 911; baseline -0.001 -10"><span class='ocrx_word' id='word_1_83' title='bbox 462 868 655 901; x_wconf 85' lang='lat' dir='ltr'>beneficium</span> <span class='ocrx_word' id='word_1_84' title='bbox 675 873 815 911; x_wconf 78' lang='lat' dir='ltr'>nequeat</span> <span class='ocrx_word' id='word_1_85' title='bbox 836 867 993 901; x_wconf 88' lang='lat' dir='ltr'>obtinere.</span> <span class='ocrx_word' id='word_1_86' title='bbox 1011 866 1041 900; x_wconf 88' lang='lat' dir='ltr'>Si</span> <span class='ocrx_word' id='word_1_87' title='bbox 1062 877 1137 900; x_wconf 92' lang='lat' dir='ltr'>vero</span> <span class='ocrx_word' id='word_1_88' title='bbox 1151 877 1209 910; x_wconf 91' lang='lat' dir='ltr'>per</span> 
     </span>
     <span class='ocr_line' id='line_1_19' title="bbox 464 921 1209 964; baseline -0.003 -9"><span class='ocrx_word' id='word_1_89' title='bbox 464 933 516 955; x_wconf 84' lang='lat' dir='ltr'>sex</span> <span class='ocrx_word' id='word_1_90' title='bbox 538 933 662 956; x_wconf 88' lang='lat' dir='ltr'>menses</span> <span class='ocrx_word' id='word_1_91' title='bbox 681 922 781 955; x_wconf 86' lang='lat' dir='ltr'>dictos</span> <span class='ocrx_word' id='word_1_92' title='bbox 801 921 930 964; x_wconf 77' lang='lat' dir='ltr'>triginta</span> <span class='ocrx_word' id='word_1_93' title='bbox 943 921 1010 954; x_wconf 90' lang='lat' dir='ltr'>dies</span> <span class='ocrx_word' id='word_1_94' title='bbox 1024 921 1209 954; x_wconf 85' lang='lat' dir='ltr'>immediate</span> 
     </span>
     <span class='ocr_line' id='line_1_20' title="bbox 465 974 1209 1019; baseline 0 -11"><span class='ocrx_word' id='word_1_95' title='bbox 465 981 647 1019; x_wconf 85' lang='lat' dir='ltr'>sequentes,</span> <span class='ocrx_word' id='word_1_96' title='bbox 665 975 856 1008; x_wconf 87' lang='lat' dir='ltr'>sententiam</span> <span class='ocrx_word' id='word_1_97' title='bbox 871 975 972 1019; x_wconf 89' lang='lat' dir='ltr'>ipsam</span> <span class='ocrx_word' id='word_1_98' title='bbox 987 974 1106 1014; x_wconf 86' lang='lat' dir='ltr'>animo,</span> <span class='ocrx_word' id='word_1_99' title='bbox 1122 975 1209 1018; x_wconf 93' lang='lat' dir='ltr'>quod</span> 
     </span>
     <span class='ocr_line' id='line_1_21' title="bbox 467 1028 1209 1069; baseline 0 -8"><span class='ocrx_word' id='word_1_100' title='bbox 467 1028 560 1068; x_wconf 88' lang='lat' dir='ltr'>absit,</span> <span class='ocrx_word' id='word_1_101' title='bbox 577 1028 765 1061; x_wconf 84' lang='lat' dir='ltr'>sustinuerit</span> <span class='ocrx_word' id='word_1_102' title='bbox 785 1028 948 1069; x_wconf 85' lang='lat' dir='ltr'>indurato,</span> <span class='ocrx_word' id='word_1_103' title='bbox 969 1039 1006 1061; x_wconf 80' lang='lat' dir='ltr'>ex</span> <span class='ocrx_word' id='word_1_104' title='bbox 1026 1034 1102 1061; x_wconf 86' lang='lat' dir='ltr'>tunc</span> <span class='ocrx_word' id='word_1_105' title='bbox 1119 1028 1209 1061; x_wconf 82' lang='lat' dir='ltr'>efflu-</span> 
     </span>
     <span class='ocr_line' id='line_1_22' title="bbox 467 1082 1210 1125; baseline 0 -10"><span class='ocrx_word' id='word_1_106' title='bbox 467 1082 514 1115; x_wconf 81' lang='lat' dir='ltr'>xis</span> <span class='ocrx_word' id='word_1_107' title='bbox 534 1082 699 1116; x_wconf 86' lang='lat' dir='ltr'>mensibus</span> <span class='ocrx_word' id='word_1_108' title='bbox 720 1082 839 1115; x_wconf 87' lang='lat' dir='ltr'>eisdem</span> <span class='ocrx_word' id='word_1_109' title='bbox 856 1110 862 1121; x_wconf 94' lang='lat'>‚</span> <span class='ocrx_word' id='word_1_110' title='bbox 886 1093 904 1115; x_wconf 86' lang='lat' dir='ltr'>a</span> <span class='ocrx_word' id='word_1_111' title='bbox 924 1082 1082 1125; x_wconf 83' lang='lat' dir='ltr'>regimine</span> <span class='ocrx_word' id='word_1_112' title='bbox 1102 1088 1134 1115; x_wconf 90' lang='lat' dir='ltr'>et</span> <span class='ocrx_word' id='word_1_113' title='bbox 1153 1082 1210 1115; x_wconf 92' lang='lat' dir='ltr'>ad-</span> 
     </span>
     <span class='ocr_line' id='line_1_23' title="bbox 468 1135 1211 1180; baseline 0.001 -12"><span class='ocrx_word' id='word_1_114' title='bbox 468 1136 703 1169; x_wconf 86' lang='lat' dir='ltr'>ministratione</span> <span class='ocrx_word' id='word_1_115' title='bbox 731 1135 806 1169; x_wconf 89' lang='lat' dir='ltr'>dicti</span> <span class='ocrx_word' id='word_1_116' title='bbox 839 1135 1025 1169; x_wconf 88' lang='lat' dir='ltr'>monasterii</span> <span class='ocrx_word' id='word_1_117' title='bbox 1053 1142 1211 1180; x_wconf 91' lang='lat' dir='ltr'>perpetuo</span> 
     </span>
     <span class='ocr_line' id='line_1_24' title="bbox 468 1189 1211 1234; baseline 0.001 -12"><span class='ocrx_word' id='word_1_118' title='bbox 468 1190 610 1234; x_wconf 86' lang='lat' dir='ltr'>privatus</span> <span class='ocrx_word' id='word_1_119' title='bbox 631 1189 752 1230; x_wconf 74' lang='lat' dir='ltr'>existat,</span> <span class='ocrx_word' id='word_1_120' title='bbox 777 1189 921 1234; x_wconf 90' lang='lat' dir='ltr'>illudque</span> <span class='ocrx_word' id='word_1_121' title='bbox 943 1200 1056 1224; x_wconf 81' lang='lat' dir='ltr'>vacare</span> <span class='ocrx_word' id='word_1_122' title='bbox 1080 1201 1211 1223; x_wconf 88' lang='lat' dir='ltr'>censea-</span> 
     </span>
     <span class='ocr_line' id='line_1_25' title="bbox 470 1243 682 1287; baseline 0.005 -12"><span class='ocrx_word' id='word_1_123' title='bbox 470 1249 523 1276; x_wconf 89' lang='lat' dir='ltr'>tur</span> <span class='ocrx_word' id='word_1_124' title='bbox 543 1254 581 1276; x_wconf 89' lang='lat' dir='ltr'>eo</span> <span class='ocrx_word' id='word_1_125' title='bbox 603 1243 682 1287; x_wconf 90' lang='lat' dir='ltr'>ipso.</span> 
     </span>
    </p>

    <p class='ocr_par' dir='ltr' id='par_1_6' title="bbox 470 1296 1224 2412">
     <span class='ocr_line' id='line_1_26' title="bbox 515 1296 1214 1339; baseline 0.003 -10"><span class='ocrx_word' id='word_1_126' title='bbox 515 1296 570 1339; x_wconf 63' lang='lat'>56.</span> <span class='ocrx_word' id='word_1_127' title='bbox 582 1296 738 1336; x_wconf 82' lang='lat' dir='ltr'>Quocirca</span> <span class='ocrx_word' id='word_1_128' title='bbox 749 1297 986 1331; x_wconf 85' lang='lat' dir='ltr'>venerabilibus</span> <span class='ocrx_word' id='word_1_129' title='bbox 996 1297 1148 1331; x_wconf 87' lang='lat' dir='ltr'>fratribus</span> <span class='ocrx_word' id='word_1_130' title='bbox 1157 1308 1214 1331; x_wconf 93' lang='lat' dir='ltr'>no-</span> 
     </span>
     <span class='ocr_line' id='line_1_27' title="bbox 470 1350 1213 1395; baseline 0.001 -12"><span class='ocrx_word' id='word_1_131' title='bbox 470 1350 541 1383; x_wconf 85' lang='lat' dir='ltr'>stris</span> <span class='ocrx_word' id='word_1_132' title='bbox 555 1351 798 1395; x_wconf 80' lang='lat' dir='ltr'>archiepiscopo</span> <span class='ocrx_word' id='word_1_133' title='bbox 818 1351 1051 1391; x_wconf 86' lang='lat' dir='ltr'>Cameracensi,</span> <span class='ocrx_word' id='word_1_134' title='bbox 1074 1357 1104 1384; x_wconf 89' lang='lat' dir='ltr'>et</span> <span class='ocrx_word' id='word_1_135' title='bbox 1124 1352 1213 1384; x_wconf 77' lang='lat' dir='ltr'>Atre-</span> 
     </span>
     <span class='ocr_line' id='line_1_28' title="bbox 471 1403 1214 1448; baseline 0.001 -12"><span class='ocrx_word' id='word_1_136' title='bbox 471 1403 594 1437; x_wconf 88' lang='lat' dir='ltr'>batensi</span> <span class='ocrx_word' id='word_1_137' title='bbox 609 1414 644 1437; x_wconf 88' lang='lat' dir='ltr'>ac</span> <span class='ocrx_word' id='word_1_138' title='bbox 662 1404 869 1437; x_wconf 73' lang='lat' dir='ltr'>Namurcensi</span> <span class='ocrx_word' id='word_1_139' title='bbox 884 1404 1043 1448; x_wconf 84' lang='lat' dir='ltr'>episcopis</span> <span class='ocrx_word' id='word_1_140' title='bbox 1063 1415 1122 1448; x_wconf 93' lang='lat' dir='ltr'>per</span> <span class='ocrx_word' id='word_1_141' title='bbox 1138 1415 1214 1448; x_wconf 87' lang='lat' dir='ltr'>apo-</span> 
     </span>
     <span class='ocr_line' id='line_1_29' title="bbox 471 1457 1212 1502; baseline 0.003 -13"><span class='ocrx_word' id='word_1_142' title='bbox 471 1457 582 1490; x_wconf 89' lang='lat' dir='ltr'>stolica</span> <span class='ocrx_word' id='word_1_143' title='bbox 595 1457 714 1501; x_wconf 84' lang='lat' dir='ltr'>scripta</span> <span class='ocrx_word' id='word_1_144' title='bbox 734 1458 937 1498; x_wconf 90' lang='lat' dir='ltr'>mandamus,</span> <span class='ocrx_word' id='word_1_145' title='bbox 961 1463 1120 1502; x_wconf 88' lang='lat' dir='ltr'>quatenus</span> <span class='ocrx_word' id='word_1_146' title='bbox 1141 1457 1212 1502; x_wconf 91' lang='lat' dir='ltr'>ipsi,</span> 
     </span>
     <span class='ocr_line' id='line_1_30' title="bbox 470 1511 1212 1555; baseline 0 -11"><span class='ocrx_word' id='word_1_147' title='bbox 470 1511 609 1552; x_wconf 55' lang='lat' dir='ltr'>vel‘duo‚</span> <span class='ocrx_word' id='word_1_148' title='bbox 626 1517 678 1544; x_wconf 91' lang='lat' dir='ltr'>aut</span> <span class='ocrx_word' id='word_1_149' title='bbox 691 1522 772 1544; x_wconf 84' lang='lat' dir='ltr'>unus</span> <span class='ocrx_word' id='word_1_150' title='bbox 786 1522 898 1544; x_wconf 90' lang='lat' dir='ltr'>eorum</span> <span class='ocrx_word' id='word_1_151' title='bbox 914 1522 970 1555; x_wconf 91' lang='lat' dir='ltr'>per</span> <span class='ocrx_word' id='word_1_152' title='bbox 984 1522 1028 1551; x_wconf 86' lang='lat' dir='ltr'>se,</span> <span class='ocrx_word' id='word_1_153' title='bbox 1041 1512 1088 1544; x_wconf 88' lang='lat' dir='ltr'>vel</span> <span class='ocrx_word' id='word_1_154' title='bbox 1102 1511 1212 1552; x_wconf 89' lang='lat' dir='ltr'>alium,</span> 
     </span>
     <span class='ocr_line' id='line_1_31' title="bbox 471 1564 1214 1608; baseline 0 -11"><span class='ocrx_word' id='word_1_155' title='bbox 471 1574 526 1597; x_wconf 87' lang='lat' dir='ltr'>seu</span> <span class='ocrx_word' id='word_1_156' title='bbox 548 1564 627 1598; x_wconf 90' lang='lat' dir='ltr'>alios</span> <span class='ocrx_word' id='word_1_157' title='bbox 647 1565 764 1597; x_wconf 79' lang='lat' dir='ltr'>faciant</span> <span class='ocrx_word' id='word_1_158' title='bbox 783 1564 973 1598; x_wconf 84' lang='lat' dir='ltr'>auctoritate</span> <span class='ocrx_word' id='word_1_159' title='bbox 998 1570 1108 1598; x_wconf 90' lang='lat' dir='ltr'>nostra</span> <span class='ocrx_word' id='word_1_160' title='bbox 1131 1575 1214 1608; x_wconf 91' lang='lat' dir='ltr'>pen-</span> 
     </span>
     <span class='ocr_line' id='line_1_32' title="bbox 471 1618 1216 1663; baseline 0.001 -12"><span class='ocrx_word' id='word_1_161' title='bbox 471 1618 594 1652; x_wconf 88' lang='lat' dir='ltr'>sionem</span> <span class='ocrx_word' id='word_1_162' title='bbox 620 1630 678 1663; x_wconf 90' lang='lat' dir='ltr'>per</span> <span class='ocrx_word' id='word_1_163' title='bbox 698 1625 881 1663; x_wconf 84' lang='lat' dir='ltr'>praesentes</span> <span class='ocrx_word' id='word_1_164' title='bbox 907 1626 1102 1652; x_wconf 83' lang='lat' dir='ltr'>reservatam</span> <span class='ocrx_word' id='word_1_165' title='bbox 1123 1630 1216 1663; x_wconf 90' lang='lat' dir='ltr'>prae-</span> 
     </span>
     <span class='ocr_line' id='line_1_33' title="bbox 473 1672 1217 1716; baseline 0.003 -12"><span class='ocrx_word' id='word_1_166' title='bbox 473 1672 603 1712; x_wconf 86' lang='lat' dir='ltr'>dictam,</span> <span class='ocrx_word' id='word_1_167' title='bbox 621 1673 737 1706; x_wconf 84' lang='lat' dir='ltr'>rectori</span> <span class='ocrx_word' id='word_1_168' title='bbox 759 1683 813 1705; x_wconf 90' lang='lat' dir='ltr'>seu</span> <span class='ocrx_word' id='word_1_169' title='bbox 832 1673 1047 1716; x_wconf 79' lang='lat' dir='ltr'>praeceptori,</span> <span class='ocrx_word' id='word_1_170' title='bbox 1069 1679 1098 1706; x_wconf 88' lang='lat' dir='ltr'>et</span> <span class='ocrx_word' id='word_1_171' title='bbox 1120 1673 1217 1706; x_wconf 88' lang='lat' dir='ltr'>colle-</span> 
     </span>
     <span class='ocr_line' id='line_1_34' title="bbox 472 1726 1219 1771; baseline 0.003 -13"><span class='ocrx_word' id='word_1_172' title='bbox 472 1726 619 1768; x_wconf 71' lang='lat' dir='ltr'>gialibus,</span> <span class='ocrx_word' id='word_1_173' title='bbox 644 1727 689 1759; x_wconf 80' lang='lat' dir='ltr'>rel</span> <span class='ocrx_word' id='word_1_174' title='bbox 708 1726 911 1771; x_wconf 84' lang='lat' dir='ltr'>procuratori</span> <span class='ocrx_word' id='word_1_175' title='bbox 933 1727 1115 1770; x_wconf 86' lang='lat' dir='ltr'>praedictis,</span> <span class='ocrx_word' id='word_1_176' title='bbox 1134 1727 1219 1760; x_wconf 81' lang='lat' dir='ltr'>iuxta</span> 
     </span>
     <span class='ocr_line' id='line_1_35' title="bbox 472 1780 1219 1822; baseline 0 -9"><span class='ocrx_word' id='word_1_177' title='bbox 472 1780 707 1820; x_wconf 81' lang='lat' dir='ltr'>reservationis,</span> <span class='ocrx_word' id='word_1_178' title='bbox 725 1780 973 1819; x_wconf 85' lang='lat' dir='ltr'>constitutionis,</span> <span class='ocrx_word' id='word_1_179' title='bbox 995 1780 1219 1822; x_wconf 74' lang='lat' dir='ltr'>assignationis</span> 
     </span>
     <span class='ocr_line' id='line_1_36' title="bbox 474 1834 1221 1877; baseline 0.001 -10"><span class='ocrx_word' id='word_1_180' title='bbox 474 1840 505 1867; x_wconf 87' lang='lat' dir='ltr'>et</span> <span class='ocrx_word' id='word_1_181' title='bbox 525 1834 644 1867; x_wconf 80' lang='lat' dir='ltr'>decreti</span> <span class='ocrx_word' id='word_1_182' title='bbox 675 1834 915 1877; x_wconf 83' lang='lat' dir='ltr'>praedictorum</span> <span class='ocrx_word' id='word_1_183' title='bbox 937 1834 1168 1867; x_wconf 85' lang='lat' dir='ltr'>continentiam</span> <span class='ocrx_word' id='word_1_184' title='bbox 1190 1840 1221 1868; x_wconf 88' lang='lat' dir='ltr'>et</span> 
     </span>
     <span class='ocr_line' id='line_1_37' title="bbox 475 1886 1220 1930; baseline 0.001 -11"><span class='ocrx_word' id='word_1_185' title='bbox 475 1892 632 1925; x_wconf 86' lang='lat' dir='ltr'>tenorem,</span> <span class='ocrx_word' id='word_1_186' title='bbox 647 1887 769 1928; x_wconf 65' lang='lat' dir='ltr'>integre</span> <span class='ocrx_word' id='word_1_187' title='bbox 787 1886 935 1930; x_wconf 81' lang='lat' dir='ltr'>persolri.</span> <span class='ocrx_word' id='word_1_188' title='bbox 954 1886 990 1919; x_wconf 86' lang='lat' dir='ltr'>Et</span> <span class='ocrx_word' id='word_1_189' title='bbox 1010 1886 1220 1920; x_wconf 85' lang='lat' dir='ltr'>nibilominus</span> 
     </span>
     <span class='ocr_line' id='line_1_38' title="bbox 475 1940 1216 1984; baseline 0 -11"><span class='ocrx_word' id='word_1_190' title='bbox 475 1941 652 1984; x_wconf 89' lang='lat' dir='ltr'>quemlibet</span> <span class='ocrx_word' id='word_1_191' title='bbox 673 1951 708 1973; x_wconf 84' lang='lat' dir='ltr'>ex</span> <span class='ocrx_word' id='word_1_192' title='bbox 731 1940 878 1984; x_wconf 79' lang='lat' dir='ltr'>Philippo</span> <span class='ocrx_word' id='word_1_193' title='bbox 900 1940 1016 1973; x_wconf 79' lang='lat' dir='ltr'>abbate</span> <span class='ocrx_word' id='word_1_194' title='bbox 1037 1946 1064 1973; x_wconf 88' lang='lat' dir='ltr'>et</span> <span class='ocrx_word' id='word_1_195' title='bbox 1087 1951 1216 1973; x_wconf 86' lang='lat' dir='ltr'>succes-</span> 
     </span>
     <span class='ocr_line' id='line_1_39' title="bbox 475 1993 1220 2037; baseline -0.001 -11"><span class='ocrx_word' id='word_1_196' title='bbox 475 1993 602 2026; x_wconf 81' lang='lat' dir='ltr'>soribus</span> <span class='ocrx_word' id='word_1_197' title='bbox 623 1993 806 2037; x_wconf 87' lang='lat' dir='ltr'>praedictis,</span> <span class='ocrx_word' id='word_1_198' title='bbox 835 2004 930 2037; x_wconf 88' lang='lat' dir='ltr'>quem</span> <span class='ocrx_word' id='word_1_199' title='bbox 953 1993 1139 2026; x_wconf 87' lang='lat' dir='ltr'>huiusmodi</span> <span class='ocrx_word' id='word_1_200' title='bbox 1168 2004 1220 2026; x_wconf 81' lang='lat' dir='ltr'>ex-</span> 
     </span>
     <span class='ocr_line' id='line_1_40' title="bbox 476 2047 1221 2082; baseline -0.004 0"><span class='ocrx_word' id='word_1_201' title='bbox 476 2048 779 2082; x_wconf 74' lang='lat' dir='ltr'>communicationis</span> <span class='ocrx_word' id='word_1_202' title='bbox 815 2047 1006 2080; x_wconf 84' lang='lat' dir='ltr'>sententiam</span> <span class='ocrx_word' id='word_1_203' title='bbox 1051 2047 1221 2080; x_wconf 88' lang='lat' dir='ltr'>incurrisse</span> 
     </span>
     <span class='ocr_line' id='line_1_41' title="bbox 477 2101 1221 2146; baseline -0.004 -10"><span class='ocrx_word' id='word_1_204' title='bbox 477 2103 521 2135; x_wconf 81' lang='lat' dir='ltr'>eis</span> <span class='ocrx_word' id='word_1_205' title='bbox 550 2102 751 2142; x_wconf 83' lang='lat' dir='ltr'>constiterit,</span> <span class='ocrx_word' id='word_1_206' title='bbox 784 2101 909 2146; x_wconf 84' lang='lat' dir='ltr'>quoties</span> <span class='ocrx_word' id='word_1_207' title='bbox 941 2111 1039 2145; x_wconf 84' lang='lat' dir='ltr'>super</span> <span class='ocrx_word' id='word_1_208' title='bbox 1070 2101 1131 2133; x_wconf 88' lang='lat' dir='ltr'>boc</span> <span class='ocrx_word' id='word_1_209' title='bbox 1162 2112 1221 2144; x_wconf 87' lang='lat' dir='ltr'>pro</span> 
     </span>
     <span class='ocr_line' id='line_1_42' title="bbox 478 2154 1221 2200; baseline 0 -13"><span class='ocrx_word' id='word_1_210' title='bbox 478 2163 567 2200; x_wconf 80' lang='lat' dir='ltr'>parte</span> <span class='ocrx_word' id='word_1_211' title='bbox 582 2156 714 2190; x_wconf 82' lang='lat' dir='ltr'>rectoris</span> <span class='ocrx_word' id='word_1_212' title='bbox 728 2166 782 2188; x_wconf 82' lang='lat' dir='ltr'>seu</span> <span class='ocrx_word' id='word_1_213' title='bbox 799 2154 1017 2199; x_wconf 84' lang='lat' dir='ltr'>praeceptoris</span> <span class='ocrx_word' id='word_1_214' title='bbox 1036 2154 1221 2187; x_wconf 78' lang='lat' dir='ltr'>huiusmodi</span> 
     </span>
     <span class='ocr_line' id='line_1_43' title="bbox 479 2207 1221 2253; baseline -0.004 -11"><span class='ocrx_word' id='word_1_215' title='bbox 479 2210 599 2243; x_wconf 80' lang='lat' dir='ltr'>suerint</span> <span class='ocrx_word' id='word_1_216' title='bbox 630 2209 797 2253; x_wconf 72' lang='lat' dir='ltr'>requisiti,</span> <span class='ocrx_word' id='word_1_217' title='bbox 834 2208 956 2241; x_wconf 87' lang='lat' dir='ltr'>tamdiu</span> <span class='ocrx_word' id='word_1_218' title='bbox 991 2207 1161 2241; x_wconf 84' lang='lat' dir='ltr'>dominicis</span> <span class='ocrx_word' id='word_1_219' title='bbox 1193 2213 1221 2239; x_wconf 78' lang='lat' dir='ltr'>ct</span> 
     </span>
     <span class='ocr_line' id='line_1_44' title="bbox 479 2262 1223 2299; baseline -0.004 -3"><span class='ocrx_word' id='word_1_220' title='bbox 479 2264 548 2296; x_wconf 84' lang='lat' dir='ltr'>aliis</span> <span class='ocrx_word' id='word_1_221' title='bbox 570 2263 814 2296; x_wconf 47' lang='lat' dir='ltr'>festivi-&lt;diebus</span> <span class='ocrx_word' id='word_1_222' title='bbox 836 2262 865 2294; x_wconf 91' lang='lat' dir='ltr'>in</span> <span class='ocrx_word' id='word_1_223' title='bbox 887 2262 1040 2299; x_wconf 66' lang='lat' dir='ltr'>eet-testis,</span> <span class='ocrx_word' id='word_1_224' title='bbox 1059 2262 1134 2294; x_wconf 90' lang='lat' dir='ltr'>dum</span> <span class='ocrx_word' id='word_1_225' title='bbox 1158 2272 1223 2294; x_wconf 89' lang='lat' dir='ltr'>ma-</span> 
     </span>
     <span class='ocr_line' id='line_1_45' title="bbox 481 2314 1224 2360; baseline -0.004 -11"><span class='ocrx_word' id='word_1_226' title='bbox 481 2318 528 2349; x_wconf 90' lang='lat' dir='ltr'>ior</span> <span class='ocrx_word' id='word_1_227' title='bbox 547 2317 623 2349; x_wconf 86' lang='lat' dir='ltr'>inibi</span> <span class='ocrx_word' id='word_1_228' title='bbox 645 2316 756 2360; x_wconf 84' lang='lat' dir='ltr'>populi</span> <span class='ocrx_word' id='word_1_229' title='bbox 780 2315 953 2348; x_wconf 86' lang='lat' dir='ltr'>multitudo</span> <span class='ocrx_word' id='word_1_230' title='bbox 974 2315 1013 2348; x_wconf 88' lang='lat' dir='ltr'>ad</span> <span class='ocrx_word' id='word_1_231' title='bbox 1028 2314 1134 2347; x_wconf 72' lang='lat' dir='ltr'>divina</span> <span class='ocrx_word' id='word_1_232' title='bbox 1149 2325 1224 2347; x_wconf 90' lang='lat' dir='ltr'>con-</span> 
     </span>
     <span class='ocr_line' id='line_1_46' title="bbox 481 2368 1224 2412; baseline -0.003 -10"><span class='ocrx_word' id='word_1_233' title='bbox 481 2370 623 2409; x_wconf 71' lang='lat' dir='ltr'>venerit,</span> <span class='ocrx_word' id='word_1_234' title='bbox 644 2369 960 2402; x_wconf 69' lang='lat' dir='ltr'>exrommtmicatum</span> <span class='ocrx_word' id='word_1_235' title='bbox 994 2368 1122 2412; x_wconf 82' lang='lat' dir='ltr'>publice</span> <span class='ocrx_word' id='word_1_236' title='bbox 1144 2379 1224 2400; x_wconf 82' lang='lat' dir='ltr'>nutt-</span> 
     </span>
    </p>
   </div>
   <div class='ocr_carea' id='block_1_6' title="bbox 1222 475 1246 2450">
    <p class='ocr_par' dir='ltr' id='par_1_7' title="bbox 1222 475 1246 2450">
     <span class='ocr_line' id='line_1_47' title="bbox 1222 475 1246 2450; baseline 0 0"><span class='ocrx_word' id='word_1_237' title='bbox 1222 475 1246 2450; x_wconf 95' lang='lat' dir='ltr'> </span> 
     </span>
    </p>
   </div>
   <div class='ocr_carea' id='block_1_7' title="bbox 481 2421 1227 2680">
    <p class='ocr_par' dir='ltr' id='par_1_8' title="bbox 481 2421 1227 2680">
     <span class='ocr_line' id='line_1_48' title="bbox 481 2421 1224 2462; baseline -0.003 -8"><span class='ocrx_word' id='word_1_238' title='bbox 481 2424 576 2461; x_wconf 59' lang='grc' dir='ltr'>νῆα-ιιι,</span> <span class='ocrx_word' id='word_1_239' title='bbox 605 2430 634 2456; x_wconf 77' lang='lat' dir='ltr'>et</span> <span class='ocrx_word' id='word_1_240' title='bbox 661 2424 778 2456; x_wconf 71' lang='lat' dir='ltr'>sat-iant</span> <span class='ocrx_word' id='word_1_241' title='bbox 798 2423 837 2456; x_wconf 87' lang='lat' dir='ltr'>ab</span> <span class='ocrx_word' id='word_1_242' title='bbox 860 2423 920 2455; x_wconf 78' lang='lat' dir='ltr'>illis</span> <span class='ocrx_word' id='word_1_243' title='bbox 946 2422 1104 2462; x_wconf 85' lang='lat' dir='ltr'>nunciari,</span> <span class='ocrx_word' id='word_1_244' title='bbox 1129 2421 1224 2454; x_wconf 82' lang='lat' dir='ltr'>acab</span> 
     </span>
     <span class='ocr_line' id='line_1_49' title="bbox 481 2475 1224 2514; baseline 0.001 -8"><span class='ocrx_word' id='word_1_245' title='bbox 481 2477 631 2509; x_wconf 74' lang='lat' dir='ltr'>ominibus</span> <span class='ocrx_word' id='word_1_246' title='bbox 660 2477 779 2509; x_wconf 70' lang='lat' dir='ltr'>arn-tius</span> <span class='ocrx_word' id='word_1_247' title='bbox 807 2476 938 2514; x_wconf 74' lang='lat' dir='ltr'>evitari,</span> <span class='ocrx_word' id='word_1_248' title='bbox 973 2476 1075 2508; x_wconf 69' lang='lat' dir='ltr'>‹tonoc</span> <span class='ocrx_word' id='word_1_249' title='bbox 1109 2475 1224 2508; x_wconf 85' lang='lat' dir='ltr'>rertori</span> 
     </span>
     <span class='ocr_line' id='line_1_50' title="bbox 482 2529 1227 2574; baseline -0.004 -11"><span class='ocrx_word' id='word_1_250' title='bbox 482 2543 536 2563; x_wconf 56' lang='lat' dir='ltr'>&gt;vu</span> <span class='ocrx_word' id='word_1_251' title='bbox 564 2531 762 2574; x_wconf 66' lang='lat' dir='ltr'>praeceptori</span> <span class='ocrx_word' id='word_1_252' title='bbox 785 2537 812 2562; x_wconf 70' lang='lat' dir='ltr'>et</span> <span class='ocrx_word' id='word_1_253' title='bbox 835 2529 1067 2569; x_wconf 58' lang='lat' dir='ltr'>rollegialiluis,</span> <span class='ocrx_word' id='word_1_254' title='bbox 1086 2529 1131 2561; x_wconf 84' lang='lat' dir='ltr'>vel</span> <span class='ocrx_word' id='word_1_255' title='bbox 1154 2539 1227 2572; x_wconf 89' lang='lat' dir='ltr'>pro-</span> 
     </span>
     <span class='ocr_line' id='line_1_51' title="bbox 483 2583 1227 2627; baseline -0.003 -12"><span class='ocrx_word' id='word_1_256' title='bbox 483 2585 622 2616; x_wconf 62' lang='lat' dir='ltr'>curatori</span> <span class='ocrx_word' id='word_1_257' title='bbox 643 2584 813 2627; x_wconf 62' lang='lat' dir='ltr'>prat—«lictis</span> <span class='ocrx_word' id='word_1_258' title='bbox 831 2584 869 2616; x_wconf 72' lang='lat' dir='ltr'>«le</span> <span class='ocrx_word' id='word_1_259' title='bbox 889 2583 1040 2627; x_wconf 75' lang='lat' dir='ltr'>pensione</span> <span class='ocrx_word' id='word_1_260' title='bbox 1060 2593 1116 2626; x_wconf 78' lang='lat' dir='ltr'>per</span> <span class='ocrx_word' id='word_1_261' title='bbox 1137 2593 1227 2625; x_wconf 89' lang='lat' dir='ltr'>prae-</span> 
     </span>
     <span class='ocr_line' id='line_1_52' title="bbox 483 2635 1224 2680; baseline -0.004 -11"><span class='ocrx_word' id='word_1_262' title='bbox 483 2643 587 2670; x_wconf 69' lang='lat' dir='ltr'>senta-s</span> <span class='ocrx_word' id='word_1_263' title='bbox 606 2644 763 2669; x_wconf 66' lang='lat' dir='ltr'>reservata</span> <span class='ocrx_word' id='word_1_264' title='bbox 780 2637 942 2680; x_wconf 79' lang='lat' dir='ltr'>praedicta</span> <span class='ocrx_word' id='word_1_265' title='bbox 956 2636 1001 2669; x_wconf 84' lang='lat' dir='ltr'>eis</span> <span class='ocrx_word' id='word_1_266' title='bbox 1016 2641 1089 2668; x_wconf 87' lang='lat' dir='ltr'>tunc</span> <span class='ocrx_word' id='word_1_267' title='bbox 1104 2635 1224 2674; x_wconf 83' lang='lat' dir='ltr'>debita,</span> 
     </span>
    </p>
   </div>
   <div class='ocr_carea' id='block_1_8' title="bbox 1238 438 2006 2677">
    <p class='ocr_par' dir='ltr' id='par_1_9' title="bbox 1238 438 1982 591">
     <span class='ocr_line' id='line_1_53' title="bbox 1238 438 1982 474; baseline -0.003 0"><span class='ocrx_word' id='word_1_268' title='bbox 1238 441 1323 474; x_wconf 89' lang='lat' dir='ltr'>cium</span> <span class='ocrx_word' id='word_1_269' title='bbox 1353 439 1509 474; x_wconf 88' lang='lat' dir='ltr'>meruerit</span> <span class='ocrx_word' id='word_1_270' title='bbox 1536 439 1693 473; x_wconf 90' lang='lat' dir='ltr'>obtinere.</span> <span class='ocrx_word' id='word_1_271' title='bbox 1725 438 1982 473; x_wconf 86' lang='lat' dir='ltr'>Contradictores</span> 
     </span>
     <span class='ocr_line' id='line_1_54' title="bbox 1238 492 1982 538; baseline -0.004 -11"><span class='ocrx_word' id='word_1_272' title='bbox 1238 505 1297 538; x_wconf 89' lang='lat' dir='ltr'>per</span> <span class='ocrx_word' id='word_1_273' title='bbox 1310 504 1478 527; x_wconf 89' lang='lat' dir='ltr'>censuram</span> <span class='ocrx_word' id='word_1_274' title='bbox 1494 492 1755 532; x_wconf 86' lang='lat' dir='ltr'>ecclesiasticam,</span> <span class='ocrx_word' id='word_1_275' title='bbox 1766 492 1982 536; x_wconf 85' lang='lat' dir='ltr'>appellatione</span> 
     </span>
     <span class='ocr_line' id='line_1_55' title="bbox 1240 545 1703 591; baseline -0.004 -11"><span class='ocrx_word' id='word_1_276' title='bbox 1240 547 1428 591; x_wconf 88' lang='lat' dir='ltr'>postposita,</span> <span class='ocrx_word' id='word_1_277' title='bbox 1457 545 1703 590; x_wconf 90' lang='lat' dir='ltr'>compescendo.</span> 
     </span>
    </p>

    <p class='ocr_par' dir='ltr' id='par_1_10' title="bbox 1241 596 2006 2677">
     <span class='ocr_line' id='line_1_56' title="bbox 1285 596 1984 641; baseline -0.003 -9"><span class='ocrx_word' id='word_1_278' title='bbox 1285 601 1301 641; x_wconf 67' lang='grc' dir='ltr'>ἓ</span> <span class='ocrx_word' id='word_1_279' title='bbox 1323 598 1352 632; x_wconf 90' lang='lat'>7.</span> <span class='ocrx_word' id='word_1_280' title='bbox 1369 599 1439 632; x_wconf 88' lang='lat' dir='ltr'>Non</span> <span class='ocrx_word' id='word_1_281' title='bbox 1453 597 1655 631; x_wconf 88' lang='lat' dir='ltr'>obstantibus</span> <span class='ocrx_word' id='word_1_282' title='bbox 1667 596 1862 641; x_wconf 87' lang='lat' dir='ltr'>praemissis,</span> <span class='ocrx_word' id='word_1_283' title='bbox 1877 607 1914 630; x_wconf 84' lang='lat' dir='ltr'>ac</span> <span class='ocrx_word' id='word_1_284' title='bbox 1926 597 1984 630; x_wconf 89' lang='lat' dir='ltr'>La-</span> 
     </span>
     <span class='ocr_line' id='line_1_57' title="bbox 1241 650 1984 686; baseline -0.003 -1"><span class='ocrx_word' id='word_1_285' title='bbox 1241 652 1419 686; x_wconf 87' lang='lat' dir='ltr'>teranensis</span> <span class='ocrx_word' id='word_1_286' title='bbox 1454 651 1587 686; x_wconf 88' lang='lat' dir='ltr'>Concilii</span> <span class='ocrx_word' id='word_1_287' title='bbox 1622 650 1794 684; x_wconf 76' lang='lat' dir='ltr'>novissime</span> <span class='ocrx_word' id='word_1_288' title='bbox 1830 650 1984 683; x_wconf 89' lang='lat' dir='ltr'>celebrati</span> 
     </span>
     <span class='ocr_line' id='line_1_58' title="bbox 1241 703 1981 750; baseline -0.004 -11"><span class='ocrx_word' id='word_1_289' title='bbox 1241 705 1413 750; x_wconf 87' lang='lat' dir='ltr'>pensiones</span> <span class='ocrx_word' id='word_1_290' title='bbox 1433 716 1556 738; x_wconf 89' lang='lat' dir='ltr'>annuas</span> <span class='ocrx_word' id='word_1_291' title='bbox 1576 715 1673 748; x_wconf 90' lang='lat' dir='ltr'>super</span> <span class='ocrx_word' id='word_1_292' title='bbox 1692 703 1981 744; x_wconf 88' lang='lat' dir='ltr'>monasteriorum,</span> 
     </span>
     <span class='ocr_line' id='line_1_59' title="bbox 1242 757 1986 792; baseline -0.003 0"><span class='ocrx_word' id='word_1_293' title='bbox 1242 764 1296 792; x_wconf 90' lang='lat' dir='ltr'>aut</span> <span class='ocrx_word' id='word_1_294' title='bbox 1320 769 1434 792; x_wconf 87' lang='lat' dir='ltr'>eorum</span> <span class='ocrx_word' id='word_1_295' title='bbox 1465 768 1649 792; x_wconf 90' lang='lat' dir='ltr'>mensarum</span> <span class='ocrx_word' id='word_1_296' title='bbox 1683 757 1893 791; x_wconf 82' lang='lat' dir='ltr'>abbatialium</span> <span class='ocrx_word' id='word_1_297' title='bbox 1921 757 1986 790; x_wconf 88' lang='lat' dir='ltr'>fru-</span> 
     </span>
     <span class='ocr_line' id='line_1_60' title="bbox 1243 811 1986 856; baseline -0.001 -11"><span class='ocrx_word' id='word_1_298' title='bbox 1243 813 1357 853; x_wconf 86' lang='lat' dir='ltr'>ctibus,</span> <span class='ocrx_word' id='word_1_299' title='bbox 1381 812 1537 845; x_wconf 86' lang='lat' dir='ltr'>reditibus</span> <span class='ocrx_word' id='word_1_300' title='bbox 1558 817 1588 845; x_wconf 89' lang='lat' dir='ltr'>et</span> <span class='ocrx_word' id='word_1_301' title='bbox 1608 811 1818 856; x_wconf 80' lang='lat' dir='ltr'>proventibus</span> <span class='ocrx_word' id='word_1_302' title='bbox 1838 811 1924 854; x_wconf 88' lang='lat' dir='ltr'>(nisi</span> <span class='ocrx_word' id='word_1_303' title='bbox 1949 822 1986 844; x_wconf 81' lang='lat' dir='ltr'>ex</span> 
     </span>
     <span class='ocr_line' id='line_1_61' title="bbox 1244 864 1988 909; baseline -0.003 -10"><span class='ocrx_word' id='word_1_304' title='bbox 1244 865 1396 899; x_wconf 87' lang='lat' dir='ltr'>cessionis</span> <span class='ocrx_word' id='word_1_305' title='bbox 1418 871 1471 898; x_wconf 90' lang='lat' dir='ltr'>aut</span> <span class='ocrx_word' id='word_1_306' title='bbox 1494 865 1556 898; x_wconf 88' lang='lat' dir='ltr'>alia</span> <span class='ocrx_word' id='word_1_307' title='bbox 1575 864 1735 909; x_wconf 85' lang='lat' dir='ltr'>probabili</span> <span class='ocrx_word' id='word_1_308' title='bbox 1755 865 1863 907; x_wconf 89' lang='lat' dir='ltr'>causa)</span> <span class='ocrx_word' id='word_1_309' title='bbox 1886 874 1988 897; x_wconf 88' lang='lat' dir='ltr'>reser-</span> 
     </span>
     <span class='ocr_line' id='line_1_62' title="bbox 1244 917 1985 963; baseline -0.003 -11"><span class='ocrx_word' id='word_1_310' title='bbox 1244 919 1310 952; x_wconf 89' lang='lat' dir='ltr'>vari</span> <span class='ocrx_word' id='word_1_311' title='bbox 1339 919 1559 963; x_wconf 88' lang='lat' dir='ltr'>prohibentis,</span> <span class='ocrx_word' id='word_1_312' title='bbox 1583 929 1620 952; x_wconf 86' lang='lat' dir='ltr'>ae</span> <span class='ocrx_word' id='word_1_313' title='bbox 1641 918 1806 962; x_wconf 86' lang='lat' dir='ltr'>quibusvis</span> <span class='ocrx_word' id='word_1_314' title='bbox 1827 917 1985 951; x_wconf 89' lang='lat' dir='ltr'>constitu-</span> 
     </span>
     <span class='ocr_line' id='line_1_63' title="bbox 1245 970 1985 1015; baseline -0.003 -10"><span class='ocrx_word' id='word_1_315' title='bbox 1245 973 1387 1006; x_wconf 91' lang='lat' dir='ltr'>tionibus</span> <span class='ocrx_word' id='word_1_316' title='bbox 1418 978 1450 1005; x_wconf 90' lang='lat' dir='ltr'>et</span> <span class='ocrx_word' id='word_1_317' title='bbox 1485 971 1746 1005; x_wconf 89' lang='lat' dir='ltr'>ordinationibus</span> <span class='ocrx_word' id='word_1_318' title='bbox 1777 970 1985 1015; x_wconf 88' lang='lat' dir='ltr'>apostolicis,</span> 
     </span>
     <span class='ocr_line' id='line_1_64' title="bbox 1245 1024 1988 1068; baseline -0.003 -8"><span class='ocrx_word' id='word_1_319' title='bbox 1245 1037 1371 1060; x_wconf 90' lang='lat' dir='ltr'>necnon</span> <span class='ocrx_word' id='word_1_320' title='bbox 1392 1025 1578 1059; x_wconf 88' lang='lat' dir='ltr'>monasterii</span> <span class='ocrx_word' id='word_1_321' title='bbox 1604 1030 1633 1058; x_wconf 90' lang='lat' dir='ltr'>et</span> <span class='ocrx_word' id='word_1_322' title='bbox 1654 1024 1782 1058; x_wconf 86' lang='lat' dir='ltr'>Ordinis</span> <span class='ocrx_word' id='word_1_323' title='bbox 1805 1024 1988 1068; x_wconf 86' lang='lat' dir='ltr'>praedicto-</span> 
     </span>
     <span class='ocr_line' id='line_1_65' title="bbox 1246 1078 1991 1122; baseline -0.001 -9"><span class='ocrx_word' id='word_1_324' title='bbox 1246 1091 1318 1114; x_wconf 92' lang='lat' dir='ltr'>rum</span> <span class='ocrx_word' id='word_1_325' title='bbox 1332 1079 1429 1113; x_wconf 87' lang='lat' dir='ltr'>etiam</span> <span class='ocrx_word' id='word_1_326' title='bbox 1444 1079 1638 1118; x_wconf 88' lang='lat' dir='ltr'>iuramento,</span> <span class='ocrx_word' id='word_1_327' title='bbox 1652 1078 1899 1111; x_wconf 85' lang='lat' dir='ltr'>confirmatione</span> <span class='ocrx_word' id='word_1_328' title='bbox 1913 1088 1991 1122; x_wconf 86' lang='lat' dir='ltr'>apo-</span> 
     </span>
     <span class='ocr_line' id='line_1_66' title="bbox 1245 1130 1991 1176; baseline -0.003 -10"><span class='ocrx_word' id='word_1_329' title='bbox 1245 1133 1369 1173; x_wconf 89' lang='lat' dir='ltr'>stolica,</span> <span class='ocrx_word' id='word_1_330' title='bbox 1386 1133 1434 1165; x_wconf 84' lang='lat' dir='ltr'>vel</span> <span class='ocrx_word' id='word_1_331' title='bbox 1452 1132 1563 1176; x_wconf 88' lang='lat' dir='ltr'>quavis</span> <span class='ocrx_word' id='word_1_332' title='bbox 1584 1131 1736 1165; x_wconf 82' lang='lat' dir='ltr'>firmitate</span> <span class='ocrx_word' id='word_1_333' title='bbox 1754 1131 1816 1164; x_wconf 86' lang='lat' dir='ltr'>alia</span> <span class='ocrx_word' id='word_1_334' title='bbox 1831 1130 1991 1165; x_wconf 84' lang='lat' dir='ltr'>roboratis</span> 
     </span>
     <span class='ocr_line' id='line_1_67' title="bbox 1246 1184 1992 1229; baseline -0.001 -9"><span class='ocrx_word' id='word_1_335' title='bbox 1246 1186 1372 1220; x_wconf 90' lang='lat' dir='ltr'>statutis</span> <span class='ocrx_word' id='word_1_336' title='bbox 1381 1192 1412 1219; x_wconf 91' lang='lat' dir='ltr'>et</span> <span class='ocrx_word' id='word_1_337' title='bbox 1421 1185 1718 1225; x_wconf 83' lang='lat' dir='ltr'>consuetudinibus,</span> <span class='ocrx_word' id='word_1_338' title='bbox 1728 1184 1903 1229; x_wconf 82' lang='lat' dir='ltr'>privilegiis</span> <span class='ocrx_word' id='word_1_339' title='bbox 1916 1195 1992 1229; x_wconf 91' lang='lat' dir='ltr'>quo-</span> 
     </span>
     <span class='ocr_line' id='line_1_68' title="bbox 1248 1238 1992 1284; baseline 0 -12"><span class='ocrx_word' id='word_1_340' title='bbox 1248 1250 1321 1284; x_wconf 89' lang='lat' dir='ltr'>que,</span> <span class='ocrx_word' id='word_1_341' title='bbox 1350 1239 1482 1272; x_wconf 87' lang='lat' dir='ltr'>indultis</span> <span class='ocrx_word' id='word_1_342' title='bbox 1507 1245 1538 1272; x_wconf 93' lang='lat' dir='ltr'>et</span> <span class='ocrx_word' id='word_1_343' title='bbox 1566 1238 1681 1271; x_wconf 91' lang='lat' dir='ltr'>litteris</span> <span class='ocrx_word' id='word_1_344' title='bbox 1701 1238 1906 1282; x_wconf 86' lang='lat' dir='ltr'>apostolicis,</span> <span class='ocrx_word' id='word_1_345' title='bbox 1930 1238 1992 1272; x_wconf 89' lang='lat' dir='ltr'>illis</span> 
     </span>
     <span class='ocr_line' id='line_1_69' title="bbox 1249 1291 1992 1337; baseline -0.003 -11"><span class='ocrx_word' id='word_1_346' title='bbox 1249 1303 1428 1337; x_wconf 88' lang='lat' dir='ltr'>eorumque</span> <span class='ocrx_word' id='word_1_347' title='bbox 1458 1291 1680 1336; x_wconf 90' lang='lat' dir='ltr'>superioribus</span> <span class='ocrx_word' id='word_1_348' title='bbox 1713 1297 1742 1325; x_wconf 90' lang='lat' dir='ltr'>et</span> <span class='ocrx_word' id='word_1_349' title='bbox 1767 1291 1914 1335; x_wconf 91' lang='lat' dir='ltr'>personis</span> <span class='ocrx_word' id='word_1_350' title='bbox 1933 1291 1992 1325; x_wconf 91' lang='lat' dir='ltr'>sub</span> 
     </span>
     <span class='ocr_line' id='line_1_70' title="bbox 1249 1345 1994 1393; baseline -0.003 -12"><span class='ocrx_word' id='word_1_351' title='bbox 1249 1347 1507 1393; x_wconf 88' lang='lat' dir='ltr'>quibuscumque</span> <span class='ocrx_word' id='word_1_352' title='bbox 1538 1346 1701 1379; x_wconf 87' lang='lat' dir='ltr'>tenoribus</span> <span class='ocrx_word' id='word_1_353' title='bbox 1733 1352 1764 1379; x_wconf 90' lang='lat' dir='ltr'>et</span> <span class='ocrx_word' id='word_1_354' title='bbox 1790 1345 1922 1386; x_wconf 81' lang='lat' dir='ltr'>t&#39;ormis,</span> <span class='ocrx_word' id='word_1_355' title='bbox 1956 1356 1994 1379; x_wconf 86' lang='lat' dir='ltr'>ac</span> 
     </span>
     <span class='ocr_line' id='line_1_71' title="bbox 1249 1399 1994 1445; baseline -0.004 -10"><span class='ocrx_word' id='word_1_356' title='bbox 1249 1412 1322 1435; x_wconf 90' lang='lat' dir='ltr'>cum</span> <span class='ocrx_word' id='word_1_357' title='bbox 1354 1400 1519 1445; x_wconf 80' lang='lat' dir='ltr'>quibusvis</span> <span class='ocrx_word' id='word_1_358' title='bbox 1552 1399 1705 1433; x_wconf 86' lang='lat' dir='ltr'>clausulis</span> <span class='ocrx_word' id='word_1_359' title='bbox 1734 1405 1765 1433; x_wconf 91' lang='lat' dir='ltr'>et</span> <span class='ocrx_word' id='word_1_360' title='bbox 1796 1399 1932 1433; x_wconf 88' lang='lat' dir='ltr'>decretis</span> <span class='ocrx_word' id='word_1_361' title='bbox 1961 1399 1994 1433; x_wconf 91' lang='lat' dir='ltr'>in</span> 
     </span>
     <span class='ocr_line' id='line_1_72' title="bbox 1250 1453 1995 1498; baseline -0.001 -9"><span class='ocrx_word' id='word_1_362' title='bbox 1250 1455 1449 1489; x_wconf 89' lang='lat' dir='ltr'>contrarium</span> <span class='ocrx_word' id='word_1_363' title='bbox 1471 1454 1577 1487; x_wconf 76' lang='lat' dir='ltr'>forsan</span> <span class='ocrx_word' id='word_1_364' title='bbox 1598 1453 1844 1498; x_wconf 89' lang='lat' dir='ltr'>quomodolibet</span> <span class='ocrx_word' id='word_1_365' title='bbox 1864 1464 1995 1488; x_wconf 86' lang='lat' dir='ltr'>conces-</span> 
     </span>
     <span class='ocr_line' id='line_1_73' title="bbox 1250 1507 1994 1551; baseline -0.001 -9"><span class='ocrx_word' id='word_1_366' title='bbox 1250 1509 1302 1542; x_wconf 87' lang='lat' dir='ltr'>sis.</span> <span class='ocrx_word' id='word_1_367' title='bbox 1319 1507 1440 1548; x_wconf 88' lang='lat' dir='ltr'>Quibus</span> <span class='ocrx_word' id='word_1_368' title='bbox 1460 1507 1622 1548; x_wconf 89' lang='lat' dir='ltr'>omnibus,</span> <span class='ocrx_word' id='word_1_369' title='bbox 1643 1507 1766 1541; x_wconf 87' lang='lat' dir='ltr'>etiamsi</span> <span class='ocrx_word' id='word_1_370' title='bbox 1784 1517 1842 1551; x_wconf 88' lang='lat' dir='ltr'>pro</span> <span class='ocrx_word' id='word_1_371' title='bbox 1863 1507 1994 1541; x_wconf 89' lang='lat' dir='ltr'>illorum</span> 
     </span>
     <span class='ocr_line' id='line_1_74' title="bbox 1251 1560 1996 1605; baseline -0.001 -10"><span class='ocrx_word' id='word_1_372' title='bbox 1251 1561 1420 1596; x_wconf 84' lang='lat' dir='ltr'>sufficienti</span> <span class='ocrx_word' id='word_1_373' title='bbox 1443 1561 1669 1603; x_wconf 84' lang='lat' dir='ltr'>derogatione,</span> <span class='ocrx_word' id='word_1_374' title='bbox 1694 1561 1733 1594; x_wconf 87' lang='lat' dir='ltr'>de</span> <span class='ocrx_word' id='word_1_375' title='bbox 1762 1560 1825 1594; x_wconf 88' lang='lat' dir='ltr'>illis</span> <span class='ocrx_word' id='word_1_376' title='bbox 1850 1560 1996 1605; x_wconf 85' lang='lat' dir='ltr'>specialis</span> 
     </span>
     <span class='ocr_line' id='line_1_75' title="bbox 1252 1615 1996 1656; baseline -0.003 -6"><span class='ocrx_word' id='word_1_377' title='bbox 1252 1617 1372 1651; x_wconf 86' lang='lat' dir='ltr'>mentio</span> <span class='ocrx_word' id='word_1_378' title='bbox 1392 1616 1542 1650; x_wconf 86' lang='lat' dir='ltr'>habenda</span> <span class='ocrx_word' id='word_1_379' title='bbox 1569 1623 1670 1656; x_wconf 88' lang='lat' dir='ltr'>esset,</span> <span class='ocrx_word' id='word_1_380' title='bbox 1693 1615 1754 1648; x_wconf 90' lang='lat' dir='ltr'>illis</span> <span class='ocrx_word' id='word_1_381' title='bbox 1778 1615 1857 1649; x_wconf 85' lang='lat' dir='ltr'>alias</span> <span class='ocrx_word' id='word_1_382' title='bbox 1885 1615 1918 1648; x_wconf 91' lang='lat' dir='ltr'>in</span> <span class='ocrx_word' id='word_1_383' title='bbox 1937 1625 1996 1648; x_wconf 91' lang='lat' dir='ltr'>suo</span> 
     </span>
     <span class='ocr_line' id='line_1_76' title="bbox 1253 1669 1999 1714; baseline -0.003 -10"><span class='ocrx_word' id='word_1_384' title='bbox 1253 1671 1371 1704; x_wconf 86' lang='lat' dir='ltr'>robore</span> <span class='ocrx_word' id='word_1_385' title='bbox 1401 1669 1640 1714; x_wconf 86' lang='lat' dir='ltr'>permansuris,</span> <span class='ocrx_word' id='word_1_386' title='bbox 1660 1669 1720 1703; x_wconf 90' lang='lat' dir='ltr'>hac</span> <span class='ocrx_word' id='word_1_387' title='bbox 1741 1669 1808 1702; x_wconf 91' lang='lat' dir='ltr'>vice</span> <span class='ocrx_word' id='word_1_388' title='bbox 1834 1669 1999 1702; x_wconf 83' lang='lat' dir='ltr'>dumtaxat</span> 
     </span>
     <span class='ocr_line' id='line_1_77' title="bbox 1253 1722 1995 1768; baseline -0.004 -11"><span class='ocrx_word' id='word_1_389' title='bbox 1253 1723 1435 1768; x_wconf 87' lang='lat' dir='ltr'>specialiter</span> <span class='ocrx_word' id='word_1_390' title='bbox 1455 1728 1486 1756; x_wconf 91' lang='lat' dir='ltr'>et</span> <span class='ocrx_word' id='word_1_391' title='bbox 1506 1733 1653 1767; x_wconf 82' lang='lat' dir='ltr'>expresse</span> <span class='ocrx_word' id='word_1_392' title='bbox 1682 1722 1798 1755; x_wconf 84' lang='lat' dir='ltr'>barum</span> <span class='ocrx_word' id='word_1_393' title='bbox 1828 1722 1911 1755; x_wconf 89' lang='lat' dir='ltr'>serie</span> <span class='ocrx_word' id='word_1_394' title='bbox 1936 1722 1995 1755; x_wconf 88' lang='lat' dir='ltr'>de-</span> 
     </span>
     <span class='ocr_line' id='line_1_78' title="bbox 1255 1775 1998 1821; baseline -0.003 -10"><span class='ocrx_word' id='word_1_395' title='bbox 1255 1788 1423 1821; x_wconf 80' lang='lat' dir='ltr'>rogamus,</span> <span class='ocrx_word' id='word_1_396' title='bbox 1447 1776 1646 1820; x_wconf 86' lang='lat' dir='ltr'>caeterisque</span> <span class='ocrx_word' id='word_1_397' title='bbox 1672 1775 1844 1809; x_wconf 82' lang='lat' dir='ltr'>contrariis</span> <span class='ocrx_word' id='word_1_398' title='bbox 1864 1775 1998 1819; x_wconf 88' lang='lat' dir='ltr'>quibus-</span> 
     </span>
     <span class='ocr_line' id='line_1_79' title="bbox 1254 1829 1996 1875; baseline -0.003 -11"><span class='ocrx_word' id='word_1_399' title='bbox 1254 1842 1404 1875; x_wconf 85' lang='lat' dir='ltr'>cumque.</span> <span class='ocrx_word' id='word_1_400' title='bbox 1429 1831 1491 1864; x_wconf 68' lang='lat' dir='ltr'>Aut</span> <span class='ocrx_word' id='word_1_401' title='bbox 1514 1829 1539 1863; x_wconf 89' lang='lat' dir='ltr'>si</span> <span class='ocrx_word' id='word_1_402' title='bbox 1571 1829 1721 1873; x_wconf 84' lang='lat' dir='ltr'>Philippo</span> <span class='ocrx_word' id='word_1_403' title='bbox 1741 1829 1849 1862; x_wconf 88' lang='lat' dir='ltr'>abbati</span> <span class='ocrx_word' id='word_1_404' title='bbox 1871 1835 1902 1862; x_wconf 91' lang='lat' dir='ltr'>et</span> <span class='ocrx_word' id='word_1_405' title='bbox 1920 1839 1996 1862; x_wconf 93' lang='lat' dir='ltr'>suc-</span> 
     </span>
     <span class='ocr_line' id='line_1_80' title="bbox 1255 1882 2000 1927; baseline -0.004 -8"><span class='ocrx_word' id='word_1_406' title='bbox 1255 1884 1435 1918; x_wconf 87' lang='lat' dir='ltr'>cessoribus</span> <span class='ocrx_word' id='word_1_407' title='bbox 1456 1883 1644 1927; x_wconf 88' lang='lat' dir='ltr'>praedictis,</span> <span class='ocrx_word' id='word_1_408' title='bbox 1670 1882 1716 1915; x_wconf 92' lang='lat' dir='ltr'>vel</span> <span class='ocrx_word' id='word_1_409' title='bbox 1738 1882 1903 1926; x_wconf 79' lang='lat' dir='ltr'>quibusvis</span> <span class='ocrx_word' id='word_1_410' title='bbox 1930 1882 2000 1916; x_wconf 89' lang='lat' dir='ltr'>aliis</span> 
     </span>
     <span class='ocr_line' id='line_1_81' title="bbox 1255 1935 2001 1972; baseline -0.003 -1"><span class='ocrx_word' id='word_1_411' title='bbox 1255 1937 1471 1972; x_wconf 89' lang='lat' dir='ltr'>communiter</span> <span class='ocrx_word' id='word_1_412' title='bbox 1505 1937 1551 1969; x_wconf 91' lang='lat' dir='ltr'>vel</span> <span class='ocrx_word' id='word_1_413' title='bbox 1583 1935 1707 1969; x_wconf 88' lang='lat' dir='ltr'>divisim</span> <span class='ocrx_word' id='word_1_414' title='bbox 1740 1935 1779 1968; x_wconf 92' lang='lat' dir='ltr'>ab</span> <span class='ocrx_word' id='word_1_415' title='bbox 1811 1936 1924 1969; x_wconf 87' lang='lat' dir='ltr'>eadem</span> <span class='ocrx_word' id='word_1_416' title='bbox 1960 1935 2001 1969; x_wconf 86' lang='lat' dir='ltr'>sit</span> 
     </span>
     <span class='ocr_line' id='line_1_82' title="bbox 1255 1988 1998 2033; baseline -0.007 -7"><span class='ocrx_word' id='word_1_417' title='bbox 1255 1992 1335 2026; x_wconf 83' lang='lat' dir='ltr'>Sede</span> <span class='ocrx_word' id='word_1_418' title='bbox 1358 1991 1530 2029; x_wconf 89' lang='lat' dir='ltr'>indultum,</span> <span class='ocrx_word' id='word_1_419' title='bbox 1555 1989 1641 2033; x_wconf 87' lang='lat' dir='ltr'>quod</span> <span class='ocrx_word' id='word_1_420' title='bbox 1663 1989 1701 2022; x_wconf 92' lang='lat' dir='ltr'>ad</span> <span class='ocrx_word' id='word_1_421' title='bbox 1727 1988 1976 2032; x_wconf 88' lang='lat' dir='ltr'>praestationem</span> <span class='ocrx_word' id='word_1_422' title='bbox 1991 2015 1998 2027; x_wconf 91' lang='lat'>‚</span> 
     </span>
     <span class='ocr_line' id='line_1_83' title="bbox 1256 2041 2002 2087; baseline -0.005 -8"><span class='ocrx_word' id='word_1_423' title='bbox 1256 2046 1303 2078; x_wconf 90' lang='lat' dir='ltr'>vel</span> <span class='ocrx_word' id='word_1_424' title='bbox 1324 2044 1517 2078; x_wconf 85' lang='lat' dir='ltr'>solutionem</span> <span class='ocrx_word' id='word_1_425' title='bbox 1538 2041 1701 2087; x_wconf 85' lang='lat' dir='ltr'>pensionis</span> <span class='ocrx_word' id='word_1_426' title='bbox 1721 2041 1855 2075; x_wconf 87' lang='lat' dir='ltr'>alicuius</span> <span class='ocrx_word' id='word_1_427' title='bbox 1870 2041 2002 2075; x_wconf 86' lang='lat' dir='ltr'>minime</span> 
     </span>
     <span class='ocr_line' id='line_1_84' title="bbox 1258 2094 2003 2139; baseline -0.007 -7"><span class='ocrx_word' id='word_1_428' title='bbox 1258 2103 1436 2136; x_wconf 88' lang='lat' dir='ltr'>teneantur,</span> <span class='ocrx_word' id='word_1_429' title='bbox 1454 2096 1537 2129; x_wconf 86' lang='lat' dir='ltr'>etad</span> <span class='ocrx_word' id='word_1_430' title='bbox 1556 2096 1587 2128; x_wconf 91' lang='lat' dir='ltr'>id</span> <span class='ocrx_word' id='word_1_431' title='bbox 1601 2094 1764 2139; x_wconf 81' lang='lat' dir='ltr'>compelli,</span> <span class='ocrx_word' id='word_1_432' title='bbox 1782 2100 1835 2128; x_wconf 89' lang='lat' dir='ltr'>aut</span> <span class='ocrx_word' id='word_1_433' title='bbox 1849 2095 1936 2139; x_wconf 89' lang='lat' dir='ltr'>quod</span> <span class='ocrx_word' id='word_1_434' title='bbox 1955 2094 2003 2128; x_wconf 91' lang='lat' dir='ltr'>in-</span> 
     </span>
     <span class='ocr_line' id='line_1_85' title="bbox 1259 2147 2002 2194; baseline -0.007 -9"><span class='ocrx_word' id='word_1_435' title='bbox 1259 2151 1381 2191; x_wconf 79' lang='lat' dir='ltr'>terdici,</span> <span class='ocrx_word' id='word_1_436' title='bbox 1395 2149 1558 2194; x_wconf 86' lang='lat' dir='ltr'>suspendi,</span> <span class='ocrx_word' id='word_1_437' title='bbox 1580 2149 1627 2181; x_wconf 91' lang='lat' dir='ltr'>vel</span> <span class='ocrx_word' id='word_1_438' title='bbox 1649 2147 1921 2181; x_wconf 80' lang='lat' dir='ltr'>excommunicari</span> <span class='ocrx_word' id='word_1_439' title='bbox 1937 2158 2002 2181; x_wconf 92' lang='lat' dir='ltr'>non</span> 
     </span>
     <span class='ocr_line' id='line_1_86' title="bbox 1258 2201 1998 2250; baseline -0.005 -12"><span class='ocrx_word' id='word_1_440' title='bbox 1258 2205 1379 2250; x_wconf 85' lang='lat' dir='ltr'>possint</span> <span class='ocrx_word' id='word_1_441' title='bbox 1400 2214 1456 2248; x_wconf 82' lang='lat' dir='ltr'>per</span> <span class='ocrx_word' id='word_1_442' title='bbox 1487 2203 1608 2236; x_wconf 85' lang='lat' dir='ltr'>litteras</span> <span class='ocrx_word' id='word_1_443' title='bbox 1640 2201 1832 2246; x_wconf 88' lang='lat' dir='ltr'>apostolicas</span> <span class='ocrx_word' id='word_1_444' title='bbox 1860 2211 1924 2234; x_wconf 92' lang='lat' dir='ltr'>non</span> <span class='ocrx_word' id='word_1_445' title='bbox 1951 2201 1998 2234; x_wconf 85' lang='lat' dir='ltr'>sa-</span> 
     </span>
     <span class='ocr_line' id='line_1_87' title="bbox 1259 2254 2003 2301; baseline -0.005 -9"><span class='ocrx_word' id='word_1_446' title='bbox 1259 2259 1379 2292; x_wconf 87' lang='lat' dir='ltr'>cientes</span> <span class='ocrx_word' id='word_1_447' title='bbox 1396 2257 1524 2301; x_wconf 84' lang='lat' dir='ltr'>plenam</span> <span class='ocrx_word' id='word_1_448' title='bbox 1543 2262 1573 2289; x_wconf 85' lang='lat' dir='ltr'>et</span> <span class='ocrx_word' id='word_1_449' title='bbox 1593 2265 1785 2299; x_wconf 84' lang='lat' dir='ltr'>expressam,</span> <span class='ocrx_word' id='word_1_450' title='bbox 1803 2266 1839 2288; x_wconf 88' lang='lat' dir='ltr'>ac</span> <span class='ocrx_word' id='word_1_451' title='bbox 1853 2255 1892 2288; x_wconf 90' lang='lat' dir='ltr'>de</span> <span class='ocrx_word' id='word_1_452' title='bbox 1906 2254 2003 2288; x_wconf 90' lang='lat' dir='ltr'>verbo</span> 
     </span>
     <span class='ocr_line' id='line_1_88' title="bbox 1259 2308 2000 2352; baseline -0.007 -7"><span class='ocrx_word' id='word_1_453' title='bbox 1259 2314 1297 2346; x_wconf 86' lang='lat' dir='ltr'>ad</span> <span class='ocrx_word' id='word_1_454' title='bbox 1317 2312 1462 2352; x_wconf 86' lang='lat' dir='ltr'>verbum,</span> <span class='ocrx_word' id='word_1_455' title='bbox 1491 2312 1530 2344; x_wconf 89' lang='lat' dir='ltr'>de</span> <span class='ocrx_word' id='word_1_456' title='bbox 1553 2310 1678 2343; x_wconf 90' lang='lat' dir='ltr'>indulto</span> <span class='ocrx_word' id='word_1_457' title='bbox 1700 2308 1886 2342; x_wconf 85' lang='lat' dir='ltr'>huiusmodi</span> <span class='ocrx_word' id='word_1_458' title='bbox 1908 2318 2000 2341; x_wconf 91' lang='lat' dir='ltr'>men-</span> 
     </span>
     <span class='ocr_line' id='line_1_89' title="bbox 1261 2361 2001 2408; baseline -0.007 -9"><span class='ocrx_word' id='word_1_459' title='bbox 1261 2367 1400 2405; x_wconf 84' lang='lat' dir='ltr'>tionem·,</span> <span class='ocrx_word' id='word_1_460' title='bbox 1421 2371 1451 2398; x_wconf 92' lang='lat' dir='ltr'>et</span> <span class='ocrx_word' id='word_1_461' title='bbox 1472 2363 1614 2408; x_wconf 85' lang='lat' dir='ltr'>qualibet</span> <span class='ocrx_word' id='word_1_462' title='bbox 1635 2363 1696 2396; x_wconf 89' lang='lat' dir='ltr'>alia</span> <span class='ocrx_word' id='word_1_463' title='bbox 1717 2362 1820 2396; x_wconf 85' lang='lat' dir='ltr'>dictae</span> <span class='ocrx_word' id='word_1_464' title='bbox 1840 2361 1930 2395; x_wconf 84' lang='lat' dir='ltr'>Sedis</span> <span class='ocrx_word' id='word_1_465' title='bbox 1950 2361 2001 2394; x_wconf 89' lang='lat' dir='ltr'>in-</span> 
     </span>
     <span class='ocr_line' id='line_1_90' title="bbox 1260 2415 2005 2461; baseline -0.009 -7"><span class='ocrx_word' id='word_1_466' title='bbox 1260 2419 1424 2461; x_wconf 70' lang='lat' dir='ltr'>dulgentia</span> <span class='ocrx_word' id='word_1_467' title='bbox 1438 2417 1578 2461; x_wconf 71' lang='lat' dir='ltr'>gcnerali</span> <span class='ocrx_word' id='word_1_468' title='bbox 1601 2417 1646 2449; x_wconf 79' lang='lat' dir='ltr'>vel</span> <span class='ocrx_word' id='word_1_469' title='bbox 1665 2416 1808 2460; x_wconf 81' lang='lat' dir='ltr'>speciali,</span> <span class='ocrx_word' id='word_1_470' title='bbox 1823 2415 2005 2448; x_wconf 87' lang='lat' dir='ltr'>cuiuscum-</span> 
     </span>
     <span class='ocr_line' id='line_1_91' title="bbox 1261 2468 2006 2517; baseline -0.007 -12"><span class='ocrx_word' id='word_1_471' title='bbox 1261 2485 1322 2517; x_wconf 79' lang='lat' dir='ltr'>que</span> <span class='ocrx_word' id='word_1_472' title='bbox 1334 2472 1454 2506; x_wconf 90' lang='lat' dir='ltr'>tenoris</span> <span class='ocrx_word' id='word_1_473' title='bbox 1467 2471 1589 2510; x_wconf 64' lang='lat' dir='ltr'>existat,</span> <span class='ocrx_word' id='word_1_474' title='bbox 1604 2480 1660 2514; x_wconf 88' lang='lat' dir='ltr'>per</span> <span class='ocrx_word' id='word_1_475' title='bbox 1674 2480 1770 2513; x_wconf 84' lang='lat' dir='ltr'>quam</span> <span class='ocrx_word' id='word_1_476' title='bbox 1784 2468 2006 2513; x_wconf 78' lang='lat' dir='ltr'>praesentibus</span> 
     </span>
     <span class='ocr_line' id='line_1_92' title="bbox 1263 2521 2004 2568; baseline -0.007 -10"><span class='ocrx_word' id='word_1_477' title='bbox 1263 2537 1325 2558; x_wconf 80' lang='lat' dir='ltr'>nou</span> <span class='ocrx_word' id='word_1_478' title='bbox 1343 2535 1536 2568; x_wconf 71' lang='lat' dir='ltr'>expressam,</span> <span class='ocrx_word' id='word_1_479' title='bbox 1551 2523 1598 2555; x_wconf 85' lang='lat' dir='ltr'>vel</span> <span class='ocrx_word' id='word_1_480' title='bbox 1615 2522 1755 2556; x_wconf 87' lang='lat' dir='ltr'>totaliter</span> <span class='ocrx_word' id='word_1_481' title='bbox 1773 2532 1836 2554; x_wconf 89' lang='lat' dir='ltr'>non</span> <span class='ocrx_word' id='word_1_482' title='bbox 1852 2521 2004 2554; x_wconf 83' lang='lat' dir='ltr'>insertam</span> 
     </span>
     <span class='ocr_line' id='line_1_93' title="bbox 1262 2573 2002 2618; baseline -0.007 -8"><span class='ocrx_word' id='word_1_483' title='bbox 1262 2580 1392 2612; x_wconf 73' lang='lat' dir='ltr'>ell&#39;crtus</span> <span class='ocrx_word' id='word_1_484' title='bbox 1413 2577 1598 2610; x_wconf 77' lang='lat' dir='ltr'>huiusmodi</span> <span class='ocrx_word' id='word_1_485' title='bbox 1629 2576 1749 2618; x_wconf 78' lang='lat' dir='ltr'>gratiae</span> <span class='ocrx_word' id='word_1_486' title='bbox 1778 2573 1926 2618; x_wconf 86' lang='lat' dir='ltr'>impediri</span> <span class='ocrx_word' id='word_1_487' title='bbox 1948 2584 2002 2606; x_wconf 84' lang='lat' dir='ltr'>va-</span> 
     </span>
     <span class='ocr_line' id='line_1_94' title="bbox 1264 2627 2005 2677; baseline -0.009 -11"><span class='ocrx_word' id='word_1_488' title='bbox 1264 2634 1323 2666; x_wconf 88' lang='lat' dir='ltr'>lcat</span> <span class='ocrx_word' id='word_1_489' title='bbox 1346 2631 1589 2677; x_wconf 82' lang='lat' dir='ltr'>quomodolibet</span> <span class='ocrx_word' id='word_1_490' title='bbox 1613 2630 1659 2663; x_wconf 89' lang='lat' dir='ltr'>vcl</span> <span class='ocrx_word' id='word_1_491' title='bbox 1682 2628 1822 2668; x_wconf 68' lang='lat' dir='ltr'>differri,</span> <span class='ocrx_word' id='word_1_492' title='bbox 1846 2627 1929 2662; x_wconf 83' lang='lat' dir='ltr'>etde</span> <span class='ocrx_word' id='word_1_493' title='bbox 1943 2637 2005 2671; x_wconf 90' lang='lat' dir='ltr'>qua</span> 
     </span>
    </p>
   </div>
   <div class='ocr_carea' id='block_1_9' title="bbox 1994 229 2178 257">
    <p class='ocr_par' dir='ltr' id='par_1_11' title="bbox 1994 229 2178 257">
     <span class='ocr_line' id='line_1_95' title="bbox 1994 229 2178 257; baseline 0.011 -2"><span class='ocrx_word' id='word_1_494' title='bbox 1994 230 2043 256; x_wconf 77' lang='lat' dir='ltr'>An.</span> <span class='ocrx_word' id='word_1_495' title='bbox 2059 229 2086 256; x_wconf 89' lang='lat' dir='ltr'>C.</span> <span class='ocrx_word' id='word_1_496' title='bbox 2111 229 2178 257; x_wconf 76' lang='lat'>¹600</span> 
     </span>
    </p>
   </div>
   <div class='ocr_carea' id='block_1_10' title="bbox 1998 610 2182 664">
    <p class='ocr_par' dir='ltr' id='par_1_12' title="bbox 1998 610 2182 664">
     <span class='ocr_line' id='line_1_96' title="bbox 2025 610 2182 632; baseline 0 0"><span class='ocrx_word' id='word_1_497' title='bbox 2025 610 2182 632; x_wconf 79' lang='lat' dir='ltr'>Contrariorum</span> 
     </span>
     <span class='ocr_line' id='line_1_97' title="bbox 1998 637 2117 664; baseline 0 -6"><span class='ocrx_word' id='word_1_498' title='bbox 1998 637 2117 664; x_wconf 70' lang='lat' dir='ltr'>derogatio,</span> 
     </span>
    </p>
   </div>
   <div class='ocr_carea' id='block_1_11' title="bbox 2173 0 2253 2921">
    <p class='ocr_par' dir='ltr' id='par_1_13' title="bbox 2173 0 2253 2921">
     <span class='ocr_line' id='line_1_98' title="bbox 2173 0 2253 2921; baseline 0 0"><span class='ocrx_word' id='word_1_499' title='bbox 2173 0 2253 2921; x_wconf 95' lang='lat' dir='ltr'> </span> 
     </span>
    </p>
   </div>
  </div>
 </body>
</html>
