2253 3195
66 291 115 320 An.
131 290 158 318 C.
182 290 249 318 1599

107 1414 225 1436 clausulae.

96 2267 208 2295 »erogatio
216 2275 264 2291 cou-

82 2297 201 2318 uariorum.

873 289 1019 314 CLEMENS
1040 290 1097 314 vul
1119 290 1170 314 1¹1».

262 339 338 372 tiam
360 349 418 382 per
437 348 507 377 nos,
531 343 585 372 aut
601 348 824 382 quoscumque
841 338 1004 371 Romanos

262 392 433 425 Pontifices
457 393 723 436 praedecessores
743 397 870 425 nostros
890 402 1001 435 respe-

262 445 343 479 ctive
362 456 540 486 concessas,
558 446 727 479 attributas
740 451 771 478 et
783 445 1001 483 confirmatas,

263 500 441 543 apostolica
468 500 678 539 auctoritate,
714 505 824 532 tenore
849 508 1003 542 praesen—

264 552 355 592 tium,
371 558 527 596 perpetuo
542 562 741 591 revocamus,
758 552 963 584 annullamus
977 556 1005 583 et

264 606 447 646 abolemus,
467 616 504 638 ac
532 616 568 638 ex
596 615 682 637 nunc
708 605 858 648 deinceps
887 603 1007 636 nullius

265 659 391 692 roboris
414 659 462 691 vel
484 658 639 691 momenti
662 659 729 691 sore
750 664 781 690 et
801 668 880 698 csse,
898 668 934 690 ac
954 667 1009 688 ne-

265 712 345 745 mini
362 722 475 745 eorum
493 712 601 755 aliquo
615 717 709 755 pacto
721 710 887 753 suffragari
901 720 1006 754 posse,

264 767 320 799 sed
342 776 580 810 quemcumque
606 765 766 799 dictorum
792 763 1009 808 archiepisco-

265 830 381 863 porum
403 825 433 852 et
453 819 680 863 episcoporum
701 830 719 851 a
737 819 787 852 die
800 846 807 858 ,
831 828 895 862 quo
915 827 1008 861 prae-

265 872 362 905 sentis
382 878 510 905 nostrae
529 872 744 905 revocationis
762 871 909 904 notitiam
930 880 1010 914 quo-

266 925 311 958 vis
331 926 429 959 modo
449 925 633 966 habuerint,
655 925 757 958 teneri
774 925 892 965 statim,
914 924 1009 957 etiam

267 979 405 1012 dimissis
422 979 615 1023 supradictis
633 979 758 1019 officiis,
774 984 804 1012 et
817 978 905 1012 omni
920 987 1010 1010 mora

267 1033 403 1073 sublata,
426 1033 468 1066 ad
492 1043 604 1066 eorum
626 1033 775 1066 ecclesias
799 1031 1012 1076 personaliter

268 1088 433 1127 accedere,
457 1093 487 1120 et
504 1087 590 1131 apud
615 1087 684 1120 illas
704 1097 777 1120 cum
799 1086 914 1119 effectu
934 1084 1012 1117 resi-

269 1141 355 1181 dere,
368 1140 512 1184 alioquin
529 1150 650 1184 poenas
667 1150 733 1173 non
749 1139 958 1173 residentium
974 1148 1011 1170 eo

268 1194 350 1237 ipso,
364 1194 486 1237 absque
505 1194 613 1237 aliqua
633 1193 852 1227 declaratione
874 1193 1013 1236 desuper

268 1248 425 1289 iacienda,
442 1248 620 1289 incurrere,
637 1259 673 1281 ac
687 1248 808 1281 fructus
821 1257 895 1281 suos
908 1246 1012 1279 facere

268 1311 335 1335 non
355 1312 459 1345 posse.

314 1354 380 1399 gb.
409 1355 524 1399 Sicque
554 1366 612 1399 per
641 1366 863 1399 quoscumque
892 1354 1014 1387 iudices

270 1408 452 1442 ordinarios
472 1415 503 1442 et
523 1409 698 1452 delegatos,
722 1409 818 1442 etiam
844 1418 1013 1441 causarum

270 1463 379 1507 palatii
405 1463 572 1507 apostolici
605 1464 788 1504 auditores,
816 1463 941 1496 sublata
970 1462 1015 1495 eis

272 1522 303 1549 et
324 1527 436 1549 eorum
457 1517 589 1550 cuilibet
608 1517 719 1561 quavis
738 1517 832 1550 aliter
852 1516 1015 1550 iudicandi

272 1575 303 1602 et
322 1570 557 1614 interpretandi
582 1571 730 1604 facultate
756 1576 786 1604 et
811 1571 1011 1611 auctoritate,

272 1623 408 1656 iudicari
429 1629 459 1656 et
479 1623 607 1657 definiri
632 1624 761 1664 debere,
782 1634 819 1657 ac
837 1624 964 1657 irritum
986 1629 1016 1656 et

272 1677 367 1710 inane
392 1677 550 1721 quidquid
581 1689 672 1711 secus
703 1689 801 1722 super
826 1678 874 1711 liis
894 1689 912 1711 a
937 1689 1016 1722 quo-

274 1741 384 1774 quam,
412 1731 524 1774 quavis
554 1731 761 1772 auctoritate,
793 1731 933 1764 scienter
968 1732 1015 1764 vel

273 1783 475 1826 ignoranter,
499 1784 671 1827 contigerit
696 1785 845 1818 attentari
873 1784 1018 1818 decerni-

275 1848 346 1871 mus
367 1843 398 1871 et
418 1837 631 1872 declaramus.
655 1839 830 1872 Hortamur
857 1845 963 1872 autem
985 1839 1017 1871 in

273 1891 411 1925 Domino
424 1892 625 1925 maiestatem
647 1898 734 1925 tuam
757 1898 792 1925 ut
812 1898 1017 1936 praesentem

274 1950 419 1978 nostram
444 1945 685 1979 revocationem
712 1946 833 1980 eisdem
860 1946 1019 1990 archiepi-

276 1998 381 2042 scopis
405 2004 436 2031 et
465 1999 624 2042 episcopis
650 2000 892 2044 quamprimum
913 2000 1019 2033 notifi-

277 2052 342 2085 cari
360 2052 465 2093 saciat,
482 2063 522 2085 ne
539 2052 710 2097 quisquam
733 2064 846 2087 eorum
868 2054 1020 2096 ignoran—

277 2105 354 2138 tiam
374 2106 525 2148 allegare,
550 2112 578 2139 et
599 2117 637 2140 eo
657 2113 823 2151 praetextu
836 2119 904 2142 sese
918 2109 1022 2142 valeat

279 2169 444 2192 excusare.

323 2213 339 2257 ἓ
361 2213 390 2246 7.
414 2214 484 2247 Non
499 2214 701 2248 obstantibus
720 2215 905 2259 praemissis
925 2216 1024 2249 licen-

279 2266 329 2300 tiis
343 2273 374 2300 et
387 2268 592 2301 facultatibus
615 2268 678 2301 illis
696 2274 727 2301 et
747 2279 859 2302 eorum
878 2269 1020 2310 cuilibet,

279 2325 314 2353 ut
333 2321 523 2364 praefertur,
539 2321 710 2361 concessis,
723 2333 759 2355 ac
773 2328 930 2366 quatenus
944 2333 1024 2366 opus

280 2373 329 2413 sit,
353 2374 464 2416 regula
483 2380 593 2408 nostra
618 2375 657 2408 de
685 2385 750 2407 non
784 2376 925 2409 tollendo
955 2376 1025 2409 iure

281 2427 438 2470 quaesito,
461 2427 596 2472 aliisque
621 2428 903 2462 constitutionibus
925 2436 955 2463 et
974 2440 1026 2463 or-

282 2479 501 2513 dinationibus
521 2481 727 2525 apostolicis,
752 2482 927 2526 privilegiis
945 2494 1026 2526 quo-

282 2544 356 2576 que,
378 2533 510 2567 indultis
528 2540 558 2568 et
576 2535 690 2568 litteris
710 2536 906 2579 apostolicis,
930 2537 1026 2570 etiam

283 2587 389 2620 officio
414 2588 634 2623 sanctissimae
662 2589 880 2633 inquisitionis
912 2591 943 2623 iu
974 2602 1027 2634 ge-

283 2650 382 2681 nere,
406 2646 461 2673 aut
486 2641 680 2686 cuicumque
712 2654 747 2676 cx
778 2644 951 2687 praedictis
978 2656 1027 2678 ar-

285 2691 497 2738 chiepiscopis
525 2701 555 2728 et
583 2696 741 2740 episcopis
759 2697 791 2730 iu
821 2698 945 2742 specie,
968 2699 1027 2732 sub

321 2755 400 2783 Bull.
418 2757 501 2785 Rom.
527 2758 583 2785 Vol.
605 2758 639 2786 Χ.
936 2761 967 2792 61

1685 275 1744 309 481

1037 338 1297 381 quibuscumque
1318 337 1489 370 verborum
1512 336 1624 369 formis
1644 341 1675 368 et
1693 340 1782 368 teno-

1038 391 1136 431 ribus,
1161 397 1189 424 et
1211 402 1283 423 cum
1309 390 1475 434 quibusvis
1496 389 1647 423 clausulis
1678 394 1709 421 et
1729 389 1783 421 de-

1039 445 1143 483 cretis,
1159 445 1254 477 etiam
1272 445 1551 487 derogatoriarum
1572 442 1784 485 derogatoriis

1039 508 1075 529 ac
1096 497 1298 530 irritantibus
1319 498 1351 530 in
1372 498 1570 531 contrarium
1592 496 1784 540 praemisso-

1041 560 1111 582 rum
1137 551 1384 593 quomodolibet
1409 551 1580 589 concessis,
1605 550 1781 583 confirma-

1042 603 1080 636 tis
1099 608 1129 636 et
1149 604 1345 647 approbatis.
1358 605 1479 643 Quibus
1500 605 1652 637 omnibus
1673 609 1703 636 et
1722 603 1786 636 sin-

1042 657 1125 699 gulis
1139 684 1146 697 ,
1167 658 1291 691 etiamsi
1309 669 1368 701 pro
1390 659 1519 691 illorum
1541 658 1711 691 sufficienti
1730 658 1785 691 de-

1044 710 1210 752 rogatione
1232 712 1270 744 de
1296 711 1358 744 illis
1386 722 1565 755 eorumque
1597 711 1671 744 totis
1697 717 1787 744 teno-

1044 765 1132 798 ribus
1151 766 1320 810 specialis,
1343 767 1494 810 specifica
1521 772 1552 799 et
1583 767 1622 799 ad
1653 766 1786 799 verbum

1044 829 1194 862 expressa
1214 820 1335 853 mentio
1356 820 1505 853 habenda
1534 825 1635 859 esset,
1660 825 1788 852 tenores

1044 872 1230 906 huiusmodi
1259 875 1483 918 praesentibus
1503 884 1563 918 pro
1583 873 1739 917 expressis
1759 880 1790 906 et

1045 926 1085 959 ad
1113 927 1247 960 verbum
1273 927 1399 961 insertis
1430 927 1602 967 habentes,
1632 927 1693 960 hac
1721 927 1789 959 vice

1045 979 1210 1013 dumtaxat
1239 981 1421 1024 specialiter
1450 987 1481 1014 et
1510 991 1657 1024 expresse
1689 980 1786 1013 dero-

1046 1043 1158 1075 gamus
1171 1061 1178 1074 ‚
1209 1034 1408 1078 caeterisque
1449 1034 1620 1068 contrariis
1658 1034 1791 1077 quibus-

1046 1098 1198 1131 cumque.

1090 1142 1204 1174 Datum
1226 1142 1347 1175 Romae
1368 1143 1453 1186 apud
1473 1143 1503 1176 S.
1522 1143 1651 1175 Petrum
1665 1142 1791 1175 suban-

1047 1195 1124 1228 nulo
1138 1195 1320 1236 piscatoris,
1337 1196 1388 1229 die
1402 1207 1474 1229 xxw
1490 1196 1644 1229 februarii
1658 1206 1788 1237 noxam,

1047 1250 1254 1293 pontificatus
1274 1250 1375 1283 nostri
1400 1261 1485 1284 anno
1505 1261 1574 1284 vm.

1083 1312 1131 1341 Die
1146 1313 1180 1340 26
1194 1313 1326 1341 februarii
1342 1315 1421 1347 1599,
1442 1314 1539 1350 pontif.
1557 1323 1600 1342 an.
1617 1321 1673 1342 viu.

1360 1482 1484 1516 CXCIX.

1051 1579 1187 1613 Civitati
1202 1578 1413 1612 Ferrariensz'
1436 1579 1623 1612 conceditur
1649 1583 1687 1612 ut
1706 1580 1795 1623 apud

1094 1642 1206 1676 Seclem
1235 1643 1458 1686 Apostolz'cam
1486 1647 1646 1675 oratorem
1679 1643 1795 1676 habere

1095 1707 1124 1735 et
1143 1703 1283 1736 retinere
1299 1704 1413 1746 possit,
1432 1703 1486 1736 cui
1506 1703 1593 1736 locus
1612 1704 1649 1736 in
1669 1703 1796 1748 capella

1096 1770 1124 1799 et
1144 1766 1223 1798 aliis
1242 1766 1369 1799 actibus
1383 1766 1526 1809 publicis
1542 1767 1733 1810 pontificiis,
1754 1767 1796 1800 ad

1096 1828 1203 1861 instar
1215 1827 1361 1861 aliorum
1378 1832 1557 1870 oratorum,
1573 1829 1765 1873 desigynatm·
1776 1830 1796 1863 ¹.

1052 1919 1175 1948 Dilectis
1195 1919 1267 1947 filiis
1288 1919 1381 1947 iudici
1406 1920 1574 1953 sapientum
1594 1927 1629 1948 ac
1649 1920 1797 1954 sapienti-

1087 1975 1143 2000 bus
1163 1976 1194 2001 et.
1209 1973 1393 2001 consiliariis
1410 1973 1545 2001 civitatis
1560 1977 1682 2002 nostrae
1697 1975 1798 2002 Ferra-

1088 2026 1200 2054 riensis

1242 2075 1398 2107 Clemens
1412 2076 1506 2118 Papa
1520 2076 1612 2106 VIII.

1126 2145 1235 2173 Dilecti
1250 2145 1317 2179 filii,
1334 2146 1463 2173 salutem
1488 2149 1519 2173 et.
1534 2146 1730 2179 apostolicam

1304 2200 1555 2227 benedictionem.

1102 2271 1239 2304 Paterna
1265 2277 1375 2304 nostra
1401 2282 1476 2314 erga
1500 2282 1555 2304 vos
1580 2283 1616 2304 ac
1642 2271 1801 2304 civitatem

1059 2330 1202 2357 nostram
1221 2325 1470 2365 Ferrariensem,
1488 2336 1568 2369 quos
1582 2325 1613 2357 in
1628 2325 1803 2358 visceribus

1060 2377 1202 2419 gerimus
1219 2378 1394 2417 charitatis,
1417 2380 1563 2412 voluntas
1583 2389 1641 2412 nos
1662 2378 1800 2419 inducit,

1061 2437 1095 2463 ut
1115 2432 1236 2464 nullam
1257 2443 1313 2465 vos
1333 2433 1564 2465 cohonestandi
1579 2461 1586 2471 ,
1615 2444 1651 2465 ac
1677 2433 1806 2476 privile-

1061 2485 1120 2527 giis
1140 2490 1171 2518 et
1190 2485 1301 2527 gratiis
1322 2486 1460 2519 ornandi
1481 2486 1685 2520 occasionem
1706 2497 1803 2530 prae-

1062 2538 1288 2571 termittamus.

1106 2594 1122 2633 {¹
1141 2591 1171 2624 ’1.
1195 2592 1279 2625 Motu
1301 2591 1398 2633 igitur
1422 2593 1574 2636 proprio,
1596 2604 1632 2626 ac
1662 2604 1699 2626 cx
1720 2598 1807 2626 certa

1062 2645 1194 2678 scientia
1210 2673 1217 2686 ,
1241 2656 1277 2678 ac
1299 2657 1389 2679 mera
1409 2647 1644 2681 deliberatione
1665 2647 1783 2681 nostris
1798 2675 1805 2689 ,

1099 2711 1109 2735 1
1129 2708 1166 2736 Ex
1183 2708 1290 2745 liegest.
1307 2709 1448 2737 iuSccret.
1466 2710 1600 2738 Brevium.

1797 284 1849 311 An.
1865 283 1893 311 C.
1912 282 1979 312 1599

1844 2276 1965 2297 Exordium.

1850 2600 1972 2627 Concessum
1981 2594 2007 2615 dt!

1823 2633 1865 2654 qua.
1881 2633 1901 2646 ιιι
1916 2626 2008 2646 rubrica.
