2253 3195
242 160 289 187 Aa.
312 160 338 187 c.
359 159 425 187 ¹593
470 149 511 182 5-2

258 960 420 982 Bmorumobn-

240 991 296 1015 μιν)
321 992 357 1011 pro
379 992 420 1006 ma-

240 1020 278 1034 ieri
307 1016 419 1033 securitate

239 1045 362 1066 pensionum
381 1041 420 1060 sol-

240 1066 359 1088 ventarum

1017 153 1199 179 BULLARIUM
1219 151 1371 177 ROMANUM

439 207 532 240 nibus
548 205 729 251 praedictis,
745 214 804 237 nos
823 201 977 247 praedicti
996 200 1171 244 archiepis·
1208 200 1244 233 R.
1271 198 1436 238 Maiestan,
1452 197 1527 231 licet
1545 196 1680 237 absenti,
1703 202 1734 230 et
1752 197 1880 231 notario
1893 208 1952 242 pu-

439 270 537 304 copus
568 256 814 343 ceteriquevalii
848 265 959 289 omnes
993 252 1171 291 nominati,
1208 251 1292 284 blico
1320 250 1522 294 infrascripto
1548 255 1714 294 tamquam
1743 249 1894 294 publicae
1922 256 1953 284 et

754 320 769 343 e

439 323 563 346 sacrum
575 310 739 356 provincia

438 377 490 405 se,
511 370 547 398 ut
565 364 765 409 praefertur,
789 360 939 394 facientes
961 364 991 391 et
1011 357 1175 391 celebran-

439 426 494 459 tes,
524 429 559 452 ac
579 418 762 451 universum
783 414 875 447 huius
895 411 1078 457 provinciae
1097 411 1174 444 Tar-

439 470 621 505 raconensis
641 469 842 513 episcopatus
863 464 1006 499 Elnensis
1024 470 1054 497 et
1075 464 1173 497 abba-

439 525 533 558 tiatus
552 521 717 566 Agerensis
737 521 857 554 clerum
880 525 909 552 et
929 524 1046 552 statum
1066 517 1170 551 eccle-

438 578 597 611 siasticum
626 579 900 619 repraesentantes
914 599 921 612 ,
952 582 1011 616 pro
1031 570 1124 604 nobis
1144 575 1174 603 et

437 620 566 664 nomine
586 628 730 662 omnium
751 633 779 661 et
800 626 998 669 singularum
1023 623 1172 657 ecclesia-

438 692 520 720 rum,
544 680 715 720 dioecesis,
739 678 1007 713 monasteriorum
1022 704 1029 717 ‚
1053 675 1173 710 benefi-

437 735 559 768 ciorum
579 739 609 768 et
627 733 770 767 omnium
792 737 822 765 et
841 731 1040 774 singularum
1060 739 1171 774 perso-

437 797 549 821 narum
578 785 865 820 ecclesiasticarum
897 783 1037 817 decimas
1058 788 1089 816 et
1108 782 1172 815 fru-

437 848 504 874 ctus
534 839 703 874 decimales
734 838 765 871 in
796 837 915 871 eisdem
947 835 1111 881 provincia
1142 840 1172 868 et

436 894 618 938 episcopatu
632 903 667 926 ac
681 891 842 925 abbatiatu
858 889 1115 934 percipientium,
1132 888 1173 922 ad

436 946 690 989 solutionemque
708 942 892 977 huiusmodi
904 942 1107 975 contribuere
1119 940 1172 974 de-

437 999 590 1037 bentium,
614 998 793 1040 obligamus
813 996 908 1035 bona,
929 995 1010 1034 iura,
1029 994 1173 1028 redditus

436 1061 465 1088 et
485 1058 656 1098 proventus
676 1049 1083 1086 nostrarumecclesiarum
1105 1059 1174 1083 mo-

436 1106 660 1146 nasteriorum,
680 1104 924 1144 beneficiorum,
939 1114 975 1136 ac
988 1102 1084 1136 totius
1096 1112 1172 1147 pro-

436 1160 556 1193 vinciae
572 1158 828 1197 Tarraconensis,
852 1163 883 1191 et
902 1156 1102 1200 episcopatus
1121 1155 1173 1189 El-

437 1213 542 1247 nensis
570 1218 598 1246 et
629 1211 810 1245 abbatiatus
836 1209 1004 1253 Agerensis
1035 1214 1065 1242 et
1101 1219 1174 1253 per-

437 1275 587 1300 sonarum
608 1264 894 1298 ecclesiasticarum
919 1262 1170 1306 praedictarum,

437 1325 499 1353 tam
520 1318 695 1363 spiritualia
722 1327 816 1361 quam
848 1315 1056 1360 temporalia,
1080 1325 1173 1359 prae-

437 1372 537 1406 sentia
561 1378 589 1405 et
617 1372 741 1410 sutura,
765 1371 876 1404 dantes
903 1375 934 1402 et
963 1369 1174 1402 concedentes

437 1425 564 1470 plenam
586 1430 774 1468 potestatem
796 1423 1052 1467 quibuscumque
1073 1422 1175 1456 domi-

437 1479 485 1512 nis
513 1477 758 1517 commissariis,
787 1476 944 1510 iudicibus
973 1476 1175 1518 generalibus

438 1531 620 1564 huiusmodi
641 1530 865 1569 concessionis,
889 1535 919 1562 et
938 1529 1002 1562 suis
1025 1529 1174 1563 subdele-

437 1585 526 1627 gatis‚
551 1590 580 1617 et
608 1594 718 1617 eorum
740 1583 869 1616 cuilibet
890 1588 921 1616 et
951 1582 1020 1615 aliis
1040 1582 1174 1626 quibus-

438 1647 575 1681 cumque
612 1636 770 1670 iudicibus
807 1641 838 1669 et
869 1635 1016 1675 iustitiis,
1054 1641 1088 1669 ut
1118 1646 1175 1669 nos

439 1691 629 1735 compellant
650 1696 679 1723 et
711 1695 825 1732 cogant
851 1690 891 1723 ad
920 1689 1174 1723 observationem

440 1751 469 1777 et
498 1744 769 1788 complementum
799 1743 944 1776 omnium
975 1748 1005 1776 et
1035 1743 1176 1785 singulo-

439 1808 509 1830 rum
531 1797 789 1840 praemissorum.
821 1796 1059 1836 Renuntiantes‚
1081 1803 1177 1840 prout

440 1850 519 1882 serie
545 1860 616 1882 cum
639 1849 794 1892 praesenti
814 1849 1048 1890 renunciamus,
1073 1850 1176 1882 omni-

440 1903 497 1935 bus
515 1908 544 1935 et
564 1903 817 1946 quibuscumque
838 1903 972 1945 legibus,
987 1903 1062 1937 soris
1083 1903 1175 1936 etiu-

440 1955 541 1993 ribus‚
569 1956 768 1994 generalibus
798 1962 827 1988 vt
855 1956 1061 1999 specialibus,
1094 1967 1176 2000 quae

441 2008 470 2039 in
493 2008 589 2040 nostri
617 2010 753 2041 savorem
775 2009 835 2041 sint
856 2015 885 2041 ct
909 2020 976 2042 esse
997 2009 1128 2052 possint,
1146 2015 1175 2043 ct

440 2061 644 2092 concedimus
675 2061 755 2093 hanc
785 2062 1012 2100 com-ordiam,
1036 2072 1174 2095 eonven—

441 2113 573 2151 tionem,
596 2119 721 2156 pactum
754 2114 792 2145 de
819 2115 981 2151 solvendo,
1015 2116 1111 2147 morlo
1146 2120 1174 2147 el

439 2167 538 2197 forma
564 2166 753 2208 pramnissis.
779 2166 994 2210 Volumusque
1026 2168 1110 2210 quod
1144 2167 1174 2200 in

441 2220 534 2251 modo
556 2219 737 2251 huiusmodi
759 2219 956 2258 nominandi,
981 2220 1103 2252 nullum
1122 2220 1171 2253 di-

440 2272 497 2303 stis
528 2272 762 2304 ‹·atlw‹li':ilil›tts
796 2273 938 2305 ecclesiis
969 2279 996 2305 et
1031 2273 1175 2316 personis

440 2324 669 2367 pras-indiviam
692 2331 870 2363 eunt-retur.
896 2326 927 2358 lit
957 2331 986 2358 ul
1014 2326 1174 2369 praedicta

439 2377 544 2408 omnia
566 2383 592 2407 et
616 2377 737 2415 singula
760 2378 871 2410 iuniori
897 2379 1053 2418 gaudeant
1074 2379 1174 2412 lirini-

441 2435 512 2466 tate,
536 2430 645 2461 vadem
667 2430 772 2461 «niuniu
795 2431 936 2467 liwinius,
961 2431 1171 2474 paciscimur,

776 306 1174 343 ConciliumTarraconen·
1208 303 1410 336 authenticae
1435 312 1593 346 personae
1613 313 1672 346 pro
1701 302 1771 346 ipsa
1794 303 1952 338 catholica

1209 356 1393 395 maiestate,
1415 360 1446 388 et
1465 354 1616 388 omnibus
1636 360 1668 388 et
1686 354 1840 398 singulis,
1864 366 1948 400 quo-

1208 420 1279 443 rum
1299 408 1443 443 intererit
1463 414 1493 441 et
1512 408 1660 449 interest,
1683 408 1872 452 recipiendi,
1895 421 1951 454 pa-

1202 462 1347 496 ciscendi
1367 473 1404 495 ac
1423 461 1519 496 etiam
1537 461 1680 505 legitime
1700 462 1885 506 stipulandi.
1904 464 1953 497 Ad

1207 517 1287 550 haec
1317 527 1375 550 nos
1399 517 1468 550 Don
1497 516 1609 550 Petrus
1639 516 1819 550 Ludovicus
1846 517 1950 551 Galie-

1207 570 1326 603 randus
1346 570 1385 603 de
1405 570 1513 610 Borsa‚
1542 570 1688 603 marchio
1712 571 1752 604 de
1772 571 1927 605 Navarres
1941 598 1949 613 ,

1207 623 1358 665 magister
1373 622 1501 657 Ordinis
1521 629 1552 657 et
1571 623 1704 658 militiae
1726 624 1760 657 B.
1784 624 1900 658 Mariae
1913 625 1953 658 de

1206 677 1356 717 Montesa,
1380 682 1411 710 et
1428 676 1497 710 Divi
1516 677 1901 720 Georgii,locumtenens,
1922 683 1954 712 et

1207 728 1392 773 capitaneus
1408 729 1567 772 generalis
1586 729 1620 762 in
1638 729 1821 774 principatu
1840 729 1952 764 Catha-

1206 782 1312 816 loniae
1329 788 1360 816 et
1380 782 1585 817 comitatibus
1605 782 1793 816 Rossilionis
1815 789 1846 817 et
1867 783 1952 818 Ceri-

1208 835 1323 876 taniae,
1346 847 1404 880 pro
1426 846 1485 870 sua
1508 835 1667 870 catholica
1686 841 1717 869 et
1733 836 1769 870 R.
1791 836 1953 871 Maiestate

1206 889 1240 923 D.
1257 890 1293 923 N.
1316 889 1454 934 Philippi
1472 889 1556 932 regis
1576 889 1815 933 Hispaniarum,
1831 889 1953 924 haben-

1207 949 1253 977 tes
1273 943 1534 978 commissionem
1556 949 1587 977 et
1604 943 1743 988 speciale
1763 944 1952 978 mandatum

1208 1008 1226 1032 a
1245 997 1329 1032 dieta
1353 998 1383 1032 S.
1411 998 1442 1032 C.
1471 1004 1502 1032 et
1520 998 1557 1033 R.
1581 998 1762 1039 Maiestate,
1786 1009 1860 1032 cum
1887 998 1952 1033 suis

1207 1050 1320 1085 litteris
1345 1062 1443 1086 manu
1467 1063 1525 1086 sua
1550 1051 1748 1097 subscriptis,
1772 1058 1803 1085 et
1821 1062 1880 1096 per
1895 1052 1952 1086 Pe-

1207 1111 1293 1139 trum
1319 1106 1505 1150 Franqueza
1532 1105 1742 1139 secretarium
1771 1105 1948 1150 expeditis,

1208 1158 1318 1192 datum
1330 1159 1362 1192 in
1374 1158 1405 1192 S.
1419 1158 1592 1193 Laurentio
1605 1158 1634 1192 el
1651 1158 1739 1199 Real,
1756 1157 1808 1192 die
1818 1168 1851 1192 1x
1862 1168 1952 1192 men-

1207 1212 1249 1245 sis
1269 1211 1409 1246 octobris
1428 1211 1574 1256 proxime
1594 1210 1770 1255 praeteriti,
1787 1211 1842 1255 qui
1862 1221 1954 1255 prae·

1209 1266 1326 1300 dictam
1347 1266 1579 1308 obligationem
1608 1276 1682 1299 cum
1701 1265 1803 1310 pactis
1823 1270 1855 1300 et
1874 1276 1952 1300 con-

1209 1319 1384 1353 ditionibus
1403 1318 1596 1363 supradictis
1610 1346 1617 1359 ,
1641 1319 1773 1353 nomine
1793 1324 1824 1352 et
1843 1324 1953 1353 aueto-

1210 1373 1318 1409 ritate&
1329 1372 1360 1406 S.
1384 1373 1420 1406 R.
1448 1371 1638 1413 Maiestatis,
1664 1377 1890 1416 acceptamus,
1914 1382 1952 1407 ac

1209 1425 1318 1459 omnia
1337 1432 1368 1459 et
1386 1425 1512 1469 singula
1525 1425 1557 1458 in
1571 1436 1607 1458 ea
1623 1430 1773 1459 contenta
1784 1425 1953 1459 laudamus

1210 1485 1240 1513 et
1259 1479 1488 1524 approbamus.

1253 1533 1366 1566 Actum
1387 1537 1434 1565 est
1454 1532 1515 1565 hoc
1533 1532 1733 1566 Tarraconae
1753 1531 1805 1565 die
1818 1541 1849 1566 vi
1862 1542 1953 1565 men-

1209 1586 1251 1620 sis
1270 1585 1465 1625 novembris,
1489 1594 1574 1619 anno
1595 1595 1613 1617 a
1634 1584 1804 1619 Nativitate
1823 1584 1952 1619 Domini

1210 1649 1319 1679 Moxm,
1343 1638 1474 1672 nomine
1494 1638 1621 1671 loannis
1653 1638 1758 1678 Teres,
1793 1638 1953 1682 archiepi-

1209 1693 1298 1737 scopi
1318 1691 1563 1731 tarraconnesis,
1586 1691 1670 1724 Petri
1689 1691 1798 1732 Iaime‚
1810 1691 1952 1737 episcopi

1210 1745 1411 1786 vincemini,
1435 1744 1542 1777 fratris
1562 1744 1710 1778 Andreae
1729 1743 1859 1788 Capilla,
1886 1745 1953 1789 epi-

1209 1799 1298 1843 scopi
1319 1797 1525 1841 Urgellensis,
1548 1797 1698 1841 Gasparis
1721 1797 1852 1838 Punter‚
1886 1798 1953 1842 epi-

1209 1852 1298 1896 scopi
1318 1850 1534 1890 Dertuzensis,
1557 1850 1625 1883 Don
1648 1849 1809 1884 Michaelis
1839 1852 1953 1895 Ayme-

1210 1905 1289 1945 rich,
1313 1903 1437 1936 abbatis
1465 1902 1579 1936 Beatae
1599 1902 1715 1936 Mariae
1743 1902 1782 1936 de
1817 1902 1949 1943 Lavaix,

1211 1957 1317 1991 fratris
1347 1956 1430 1990 Petri
1458 1956 1644 1989 Fontanella
1676 1956 1800 1989 abbatis
1823 1955 1951 1990 Pulchri

1210 2011 1300 2045 Podii
1338 2011 1587 2049 Atellanarum,
1632 2009 1738 2042 fratris
1767 2009 1835 2042 Don
1863 2009 1951 2043 ⁴Petri

1211 2064 1326 2108 Aquilo
1346 2063 1463 2107 prioris
1483 2063 1592 2096 Scalae
1612 2062 1688 2102 Dei,
1712 2061 1874 2095 Michaelis
1893 2062 1952 2095 Το-

1210 2118 1288 2158 rell‚
1323 2116 1452 2150 Antonii
1481 2117 1598 2155 Tenes,
1631 2115 1870 2149 Bartholomaei
1889 2115 1952 2149 Ro-

1210 2169 1289 2209 cha,
1321 2168 1491 2212 Raphaelis
1516 2169 1554 2202 de
1587 2168 1755 2208 Rovirola,
1791 2167 1951 2201 Francisci

1211 2222 1334 2261 Rocha,
1369 2221 1496 2255 loannis
1527 2221 1705 2263 Margaleff,
1738 2220 1865 2254 loannis
1895 2220 1952 2253 Ba-

1209 2275 1295 2314 scha,
1311 2274 1495 2308 Monserrati
1515 2274 1632 2313 Guillo,
1656 2273 1761 2307 lacobi
1794 2273 1948 2315 Bergada,

1210 2328 1293 2361 Petri
1311 2328 1459 2367 Cis-teror,
1483 2328 1550 2360 Don
1563 2326 1724 2361 Michaelis
1735 2326 1774 2359 de
1795 2326 1948 2368 Paguera,

1211 2381 1379 2424 llaphaelis
1407 2381 1500 2424 Aspa,
1531 2379 1659 2413 Antonii
1680 2379 1821 2418 Molner‚
1854 2379 1952 2412 Fran-

1209 2434 1283 2467 cist-i
1306 2433 1441 2476 Potujes,
1475 2433 1635 2467 Laurentii
1660 2432 1809 2475 lzalquel.
1845 2431 1951 2465 fratris

440 2482 644 2513 ·:‹‚m<··nnnn.s
662 2488 690 2513 vt
707 2482 787 2514 bona
810 2484 869 2515 tid·-
892 2484 1105 2527 promittimus
1118 2496 1174 2517 nos
1211 2486 1302 2519 illasii
1333 2487 1498 2525 Toni-onis,
1528 2485 1762 2519 Bartholomaei
1790 2484 1947 2522 Coruella,

440 2544 550 2566 omnes
578 2534 722 2577 superius
743 2536 894 2568 nominati
917 2537 1018 2570 dictae
1038 2539 1068 2570 5.
1089 2539 1119 2570 (1.
1144 2544 1174 2570 et
1214 2539 1380 2582 Augustini
1411 2540 1516 2579 Grau,
1550 2537 1708 2572 Francisci
1745 2537 1895 2582 Caralps,
1919 2542 1949 2570 et

1958 149 2013 190 An.
2035 149 2063 178 c.
2082 150 2150 179 1593

1994 1535 2088 1558 Panium
2103 1541 2152 1558 con-

1967 1562 2096 1593 trahentium
2115 1567 2152 1584 nn-

1967 1594 2032 1611 mma.
