2253 3195
41 291 90 318 An.
107 289 134 316 C.
159 288 227 315 ¹599

81 1200 160 1222 Electio
179 1203 226 1226 post

43 1228 129 1254 primum
165 1229 224 1254 quin-

44 1254 167 1281 quennnium
197 1254 224 1274 ad

43 1281 146 1302 civitatem
154 1281 225 1302 Ferra-

43 1307 85 1329 riae
100 1309 190 1334 spect-'it⁴

78 1946 183 1968 Praetoris
199 1949 228 1969 os-

49 1971 113 1993 ticium
120 1979 173 1995 auno
181 1981 229 1997 con-

48 1998 141 2021 cluditur.

99 2214 230 2240 Stipendium

0 2251 10 2270 ,ί
50 2242 150 2264 praetoris
163 2244 182 2262 et
193 2248 229 2262 au-

0 2288 12 2297 2,
51 2265 143 2288 diturum.

861 284 1007 309 CLEMENS
1027 285 1085 308 V111
1103 284 1154 307 PP.

236 335 415 376 statuimus,
427 333 616 369 electionem
636 334 697 368 hoe
712 334 824 368 ordine
840 340 868 367 et
884 334 980 366 modo
996 336 998 358 !

236 389 394 427 fiendam3
418 389 476 422 hat·
498 389 582 422 euim
605 389 709 432 prima
729 388 796 420 vice
817 387 982 419 auditores

237 444 381 487 quinque
401 444 579 486 eligentur,
603 453 741 486 quorum
773 441 878 474 officio
910 441 981 472 sun-

237 503 302 537 cto,
323 508 407 530 unus
437 508 549 530 eorum
583 507 600 529 a
632 495 766 528 consilio
796 494 981 536 seligendus

236 560 294 593 per
311 549 478 582 biennium
501 549 532 581 in
553 559 636 581 nova
655 549 735 581 Rota
749 545 980 590 perseverabit.·,

237 609 268 636 et
280 604 349 636 aliis
364 608 472 636 autem
488 603 620 643 vicibus,
640 602 784 645 quinque
798 601 982 633 auditorum

238 657 368 700 quidem
401 657 457 689 fiat
486 656 625 696 electio,
654 655 709 688 sed
736 665 819 687 uuus
847 663 980 691 eorum,

237 720 354 754 nempe
385 709 500 742 ultimo
536 709 679 747 electus,
719 719 783 741 nou
815 707 921 740 statim
953 706 984 738 in

237 763 398 807 principio
412 762 625 807 quinquennii
640 763 752 795 Rotam
769 761 981 803 ingredietur,

237 817 293 850 sed
312 816 444 849 biennio
463 817 583 860 elapso,
600 822 631 848 et
650 815 702 848 liic
715 815 766 848 ille
785 814 844 847 erit
860 819 981 858 postea,

238 870 292 914 qui
311 870 342 902 in
361 871 440 903 Rota
460 869 660 903 succedentis
681 867 904 912 quinquennii,
928 877 986 910 per

239 923 437 956 curriculum
451 923 585 962 biennii,
602 933 659 966 pro
677 922 766 955 novis
784 920 986 954 auditoribus

239 976 435 1009 instruendis
471 981 730 1008 commoraturus
760 974 818 1007 erit
833 1001 840 1015 ‚
879 979 910 1006 et
944 973 1003 1008 ita,

239 1029 404 1073 perpetuis
438 1029 552 1062 suturis
586 1028 786 1072 temporibus
824 1025 1003 1060 observarit

242 1083 444 1116 mandamus

286 1139 302 1179 ξ
327 1136 357 1169 6.
386 1136 583 1169 Electionem
609 1141 716 1168 autem
746 1135 906 1167 dictorum
929 1144 985 1166 au-

241 1191 382 1224 ditorum
420 1201 438 1222 a
475 1189 642 1233 praedicto
679 1188 815 1221 consilio
851 1187 986 1220 civitatis

240 1245 462 1285 Ferrariensis,
484 1249 520 1277 ut
548 1244 748 1288 praefertur,
782 1242 959 1276 faciendam
976 1269 983 1282 ,

240 1299 382 1343 incipere
395 1299 544 1332 volumus
556 1304 627 1341 post
640 1308 792 1341 praesens
806 1297 987 1340 quinquen-

240 1352 341 1393 nium,
366 1352 397 1385 in
418 1362 482 1396 quo
504 1351 669 1385 auditores
689 1362 747 1394 per
767 1350 920 1384 dilectum
943 1350 983 1382 si-

239 1406 318 1439 lium
343 1412 489 1439 nostrum
511 1405 642 1438 Petrum
663 1405 693 1438 S.
718 1404 840 1437 Nicolai
863 1404 893 1436 in
914 1404 987 1437 Car-

240 1470 313 1492 cere
334 1459 506 1493 diaconum
540 1458 738 1491 cardinalem
768 1457 985 1491 Aldobrandi-

239 1523 316 1546 num
352 1518 596 1556 nuncupatum,
629 1517 775 1545 nostrum
807 1512 984 1545 secuudum

240 1577 370 1600 carnem
392 1578 428 1599 ex
453 1567 552 1599 fratre
579 1577 734 1610 germano
764 1572 927 1610 nepotem,
951 1577 986 1599 ac

241 1620 271 1652 in
286 1620 412 1653 civitate
431 1625 462 1654 et
476 1620 592 1654 ducatu
606 1619 779 1664 praedictis
798 1625 942 1653 nostrum
958 1625 987 1653 et

240 1674 442 1717 Apostolicae
455 1674 545 1707 Sedis
571 1675 609 1707 de
636 1674 735 1707 latere
762 1674 901 1716 legatum
924 1674 986 1706 iam

241 1727 359 1760 electos
377 1727 578 1767 continuare,
600 1737 779 1770 eorumque
805 1727 988 1770 quinquen—

242 1781 332 1813 nium
350 1791 367 1813 ει
388 1781 439 1814 die
460 1781 553 1813 datae
575 1780 793 1824 praesentium
820 1780 984 1821 inchoare,

244 1840 274 1867 et
294 1841 328 1867 ut
349 1834 494 1878 sequitur
515 1834 620 1867 finire.

289 1888 353 1931 §7-
383 1889 567 1922 Praetorem
595 1899 725 1932 quoque
757 1888 860 1921 dictae
889 1888 988 1921 Rotae

245 1941 308 1975 iam
330 1942 466 1975 electum
496 1953 555 1986 per
574 1952 694 1974 annum
711 1969 718 1981 ‚
742 1942 781 1974 ab
804 1942 916 1975 eadem
938 1941 988 1974 die

245 1995 337 2028 datae
363 1995 581 2039 praesentium
607 1995 792 2038 incipiendo
818 2001 989 2039 praeturae

246 2048 387 2081 officium
401 2048 485 2081 iuxta
505 2049 643 2081 sormam
659 2048 791 2081 inferius
805 2048 990 2081 describen-

246 2102 318 2134 dam
340 2112 490 2134 exercere
511 2101 630 2134 debere
648 2101 829 2134 statuimus.

290 2156 305 2199 ξ
326 2155 355 2189 8.
379 2156 440 2189 Sed
462 2156 537 2200 quia
561 2156 634 2189 bovi
664 2156 822 2189 trituranti
846 2166 912 2189 non
944 2162 990 2189 est

246 2220 281 2243 os
302 2209 511 2252 alligandum,
535 2215 565 2242 et
586 2209 734 2242 laborum
757 2209 873 2253 cuique
891 2220 986 2253 prae-

246 2264 346 2297 mium
372 2263 567 2305 condignum
593 2268 637 2296 est
666 2263 932 2306 proponendum,
955 2269 990 2295 ut

245 2317 284 2350 ad
299 2317 370 2349 illos
382 2316 567 2349 subeundos
588 2315 725 2348 alacrior
745 2315 914 2351 reddatur:
932 2326 989 2348 nos

244 2376 417 2414 propterea
442 2369 575 2403 cuilibet
596 2380 631 2401 ex
654 2368 804 2412 praefatis
830 2368 989 2401 iudicibus

244 2423 344 2456 Rotae
364 2422 727 2466 Ferrariensis,praeter
746 2426 940 2465 praetorem,
958 2421 989 2453 in

244 2476 387 2519 singulos
410 2487 535 2509 menses
562 2476 693 2518 triginta
714 2475 856 2519 quinque
877 2479 986 2507 scuto·
1005 2481 1007 2489 ¹

246 2541 317 2563 rum
345 2530 413 2563 auri
440 2530 470 2562 iu
498 2540 594 2569 auro;
618 2528 760 2572 praetori
785 2537 861 2560 vero
889 2527 985 2570 quin-

246 2583 398 2627 quaginta
407 2582 549 2626 quinque
558 2581 711 2614 similium
722 2586 887 2613 scutorum
902 2591 990 2613 men-

247 2642 367 2670 struam
386 2635 601 2680 provisionem
617 2646 653 2668 ex
666 2634 845 2668 redditibus
866 2638 896 2666 et
917 2643 990 2677 pro-

247 2690 402 2723 visionem
430 2689 581 2723 Gamerae
610 2693 738 2722 nostrae
765 2686 961 2732 apostolicae
976 2714 983 2727 ‚

296 2753 374 2780 Bull.
391 2753 474 2780 nom.
491 2751 551 2780 Vol.
568 2752 603 2779 X.
819 2749 854 2777 65

1015 343 1072 376 per
1101 331 1333 375 depositarium
1371 329 1514 363 eiusdem
1545 329 1695 362 Gamerae
1726 326 1759 359 in

1016 386 1143 419 civitate
1164 391 1272 418 nostra
1294 383 1491 418 Ferrariensi
1512 394 1584 416 cum
1608 381 1760 414 mandato

1017 439 1112 481 legati
1143 450 1198 471 seu
1227 438 1417 480 vicelegati,
1449 443 1504 470 aut
1535 434 1761 479 gubernatoris

1018 492 1159 525 eiusdem
1183 491 1317 524 civitatis
1338 501 1397 534 pro
1420 496 1564 534 tempore
1585 488 1758 528 existentis,

1018 546 1263 589 persolvendam
1276 544 1500 577 constituimus
1511 549 1538 576 et
1550 543 1761 585 assignamus.

1064 601 1080 640 ἓ
1101 598 1131 631 9.
1156 600 1199 631 Ac
1219 603 1385 641 praeterea
1406 598 1553 630 volumus
1575 602 1605 629 et
1625 595 1759 629 ordina-

1019 707 1126 739 loeum
1145 705 1296 739 auditorii
1317 705 1347 737 iu
1362 716 1426 748 quo
1447 705 1528 737 Rota
1548 704 1618 736 sieri
1633 703 1759 743 debeat,

1020 766 1051 794 et
1072 762 1187 794 domus
1219 760 1249 792 in
1284 760 1401 803 quibus
1432 758 1568 802 praefati
1601 758 1765 790 auditores

1020 814 1203 854 commode,
1217 819 1248 846 et
1265 813 1351 845 iuxta
1365 812 1484 854 gradus
1499 811 1690 851 decentiam,
1707 810 1765 842 ho-

1002 871 1003 876 ’
1020 866 1153 899 norifice
1174 866 1319 899 habitare
1333 866 1469 905 valeant,
1487 865 1585 907 gratis
1602 864 1765 907 assignare

1020 925 1202 953 teneantur.

1066 975 1081 1016 ξ
1103 972 1155 1006 10.
1179 974 1283 1017 thue
1317 983 1465 1006 cursores
1486 972 1623 1015 eligant,
1656 970 1711 1014 qui
1732 970 1763 1002 in

1021 1026 1189 1060 Auditorio
1210 1026 1376 1069 praedicto
1398 1033 1543 1069 tempore
1564 1026 1663 1058 Rotae
1684 1023 1763 1057 assi-

1021 1086 1116 1119 stere,
1138 1086 1169 1112 et
1200 1080 1278 1112 illud
1296 1080 1335 1112 al)
1368 1079 1518 1112 omnibus
1550 1077 1764 1111 immunditiis

1021 1143 1200 1176 expurgare
1222 1134 1370 1166 debeant.

1067 1188 1082 1228 ξ
1104 1186 1156 1219 11.
1181 1186 1296 1220 lisdem
1317 1192 1484 1230 praeterea
1504 1185 1645 1229 praetori
1660 1191 1690 1218 et
1709 1195 1764 1217 au-

1022 1240 1199 1281 ditoribus,
1236 1245 1270 1273 ut
1297 1240 1458 1283 sportulas
1490 1245 1520 1272 et
1545 1239 1764 1272 emolumenta

1021 1304 1245 1337 quaecumque
1259 1294 1437 1326 seeundum
1452 1298 1570 1326 statuta
1584 1292 1761 1333 Ferrariae,

1022 1353 1053 1381 et
1080 1358 1216 1381 munera
1247 1347 1333 1380 iuxta
1365 1347 1610 1380 constitutiones
1635 1352 1664 1379 et
1689 1356 1766 1378 con-

1021 1401 1208 1434 suetudines
1235 1402 1335 1434 Rotae
1362 1400 1589 1441 Bononiensis,
1621 1399 1766 1443 recipere

1021 1455 1162 1499 possint,
1201 1455 1419 1498 permittimus
1451 1460 1479 1487 et
1515 1454 1654 1495 gratiose
1690 1464 1766 1487 eon-

1021 1509 1177 1549 cedimus‚
1195 1509 1422 1542 constitutione
1437 1508 1679 1541 Aldobrandina
1700 1518 1765 1540 non

1021 1564 1179 1596 obstante.

1067 1618 1083 1658 ξ
1102 1616 1154 1649 1⁶2.
1175 1617 1361 1656 Praeterea,
1383 1627 1447 1660 quo
1480 1616 1664 1658 diligentius
1690 1614 1764 1648 dicti

1022 1670 1187 1702 auditores
1222 1670 1326 1703 causis
1362 1670 1568 1714 expediendis
1582 1697 1589 1710 ,
1625 1670 1657 1702 id
1678 1669 1765 1712 quod

1022 1734 1229 1767 summopere
1249 1723 1343 1756 nohis
1364 1723 1453 1756 cordi
1475 1729 1537 1763 est,
1556 1733 1688 1766 operam
1710 1733 1766 1754 na-

1022 1783 1106 1818 vent,
1128 1777 1269 1810 districte
1284 1777 1404 1810 eisdem
1420 1776 1604 1809 inhibemus
1618 1776 1676 1809 sub
1687 1785 1765 1819 poe-

1023 1831 1072 1864 nis
1093 1831 1225 1864 arbitrio
1251 1830 1357 1873 legati,
1382 1830 1548 1873 vicelegati
1570 1835 1624 1863 aut
1643 1830 1764 1872 guber-

1023 1886 1145 1919 natoris
1163 1884 1389 1929 imponendis,
1418 1895 1457 1917 ne
1479 1884 1510 1917 in
1531 1884 1634 1917 causis
1655 1894 1765 1917 coram

1023 1940 1094 1972 aliis
1112 1939 1292 1979 iudicibus,
1325 1939 1356 1971 in
1393 1938 1518 1971 civitate
1547 1938 1713 1970 Fcrrariae
1731 1949 1768 1971 ac

1025 1994 1092 2027 eius
1113 1993 1269 2031 districtu,
1293 1994 1341 2026 vel
1364 1992 1440 2025 alibi
1462 1993 1492 2025 in
1516 1992 1675 2034 legatione
1695 2002 1766 2025 ver-

1024 2047 1175 2087 tentibus,
1198 2047 1265 2080 ullo
1287 2046 1384 2079 modo
1406 2045 1576 2079 consilium
1598 2046 1686 2085 dare,
1712 2050 1767 2077 aut.

1024 2100 1161 2133 aliorum
1183 2099 1323 2132 consiliis
1343 2110 1376 2132 se
1396 2099 1598 2132 subscribere
1613 2098 1762 2137 audeant3

1024 2154 1233 2187 concedimus
1254 2158 1373 2193 autem,
1390 2152 1468 2185 utid
1491 2152 1522 2184 in
1544 2151 1659 2191 causis,
1684 2162 1766 2194 quae

1024 2212 1112 2239 extra
1142 2206 1337 2248 legationem
1375 2211 1567 2244 tractantur,
1592 2204 1766 2247 aliquando

1024 2261 1127 2292 facere
1148 2260 1284 2292 valeant.

1069 2315 1085 2355 ξ
1106 2313 1158 2346 13.
1182 2314 1369 2346 iuhibemus
1389 2318 1555 2356 praetcrea
1570 2311 1629 2344 sul)
1642 2311 1763 2343 eisdem

1023 2367 1147 2410 poenis,
1164 2378 1204 2399 ne
1230 2378 1247 2399 a
1268 2366 1393 2399 civitate
1422 2371 1452 2399 ct
1471 2365 1631 2398 auditorio
1654 2364 1766 2397 diebus

1024 2431 1089 2453 non
1110 2420 1231 2453 seriatis
1245 2420 1365 2463 alisque
1380 2419 1509 2452 licentia
1522 2418 1645 2451 consilii
1657 2418 1766 2451 abesse
1811 2435 1816 2439 ·

1024 2473 1168 2516 possint:
1206 2473 1266 2505 nisi
1298 2474 1429 2505 sortasse
1462 2482 1516 2504 eos
1548 2471 1594 2503 vel
1626 2470 1766 2514 aliquem

1025 2536 1148 2565 eorum,
1165 2525 1290 2558 ratione
1309 2536 1477 2558 causarum
1492 2530 1523 2557 et
1537 2523 1644 2563 officii,
1657 2524 1767 2556 abesse

1025 2584 1204 2623 oporteret,
1229 2579 1277 2611 vel
1298 2578 1406 2621 aliquo
1428 2577 1511 2610 iusto
1534 2576 1767 2621 impedimento

1025 2633 1226 2665 detineretur
1255 2643 1319 2676 quo
1354 2632 1461 2664 minus
1494 2631 1533 2664 ad
1569 2630 1767 2663 auditorium

1025 2686 1189 2726 accedere,
1213 2691 1244 2719 et
1261 2696 1430 2719 causarum
1445 2683 1641 2728 expeditioni
1656 2693 1768 2717 vacare

1667 268 1730 301 513
1777 277 1826 304 An.
1848 277 1962 304 C.1599

1810 605 1888 626 Domus
1904 604 1963 625 audi-

1739 649 1744 654 .
1779 634 1859 652 tnrxtms
1876 634 1964 657 gratisa

1020 663 1101 693 mus,
1117 657 1152 685 ut
1166 652 1380 685 communitas
1394 651 1529 684 civitatis
1550 649 1763 683 Ferrarieusis
1779 661 1965 679 vohun-innatans-

1779 686 1889 711 signantia.

1794 978 1926 998 Cursorcsab
1935 977 1965 997 eis

1780 1006 1890 1031 eligentur:

1816 1192 1929 1218 Sportnlzze
1946 1194 1966 1211 et

1779 1225 1867 1239 munera
1882 1219 1965 1238 audito-

1779 1246 1837 1266 ribus
1843 1246 1966 1272 permittun-

1799 1619 1891 1639 Consilia
1901 1624 1966 1645 quan-

1781 1646 1807 1665 ‹lo
1824 1646 1895 1666 causis
1905 1651 1966 1675 prae-

1781 1675 1837 1693 stare
1852 1675 1939 1698 possint.

1819 2312 1893 2338 Aliquo
1909 2311 1968 2332 audi-

1782 2341 1839 2361 turo.
1865 2341 1918 2358 iusta
1941 2339 1966 2359 ilo

1782 2371 1854 2390 causa,
1867 2366 1967 2387 ahsente.

1782 2393 1831 2418 quid
1848 2392 1966 2413 meirnlum
