2253 3195
258 240 306 266 An.
328 239 358 266 c.
377 239 444 267 1603
490 228 554 263 886

457 293 580 331 gerent,
596 287 665 321 sine
686 292 792 320 tamen
813 286 1045 319 canonicorum
1066 291 1097 319 et
1117 286 1204 330 capi-

256 355 441 408 jfissifficltffiffgf
459 342 515 375 tuli
539 341 571 374 in
591 341 717 374 civitate
743 345 774 373 et
799 339 939 373 dioecesi
966 339 1200 383 Neapolitana,

256 411 317 430 turae
331 409 423 430 tradere.

457 405 494 428 ac
513 393 730 438 parochorum
752 392 964 436 praeiudicio,
984 392 1081 426 etiam
1103 392 1202 426 inter-

457 447 533 481 dicti
561 453 729 490 tempore,
749 446 986 479 ecclesiasticae
1017 446 1203 490 sepulturae

458 501 598 541 tradere3
623 500 761 533 liberum
790 505 897 533 tamen
926 499 966 533 sit
994 499 1144 544 praefatis
1170 508 1221 533 o-‘

457 554 587 588 mnibus
599 553 777 597 etsingulis
798 553 830 586 in
850 553 1045 598 supradictis
1063 553 1200 594 casibus,

457 615 521 642 tam
549 619 609 653 pro
635 608 891 642 confessionibus
910 607 1082 649 faciendis,
1106 618 1221 651 quam*

456 674 515 707 pro
536 663 606 696 aliis
623 662 840 696 Sacramentis
860 661 1083 706 suscipiendis,
1107 661 1202 695 etiam
1220 675 1222 688 ι

457 716 600 750 Paschali
633 722 790 760 tempore,
812 715 1002 749 viciniorem
1027 715 1201 760 parochia-

457 770 539 810 lem,
573 775 629 802 aut
658 769 754 802 etiam
787 768 1007 802 cathedralem
1046 768 1202 801 maiorem

457 824 626 858 ecclesiam
647 824 753 865 adire,
779 830 1019 868 praeceptoque
1044 823 1204 857 Ecclesiae

458 877 538 911 inibi
559 877 741 911 satisfacere
759 877 932 921 eidemque
949 877 1118 921 capellano
1139 886 1205 908 ma-

457 931 518 965 iori
531 932 570 965 de
583 931 760 975 praemissa
771 930 986 964 satisfactione
1000 930 1097 964 fidem
1112 940 1206 975 prae-

457 986 626 1019 sentando.
639 985 810 1018 Praeterea
827 984 933 1018 eidem
954 985 1123 1029 capellano
1138 995 1205 1018 ma-

459 1039 530 1080 iori,
554 1043 591 1072 ut
609 1038 794 1082 capellanos
815 1043 845 1071 et
865 1038 1071 1083 presbyteros
1095 1038 1135 1071 ad
1155 1041 1223 1071 re-'

459 1103 534 1136 gum
563 1103 620 1126 seu
651 1102 826 1136 proregum
853 1097 967 1125 nutum
996 1091 1201 1132 amovibiles,

459 1157 496 1180 ex
528 1145 715 1190 approbatis
739 1151 846 1179 tamen
867 1145 906 1179 ab
935 1145 1118 1183 Ordinario.
1146 1150 1223 1189 pro}

461 1199 680 1234 celebratione
701 1199 883 1240 missarum,
901 1210 936 1232 ac
957 1209 1032 1233 vero
1045 1205 1076 1232 ct
1089 1200 1205 1233 actuali

421 1254 425 1257 ⁴
460 1253 612 1287 exercitio
637 1263 733 1286 curae
757 1252 939 1286 animarum
972 1263 1032 1296 pro
1060 1253 1206 1296 personis

460 1307 493 1340 in
513 1307 672 1341 fortalitiis
693 1306 789 1349 regiis
809 1307 942 1351 Neapoli
971 1306 1181 1340 existentibus
1195 1334 1202 1348 ,

460 1366 489 1395 et
519 1361 601 1394 intra
621 1371 734 1394 eorum
766 1365 857 1404 septa
887 1360 1095 1402 degentibus,
1124 1354 1225 1404 quael

461 1421 567 1448 tamen
599 1424 756 1458 personae
783 1413 889 1447 officia
915 1421 945 1446 et
979 1424 1115 1447 munera
1142 1413 1204 1446 ali-

460 1468 565 1513 quain
580 1468 701 1501 eisdem
723 1467 882 1501 fortalitiis
904 1478 1053 1501 exercere
1074 1467 1203 1507 debent,

460 1533 496 1555 ac
517 1521 642 1555 ratione
663 1520 772 1560 officii,
796 1520 961 1554 custodiae
982 1526 1012 1554 et
1034 1520 1154 1553 servitii
1171 1532 1207 1554 ac

461 1575 659 1609 assistentiae
676 1574 848 1608 continuae
867 1574 986 1607 ibidem
1008 1574 1150 1608 residere
1165 1581 1208 1608 te-

461 1635 597 1668 nentur,
621 1634 651 1661 et
682 1633 854 1672 propterea
878 1627 1039 1671 stipendia
1063 1638 1081 1661 a
1113 1628 1209 1671 regiis

462 1682 616 1716 ministris
647 1682 791 1727 recipere
822 1688 1079 1723 consueverunt,
1111 1683 1207 1716 simili

462 1736 560 1770 modo
581 1736 752 1770 nominare
773 1746 811 1769 ac
831 1736 998 1780 deputare.
1017 1736 1064 1769 Ad
1081 1736 1161 1770 haec
1175 1742 1209 1770 ut

462 1790 547 1823 idern
568 1789 754 1834 capellanus
776 1789 880 1823 maior
905 1799 1018 1823 omnes
1043 1795 1074 1823 et
1097 1789 1208 1832 singu-

463 1844 509 1877 las
530 1843 777 1883 controversias,
799 1843 869 1876 lites
890 1849 919 1876 et
941 1853 1063 1884 causa-³,
1089 1849 1151 1876 tam
1166 1844 1210 1877 ci—

462 1897 539 1930 viles
567 1907 664 1941 quam
698 1896 902 1936 criminales,
930 1907 967 1930 ac
998 1896 1206 1940 prophanas,

462 1961 527 1985 non
547 1957 653 1984 tamen
676 1950 891 1990 beneficiales,
906 1960 965 1983 nec
984 1950 1133 1991 maiores,
1151 1961 1210 1985 nec

463 2006 549 2038 iuxta
584 2004 756 2038 canonicas
786 2003 969 2037 sanctiones
998 2003 1029 2037 in
1066 2005 1210 2038 Romana

462 2059 577 2098 Curia,
601 2063 655 2092 aut
688 2069 744 2102 per
771 2058 940 2102 episcopos
973 2057 1059 2101 ipsos
1089 2068 1209 2101 cogno-

462 2112 608 2151 scendas,
632 2122 690 2144 nec
711 2121 848 2155 quarum
870 2110 1012 2153 cognitio
1033 2111 1118 2144 iuxta
1130 2110 1211 2145 Con-

464 2165 528 2198 cilii
546 2164 725 2198 Tridentini
746 2164 876 2197 decreta
897 2163 1106 2197 inferioribus
1120 2174 1211 2207 prac-

465 2218 536 2251 latis
569 2224 615 2251 est
644 2217 833 2256 interdicta,
865 2223 977 2250 contra
1006 2216 1207 2261 capellanos,

464 2278 612 2306 cantores
633 2277 664 2305 et
688 2271 852 2304 scholares
874 2270 977 2304 dictae
1009 2270 1153 2315 capellae
1179 2270 1209 2304 in

464 2337 500 2359 ea
521 2332 593 2359 actu
614 2325 788 2359 servientes
803 2332 832 2358 et
850 2324 1010 2369 stipendia
1031 2324 1211 2369 percipien-

465 2386 522 2418 tes,
536 2390 660 2413 necnon
676 2379 706 2412 in
722 2379 815 2412 dictis
833 2378 994 2412 fortalitiis
1007 2378 1208 2412 constituen-

465 2434 522 2466 dos
547 2433 682 2466 clericos
711 2438 741 2465 et
770 2432 954 2476 capellanos
981 2432 1098 2465 ibidem
1132 2431 1211 2465 resi-

465 2487 587 2524 dentes,
611 2492 641 2519 et
661 2491 733 2518 actu
756 2485 976 2523 inservientes,
994 2491 1081 2519 extra
1104 2490 1210 2518 tamen

467 2540 643 2572 itomanam
665 2539 792 2572 (lui-iam
820 2546 923 2572 motas
944 2540 990 2572 vel
1013 2539 1208 2577 movendas,

468 2593 498 2625 in
520 2593 623 2636 prima
645 2599 768 2625 tantum
801 2593 951 2626 instantia
966 2620 973 2633 ,
997 2592 1131 2630 audire.
1152 2603 1208 2625 ro·

467 2656 634 2689 gnoscere,
663 2647 792 2690 fineque
813 2646 922 2679 debito
941 2657 998 2690 pro
1020 2645 1138 2679 iustitia
1151 2652 1212 2679 ter-

1044 238 1228 263 BL'LLARIUM
1247 238 1402 262 ROMANL‘M

1988 239 2035 266 An.
2056 238 2084 266 C.
2100 237 2168 270 ¹6oe
2216 247 2225 284 Ε·

1237 286 1380 326 minare,
1404 285 1447 319 ita
1466 292 1502 320 ut
1529 286 1726 331 quicumque
1755 287 1903 320 locorum
1919 287 1979 322 Or-

1237 339 1376 379 dinarii,
1405 345 1459 372 aut
1490 339 1543 372 alii
1576 339 1698 373 iudices
1731 339 1836 373 eidem
1865 340 1979 374 maiori
2008 353 2174 377 ominatum.
2218 357 2219 361 ¹

1237 392 1405 437 capellano
1438 392 1605 432 inhibere,
1626 403 1685 426 nec
1717 393 1748 426 in
1779 393 1979 437 praedictum
1994 381 2176 430 ffliffl'fflss
2218 395 2220 399 ’

1995 438 2041 454 nem
2078 438 2175 458 exona·
2219 432 2220 435 ’

1239 446 1392 480 maiorem
1414 452 1445 480 et
1472 446 1615 490 reliquos
1645 447 1847 491 capellanos,
1870 453 1981 481 canto-
1995 461 2081 486 queant.

1239 511 1288 533 res
1308 506 1339 533 et
1362 501 1526 535 scholares
1555 500 1587 533 in
1619 501 1732 534 eadem
1754 501 1885 545 ,capella
1908 506 1982 535 actu

1237 553 1422 593 servientes,
1450 559 1481 587 et
1501 553 1661 598 stipendia
1681 554 1771 597 regia
1794 553 1980 599 percipien-

1240 612 1299 647 tes,
1323 617 1359 640 ac
1380 607 1458 640 alios
1480 607 1512 640 in
1537 607 1657 641 eisdem
1680 606 1839 640 fortalitiis
1859 607 1980 641 consti-

1240 660 1395 701 tuendos,
1419 666 1449 693 et
1481 659 1525 693 ibi
1550 659 1747 700 residentes,
1775 665 1807 693 et
1834 666 1905 694 actu
1936 660 1984 694 in-

1238 713 1413 746 servientes
1433 714 1617 757 capellanos
1634 719 1665 747 et
1685 713 1831 754 clericos,
1853 725 1934 758 quos
1944 714 1984 748 ab

1239 766 1301 800 illis
1325 767 1499 810 praedictis
1520 767 1718 812 respectibus
1736 772 1859 801 tantum
1886 778 1982 812 pror-

1239 832 1292 854 sus
1312 821 1481 855 eximimus
1501 827 1533 855 et
1557 821 1700 855 totaliter
1727 821 1903 855 liberamus
1917 849 1925 862 ,
1948 824 1985 856 ac

1239 886 1294 908 eos
1329 875 1414 909 dicto
1451 876 1621 919 capellano
1653 875 1768 909 maiori
1800 876 1986 910 immediate

1239 929 1428 962 subiicimus
1443 957 1450 970 ,
1471 930 1570 963 ullam
1596 930 1724 974 penitus
1751 929 1783 962 in
1803 930 1986 974 praedictos

1239 982 1511 1026 superioritatem,
1535 983 1717 1016 dominium
1738 988 1769 1017 et
1789 983 1985 1018 iurisdictio-

1240 1047 1325 1076 nem,
1349 1036 1524 1080 praedictis
1545 1037 1754 1081 respectibus,
1772 1047 1922 1071 exercere
1932 1043 1988 1071 aut

1239 1100 1273 1123 se
1291 1089 1329 1123 dc
1350 1090 1412 1123 illis
1433 1090 1680 1134 quomodolibet
1700 1090 1915 1124 intromittere
1934 1101 1987 1125 va-

1241 1144 1344 1184 leant;
1372 1144 1427 1177 sed
1455 1143 1610 1188 praedicti
1639 1144 1815 1188 capellani,
1839 1149 1988 1178 cantores

1240 1203 1271 1230 et
1291 1197 1373 1230 aliae
1401 1208 1558 1241 personae
1588 1197 1823 1231 ecclesiasticae
1842 1198 1986 1232 eiusdem

1240 1251 1382 1294 capellae
1403 1257 1433 1284 et
1450 1251 1678 1284 fortalitiorum
1699 1251 1903 1292 huiusmodi,
1927 1262 1984 1286 co-

1241 1316 1308 1337 ram
1327 1305 1441 1338 eodem
1469 1305 1635 1349 capellano
1657 1305 1791 1345 maiore,
1814 1316 1870 1339 seu
1888 1305 1928 1338 ab
1948 1316 1987 1340 eo
2175 1303 2187 1331 ἶ·

1240 1358 1451 1401 subdelegato
1483 1358 1588 1392 iudice
1626 1359 1790 1392 dumtaxat
1821 1359 1853 1392 in
1884 1359 1988 1393 causis
2163 1321 2199 1452 ἓ

1242 1411 1439 1453 huiusmodi,
1463 1412 1495 1445 iu
1516 1412 1601 1446 dicta
1622 1412 1783 1453 instantia,
1807 1413 1847 1446 de
1868 1412 1990 1447 iustitia
2183 1428 2196 1439 w

1242 1465 1439 1509 respondere
1466 1471 1653 1506 teneantur;
1687 1471 1788 1510 utque
1817 1466 1901 1500 idem
1935 1477 1988 1500 ca·
2137 1461 2188 1501 „⁵⁴

1241 1519 1389 1563 pellanus
1414 1519 1518 1552 maior
1543 1530 1602 1563 per
1627 1530 1681 1560 se,
1705 1519 1754 1553 vel
1780 1519 1902 1561 alium,
1929 1530 1987 1554 seu

1242 1573 1322 1607 alios
1342 1573 1486 1607 eiusdem
1507 1573 1650 1617 capellae
1672 1573 1778 1616 regiae
1799 1573 1987 1616 regniNea-

1242 1626 1376 1670 politani
1409 1626 1615 1670 capellanos,
1650 1632 1797 1660 cantores
1828 1632 1859 1660 et
1890 1626 1987 1660 scho-

1243 1680 1325 1714 lares
1347 1680 1378 1713 in
1404 1680 1450 1713 cis
1478 1686 1551 1714 actu
1583 1680 1756 1715 servientes
1780 1686 1810 1714 et
1837 1686 1991 1715 consueta

1243 1734 1403 1778 stipendia
1416 1734 1643 1778 percipientes,
1660 1734 1741 1768 acin
1755 1734 1848 1768 dictis
1866 1734 1990 1768 fortali-

1245 1788 1296 1822 tiis
1315 1788 1559 1822 constituendos
1583 1788 1719 1822 clericos
1739 1795 1769 1822 et
1790 1789 1987 1833 capellanos,

1245 1842 1298 1886 qui
1317 1848 1451 1886 propter
1471 1842 1642 1876 violentam
1665 1852 1819 1875 manuum
1837 1841 1990 1876 iniectio—
2174 1867 2188 1887 ρ

1245 1907 1318 1929 nem
1343 1896 1427 1929 inter
1450 1907 1484 1929 se
1511 1896 1597 1940 ipsos
1618 1902 1754 1936 tantum,
1783 1895 1862 1929 citra
1883 1901 1989 1929 tamen
2173 1896 2195 1942 A

1246 1950 1466 1983 membrorum
1482 1949 1729 1989 mutilationem,
1750 1954 1805 1982 aut
1821 1959 1989 1983 enormem
2174 1948 2198 2002 ᾗ

1246 2003 1439 2043 laesionem,
1463 2003 1654 2036 sententiam
1682 2003 1990 2036 excommunicatio·
2177 2044 2194 2053 ἢ

1245 2056 1293 2090 nis
1306 2056 1511 2096 incurrerint,
1527 2062 1555 2090 et
1569 2056 1753 2090 huiusmodi
1773 2055 1932 2090 sententia
1952 2055 1991 2089 li-
2179 2063 2186 2088 t

1245 2110 1328 2152 gali,
1353 2110 1464 2143 missas
1495 2116 1525 2143 et
1554 2110 1617 2143 alia
1646 2109 1753 2143 divina
1773 2109 1898 2150 officia,
1926 2119 1991 2143 non
2178 2101 2187 2127 l

1247 2169 1351 2197 utinen
1386 2163 1417 2196 in
1453 2169 1674 2207 contemptum
1707 2163 1867 2203 clavium,
1902 2163 1989 2196 cele·
2178 2179 2193 2211 ς

1246 2217 1382 2257 brando,
1407 2216 1677 2259 irregularitatem
1696 2216 1837 2260 aliquam
1858 2221 1988 2250 contra·
2175 2216 2194 2229 ⁴

1247 2271 1359 2309 xerint,
1383 2271 1422 2304 ab
1448 2271 1560 2304 eadem
1583 2270 1744 2304 sententia
1764 2269 1989 2304 excommuni-

1245 2325 1397 2364 cationis,
1423 2324 1565 2357 iniuncta
1591 2323 1635 2357 cis
1664 2333 1722 2367 pro
1752 2323 1849 2357 modo
1878 2323 1992 2367 culpae

1245 2379 1355 2423 aliqua
1376 2377 1575 2422 poenitentia
1595 2376 1739 2416 salutari,
1763 2376 1794 2409 in
1817 2377 1920 2410 forma
1940 2386 1992 2410 ec-

1245 2432 1362 2465 clcsiae
1376 2437 1540 2471 consucta,
1555 2431 1732 2471 absolvere,
1747 2436 1778 2464 et
1793 2440 1892 2474 super
1911 2429 1991 2463 irre-
2179 2464 2186 2475 Ἰ

1246 2485 1417 2528 gularitate
1440 2484 1602 2529 praedicta
1620 2484 1818 2528 dispensare,
1843 2493 1991 2516 omnem-
2171 2483 2195 2555 ὲ

1245 2549 1307 2582 que
1344 2537 1552 2571 inhabilitatis
1587 2543 1618 2569 et
1644 2537 1792 2570 infamiae
1829 2535 1989 2569 maculam

1246 2591 1310 2625 sive
1329 2597 1436 2624 notam
1453 2601 1574 2634 percos
1589 2596 1759 2634 propterca
1777 2593 1987 2627 contractam,

1247 2645 1389 2685 abolere,
1414 2644 1514 2678 libere
1532 2649 1563 2678 et
1584 2643 1668 2677 licite
1693 2642 1793 2687 possit
1812 2647 1842 2678 es
1867 2640 1987 2680 valeat,
