2253 3195
42 279 88 306 An.
105 277 134 304 G.
152 276 219 304 1602

849 276 996 300 CLEMENS
1014 276 1073 300 VIII
1093 277 1144 300 PP.

235 331 350 358 matur.
363 324 618 358 Archidiaconus
628 324 974 368 maiorSegolfficensis

234 379 333 411 solvat
358 378 436 410 duas
461 378 557 411 libras
581 384 612 411 et
636 379 744 411 (leuem
770 378 902 418 solidos,
925 389 973 411 ra-

235 432 323 465 tione
332 432 479 465 undenae
501 432 598 475 partis
615 432 812 464 decimarum
827 431 865 463 ad
883 442 973 465 suam

234 485 423 528 dignitatem
449 486 648 529 pertinentis.
666 486 974 529 Appia-anturprac-

234 544 318 572 terea
350 550 387 572 ex
412 539 569 572 reditibus
605 539 679 572 olim
717 539 972 582 mcsqussmum,

234 591 288 634 qui
313 591 353 623 ad
377 592 515 624 valorem
541 591 651 634 viginti
676 602 790 625 novem
808 592 972 631 librarum,

234 649 355 687 septem
380 645 559 677 solidorum
592 650 622 677 et
655 644 794 677 duorum
823 644 972 677 denario-

235 708 306 730 rum
324 697 468 739 quolibet
488 708 572 730 anuo
593 697 782 737 ascendunt,
805 697 974 730 tresdecim

235 750 314 783 aliae
346 750 465 791 librae,
500 762 583 795 quae.
616 762 688 784 cum
721 751 863 794 quinque
888 750 976 784 libris

236 814 317 847 quae
343 810 435 837 antea
460 804 729 843 desumebantur,
751 810 844 837 crunt
865 804 975 837 decem

236 863 266 890 et
291 863 364 891 octo
388 857 501 898 librae,
529 868 611 901 quae
637 868 749 891 omnes
773 868 917 890 summae
934 857 973 890 li—

236 911 309 944 bras
335 917 465 945 centum
498 911 662 948 efficiunn
702 923 783 955 quae
816 922 873 955 pro
905 911 977 944 dote

236 965 394 1007 praefatae
418 964 553 998 vicariae
580 965 713 1008 eiusque
741 964 848 998 vicarii
870 976 978 1008 perpe-

238 1018 295 1057 tui,
307 1029 364 1061 per
376 1020 535 1062 praefatos
549 1019 791 1052 contribuentes
806 1018 978 1061 respective

237 1072 381 1115 quolibet
402 1083 487 1105 anno
505 1078 659 1116 perpetuo
676 1072 857 1111 solvendae,
879 1071 980 1114 appli-

238 1132 368 1158 camur:
398 1126 470 1159 etin
487 1126 546 1159 bac
571 1125 734 1159 dotatione
751 1125 881 1158 domina
902 1130 980 1158 tem-

238 1180 356 1222 poralis
381 1179 542 1212 dictorum
568 1179 713 1211 locorum
736 1189 791 1222 pro
816 1189 872 1211 sua
890 1178 979 1211 tertia

214 1237 327 1276 ‘parte
352 1232 550 1265 decimarum
588 1242 651 1265 non
678 1232 863 1265 contribuit.
890 1231 980 1270 Quo—

239 1296 377 1329 cumque
393 1296 465 1319 vero
479 1285 573 1318 modo
585 1288 754 1329 praelatam
770 1284 980 1317 infirmariam

239 1348 349 1371 vacare
374 1338 558 1382 eontigerit,
586 1338 760 1381 capitulum
775 1337 981 1380 Segobricen-

239 1393 282 1439 sis
306 1392 477 1431 Ecclesiae,
496 1392 582 1435 quod
615 1391 758 1424 succedit
774 1391 807 1423 in
825 1390 981 1424 fructibus

239 1445 466 1489 primitialibus
497 1445 645 1488 praefatis
661 1472 669 1485 ‚
704 1444 786 1478 ultra
825 1446 981 1488 praefatas

239 1498 453 1541 quadraginta
471 1497 580 1538 libras,
600 1503 745 1532 teneatur
758 1499 879 1531 solvere
892 1507 982 1540 prae-

240 1551 319 1584 senti
332 1551 487 1584 dotationi
507 1551 587 1584 alias
605 1551 717 1594 viginti
734 1551 852 1584 libras:
871 1560 982 1583 omnes

241 1611 333 1638 erunt
356 1605 517 1648 sexaginta
542 1604 661 1646 librae,
690 1605 732 1638 ita
757 1611 789 1638 ut
807 1604 912 1638 eidem
937 1606 983 1638 ot'-

241 1658 313 1691 ficio
350 1658 546 1690 infirmariae
583 1658 784 1701 reliquantur
823 1658 982 1701 praefatae

241 1711 473 1755 quinquaginta
515 1712 613 1745 librae
629 1740 636 1753 ,
671 1712 861 1744 auctoritate
901 1722 980 1755 apo-

241 1766 353 1798 stolica
377 1765 480 1798 eidem
506 1766 703 1809 assignatae,
726 1766 842 1798 liberae
863 1772 894 1798 et
918 1765 981 1798 im-

243 1830 356 1853 munes
368 1820 407 1852 ab
424 1819 609 1853 huiusmodi
625 1820 883 1858 contribution03
901 1830 983 1862 quae

242 1873 350 1915 viginti
374 1872 473 1905 librae
497 1883 534 1905 eo
551 1883 626 1905 casu
645 1883 661 1904 a
678 1872 882 1916 portionibus
901 1883 985 1905 con-

243 1924 453 1959 tribuentium
468 1925 498 1958 in
515 1926 573 1958 hac
588 1925 764 1964 dotatione,
785 1925 906 1959 ratione
924 1925 981 1958 de-

243 1979 398 2012 cimarum
416 1979 592 2018 dumtaxat,
612 1979 799 2012 minuantur
824 1990 881 2022 pro
902 1986 981 2020 rata,

242 2032 370 2075 sintque
395 2032 440 2065 sic
464 2031 703 2065 contribuentes
729 2032 818 2065 liberi
845 2033 883 2065 ab
910 2032 981 2065 illa-

242 2096 313 2118 rum
339 2085 498 2118 solutione
516 2096 573 2128 pro
587 2096 643 2118 sua
657 2086 794 2128 quisque
819 2086 983 2128 porti0ne3

243 2145 274 2172 et
298 2138 450 2182 quoniam
477 2139 672 2171 infirmarius
697 2139 857 2182 praefatus
874 2139 981 2182 quoli-

242 2192 295 2225 bet
316 2203 399 2225 anno
418 2202 516 2224 unum
535 2192 631 2225 tritici
653 2191 802 2224 caficium
824 2192 984 2224 art-bidia-

243 2254 325 2278 cono
342 2245 453 2278 maiori
475 2244 718 2288 Segobricensi,
738 2244 863 2277 ratione
882 2244 985 2278 visita-

245 2298 338 2331 tionis
355 2299 435 2342 pilae
452 2309 508 2331 seu
523 2298 618 2331 sontis
636 2298 836 2342 baptismalis
851 2297 984 2330 vicariae

243 2357 418 2395 perpetuae
442 2350 541 2384 totius
566 2351 659 2384 Vallis
684 2352 722 2384 de
747 2350 929 2383 ⁴limonacir
955 2354 980 2383 ¹:

244 2409 274 2436 et
294 2404 332 2436 ab
353 2414 389 2436 ea
412 2403 471 2436 fuit
494 2403 721 2437 dismembrata
746 2403 883 2436 rectoria
896 2403 986 2446 oppi-

244 2456 359 2489 dorum
384 2457 509 2501 Gayviel
533 2462 563 2489 ct
580 2457 685 2497 Matct,
707 2463 737 2489 ct
755 2457 824 2489 suis*
838 2456 985 2500 primitiis

244 2509 365 2543 dotata:
386 2516 492 2544 rector
505 2510 543 2542 de
558 2509 684 2554 Gayviel
699 2509 982 2550 teneatursolverc,

246 2570 280 2597 ut
304 2574 443 2607 aequum
468 2569 532 2604 est,
561 2564 671 2596 saltem
703 2563 829 2596 tertiam
862 2568 985 2606 partem

284 2637 293 2661 'l
317 2634 356 2662 lta
371 2634 397 2661 in
417 2634 535 2662 editione
554 2642 674 2668 romana,
692 2633 737 2661 ubi
756 2632 858 2668 aliquid
878 2632 985 2660 deside-

247 2683 329 2706 ratur.
347 2681 443 2711 (usn).

1007 324 1086 357 dicti
1112 323 1205 356 tritici
1230 323 1350 362 casu-ii,
1371 328 1401 356 et
1419 323 1559 366 reliquas
1579 322 1658 354 duas
1676 332 1749 364 par-

1008 383 1052 410 tes
1070 377 1245 420 capitulum
1260 376 1344 420 quod
1363 376 1506 410 succedit
1529 376 1561 408 in
1580 375 1747 408 fructibus.

1009 430 1042 462 In
1060 429 1178 473 oppido
1196 430 1257 473 Ayr
1274 429 1399 469 domus,
1427 439 1509 472 quae
1526 434 1611 461 extat
1641 427 1749 461 vicarii

1008 484 1162 527 perpetui,
1179 483 1352 522 reficiatur,
1371 488 1400 515 et
1418 481 1559 514 sacristia
1584 487 1748 514 construa-

1010 542 1071 576 tur,
1092 541 1122 568 et
1143 535 1174 567 in
1192 535 1310 578 oppido
1327 535 1463 578 Algimia
1488 535 1630 567 sacristia
1654 534 1749 567 ctiam

1010 595 1224 629 construatur,
1243 590 1329 622 iuxta
1346 590 1480 621 sormam
1498 588 1656 621 traditam.
1677 588 1751 620 Ter-

1009 653 1062 675 rae
1088 654 1160 675 vero
1186 648 1216 675 et
1239 642 1380 683 reditus,
1409 642 1463 684 qui
1489 642 1527 673 ad
1558 641 1750 684 mesquitam

1010 697 1086 729 olim
1111 696 1324 740 pertinebant,
1351 695 1494 729 eeclesiis
1510 695 1683 738 respective
1698 705 1751 737 ap-

1012 750 1115 794 plicati
1142 756 1301 783 maneant.

1217 830 1364 873 Gaym'el,
1387 834 1416 862 et
1437 830 1545 862 Mutet.

1049 911 1209 955 Oppidum
1226 910 1600 953 Gayve'elquinquaginta
1615 915 1754 953 quatuor

1013 965 1154 998 continet
1175 964 1290 997 domus
1307 963 1552 996 christianorum
1573 963 1695 995 noviter
1712 961 1751 994 ad

1014 1019 1109 1051 fidem
1146 1017 1335 1050 catholicam
1371 1026 1616 1055 conversorum,
1661 1015 1754 1048 euius

1014 1072 1163 1105 dominus
1183 1071 1369 1113 temporalis
1383 1076 1429 1103 est
1442 1070 1619 1103 D.Ioannes
1639 1069 1755 1102 Garces

1014 1126 1052 1158 ‹le
1078 1124 1252 1163 Haeredia,
1287 1128 1467 1166 separatum
1499 1122 1558 1155 fuit
1589 1133 1606 1155 a
1638 1122 1756 1155 vicaria

1015 1170 1168 1221 perpclua
1192 1177 1287 1210 Vallis
1308 1177 1345 1209 de
1371 1176 1553 1209 Almonavir
1580 1186 1637 1219 per
1662 1186 1756 1208 com—

1016 1232 1177 1265 missarios
1212 1231 1402 1274 apostolicos
1422 1229 1460 1262 de
1490 1239 1573 1262 anno
1604 1238 1754 1268 unxxxiv,

1016 1285 1097 1318 etin
1118 1296 1155 1318 eo
1180 1283 1371 1328 parochialis
1403 1282 1535 1316 ecclesia
1567 1288 1671 1315 crecta
1699 1281 1757 1314 sub

1017 1338 1217 1371 invocatione
1238 1337 1268 1370 S.
1298 1337 1383 1369 Petri
1404 1335 1562 1379 Apostoli,
1586 1335 1760 1377 datumque

1016 1392 1073 1425 suit
1093 1391 1138 1424 illi
1156 1401 1214 1434 pro
1231 1400 1355 1423 annexo
1373 1389 1524 1433 oppidum
1539 1388 1650 1427 Mutet,
1673 1387 1759 1430 quod

1018 1444 1147 1488 triginta
1173 1443 1322 1477 domibus
1346 1448 1485 1482 constat,
1508 1441 1677 1475 duodecim
1703 1451 1759 1474 no-

1017 1500 1095 1532 viter
1120 1508 1359 1537 conversorum,
1383 1503 1413 1530 et
1433 1496 1543 1530 decem
1559 1503 1590 1529 et
1616 1501 1687 1528 octo
1709 1505 1759 1527 vc-

1017 1558 1121 1584 terum
1142 1550 1407 1590 christianorum,
1431 1557 1462 1582 et
1479 1560 1496 1581 a
1517 1549 1643 1593 Gayviel
1665 1548 1759 1581 distat

1018 1603 1151 1637 dimidia
1178 1603 1278 1636 leuca.
1303 1603 1375 1635 Fuit
1406 1602 1513 1635 dotata
1541 1601 1579 1635 de
1612 1600 1759 1644 primitiis

1018 1657 1168 1691 omnibus
1185 1655 1291 1700 oppidi
1318 1656 1455 1700 Gayviel,
1482 1666 1564 1698 quae
1588 1660 1663 1687 tunc
1681 1660 1760 1687 tem-

1019 1711 1104 1755 poris
1129 1720 1252 1743 annexa
1276 1716 1366 1742 erant
1395 1708 1571 1741 infirmario
1607 1707 1760 1741 ccclesiae

1019 1764 1269 1808 Segobricensis,
1281 1773 1338 1807 pro
1348 1763 1465 1806 quibus
1479 1768 1554 1795 tunc
1565 1761 1760 1794 infirmarius

1019 1818 1156 1851 solveret
1181 1828 1234 1850 sex
1258 1816 1356 1849 libras
1376 1815 1519 1859 quolibet
1538 1825 1622 1848 anno
1644 1813 1760 1847 rectori

1019 1870 1058 1903 de
1079 1870 1223 1914 Gayviel;
1246 1876 1277 1902 et
1302 1879 1506 1912 quocumque
1540 1868 1635 1901 modo
1665 1867 1757 1899 infir-

1021 1924 1121 1957 maria
1145 1929 1298 1963 vacasset,
1319 1923 1386 1966 ipso
1404 1923 1486 1955 facto
1499 1921 1657 1965 primitiae
1670 1931 1762 1964 prae-

1019 1978 1101 2010 fatae
1137 1977 1279 2019 integrae
1314 1975 1418 2008 dietae
1450 1973 1603 2007 ecclesiae
1635 1973 1761 2016 Gayvicl

1020 2030 1153 2072 eiusque
1186 2028 1302 2062 rectori
1336 2032 1502 2060 manerent
1533 2026 1707 2070 applicatae
1731 2026 1762 2058 in

1020 2089 1233 2127 perpetuum,
1260 2081 1342 2114 sicut
1374 2080 1579 2124 postmodum
1611 2079 1758 2121 contigit:

1020 2142 1050 2169 et
1069 2136 1108 2168 de
1128 2136 1190 2169 illis
1215 2141 1287 2168 octo
1312 2134 1401 2167 libris
1419 2139 1565 2166 monetae
1589 2132 1760 2171 Valentiae,

1020 2200 1099 2233 quas
1132 2189 1251 2221 domna
1284 2187 1385 2220 Isabel
1412 2186 1451 2219 de
1486 2186 1660 2226 Haeredia,
1687 2191 1763 2219 tunc.

1021 2244 1150 2277 domina
1164 2243 1239 2277 dicti
1253 2242 1373 2286 oppidi,
1391 2241 1536 2285 promisit
1552 2240 1667 2273 rectori
1684 2249 1763 2283 quo-

1020 2297 1098 2330 libet
1123 2307 1207 2329 anno
1235 2297 1357 2329 solvere
1381 2306 1478 2338 super
1502 2293 1658 2327 reditibus
1686 2292 1762 2325 dicti

1020 2350 1128 2394 oppidi
1142 2350 1281 2393 Gayviel,
1306 2348 1509 2391 consignatas
1522 2347 1664 2380 sicutcas
1680 2356 1759 2378 con-

1020 2403 1170 2446 signavit,
1199 2401 1391 2445 proquibus
1416 2409 1601 2433 concessum
1627 2398 1686 2431 suit
1705 2398 1760 2437 itti,

1019 2462 1049 2490 ct
1069 2457 1133 2489 suis
1147 2455 1385 2488 successoribus
1406 2454 1644 2497 iuspatronatus
1658 2451 1762 2484 dictae

1020 2510 1185 2550 rectoriae,
1212 2520 1284 2541 cum
1317 2507 1535 2551 obbligatione
1570 2506 1666 2539 etiam
1691 2505 1764 2538 reli—

1020 2564 1124 2599 cicndi
1151 2569 1182 2597 et
1205 2562 1423 2596 substentandi
1445 2561 1597 2595 fabricam
1615 2567 1646 2594 et
1663 2571 1760 2594 orna-

1020 2623 1126 2650 menta
1159 2615 1311 2649 ecelesiae
1344 2615 1504 2659 praefatae
1541 2615 1579 2647 de
1622 2613 1760 2657 Gayviel.

1022 2669 1177 2713 Applicati
1210 2669 1305 2702 etiam
1335 2675 1363 2702 ct
1396 2667 1572 2711 consignati
1608 2677 1665 2710 pro
1690 2666 1764 2699 dote

1660 262 1724 297 823
1770 271 1817 298 An.
1837 271 1864 297 (z.
1882 272 1948 298 ¹002
