2253 3195
244 234 294 262 Αιι.
317 234 345 262 c.
364 233 432 262 ¹596
477 224 541 259 298

272 346 351 367 lacon-i
369 346 429 367 ibites

244 376 302 393 certo
318 352 380 393 mogo
395 379 429 393 ex-

244 401 293 426 pelli
311 406 323 420 a
338 399 428 424 congre-

245 428 328 452 gatione
366 431 428 452 posse

243 453 348 474 concedit.

268 1566 424 1587 Prnmotionem

241 1593 267 1613 ad
283 1599 354 1614 sacros
370 1594 425 1614 ordn-

241 1626 277 1640 πει
293 1620 397 1646 prohibet.

278 1939 428 1960 Ordinatione-

243 1971 280 1991 pru
292 1967 428 1991 hospitalium

243 1998 344 2015 Γι-’,ἰιιιιῐνν
380 1998 396 2010 r·
407 1999 428 2012 n·

243 2019 343 2039 anus-wli
365 2019 428 2039 tacut-

243 2047 307 2066 htaetn
323 2047 402 2066 tnbuit.

489 282 554 327 §9-
578 283 618 316 Ut
647 282 808 315 confrater
838 280 942 314 maior
975 286 1006 314 et
1033 280 1185 314 consilia-

444 337 494 377 rii,
519 337 558 369 de
578 346 736 369 consensu
755 335 998 368 ordinariorum
1019 335 1164 367 locorum
1177 361 1184 374 ‚

444 390 484 423 ob
510 400 620 432 graves
652 398 764 422 causas
795 396 825 421 et
854 388 895 420 ob
920 387 1185 429 incorrigibilita-

445 448 518 478 tem,
543 442 736 481 confratres,
759 451 840 485 quos
860 440 1010 483 indignos
1029 441 1189 474 iudicave-

441 495 521 535 rint,
545 506 580 528 ex
599 495 685 528 dicta
701 494 956 537 Congregatione
977 494 1137 538 expellere
1157 500 1189 528 et

442 548 613 587 dimittere,
630 548 780 592 ipsosque
800 547 846 581 sic
866 548 1014 591 expulsos
1034 547 1073 580 ab
1094 547 1188 580 emis-

440 612 475 634 so
500 612 558 644 per
581 611 636 634 eos
665 601 890 644 hospitalitatis
918 607 992 634 voto
1022 601 1188 634 absolvere

441 655 632 697 (dummodo
652 661 759 687 tamen
790 654 1020 698 poenitentiam
1042 654 1118 698 ipsis
1146 655 1187 687 ob

440 718 551 740 eorum
565 718 711 740 excessus
731 713 762 740 et
775 708 917 741 defectus
935 707 1118 751 impositam
1133 708 1186 740 ad-

439 760 660 804 impleverint,
684 766 714 794 et
735 771 799 794 non
824 761 928 803 aliter)
947 761 1070 805 possint
1087 767 1117 794 et
1136 771 1189 793 va-

440 814 535 847 leant.
559 815 623 847 Nec
640 814 756 857 aliquis
777 815 967 847 eorumdem
989 815 1187 848 confratrum

440 867 503 900 alia
523 867 648 900 ratione
669 873 722 900 aut
741 867 839 900 modo
861 867 1033 911 hospitalia
1049 873 1079 900 et
1099 868 1184 907 loca,

441 921 608 964 ipsamque
636 921 924 964 Congregationem
953 922 1112 961 deserere,
1133 927 1188 954 aut

440 974 480 1007 ab
501 974 546 1008 eis
572 974 742 1015 recedere,
766 985 823 1008 seu
848 985 866 1008 a
890 981 964 1008 voto
993 974 1186 1008 inserviendi

441 1027 626 1061 huiusmodi
657 1028 854 1072 pauperibus
874 1027 906 1060 in
931 1038 1044 1061 eorum
1076 1027 1186 1071 hospi-

440 1080 557 1114 talibus
585 1081 643 1114 sub
676 1080 837 1115 Ordinarii
864 1080 1067 1121 obedientia,
1090 1080 1185 1114 etiam

441 1144 723 1178 quorumcumque
739 1134 996 1178 privilegiorum,
1019 1139 1074 1167 aut
1091 1144 1186 1176 gene-

441 1188 516 1221 ralis
536 1188 678 1227 iubilaei,
707 1199 763 1221 seu
782 1187 948 1222 Cruciatae
968 1194 1114 1227 sanctae,
1139 1187 1185 1220 vel

441 1241 571 1274 alterius
588 1242 742 1285 cuiusque
757 1241 888 1284 gratiae,
902 1252 958 1275 seu
971 1241 1130 1284 generalis
1143 1241 1186 1273 fa-

441 1295 578 1333 cultatis,
596 1305 614 1328 a
633 1295 725 1328 nobis
745 1295 1050 1338 successoribusque
1070 1294 1186 1328 nostris

441 1348 593 1382 Romanis
611 1348 833 1388 Pontificibus,
857 1355 888 1381 et
907 1348 1092 1392 Apostolica
1105 1348 1186 1382 Sede

440 1413 500 1446 pro
522 1408 666 1446 tempore
684 1402 963 1435 concedendarum
982 1402 1107 1442 virtute,
1124 1402 1183 1434 ab·

441 1455 519 1489 solvi
542 1456 589 1488 vel
612 1455 741 1488 liberari
764 1455 876 1488 valeat.

487 1510 504 1551 ς
525 1507 576 1542 10.
601 1509 757 1552 Quodque
782 1509 960 1542 confratres
981 1508 1076 1542 huius
1099 1508 1182 1542 Con-

439 1562 635 1606 gregationis
655 1563 848 1601 sacerdotes,
871 1568 925 1595 aut
951 1562 982 1594 in
1015 1562 1113 1596 sacris
1134 1572 1186 1596 or-

439 1616 568 1650 dinibus
588 1616 749 1650 constituti
773 1626 840 1650 esse
866 1626 929 1649 non
960 1616 1105 1660 possint,
1127 1627 1185 1650 nec

440 1670 478 1703 ad
500 1669 684 1703 huiusmodi
710 1679 818 1703 sacros
843 1669 974 1703 ordines
1000 1669 1184 1714 promoveri

441 1724 576 1761 valeant,
598 1723 665 1762 sed,
683 1723 768 1755 iuxta
786 1723 984 1766 primaevum
1004 1733 1116 1756 eorum
1138 1723 1185 1756 in-

440 1776 603 1816 stitutum,
627 1776 658 1808 in
688 1776 892 1819 simplicitate
914 1776 1110 1820 pauperibus
1131 1776 1182 1809 in-

441 1829 558 1869 firmis,
583 1835 616 1863 ut
638 1830 834 1873 praefertur,
859 1830 1012 1864 inservire
1034 1831 1181 1864 debeant.

487 1884 503 1925 ξ
526 1882 576 1915 11.
593 1883 738 1923 Demum,
757 1889 791 1915 ut
812 1883 895 1916 circa
917 1884 1048 1917 modum
1071 1890 1101 1917 et
1120 1883 1185 1917 for-

444 1947 528 1969 mam
554 1937 786 1970 observandam
817 1937 923 1980 quoad
953 1937 1124 1970 electiones
1156 1943 1186 1971 et

445 1990 639 2023 mutationes
663 1990 847 2023 officialium
873 1991 1127 2034 praedictorum,
1156 1997 1183 2024 et

444 2044 661 2088 receptionem
693 2054 850 2077 novorum
880 2044 1097 2083 confratrum,
1125 2052 1182 2078 σο-

444 2108 581 2141 rumque
605 2097 795 2141 qualitatcs.
818 2103 849 2130 ct
880 2097 1067 2141 pracsertim
1099 2099 1185 2142 quod

443 2162 506 2184 non
524 2152 587 2184 sint
608 2151 800 2189 sacerdotes.
817 2151 882 2184 sive
902 2151 1037 2189 uxorati.
1052 2163 1091 2187 ac
1101 2152 1186 2185 circa

445 2200 570 2249 tempus
603 2215 714 2248 eorum
747 2204 974 2237 admissionem
1007 2205 1044 2237 ad
1077 2212 1184 2238 votum

442 2258 642 2302 praedic-tum
665 2258 703 2291 dc
723 2257 924 2291 inserviendo
946 2259 1140 2302 pauperihus
1156 2259 1185 2292 in

443 2310 625 2344 huiusmodi
653 2310 874 2355 hospitalibus,
904 2322 940 2344 ac
963 2322 1019 2355 pro
1048 2312 1135 2345 omni
1157 2318 1185 2345 ot

443 2374 646 2409 quacumque
666 2365 727 2397 alia
748 2375 841 2398 causa
868 2365 987 2398 bonum
1018 2366 1183 2406 regimen,

444 2419 635 2460 gubernium
667 2425 697 2451 ct
726 2418 1036 2452 administrationem
1068 2426 1130 2452 tam
1156 2420 1185 2453 in

445 2472 664 2515 spiritualibus
695 2483 790 2516 quam
822 2474 1072 2517 temporalibus,
1102 2473 1184 2507 idom

445 2525 541 2557 frater
566 2524 668 2557 maior
696 2536 767 2558 cum
801 2535 958 2559 consensu
985 2525 1185 2559 consiliario-

447 2588 516 2609 rum
538 2588 573 2609 ac
595 2578 791 2611 visitatorum
811 2590 869 2623 pro
890 2587 1033 2623 tempore
1051 2579 1186 2612 existen·

447 2629 524 2663 tium
543 2630 792 2673 praedictorum,
813 2642 1036 2676 quaecumque
1053 2638 1182 2672 statuta,

1028 233 1212 257 BULLARIUM
1230 232 1385 257 ROMANUM

1222 279 1468 314 constitutiones
1487 285 1519 313 et
1537 279 1757 315 ordinationes
1781 281 1822 314 ad
1840 280 1963 318 bonum

1221 333 1366 375 regimen
1394 339 1425 367 et
1443 333 1637 376 gubernium
1658 344 1940 378 quorumcumque
1952 360 1960 375 ‚

1221 393 1286 420 tam
1316 393 1498 421 erectorum
1525 398 1622 432 quam
1651 387 1879 430 erigendorum
1899 388 1961 421 ho-

1221 441 1396 484 spitalium,
1413 441 1446 474 in
1460 441 1719 485 quibuscumque
1738 441 1848 474 Italiae
1868 441 1966 485 parti-

1221 493 1292 534 bus,
1309 500 1340 527 et
1352 494 1550 527 confratrum
1569 494 1769 534 eorumdem,
1786 493 1882 527 edere
1892 504 1966 537 pos-

1221 546 1261 579 sit
1280 552 1311 580 et
1337 547 1463 587 valeat;
1491 552 1522 580 et
1540 553 1711 591 postquam
1737 547 1817 580 facta
1844 552 1876 580 et
1894 546 1962 580 for-

1222 605 1307 633 mata
1330 600 1448 634 fuerint
1462 628 1469 641 ,
1500 611 1573 634 cum
1598 595 1757 634 consensu
1776 599 1964 633 eorumdem

1222 653 1480 687 consiliariorum
1500 659 1531 687 et
1554 653 1754 687 visitatorum
1767 681 1774 695 ‚
1797 653 1897 687 semel
1917 653 1966 686 vel

1222 706 1342 750 pluries
1362 707 1529 751 ampliare,
1554 707 1729 750 corrigere,
1745 713 1881 747 mutare,
1897 716 1966 740 mo-

1223 760 1349 799 derari,
1373 771 1429 793 seu
1450 761 1489 794 de
1508 771 1608 801 novo,
1631 766 1729 804 prout
1747 760 1849 803 magis
1869 770 1965 804 expe-

1223 813 1291 846 dire
1316 813 1487 855 videbitur,
1515 814 1610 847 edere
1625 841 1632 854 ‚
1656 814 1834 847 dummodo
1854 823 1964 847 earum
1986 856 1989 857 ⁷

1222 866 1489 900 constitutionum
1514 866 1793 900 confirmationem
1814 877 1833 899 a
1851 866 1961 906 nobis,

1208 924 1252 963 (et
1271 930 1289 952 a
1309 919 1389 968 Sede
1414 920 1597 964 Apostolica
1617 919 1794 960 obtineant,
1819 919 1961 953 auctori-

1223 978 1284 1006 tate
1304 979 1335 1007 et
1354 979 1466 1007 tenore
1486 974 1658 1018 praedictis
1672 1001 1679 1015 ,
1702 974 1962 1018 pariterconce-

1221 1026 1327 1061 dimus
1340 1033 1371 1060 et
1387 1027 1604 1071 indulgemus,
1628 1033 1724 1072 atque
1743 1027 1914 1061 statuimus
1933 1032 1966 1060 et

1220 1079 1419 1114 ordinamus.

1266 1135 1282 1176 ξ
1303 1133 1355 1167 12.
1385 1135 1598 1168 Decernentes
1626 1140 1811 1178 praesentes
1841 1133 1964 1167 litteras
1985 1145 2126 1172 ctausuiaspr
2148 1163 2156 1173 ,

1925 1187 1931 1193 .
1978 1172 2096 1194 servatius
2143 1181 2158 1188 v

1220 1188 1310 1221 nullo
1327 1199 1481 1232 umquam
1503 1194 1659 1233 tempore,
1676 1189 1716 1222 de
1733 1187 1960 1232 subreptionis,
1978 1199 2045 1226 pann.

1222 1241 1267 1274 vel
1289 1241 1490 1286 obreptionis
1509 1242 1597 1282 vitio,
1621 1248 1676 1275 aut
1699 1240 1885 1275 intentionis
1904 1251 1964 1275 no-

1220 1300 1315 1333 strae,
1338 1295 1386 1328 vel
1408 1294 1560 1338 quopiam
1591 1295 1654 1328 alio
1681 1294 1807 1328 defectu
1834 1293 1961 1335 notari,

1221 1347 1416 1391 impugnari,
1436 1348 1484 1381 vel
1505 1347 1685 1387 invalidari,
1706 1353 1761 1381 aut
1781 1347 1812 1380 in
1833 1347 1893 1388 ius,
1915 1347 1963 1381 vel

1221 1402 1494 1443 controversiam,
1525 1411 1731 1446 quacumque
1761 1401 1886 1435 ratione
1915 1400 1965 1435 vel

1220 1465 1326 1496 causa,
1350 1455 1479 1495 vocari,
1503 1461 1558 1488 aut
1577 1455 1617 1489 ad
1637 1455 1791 1488 terminos
1811 1454 1889 1488 iuris
1913 1465 1964 1488 re-

1221 1509 1305 1549 duci,
1328 1509 1376 1542 vel
1398 1508 1534 1553 quodvis
1554 1508 1641 1542 aliud
1662 1508 1751 1550 iuris,
1767 1518 1823 1542 seu
1843 1508 1965 1552 gratiae

1220 1563 1399 1596 remedium
1430 1568 1541 1596 contra
1571 1562 1625 1596 itta
1655 1562 1821 1606 impetrari
1850 1571 1961 1606 posse,

1221 1616 1392 1661 minusque
1428 1617 1488 1651 sub
1521 1616 1779 1661 quibuscumque
1811 1616 1964 1650 similium

1221 1671 1267 1704 vel
1287 1670 1489 1704 dissimilium
1509 1670 1686 1714 gratiarum
1707 1670 1965 1704 revocationibus

1221 1729 1284 1757 tam
1305 1734 1364 1768 per
1382 1733 1452 1763 nos,
1475 1735 1572 1768 quam
1593 1734 1651 1768 per
1671 1733 1892 1768 quoscumque
1903 1723 1966 1758 Ro-

1220 1788 1332 1811 manos
1353 1777 1524 1811 Pontifices
1544 1787 1603 1822 pro
1623 1783 1770 1822 ternpore
1795 1776 1965 1811 existentes

1221 1830 1374 1864 faciendis
1403 1830 1651 1875 comprehendi,
1684 1830 1739 1864 sed
1767 1840 1895 1874 semper
1925 1829 1965 1863 ab

1221 1883 1281 1916 illis
1301 1889 1459 1928 exceptas,
1476 1883 1644 1927 etquoties
1661 1883 1734 1916 illae
1755 1883 1962 1924 emanabunt,

1221 1937 1313 1970 toties
1334 1936 1364 1969 in
1386 1936 1556 1980 pristinum
1578 1942 1609 1969 et
1637 1936 1869 1970 validissimum
1900 1941 1964 1970 sta-

1222 1997 1287 2023 tum
1309 1990 1482 2030 restitutas,
1500 1989 1656 2036 repositas
1674 1995 1704 2023 et
1724 1989 1867 2034 plenarie
1880 1989 1965 2023 rein-

1223 2050 1360 2087 tegratas
1380 2055 1459 2084 esse,
1483 2050 1513 2078 et
1530 2045 1569 2078 dc
1591 2054 1692 2084 novo,
1713 2044 1809 2077 etiam
1828 2043 1888 2078 sub
1908 2053 1965 2088 po-

1220 2098 1347 2131 steriori
1366 2099 1455 2138 data,
1479 2107 1646 2131 concessas
1670 2097 1804 2131 censeri.

1265 2153 1280 2196 §
1302 2151 1352 2185 13.
1377 2152 1493 2196 Sicque
1514 2162 1571 2197 per
1595 2161 1818 2196 quoscumque
1843 2150 1984 2204 iudices¹

1222 2259 1329 2303 palatii
1361 2259 1529 2303 apostolici
1561 2259 1745 2299 auditores,
1768 2258 1893 2292 sublata
1920 2258 1965 2292 eis

1222 2317 1252 2345 et
1271 2322 1382 2345 eorum
1397 2312 1539 2351 cuilibet,
1556 2312 1667 2357 quavis
1687 2311 1779 2345 aliter
1800 2311 1963 2346 iudicandi

1221 2373 1251 2399 ct
1272 2366 1505 2411 interpretandi
1528 2366 1678 2400 facultate
1703 2371 1734 2399 et
1752 2365 1960 2406 auctoritate,

1223 2419 1356 2453 iudicari
1377 2426 1408 2453 ct
1428 2420 1554 2453 definiri
1576 2420 1710 2460 dehere,
1730 2430 1767 2453 ac
1788 2419 1913 2453 irritum
1933 2424 1965 2453 et

1222 2473 1326 2513 inane,
1351 2473 1504 2518 quicquid
1526 2484 1617 2507 secus
1645 2483 1742 2518 super
1762 2472 1811 2506 his
1838 2483 1856 2506 a
1882 2482 1963 2517 quo-

1221 2537 1337 2569 quam,
1367 2526 1477 2571 quavis
1508 2526 1718 2567 auctoritate,
1749 2526 1887 2560 scienter
1915 2525 1962 2559 vel

1221 2579 1416 2620 ignoranter,
1438 2579 1607 2623 contigerit
1623 2578 1782 2613 attentari.

1264 2633 1279 2676 g
1301 2632 1351 2666 14.
1372 2633 1441 2667 Non
1461 2633 1662 2667 obstantibus
1681 2631 1853 2677 praedictis
1872 2631 1959 2667 litte·

1987 2129 2107 2178 cim-nisu
2123 2164 2130 2174 w
2143 2167 2144 2170 =

1986 2184 2033 2207 all.
2052 2184 2096 2208 δίο..

1221 2206 1402 2239 ordinarios
1422 2213 1452 2239 et
1472 2206 1652 2249 delegatos,
1676 2205 1773 2239 etiam
1794 2215 1963 2239 causarum
1979 2209 2053 2236 iuuit·

1976 231 2027 259 An.
2047 230 2076 259 C.
2092 231 2159 263 1596
