2253 3195
298 258 348 284 An.
365 257 394 284 c.
417 257 484 285 1600
530 247 594 280 620
1083 254 1268 278 nummum
1285 253 1440 277 ROMANUM
2033 251 2083 278 An.
2100 250 2129 279 C.
2148 250 2220 280 1600

498 306 699 348 buseumque
713 304 874 343 domibus,
885 309 914 336 et
927 302 1136 336 conventibus
1149 307 1239 346 post·
1322 302 1338 343 ἓ
1352 300 1382 334 5.
1399 301 1532 334 Necnon
1545 300 1642 334 etiam
1653 306 1688 334 ut
1700 311 1922 345 quaecumque
1935 301 2020 334 bona
2082 312 2140 342 ntum
2156 312 2227 334 eum

498 360 557 391 bae
579 359 610 390 in
630 358 719 391 Italia
748 362 779 390 et
807 357 877 389 aliis
908 355 1093 400 quibusvis,
1114 361 1243 399 praeter
1997 354 2003 359 '
2035 339 2121 360 '‘³¹'¹¹¹³
2134 339 2228 364 ‘'mu'‘

335 1216 350 1236 :i
367 1216 435 1236 emnia
448 1216 490 1241 pri-

305 1243 381 1266 titonia
415 1248 490 1263 centw-

305 1269 342 1290 dn,
364 1275 418 1295 quae
442 1275 489 1289 cun-

305 1299 424 1321 crvgauum
456 1296 490 1316 tn·

305 1329 364 1348 lpiin.
387 1328 475 1342 culices.-

305 1352 352 1370 suut
377 1350 408 1370 iel
424 1352 490 1370 erunt.

1276 353 1403 387 stabilia
1423 359 1454 387 et
1474 353 1608 387 mobilia
1628 353 1705 398 ipsis
1726 354 1876 387 domibus
1896 365 1934 388 ex
1950 365 2021 398 qui·
2036 366 2068 386 vet
2083 366 2153 391 tegata
2167 365 2221 386 roei-

499 411 705 455 Hispaniam,
729 410 830 449 locis,
855 420 890 442 ac
916 409 1024 451 regnis
1055 408 1239 451 erigendis,

2035 392 2114 418 piendi.

498 474 595 497 unam
616 463 903 505 Congregationem
929 463 1064 495 fratrum
1085 461 1240 495 Carmeli—

500 524 604 550 tarum
635 516 909 550 Discalceatorum
935 526 953 548 a
984 515 1130 559 praefata
1161 514 1243 547 Con-

499 569 685 613 gregatione
714 579 770 602 seu
801 568 919 602 Ordine
947 568 1190 612 Hispaniarum,
1214 575 1245 601 et

500 624 760 668 quibuscumque
774 623 845 656 aliis
862 623 1009 656 eiusdem
1023 622 1151 655 Ordinis
1164 622 1245 655 Con-

500 677 752 720 gregationibus,
772 687 828 709 seu
849 676 1034 719 provinciis,
1049 676 1244 718 illarumque

499 730 720 774 superioribus
745 735 777 762 et
797 729 949 762 fratribus
974 739 1106 773 prorsus
1127 728 1242 762 distin-

501 790 584 817 ctam
610 789 640 817 et
657 788 850 827 separatam,
874 783 1034 825 nobisque
1055 788 1086 815 et
1110 783 1246 826 Aposto-

501 838 582 871 licae
603 837 677 870 Sedi
698 836 886 869 immediate
906 836 1095 876 subiectam,
1117 836 1155 868 ab
1180 846 1246 868 uno

500 890 684 934 praeposito
705 899 779 922 curn
812 888 1021 922 definitorum
1050 889 1243 929 interventu,

501 943 586 976 iuxta
606 942 768 985 regularia
796 942 941 975 eiusdem
962 941 1089 975 Ordinis
1114 946 1243 982 statuta,

501 997 675 1038 regendam
707 1002 737 1028 et
761 995 1027 1038 gubernandam,
1058 995 1248 1028 auctoritate

503 1050 690 1094 apostolica,
712 1055 824 1083 tenore
844 1049 1075 1093 praesentium,
1092 1054 1248 1093 perpetuo

503 1103 658 1146 erigimus
675 1109 706 1136 et
726 1102 934 1136 instituimus.

548 1158 564 1199 ξ
583 1156 613 1189 3.
634 1157 764 1200 Ipsique
783 1156 1031 1199 Congregationi
1058 1155 1103 1189 sic
1124 1161 1250 1189 erectae

505 1210 637 1254 eiusque
657 1221 743 1243 nunc
769 1215 799 1243 et
825 1220 885 1253 pro
905 1216 1052 1253 tempore
1082 1209 1246 1242 existenti·

506 1265 564 1297 bus
592 1264 742 1297 domibus
772 1274 827 1296 seu
849 1263 1069 1300 conventibus,
1093 1273 1130 1295 ac
1150 1274 1247 1307 supe-

506 1317 647 1351 rioribus
674 1323 705 1350 et
735 1317 907 1357 fratribus,
931 1322 966 1350 ut
993 1316 1251 1360 quibuscumque

505 1371 690 1416 privilegiis,
704 1371 846 1410 indultis,
860 1370 1133 1410 concessionibus,
1144 1381 1251 1404 exem-
1267 1390 1269 1395 ν

505 1425 688 1470 ptionibus,
704 1425 978 1465 immunitatibus,
996 1424 1227 1468 praerogativis
1240 1452 1248 1465 ,

505 1479 678 1519 favoribus,
696 1478 905 1520 indulgentiis
925 1483 954 1512 et
976 1478 1045 1511 aliis
1063 1478 1173 1520 gratiis
1186 1483 1250 1511 tam

504 1532 735 1576 spiritualibus,
760 1542 858 1576 quam
881 1531 1112 1575 temporalibus
1133 1542 1248 1576 supra-

505 1586 608 1619 dictae
647 1585 873 1629 Hispaniarum
909 1585 1156 1627 Congregationi
1195 1596 1253 1629 per

505 1650 729 1683 quoscumque
747 1640 909 1673 Romanos
926 1638 1098 1672 Pontifices
1118 1639 1253 1683 praede-

505 1704 647 1726 cessores
667 1699 806 1730 nostros,
830 1703 865 1726 ac
888 1703 957 1732 nos,
983 1698 1013 1726 et
1029 1693 1144 1726 Sedem
1165 1693 1251 1736 Apo-

505 1746 650 1779 stolicam
674 1745 938 1789 quomodolibet,
963 1745 1059 1778 etiam
1089 1756 1148 1789 per
1168 1745 1250 1778 viani

506 1799 831 1839 connnunirationis,
855 1788 911 1832 seii
947 1799 1160 1839 extensionis,
1199 1804 1269 1832 aut¹

507 1852 583 1885 alias
604 1852 912 1895 quomodocumque
933 1851 1103 1891 concessis,
1127 1851 1250 1885 confir·-

507 1905 601 1938 matis
623 1911 651 1938 et
673 1905 851 1945 innovatis,
875 1916 911 1938 ae
938 1905 1148 1948 imposterum
1177 1915 1254 1937 con-

508 1959 670 1993 cedendis.
688 1958 744 1997 uti,
763 1958 824 1991 srui
846 1964 877 1991 et
897 1959 1039 1998 gaudere
1058 1958 1168 2001 possit,
1186 1957 1253 1991 sine

508 2012 616 2056 aliqua
637 2023 767 2055 prorsus
785 2012 982 2052 ditl'erentia,
1008 2012 1142 2055 perinde
1171 2022 1207 2044 ac
1228 2011 1271 2044 si⁴

508 2066 612 2097 eidem
635 2065 883 2108 Congi·egationi
905 2065 1025 2102 ltaliae,
1047 2065 1180 2108 eiusque
1198 2065 1251 2098 do·

509 2119 625 2156 inibns,
647 2118 866 2157 conventibus,
891 2119 1112 2162 superioribus
1132 2124 1160 2151 et
1182 2129 1254 2161 pcr-

508 2174 594 2206 sonis
622 2172 812 2205 nominatim
846 2178 874 2205 et
903 2183 1004 2216 aeque
1033 2173 1271 2217 prim-ipaliter,

509 2238 681 2260 concessae
705 2226 847 2259 fuissent.

553 2282 567 2322 ξ,
588 2280 618 2313 si.
636 2281 739 2323 l'tque
761 2290 857 2312 novas
878 2280 991 2312 domos
1013 2285 1041 2311 et
1064 2286 1251 2320 reinventus,

401 2351 411 2362 ··
441 2347 491 2363 um
511 2334 540 2366 in
573 2333 833 2376 quilmscumque
865 2332 1065 2371 civitatibus,
1103 2333 1194 2366 terris
1226 2339 1254 2366 et

310 2376 339 2441 {L
362 2377 599 2442 ''¹1¹1''1'J'10vis,
636 2392 697 2419 tnui
733 2386 839 2419 ltaliae
869 2397 965 2429 quam
997 2386 1133 2418 aliarum
1167 2392 1255 2420 extra

398 2431 408 2442 it

511 2440 694 2483 llispanimn
715 2439 972 2483 proviin-iarum,
994 2450 1029 2472 ae
1059 2450 1252 2479 regnorum,

513 2495 656 2537 resipere
675 2499 705 2526 et
726 2494 849 2534 erigere
873 2495 988 2533 talcar,
1013 2494 1191 2526 dummodo
1211 2500 1255 2527 ta-

513 2559 584 2579 men
620 2549 648 2579 in
683 2559 888 2591 quarumqiw
922 2547 1048 2580 illarum
1083 2548 1254 2581 duodecim

514 2601 737 2639 religiosorum
772 2612 925 2633 numerus·
957 2602 995 2633 ad
1031 2601 1136 2634 nunus
1166 2612 1254 2635 coin-

515 2655 608 2685 inode
635 2654 673 2686 ali
696 2660 725 2686 et
746 2654 940 2686 roinmorari
964 2655 1071 2698 possit.

1278 407 1480 451 buscumque
1496 407 1626 451 piorum
1655 407 1912 440 christifidelium
1937 408 2021 441 elee-

1278 461 1438 505 mosynis,
1480 460 1727 503 largitionibus,
1769 460 2018 502 donationibus,

1278 514 1544 555 successionibus,
1565 514 1678 556 legatis
1698 519 1730 547 et
1749 513 1818 547 aliis
1839 513 2022 557 dispositio-

1278 567 1389 609 nibus,
1419 567 1587 611 acquirere
1610 573 1641 600 et
1665 567 1830 611 recipere,
1854 566 1942 600 acin
1962 577 2020 600 eo-

1278 621 1427 654 rumdem
1452 625 1669 654 conventuum
1694 626 1724 654 et
1748 621 1919 654 domorum
1947 630 2023 653 usus

1279 679 1310 707 et
1329 674 1502 708 utilitatem
1523 680 1711 707 convertere
1730 673 1842 718 possit.

1324 729 1340 769 g
1361 727 1392 760 6.
1412 728 1449 761 Et
1466 733 1645 772 praeterea,
1667 727 1743 771 quia
1761 727 1793 760 in
1814 727 1927 760 eadem
1944 727 2024 761 Con-

1281 898 1346 920 non
1375 887 1599 928 celebrantur,
1633 893 1669 921 ut
1700 887 1733 920 in
1767 887 2026 931 quibuscumque

1283 941 1433 975 domibus
1454 946 1485 974 et
1512 942 1722 975 conventibus
1753 941 1897 975 eiusdem
1925 951 2028 975 novae

1282 994 1547 1037 Congregationis
1578 1005 1596 1027 a
1621 995 1789 1039 superiore
1817 993 2024 1038 deputandis,

1283 1048 1395 1082 novitii
1425 1048 1466 1081 ad
1485 1048 1632 1081 habitum
1657 1059 1717 1092 per
1745 1049 1859 1081 fratres
1884 1048 2028 1081 eiusdem

1283 1101 1411 1136 Ordinis
1431 1102 1550 1145 gestari
1569 1102 1711 1143 solitum,
1733 1103 1772 1136 de
1792 1101 1921 1135 licentia
1941 1111 2030 1135 com-

1284 1155 1434 1196 missarii,
1452 1166 1507 1189 seu
1524 1155 1699 1199 praepositi
1713 1155 1872 1198 generalis
1885 1155 2030 1189 eiusdem

1284 1209 1547 1251 Congregationis
1564 1209 1702 1252 (servata
1719 1214 1827 1241 tamen
1847 1208 1880 1242 in
1896 1208 2030 1253 reliquis

1285 1263 1389 1296 forma
1399 1273 1563 1296 sacrorum
1576 1273 1735 1296 canonum
1748 1262 2030 1297 constitutionum-

1285 1327 1347 1360 que
1369 1316 1642 1360 apostolicarum,
1663 1326 1700 1349 ac
1730 1316 1939 1350 decretorum
1969 1327 2030 1350 no-

1285 1375 1447 1409 strorum,
1479 1369 1644 1413 ipsiusque
1674 1368 1802 1403 Ordinis
1832 1369 2030 1412 regularium

1285 1423 1493 1466 statutorum)
1513 1423 1690 1456 dummodo
1708 1422 1952 1457 informationes
1970 1434 2030 1467 pro

1286 1476 1414 1510 novitiis
1445 1476 1653 1510 admittendis
1685 1481 1834 1520 receptae
1869 1487 1927 1520 per
1958 1482 2032 1510 vota

1286 1536 1407 1564 secreta
1422 1557 1429 1571 ,
1452 1540 1511 1574 per
1531 1529 1670 1573 capitula
1698 1534 1890 1570 conventus,
1914 1529 1947 1562 in
1967 1539 2032 1573 quo

1286 1583 1473 1617 huiusmodi
1505 1582 1616 1616 novitii
1640 1582 1819 1626 reeipiendi
1839 1587 1953 1623 erunt,
1977 1592 2033 1626 ap-

1286 1637 1475 1681 probentur.
1500 1636 1652 1680 lpsasque
1681 1635 1943 1676 informationes,
1970 1635 2032 1669 nisi

1287 1690 1351 1723 iam
1371 1689 1450 1723 alias
1467 1689 1657 1729 habeantur,
1680 1688 1830 1733 superior
1845 1688 2030 1731 Congrega-

1289 1744 1382 1777 tionis
1404 1744 1452 1777 vel
1482 1749 1659 1776 conventus
1691 1742 1852 1786 aliquibus
1881 1742 2033 1776 fratribus

1287 1796 1459 1841 prudentia
1473 1797 1582 1830 etzelo
1601 1795 1766 1838 religionis
1782 1795 2029 1840 praestantibus,

1268 1851 1489 1895 -recipiendas
1515 1850 1716 1889 committat,
1744 1849 1799 1893 qui
1820 1849 2033 1883 commissarii

1288 1905 1357 1938 illas
1378 1904 1534 1948 recipiant
1553 1903 1592 1937 de
1610 1903 1818 1947 qualitatibus
1835 1913 1960 1943 eorum,
1977 1903 2034 1947 qui

1287 1958 1463 2002 reeipiendi
1485 1963 1589 1997 erunt,
1606 1967 1641 1990 ex
1660 1956 1858 2001 praescripto
1879 1957 2034 1990 constitu-

1289 2012 1412 2045 tionum
1431 2011 1695 2055 apostoliearum,
1720 2016 1751 2044 et.
1770 2011 1796 2044 si
1818 2016 1905 2044 extra
1925 2010 2033 2044 locum

1289 2071 1464 2099 conventus
1484 2064 1671 2098 huiusmodi
1690 2064 1933 2098 informationes
1953 2063 2034 2097 reci-

1289 2119 1425 2163 piendae
1440 2118 1566 2159 suerint,
1584 2118 1669 2151 idem
1684 2117 1834 2161 superior
1852 2117 1922 2150 illas
1935 2117 2033 2151 modo

1289 2172 1466 2216 praemisso
1487 2171 1689 2215 recipiendas
1708 2170 1870 2214 aliquibus
1886 2169 2033 2214 personis

1288 2226 1351 2259 side
1370 2225 1474 2267 dignis
1499 2224 1701 2267 committat)
1730 2223 1829 2267 recipi
1854 2222 1976 2267 possint
2003 2227 2034 2256 et

1289 2279 1425 2318 valeant,
1446 2277 1637 2311 auctoritate
1655 2283 1685 2310 et
1707 2282 1818 2311 tenore
1840 2275 2030 2320 praedictis,

1289 2331 1497 2366 concedimus
1528 2342 1564 2364 ac
1596 2330 1758 2363 licentiam
1790 2335 1820 2363 ct
1850 2329 2033 2363 facultatem

1289 2391 1488 2430 opportunas
1510 2385 1724 2428 impertimur.

1334 2442 1350 2482 ξ
1373 2439 1401 2472 7.
1419 2439 1454 2472 ΕΙ,
1475 2438 1661 2483 promaiori
1683 2437 1778 2470 buius
1800 2436 1936 2469 instituti
1956 2445 2034 2470 con-

1289 2493 1481 2532 servatione,
1499 2493 1529 2525 in
1545 2492 1612 2536 ipsa
1625 2491 1879 2535 congregatione
1892 2490 2033 2535 aliquem

1289 2547 1384 2579 etiaim
1414 2547 1683 2580 bis‹·atcea10ru¹n
1706 2544 1899 2589 Hispaniae,
1922 2549 1977 2577 aut
1993 2543 2033 2577 ab

1290 2601 1350 2633 alia
1369 2611 1573 2644 (piarumque
1599 2599 1754 2642 religione
1776 2602 1966 2642 apostatam,
1984 2597 2032 2630 su-

1290 2653 1422 2694 eitivum
1451 2654 1497 2686 vel
1527 2653 1694 2696 expulsum
1724 2650 1822 2695 recipi
1843 2660 1935 2694 posse
1957 2659 2033 2694 pro-

2085 736 2182 767 ·Novitios
2196 736 2223 768 ιβ

1280 780 1469 823 gregatione
1498 781 1638 825 capitula
1666 780 1832 823 generalia
1863 780 1912 814 vel
1940 790 2021 824 pro·
2038 763 2224 826 ἒῗέιῖἕῗῗιῑτῖοιξξῖ

1280 835 1439 875 vinciana,
1467 835 1553 868 iuxta
1570 835 1826 875 constitutiones,
1853 834 2025 878 quotannis
2038 817 2224 897 ifficiffiffiffgiigiit

2070 2442 2184 2467 Apo-taum
2199 2444 2212 2461 v

2049 2467 2147 2494 expulsos
2157 2473 2169 2488 a
2188 2465 2208 2484 'u

2049 2496 2106 2520 arag.
2121 2493 2178 2519 Hisp.

2049 2521 2091 2548 cipi
2108 2522 2172 2542 rotat.
2219 2519 2223 2523 '
