<?xml version="1.0" encoding="UTF-8"?>
<!DOCTYPE html PUBLIC "-//W3C//DTD XHTML 1.0 Transitional//EN"
    "http://www.w3.org/TR/xhtml1/DTD/xhtml1-transitional.dtd">
<html xmlns="http://www.w3.org/1999/xhtml" xml:lang="en" lang="en">
 <head>
  <title>
</title>
<meta http-equiv="Content-Type" content="text/html;charset=utf-8" />
  <meta name='ocr-system' content='tesseract 3.04.00' />
  <meta name='ocr-capabilities' content='ocr_page ocr_carea ocr_par ocr_line ocrx_word'/>
</head>
<body>
  <div class='ocr_page' id='page_1' title='image "./bullarumdiplomat10cath_0243.png"; bbox 0 0 2253 3195; ppageno 0'>
   <div class='ocr_carea' id='block_1_1' title="bbox 0 0 33 2469">
    <p class='ocr_par' dir='ltr' id='par_1_1' title="bbox 0 0 33 2469">
     <span class='ocr_line' id='line_1_1' title="bbox 0 0 33 1470; baseline 0 -916"><span class='ocrx_word' id='word_1_1' title='bbox 0 0 33 1470; x_wconf 95' lang='lat' dir='ltr'>             </span> 
     </span>
     <span class='ocr_line' id='line_1_2' title="bbox 0 1470 28 2469; baseline 0 -747"><span class='ocrx_word' id='word_1_2' title='bbox 0 1470 28 2469; x_wconf 95' lang='lat' dir='ltr'>      </span> 
     </span>
    </p>
   </div>
   <div class='ocr_carea' id='block_1_2' title="bbox 11 651 19 689">
    <p class='ocr_par' dir='ltr' id='par_1_2' title="bbox 11 651 19 689">
     <span class='ocr_line' id='line_1_3' title="bbox 11 651 19 689; baseline 0 0"><span class='ocrx_word' id='word_1_3' title='bbox 11 651 19 689; x_wconf 95' lang='lat' dir='ltr'>  </span> 
     </span>
    </p>
   </div>
   <div class='ocr_carea' id='block_1_3' title="bbox 9 659 72 693">
    <p class='ocr_par' dir='ltr' id='par_1_3' title="bbox 9 659 72 693">
     <span class='ocr_line' id='line_1_4' title="bbox 9 659 72 693; baseline 0.016 -1"><span class='ocrx_word' id='word_1_4' title='bbox 9 659 11 679; x_wconf 73' lang='grc' dir='ltr'>Ι</span> <span class='ocrx_word' id='word_1_5' title='bbox 19 671 72 693; x_wconf 81' lang='lat' dir='ltr'>ibus.</span> 
     </span>
    </p>
   </div>
   <div class='ocr_carea' id='block_1_4' title="bbox 10 1152 68 1172">
    <p class='ocr_par' dir='ltr' id='par_1_4' title="bbox 10 1152 68 1172">
     <span class='ocr_line' id='line_1_5' title="bbox 10 1152 68 1172; baseline -0.034 0"><span class='ocrx_word' id='word_1_6' title='bbox 10 1153 11 1159; x_wconf 70' lang='lat'>¹</span> <span class='ocrx_word' id='word_1_7' title='bbox 25 1152 68 1172; x_wconf 76' lang='lat' dir='ltr'>ota.</span> 
     </span>
    </p>
   </div>
   <div class='ocr_carea' id='block_1_5' title="bbox 12 1550 79 1587">
    <p class='ocr_par' dir='ltr' id='par_1_5' title="bbox 12 1550 79 1587">
     <span class='ocr_line' id='line_1_6' title="bbox 12 1550 79 1587; baseline 0 -17"><span class='ocrx_word' id='word_1_8' title='bbox 12 1557 22 1587; x_wconf 53' lang='grc' dir='ltr'>1ι</span> <span class='ocrx_word' id='word_1_9' title='bbox 29 1550 79 1571; x_wconf 73' lang='lat' dir='ltr'>erati</span> 
     </span>
    </p>
   </div>
   <div class='ocr_carea' id='block_1_6' title="bbox 8 2482 149 2508">
    <p class='ocr_par' dir='ltr' id='par_1_6' title="bbox 8 2482 149 2508">
     <span class='ocr_line' id='line_1_7' title="bbox 8 2482 149 2508; baseline 0.014 -6"><span class='ocrx_word' id='word_1_10' title='bbox 8 2489 12 2497; x_wconf 91' lang='lat'><em>·</em></span> <span class='ocrx_word' id='word_1_11' title='bbox 22 2482 149 2508; x_wconf 69' lang='lat' dir='ltr'>rogatoriae.</span> 
     </span>
    </p>
   </div>
   <div class='ocr_carea' id='block_1_7' title="bbox 18 269 191 298">
    <p class='ocr_par' dir='ltr' id='par_1_7' title="bbox 18 269 191 298">
     <span class='ocr_line' id='line_1_8' title="bbox 18 269 191 298; baseline -0.006 0"><span class='ocrx_word' id='word_1_12' title='bbox 18 278 60 298; x_wconf 92' lang='lat' dir='ltr'>·n.</span> <span class='ocrx_word' id='word_1_13' title='bbox 77 269 105 298; x_wconf 88' lang='lat' dir='ltr'>C.</span> <span class='ocrx_word' id='word_1_14' title='bbox 124 269 191 298; x_wconf 80' lang='lat'>1595</span> 
     </span>
    </p>
   </div>
   <div class='ocr_carea' id='block_1_8' title="bbox 11 1443 199 1498">
    <p class='ocr_par' dir='ltr' id='par_1_8' title="bbox 11 1443 199 1498">
     <span class='ocr_line' id='line_1_9' title="bbox 12 1443 198 1473; baseline 0 -9"><span class='ocrx_word' id='word_1_15' title='bbox 12 1468 13 1473; x_wconf 23' lang='grc'>1</span> <span class='ocrx_word' id='word_1_16' title='bbox 33 1443 198 1465; x_wconf 79' lang='lat' dir='ltr'>Provincialinm</span> 
     </span>
     <span class='ocr_line' id='line_1_10' title="bbox 11 1470 199 1498; baseline 0.005 -8"><span class='ocrx_word' id='word_1_17' title='bbox 11 1472 36 1498; x_wconf 45' lang='lat' dir='ltr'>st.</span> <span class='ocrx_word' id='word_1_18' title='bbox 49 1470 142 1496; x_wconf 80' lang='lat' dir='ltr'>priorum</span> <span class='ocrx_word' id='word_1_19' title='bbox 158 1471 199 1491; x_wconf 76' lang='lat' dir='ltr'>ele-</span> 
     </span>
    </p>
   </div>
   <div class='ocr_carea' id='block_1_9' title="bbox 23 1492 957 1571">
    <p class='ocr_par' dir='ltr' id='par_1_9' title="bbox 23 1492 957 1571">
     <span class='ocr_line' id='line_1_11' title="bbox 23 1492 957 1571; baseline -0.003 -44"><span class='ocrx_word' id='word_1_20' title='bbox 23 1496 200 1571; x_wconf 47' lang='grc' dir='ltr'>ξᾝξῑῶῗξὲῦέξξ</span> <span class='ocrx_word' id='word_1_21' title='bbox 215 1493 348 1526; x_wconf 84' lang='lat' dir='ltr'>cialium</span> <span class='ocrx_word' id='word_1_22' title='bbox 369 1503 405 1526; x_wconf 87' lang='lat' dir='ltr'>ac</span> <span class='ocrx_word' id='word_1_23' title='bbox 423 1493 568 1537; x_wconf 76' lang='lat' dir='ltr'>priorum</span> <span class='ocrx_word' id='word_1_24' title='bbox 592 1492 682 1533; x_wconf 78' lang='lat' dir='ltr'>fiant,</span> <span class='ocrx_word' id='word_1_25' title='bbox 705 1493 761 1525; x_wconf 92' lang='lat' dir='ltr'>sed</span> <span class='ocrx_word' id='word_1_26' title='bbox 783 1498 906 1525; x_wconf 85' lang='lat' dir='ltr'>tantum</span> <span class='ocrx_word' id='word_1_27' title='bbox 926 1492 957 1524; x_wconf 92' lang='lat' dir='ltr'>in</span> 
     </span>
     <span class='ocr_line' id='line_1_12' title="bbox 97 1556 128 1571; baseline 0 0"><span class='ocrx_word' id='word_1_28' title='bbox 97 1556 128 1571; x_wconf 62' lang='grc' dir='ltr'>ῦς.</span> 
     </span>
    </p>
   </div>
   <div class='ocr_carea' id='block_1_10' title="bbox 40 2454 204 2477">
    <p class='ocr_par' dir='ltr' id='par_1_10' title="bbox 40 2454 204 2477">
     <span class='ocr_line' id='line_1_13' title="bbox 40 2454 204 2477; baseline 0 -1"><span class='ocrx_word' id='word_1_29' title='bbox 40 2454 153 2477; x_wconf 68' lang='lat' dir='ltr'>&#39;Clausulae</span> <span class='ocrx_word' id='word_1_30' title='bbox 169 2456 204 2476; x_wconf 77' lang='lat' dir='ltr'>ile-</span> 
     </span>
    </p>
   </div>
   <div class='ocr_carea' id='block_1_11' title="bbox 207 317 950 521">
    <p class='ocr_par' dir='ltr' id='par_1_11' title="bbox 207 317 950 468">
     <span class='ocr_line' id='line_1_14' title="bbox 207 317 950 361; baseline -0.001 -11"><span class='ocrx_word' id='word_1_31' title='bbox 207 317 363 351; x_wconf 87' lang='lat' dir='ltr'>discretus</span> <span class='ocrx_word' id='word_1_32' title='bbox 383 323 412 351; x_wconf 84' lang='lat' dir='ltr'>et</span> <span class='ocrx_word' id='word_1_33' title='bbox 434 323 540 351; x_wconf 86' lang='lat' dir='ltr'>eustos</span> <span class='ocrx_word' id='word_1_34' title='bbox 569 317 718 351; x_wconf 86' lang='lat' dir='ltr'>similiter</span> <span class='ocrx_word' id='word_1_35' title='bbox 737 317 950 361; x_wconf 81' lang='lat' dir='ltr'>provinciales</span> 
     </span>
     <span class='ocr_line' id='line_1_15' title="bbox 207 371 949 415; baseline -0.001 -12"><span class='ocrx_word' id='word_1_36' title='bbox 207 377 237 404; x_wconf 85' lang='lat' dir='ltr'>et</span> <span class='ocrx_word' id='word_1_37' title='bbox 257 381 322 404; x_wconf 92' lang='lat' dir='ltr'>non</span> <span class='ocrx_word' id='word_1_38' title='bbox 340 371 404 412; x_wconf 85' lang='lat' dir='ltr'>alii,</span> <span class='ocrx_word' id='word_1_39' title='bbox 421 371 626 414; x_wconf 79' lang='lat' dir='ltr'>generalibus</span> <span class='ocrx_word' id='word_1_40' title='bbox 642 371 949 415; x_wconf 83' lang='lat' dir='ltr'>capitulisinteresse</span> 
     </span>
     <span class='ocr_line' id='line_1_16' title="bbox 207 425 675 468; baseline 0 -11"><span class='ocrx_word' id='word_1_41' title='bbox 207 435 243 457; x_wconf 85' lang='lat' dir='ltr'>ac</span> <span class='ocrx_word' id='word_1_42' title='bbox 270 430 376 457; x_wconf 85' lang='lat' dir='ltr'>votum</span> <span class='ocrx_word' id='word_1_43' title='bbox 403 425 521 458; x_wconf 81' lang='lat' dir='ltr'>habere</span> <span class='ocrx_word' id='word_1_44' title='bbox 543 425 675 468; x_wconf 87' lang='lat' dir='ltr'>possint.</span> 
     </span>
    </p>

    <p class='ocr_par' dir='ltr' id='par_1_12' title="bbox 253 477 949 521">
     <span class='ocr_line' id='line_1_17' title="bbox 253 477 949 521; baseline -0.003 -11"><span class='ocrx_word' id='word_1_45' title='bbox 253 478 267 521; x_wconf 60' lang='grc' dir='ltr'><strong><em>ξ</em></strong></span> <span class='ocrx_word' id='word_1_46' title='bbox 292 477 322 511; x_wconf 81' lang='grc'>3.</span> <span class='ocrx_word' id='word_1_47' title='bbox 347 479 381 511; x_wconf 87' lang='lat' dir='ltr'>ln</span> <span class='ocrx_word' id='word_1_48' title='bbox 403 478 562 512; x_wconf 73' lang='lat' dir='ltr'>electione</span> <span class='ocrx_word' id='word_1_49' title='bbox 592 489 668 511; x_wconf 82' lang='lat' dir='ltr'>vcro</span> <span class='ocrx_word' id='word_1_50' title='bbox 689 488 847 511; x_wconf 72' lang='lat' dir='ltr'>novorum</span> <span class='ocrx_word' id='word_1_51' title='bbox 874 488 949 520; x_wconf 85' lang='lat' dir='ltr'>pro-</span> 
     </span>
    </p>
   </div>
   <div class='ocr_carea' id='block_1_12' title="bbox 6 529 950 680">
    <p class='ocr_par' dir='ltr' id='par_1_13' title="bbox 6 529 950 680">
     <span class='ocr_line' id='line_1_18' title="bbox 6 529 950 587; baseline -0.003 -24"><span class='ocrx_word' id='word_1_52' title='bbox 6 538 193 587; x_wconf 54' lang='lat' dir='ltr'>„053551l33T515</span> <span class='ocrx_word' id='word_1_53' title='bbox 208 531 405 569; x_wconf 81' lang='lat' dir='ltr'>vincialiuni,</span> <span class='ocrx_word' id='word_1_54' title='bbox 421 531 590 564; x_wconf 79' lang='lat' dir='ltr'>custodum</span> <span class='ocrx_word' id='word_1_55' title='bbox 602 536 630 563; x_wconf 86' lang='lat' dir='ltr'>et</span> <span class='ocrx_word' id='word_1_56' title='bbox 654 529 861 563; x_wconf 84' lang='lat' dir='ltr'>definitorum</span> <span class='ocrx_word' id='word_1_57' title='bbox 876 540 950 573; x_wconf 84' lang='lat' dir='ltr'>pro-</span> 
     </span>
     <span class='ocr_line' id='line_1_19' title="bbox 8 578 950 640; baseline 0.002 -28"><span class='ocrx_word' id='word_1_58' title='bbox 8 592 89 640; x_wconf 42' lang='grc' dir='ltr'>(πεῖ</span> <span class='ocrx_word' id='word_1_59' title='bbox 102 578 123 638; x_wconf 39' lang='grc' dir='ltr'>ἐξ</span> <span class='ocrx_word' id='word_1_60' title='bbox 143 581 193 637; x_wconf 41' lang='grc' dir='ltr'>ιῇιυιιῑ-</span> <span class='ocrx_word' id='word_1_61' title='bbox 209 583 392 616; x_wconf 83' lang='lat' dir='ltr'>vincialium</span> <span class='ocrx_word' id='word_1_62' title='bbox 416 584 446 616; x_wconf 89' lang='lat' dir='ltr'>in</span> <span class='ocrx_word' id='word_1_63' title='bbox 465 584 613 627; x_wconf 84' lang='lat' dir='ltr'>capitulis</span> <span class='ocrx_word' id='word_1_64' title='bbox 634 583 885 626; x_wconf 82' lang='lat' dir='ltr'>provincialibus</span> <span class='ocrx_word' id='word_1_65' title='bbox 906 583 950 614; x_wconf 84' lang='lat' dir='ltr'>l&#39;a-</span> 
     </span>
     <span class='ocr_line' id='line_1_20' title="bbox 17 623 950 680; baseline 0 -13"><span class='ocrx_word' id='word_1_66' title='bbox 17 623 193 671; x_wconf 51' lang='grc' dir='ltr'>ιιῖιῑζθῇῃζνῑῗιὲῗαιῖ</span> <span class='ocrx_word' id='word_1_67' title='bbox 209 636 338 677; x_wconf 81' lang='lat' dir='ltr'>cienda,</span> <span class='ocrx_word' id='word_1_68' title='bbox 368 637 581 680; x_wconf 68' lang='lat' dir='ltr'>provinciales</span> <span class='ocrx_word' id='word_1_69' title='bbox 610 635 796 679; x_wconf 84' lang='lat' dir='ltr'>praeteriti,</span> <span class='ocrx_word' id='word_1_70' title='bbox 821 634 950 667; x_wconf 87' lang='lat' dir='ltr'>discreti</span> 
     </span>
    </p>
   </div>
   <div class='ocr_carea' id='block_1_13' title="bbox 181 688 953 948">
    <p class='ocr_par' dir='ltr' id='par_1_14' title="bbox 181 688 952 883">
     <span class='ocr_line' id='line_1_21' title="bbox 181 688 948 734; baseline -0.004 -11"><span class='ocrx_word' id='word_1_71' title='bbox 181 688 183 691; x_wconf 65' lang='grc'>’</span> <span class='ocrx_word' id='word_1_72' title='bbox 209 690 433 734; x_wconf 76' lang='lat' dir='ltr'>provmciales,</span> <span class='ocrx_word' id='word_1_73' title='bbox 457 690 582 733; x_wconf 76' lang='lat' dir='ltr'>priores</span> <span class='ocrx_word' id='word_1_74' title='bbox 602 695 630 722; x_wconf 83' lang='lat' dir='ltr'>et</span> <span class='ocrx_word' id='word_1_75' title='bbox 657 689 786 722; x_wconf 88' lang='lat' dir='ltr'>discreti</span> <span class='ocrx_word' id='word_1_76' title='bbox 807 699 948 721; x_wconf 78' lang='lat' dir='ltr'>conven-</span> 
     </span>
     <span class='ocr_line' id='line_1_22' title="bbox 210 742 951 785; baseline -0.003 -9"><span class='ocrx_word' id='word_1_77' title='bbox 210 750 321 783; x_wconf 72' lang='lat' dir='ltr'>tuum,</span> <span class='ocrx_word' id='word_1_78' title='bbox 349 754 474 777; x_wconf 78' lang='lat' dir='ltr'>necnon</span> <span class='ocrx_word' id='word_1_79' title='bbox 499 743 686 776; x_wconf 84' lang='lat' dir='ltr'>definitores</span> <span class='ocrx_word' id='word_1_80' title='bbox 712 742 877 785; x_wconf 73' lang='lat' dir='ltr'>generales</span> <span class='ocrx_word' id='word_1_81' title='bbox 898 753 951 774; x_wconf 85' lang='lat' dir='ltr'>ac-</span> 
     </span>
     <span class='ocr_line' id='line_1_23' title="bbox 210 795 952 840; baseline -0.004 -10"><span class='ocrx_word' id='word_1_82' title='bbox 210 798 322 837; x_wconf 78' lang='lat' dir='ltr'>tuales,</span> <span class='ocrx_word' id='word_1_83' title='bbox 352 807 387 830; x_wconf 81' lang='lat' dir='ltr'>ac</span> <span class='ocrx_word' id='word_1_84' title='bbox 417 797 547 830; x_wconf 83' lang='lat' dir='ltr'>deinum</span> <span class='ocrx_word' id='word_1_85' title='bbox 571 802 763 840; x_wconf 85' lang='lat' dir='ltr'>procurator</span> <span class='ocrx_word' id='word_1_86' title='bbox 792 795 952 837; x_wconf 58' lang='lat' dir='ltr'>generalis</span> 
     </span>
     <span class='ocr_line' id='line_1_24' title="bbox 211 850 743 883; baseline -0.004 0"><span class='ocrx_word' id='word_1_87' title='bbox 211 857 285 883; x_wconf 86' lang='lat' dir='ltr'>tunc</span> <span class='ocrx_word' id='word_1_88' title='bbox 304 850 474 883; x_wconf 76' lang='lat' dir='ltr'>existentes</span> <span class='ocrx_word' id='word_1_89' title='bbox 498 855 570 883; x_wconf 73' lang='lat' dir='ltr'>vota</span> <span class='ocrx_word' id='word_1_90' title='bbox 592 850 743 882; x_wconf 87' lang='lat' dir='ltr'>habeant.</span> 
     </span>
    </p>

    <p class='ocr_par' dir='ltr' id='par_1_15' title="bbox 242 902 953 948">
     <span class='ocr_line' id='line_1_25' title="bbox 242 902 953 948; baseline -0.004 -11"><span class='ocrx_word' id='word_1_91' title='bbox 242 906 271 946; x_wconf 77' lang='lat'>&#39;5</span> <span class='ocrx_word' id='word_1_92' title='bbox 284 904 315 937; x_wconf 75' lang='lat'>4.</span> <span class='ocrx_word' id='word_1_93' title='bbox 331 905 378 937; x_wconf 78' lang='lat' dir='ltr'>Ad</span> <span class='ocrx_word' id='word_1_94' title='bbox 387 904 533 948; x_wconf 87' lang='lat' dir='ltr'>priorum</span> <span class='ocrx_word' id='word_1_95' title='bbox 544 915 619 937; x_wconf 80' lang='lat' dir='ltr'>vero</span> <span class='ocrx_word' id='word_1_96' title='bbox 633 909 664 937; x_wconf 88' lang='lat' dir='ltr'>et</span> <span class='ocrx_word' id='word_1_97' title='bbox 678 903 806 936; x_wconf 84' lang='lat' dir='ltr'>discreti</span> <span class='ocrx_word' id='word_1_98' title='bbox 825 902 953 946; x_wconf 81' lang='lat' dir='ltr'>provin-</span> 
     </span>
    </p>
   </div>
   <div class='ocr_carea' id='block_1_14' title="bbox 27 957 954 1016">
    <p class='ocr_par' dir='ltr' id='par_1_16' title="bbox 27 957 954 1016">
     <span class='ocr_line' id='line_1_26' title="bbox 27 957 954 1016; baseline 0.003 -32"><span class='ocrx_word' id='word_1_99' title='bbox 27 963 195 1016; x_wconf 47' lang='lat' dir='ltr'>isizrrigrffiqugrgf</span> <span class='ocrx_word' id='word_1_100' title='bbox 210 957 299 991; x_wconf 86' lang='lat' dir='ltr'>cialis</span> <span class='ocrx_word' id='word_1_101' title='bbox 316 957 519 995; x_wconf 80' lang='lat' dir='ltr'>electionem,</span> <span class='ocrx_word' id='word_1_102' title='bbox 534 957 745 1001; x_wconf 72' lang='lat' dir='ltr'>provinciales</span> <span class='ocrx_word' id='word_1_103' title='bbox 766 962 796 989; x_wconf 85' lang='lat' dir='ltr'>et</span> <span class='ocrx_word' id='word_1_104' title='bbox 815 961 954 999; x_wconf 86' lang='lat' dir='ltr'>quatuor</span> 
     </span>
    </p>
   </div>
   <div class='ocr_carea' id='block_1_15' title="bbox 211 1009 950 1107">
    <p class='ocr_par' dir='ltr' id='par_1_17' title="bbox 211 1009 950 1107">
     <span class='ocr_line' id='line_1_27' title="bbox 211 1009 949 1054; baseline -0.004 -11"><span class='ocrx_word' id='word_1_105' title='bbox 211 1010 397 1044; x_wconf 85' lang='lat' dir='ltr'>definitores</span> <span class='ocrx_word' id='word_1_106' title='bbox 405 1010 618 1054; x_wconf 78' lang='lat' dir='ltr'>provinciales</span> <span class='ocrx_word' id='word_1_107' title='bbox 629 1015 750 1042; x_wconf 84' lang='lat' dir='ltr'>tantum</span> <span class='ocrx_word' id='word_1_108' title='bbox 761 1009 949 1052; x_wconf 85' lang='lat' dir='ltr'>procedant.</span> 
     </span>
     <span class='ocr_line' id='line_1_28' title="bbox 255 1063 950 1107; baseline -0.004 -10"><span class='ocrx_word' id='word_1_109' title='bbox 255 1066 272 1107; x_wconf 65' lang='grc' dir='ltr'>ἕ</span> <span class='ocrx_word' id='word_1_110' title='bbox 297 1063 327 1096; x_wconf 82' lang='grc'>5,</span> <span class='ocrx_word' id='word_1_111' title='bbox 351 1064 603 1107; x_wconf 83' lang='lat' dir='ltr'>Mandamusque</span> <span class='ocrx_word' id='word_1_112' title='bbox 627 1069 662 1096; x_wconf 84' lang='lat' dir='ltr'>ut</span> <span class='ocrx_word' id='word_1_113' title='bbox 685 1063 858 1096; x_wconf 73' lang='lat' dir='ltr'>electiones</span> <span class='ocrx_word' id='word_1_114' title='bbox 878 1072 950 1095; x_wconf 85' lang='lat' dir='ltr'>oni-</span> 
     </span>
    </p>
   </div>
   <div class='ocr_carea' id='block_1_16' title="bbox 10 1107 953 1161">
    <p class='ocr_par' dir='ltr' id='par_1_18' title="bbox 10 1107 953 1161">
     <span class='ocr_line' id='line_1_29' title="bbox 10 1107 953 1161; baseline -0.004 -10"><span class='ocrx_word' id='word_1_115' title='bbox 10 1113 11 1130; x_wconf 71' lang='lat'><em>³</em></span> <span class='ocrx_word' id='word_1_116' title='bbox 37 1123 113 1145; x_wconf 74' lang='lat' dir='ltr'>rorma</span> <span class='ocrx_word' id='word_1_117' title='bbox 130 1122 194 1143; x_wconf 62' lang='lat' dir='ltr'>dandi</span> <span class='ocrx_word' id='word_1_118' title='bbox 211 1118 300 1151; x_wconf 87' lang='lat' dir='ltr'>nium</span> <span class='ocrx_word' id='word_1_119' title='bbox 327 1129 363 1150; x_wconf 86' lang='lat' dir='ltr'>ae</span> <span class='ocrx_word' id='word_1_120' title='bbox 387 1128 669 1161; x_wconf 85' lang='lat' dir='ltr'>quorumcumque</span> <span class='ocrx_word' id='word_1_121' title='bbox 693 1107 953 1160; x_wconf 81' lang='lat' dir='ltr'>supradictorum</span> 
     </span>
    </p>
   </div>
   <div class='ocr_carea' id='block_1_17' title="bbox 196 1170 956 1484">
    <p class='ocr_par' dir='ltr' id='par_1_19' title="bbox 196 1170 955 1377">
     <span class='ocr_line' id='line_1_30' title="bbox 211 1170 954 1216; baseline -0.004 -11"><span class='ocrx_word' id='word_1_122' title='bbox 211 1182 268 1216; x_wconf 89' lang='lat' dir='ltr'>per</span> <span class='ocrx_word' id='word_1_123' title='bbox 288 1177 360 1204; x_wconf 88' lang='lat' dir='ltr'>vota</span> <span class='ocrx_word' id='word_1_124' title='bbox 380 1177 502 1204; x_wconf 85' lang='lat' dir='ltr'>secreta</span> <span class='ocrx_word' id='word_1_125' title='bbox 529 1171 561 1203; x_wconf 92' lang='lat' dir='ltr'>in</span> <span class='ocrx_word' id='word_1_126' title='bbox 584 1170 746 1203; x_wconf 83' lang='lat' dir='ltr'>schedulis</span> <span class='ocrx_word' id='word_1_127' title='bbox 773 1170 954 1213; x_wconf 81' lang='lat' dir='ltr'>conscripta</span> 
     </span>
     <span class='ocr_line' id='line_1_31' title="bbox 212 1223 954 1265; baseline -0.004 -7"><span class='ocrx_word' id='word_1_128' title='bbox 212 1225 300 1265; x_wconf 85' lang='lat' dir='ltr'>fiant;</span> <span class='ocrx_word' id='word_1_129' title='bbox 321 1230 351 1258; x_wconf 89' lang='lat' dir='ltr'>et</span> <span class='ocrx_word' id='word_1_130' title='bbox 363 1225 484 1265; x_wconf 86' lang='lat' dir='ltr'>statim,</span> <span class='ocrx_word' id='word_1_131' title='bbox 501 1225 583 1258; x_wconf 86' lang='lat' dir='ltr'>sacta</span> <span class='ocrx_word' id='word_1_132' title='bbox 597 1224 767 1263; x_wconf 86' lang='lat' dir='ltr'>electione,</span> <span class='ocrx_word' id='word_1_133' title='bbox 783 1223 954 1256; x_wconf 81' lang='lat' dir='ltr'>schedulae</span> 
     </span>
     <span class='ocr_line' id='line_1_32' title="bbox 196 1278 955 1324; baseline -0.004 -12"><span class='ocrx_word' id='word_1_134' title='bbox 196 1278 454 1324; x_wconf 63' lang='lat' dir='ltr'>comburantur,</span> <span class='ocrx_word' id='word_1_135' title='bbox 475 1279 552 1311; x_wconf 88' lang='lat' dir='ltr'>itaut</span> <span class='ocrx_word' id='word_1_136' title='bbox 567 1278 754 1320; x_wconf 80' lang='lat' dir='ltr'>eligentium</span> <span class='ocrx_word' id='word_1_137' title='bbox 776 1283 848 1310; x_wconf 86' lang='lat' dir='ltr'>vota</span> <span class='ocrx_word' id='word_1_138' title='bbox 860 1288 955 1310; x_wconf 89' lang='lat' dir='ltr'>nnm-</span> 
     </span>
     <span class='ocr_line' id='line_1_33' title="bbox 212 1332 642 1377; baseline -0.002 -12"><span class='ocrx_word' id='word_1_139' title='bbox 212 1343 309 1377; x_wconf 88' lang='lat' dir='ltr'>quam</span> <span class='ocrx_word' id='word_1_140' title='bbox 329 1332 488 1376; x_wconf 89' lang='lat' dir='ltr'>publicari</span> <span class='ocrx_word' id='word_1_141' title='bbox 508 1332 642 1377; x_wconf 82' lang='lat' dir='ltr'>possint.</span> 
     </span>
    </p>

    <p class='ocr_par' dir='ltr' id='par_1_20' title="bbox 214 1385 956 1484">
     <span class='ocr_line' id='line_1_34' title="bbox 258 1385 956 1430; baseline -0.003 -11"><span class='ocrx_word' id='word_1_142' title='bbox 258 1388 274 1429; x_wconf 67' lang='grc' dir='ltr'>ἓ</span> <span class='ocrx_word' id='word_1_143' title='bbox 296 1386 326 1419; x_wconf 86' lang='grc'>6.</span> <span class='ocrx_word' id='word_1_144' title='bbox 350 1388 394 1419; x_wconf 87' lang='lat' dir='ltr'>Ac</span> <span class='ocrx_word' id='word_1_145' title='bbox 423 1386 634 1430; x_wconf 84' lang='lat' dir='ltr'>prohibemus</span> <span class='ocrx_word' id='word_1_146' title='bbox 654 1391 692 1419; x_wconf 76' lang='lat' dir='ltr'>ut</span> <span class='ocrx_word' id='word_1_147' title='bbox 705 1385 794 1418; x_wconf 92' lang='lat' dir='ltr'>nullo</span> <span class='ocrx_word' id='word_1_148' title='bbox 812 1391 906 1429; x_wconf 88' lang='lat' dir='ltr'>pacto</span> <span class='ocrx_word' id='word_1_149' title='bbox 924 1385 956 1417; x_wconf 89' lang='lat' dir='ltr'>in</span> 
     </span>
     <span class='ocr_line' id='line_1_35' title="bbox 214 1439 956 1484; baseline -0.001 -12"><span class='ocrx_word' id='word_1_150' title='bbox 214 1439 362 1484; x_wconf 88' lang='lat' dir='ltr'>capitulis</span> <span class='ocrx_word' id='word_1_151' title='bbox 383 1439 587 1482; x_wconf 76' lang='lat' dir='ltr'>generalibus</span> <span class='ocrx_word' id='word_1_152' title='bbox 622 1439 797 1472; x_wconf 82' lang='lat' dir='ltr'>electiones</span> <span class='ocrx_word' id='word_1_153' title='bbox 826 1439 956 1482; x_wconf 89' lang='lat' dir='ltr'>provin-</span> 
     </span>
    </p>
   </div>
   <div class='ocr_carea' id='block_1_18' title="bbox 216 1546 960 1695">
    <p class='ocr_par' dir='ltr' id='par_1_21' title="bbox 216 1546 960 1695">
     <span class='ocr_line' id='line_1_36' title="bbox 216 1546 958 1591; baseline -0.003 -11"><span class='ocrx_word' id='word_1_154' title='bbox 216 1547 360 1591; x_wconf 85' lang='lat' dir='ltr'>qualibet</span> <span class='ocrx_word' id='word_1_155' title='bbox 380 1547 544 1590; x_wconf 86' lang='lat' dir='ltr'>provincia</span> <span class='ocrx_word' id='word_1_156' title='bbox 565 1557 641 1579; x_wconf 89' lang='lat' dir='ltr'>suus</span> <span class='ocrx_word' id='word_1_157' title='bbox 655 1546 871 1590; x_wconf 80' lang='lat' dir='ltr'>provincialis,</span> <span class='ocrx_word' id='word_1_158' title='bbox 896 1546 958 1578; x_wconf 85' lang='lat' dir='ltr'>dis-</span> 
     </span>
     <span class='ocr_line' id='line_1_37' title="bbox 217 1600 933 1644; baseline -0.003 -10"><span class='ocrx_word' id='word_1_159' title='bbox 217 1606 323 1634; x_wconf 85' lang='lat' dir='ltr'>cretus</span> <span class='ocrx_word' id='word_1_160' title='bbox 343 1600 548 1644; x_wconf 85' lang='lat' dir='ltr'>provincialis</span> <span class='ocrx_word' id='word_1_161' title='bbox 574 1605 603 1633; x_wconf 86' lang='lat' dir='ltr'>et</span> <span class='ocrx_word' id='word_1_162' title='bbox 624 1600 751 1644; x_wconf 85' lang='lat' dir='ltr'>priores</span> <span class='ocrx_word' id='word_1_163' title='bbox 773 1605 933 1632; x_wconf 85' lang='lat' dir='ltr'>creentur.</span> 
     </span>
     <span class='ocr_line' id='line_1_38' title="bbox 261 1653 960 1695; baseline -0.001 -9"><span class='ocrx_word' id='word_1_164' title='bbox 261 1656 277 1694; x_wconf 64' lang='grc' dir='ltr'><strong>ς</strong></span> <span class='ocrx_word' id='word_1_165' title='bbox 311 1653 340 1686; x_wconf 89' lang='grc'>7.</span> <span class='ocrx_word' id='word_1_166' title='bbox 375 1654 590 1686; x_wconf 85' lang='lat' dir='ltr'>Decernentes</span> <span class='ocrx_word' id='word_1_167' title='bbox 613 1662 731 1686; x_wconf 67' lang='lat' dir='ltr'>‘omnes</span> <span class='ocrx_word' id='word_1_168' title='bbox 756 1658 786 1685; x_wconf 90' lang='lat' dir='ltr'>et</span> <span class='ocrx_word' id='word_1_169' title='bbox 819 1653 960 1695; x_wconf 67' lang='lat' dir='ltr'>singulas</span> 
     </span>
    </p>
   </div>
   <div class='ocr_carea' id='block_1_19' title="bbox 12 1705 960 1758">
    <p class='ocr_par' dir='ltr' id='par_1_22' title="bbox 12 1705 960 1758">
     <span class='ocr_line' id='line_1_39' title="bbox 12 1705 960 1758; baseline -0.003 -18"><span class='ocrx_word' id='word_1_170' title='bbox 12 1710 201 1758; x_wconf 49' lang='grc' dir='ltr'>,ῃέζξξιῑῐῖῑῐῠᾶιξιῑὲιζ</span> <span class='ocrx_word' id='word_1_171' title='bbox 215 1707 388 1740; x_wconf 82' lang='lat' dir='ltr'>visitatoris</span> <span class='ocrx_word' id='word_1_172' title='bbox 401 1706 570 1749; x_wconf 80' lang='lat' dir='ltr'>generalis,</span> <span class='ocrx_word' id='word_1_173' title='bbox 591 1705 838 1750; x_wconf 72' lang='lat' dir='ltr'>provincialium</span> <span class='ocrx_word' id='word_1_174' title='bbox 857 1716 892 1737; x_wconf 86' lang='lat' dir='ltr'>ac</span> <span class='ocrx_word' id='word_1_175' title='bbox 913 1705 960 1738; x_wconf 78' lang='lat' dir='ltr'>sli-</span> 
     </span>
    </p>
   </div>
   <div class='ocr_carea' id='block_1_20' title="bbox 215 1758 964 2714">
    <p class='ocr_par' dir='ltr' id='par_1_23' title="bbox 215 1758 964 2383">
     <span class='ocr_line' id='line_1_40' title="bbox 216 1758 959 1802; baseline -0.005 -8"><span class='ocrx_word' id='word_1_176' title='bbox 216 1765 397 1795; x_wconf 87' lang='lat' dir='ltr'>scretorum</span> <span class='ocrx_word' id='word_1_177' title='bbox 418 1765 448 1793; x_wconf 90' lang='lat' dir='ltr'>et</span> <span class='ocrx_word' id='word_1_178' title='bbox 468 1760 651 1800; x_wconf 88' lang='lat' dir='ltr'>custodum,</span> <span class='ocrx_word' id='word_1_179' title='bbox 667 1759 762 1792; x_wconf 83' lang='lat' dir='ltr'>etiam</span> <span class='ocrx_word' id='word_1_180' title='bbox 777 1758 959 1802; x_wconf 85' lang='lat' dir='ltr'>provincia-</span> 
     </span>
     <span class='ocr_line' id='line_1_41' title="bbox 215 1812 959 1857; baseline -0.004 -10"><span class='ocrx_word' id='word_1_181' title='bbox 215 1814 295 1847; x_wconf 88' lang='lat' dir='ltr'>lium</span> <span class='ocrx_word' id='word_1_182' title='bbox 310 1841 317 1855; x_wconf 88' lang='lat'><strong><em>,</em></strong></span> <span class='ocrx_word' id='word_1_183' title='bbox 353 1824 480 1847; x_wconf 88' lang='lat' dir='ltr'>necnon</span> <span class='ocrx_word' id='word_1_184' title='bbox 511 1813 658 1857; x_wconf 83' lang='lat' dir='ltr'>priorum</span> <span class='ocrx_word' id='word_1_185' title='bbox 694 1818 725 1846; x_wconf 84' lang='lat' dir='ltr'>et</span> <span class='ocrx_word' id='word_1_186' title='bbox 750 1812 959 1845; x_wconf 87' lang='lat' dir='ltr'>definitorum</span> 
     </span>
     <span class='ocr_line' id='line_1_42' title="bbox 215 1867 960 1912; baseline -0.003 -11"><span class='ocrx_word' id='word_1_187' title='bbox 215 1868 470 1912; x_wconf 84' lang='lat' dir='ltr'>praedictorum,</span> <span class='ocrx_word' id='word_1_188' title='bbox 487 1878 543 1901; x_wconf 88' lang='lat' dir='ltr'>seu</span> <span class='ocrx_word' id='word_1_189' title='bbox 561 1867 749 1912; x_wconf 73' lang='lat' dir='ltr'>quorumvis</span> <span class='ocrx_word' id='word_1_190' title='bbox 770 1877 881 1900; x_wconf 84' lang='lat' dir='ltr'>eorum</span> <span class='ocrx_word' id='word_1_191' title='bbox 897 1867 960 1899; x_wconf 85' lang='lat' dir='ltr'>ele-</span> 
     </span>
     <span class='ocr_line' id='line_1_43' title="bbox 216 1916 958 1966; baseline -0.003 -11"><span class='ocrx_word' id='word_1_192' title='bbox 216 1921 351 1962; x_wconf 76' lang='lat' dir='ltr'>ottones,</span> <span class='ocrx_word' id='word_1_193' title='bbox 368 1932 447 1966; x_wconf 86' lang='lat' dir='ltr'>quas</span> <span class='ocrx_word' id='word_1_194' title='bbox 461 1927 574 1955; x_wconf 88' lang='lat' dir='ltr'>contra</span> <span class='ocrx_word' id='word_1_195' title='bbox 587 1916 640 1954; x_wconf 87' lang='lat' dir='ltr'>hic</span> <span class='ocrx_word' id='word_1_196' title='bbox 653 1920 804 1954; x_wconf 76' lang='lat' dir='ltr'>traditam</span> <span class='ocrx_word' id='word_1_197' title='bbox 822 1921 958 1954; x_wconf 86' lang='lat' dir='ltr'>sormam</span> 
     </span>
     <span class='ocr_line' id='line_1_44' title="bbox 216 1974 961 2019; baseline -0.003 -11"><span class='ocrx_word' id='word_1_198' title='bbox 216 1975 286 2009; x_wconf 87' lang='lat' dir='ltr'>fieri</span> <span class='ocrx_word' id='word_1_199' title='bbox 297 1985 358 2019; x_wconf 88' lang='lat' dir='ltr'>pro</span> <span class='ocrx_word' id='word_1_200' title='bbox 379 1981 524 2019; x_wconf 86' lang='lat' dir='ltr'>tempore</span> <span class='ocrx_word' id='word_1_201' title='bbox 542 1975 725 2017; x_wconf 77' lang='lat' dir='ltr'>contigerit,</span> <span class='ocrx_word' id='word_1_202' title='bbox 741 1985 779 2008; x_wconf 89' lang='lat' dir='ltr'>eo</span> <span class='ocrx_word' id='word_1_203' title='bbox 800 1974 869 2018; x_wconf 84' lang='lat' dir='ltr'>ipso</span> <span class='ocrx_word' id='word_1_204' title='bbox 890 1975 961 2007; x_wconf 88' lang='lat' dir='ltr'>nul-</span> 
     </span>
     <span class='ocr_line' id='line_1_45' title="bbox 216 2029 961 2068; baseline -0.003 -5"><span class='ocrx_word' id='word_1_205' title='bbox 216 2030 262 2063; x_wconf 85' lang='lat' dir='ltr'>las</span> <span class='ocrx_word' id='word_1_206' title='bbox 274 2034 305 2063; x_wconf 79' lang='lat' dir='ltr'>et</span> <span class='ocrx_word' id='word_1_207' title='bbox 325 2030 446 2063; x_wconf 84' lang='lat' dir='ltr'>nullius</span> <span class='ocrx_word' id='word_1_208' title='bbox 460 2029 616 2063; x_wconf 84' lang='lat' dir='ltr'>momenti</span> <span class='ocrx_word' id='word_1_209' title='bbox 635 2039 704 2063; x_wconf 86' lang='lat' dir='ltr'>esse</span> <span class='ocrx_word' id='word_1_210' title='bbox 724 2040 761 2062; x_wconf 84' lang='lat' dir='ltr'>ac</span> <span class='ocrx_word' id='word_1_211' title='bbox 781 2030 860 2068; x_wconf 81' lang='lat' dir='ltr'>fore,</span> <span class='ocrx_word' id='word_1_212' title='bbox 885 2029 961 2062; x_wconf 86' lang='lat' dir='ltr'>illis-</span> 
     </span>
     <span class='ocr_line' id='line_1_46' title="bbox 217 2082 958 2127; baseline -0.001 -11"><span class='ocrx_word' id='word_1_213' title='bbox 217 2094 280 2127; x_wconf 85' lang='lat' dir='ltr'>que</span> <span class='ocrx_word' id='word_1_214' title='bbox 299 2093 365 2116; x_wconf 92' lang='lat' dir='ltr'>non</span> <span class='ocrx_word' id='word_1_215' title='bbox 385 2083 597 2123; x_wconf 80' lang='lat' dir='ltr'>obstantibus,</span> <span class='ocrx_word' id='word_1_216' title='bbox 622 2083 662 2116; x_wconf 83' lang='lat' dir='ltr'>ad</span> <span class='ocrx_word' id='word_1_217' title='bbox 676 2082 753 2115; x_wconf 87' lang='lat' dir='ltr'>alias</span> <span class='ocrx_word' id='word_1_218' title='bbox 773 2083 958 2123; x_wconf 76' lang='lat' dir='ltr'>electiones,</span> 
     </span>
     <span class='ocr_line' id='line_1_47' title="bbox 219 2136 961 2180; baseline 0 -11"><span class='ocrx_word' id='word_1_219' title='bbox 219 2137 304 2170; x_wconf 79' lang='lat' dir='ltr'>iuxta</span> <span class='ocrx_word' id='word_1_220' title='bbox 324 2136 511 2170; x_wconf 89' lang='lat' dir='ltr'>huiusmodi</span> <span class='ocrx_word' id='word_1_221' title='bbox 532 2137 690 2174; x_wconf 84' lang='lat' dir='ltr'>sormam,</span> <span class='ocrx_word' id='word_1_222' title='bbox 714 2136 846 2180; x_wconf 84' lang='lat' dir='ltr'>procedi</span> <span class='ocrx_word' id='word_1_223' title='bbox 868 2147 961 2180; x_wconf 86' lang='lat' dir='ltr'>posse</span> 
     </span>
     <span class='ocr_line' id='line_1_48' title="bbox 217 2190 959 2233; baseline -0.001 -10"><span class='ocrx_word' id='word_1_224' title='bbox 217 2201 253 2223; x_wconf 88' lang='lat' dir='ltr'>ac</span> <span class='ocrx_word' id='word_1_225' title='bbox 274 2190 402 2230; x_wconf 87' lang='lat' dir='ltr'>debere;</span> <span class='ocrx_word' id='word_1_226' title='bbox 426 2200 551 2223; x_wconf 86' lang='lat' dir='ltr'>necnon</span> <span class='ocrx_word' id='word_1_227' title='bbox 565 2190 690 2223; x_wconf 86' lang='lat' dir='ltr'>irritum</span> <span class='ocrx_word' id='word_1_228' title='bbox 702 2195 731 2222; x_wconf 89' lang='lat' dir='ltr'>et</span> <span class='ocrx_word' id='word_1_229' title='bbox 753 2190 847 2222; x_wconf 89' lang='lat' dir='ltr'>inane</span> <span class='ocrx_word' id='word_1_230' title='bbox 865 2190 959 2233; x_wconf 84' lang='lat' dir='ltr'>quie-</span> 
     </span>
     <span class='ocr_line' id='line_1_49' title="bbox 218 2243 964 2287; baseline -0.001 -10"><span class='ocrx_word' id='word_1_231' title='bbox 218 2243 295 2287; x_wconf 88' lang='lat' dir='ltr'>quid</span> <span class='ocrx_word' id='word_1_232' title='bbox 316 2254 414 2287; x_wconf 87' lang='lat' dir='ltr'>super</span> <span class='ocrx_word' id='word_1_233' title='bbox 427 2243 475 2276; x_wconf 87' lang='lat' dir='ltr'>his</span> <span class='ocrx_word' id='word_1_234' title='bbox 489 2254 506 2276; x_wconf 83' lang='lat' dir='ltr'>a</span> <span class='ocrx_word' id='word_1_235' title='bbox 526 2253 703 2286; x_wconf 82' lang='lat' dir='ltr'>quoquam,</span> <span class='ocrx_word' id='word_1_236' title='bbox 727 2243 837 2286; x_wconf 71' lang='lat' dir='ltr'>quavis</span> <span class='ocrx_word' id='word_1_237' title='bbox 855 2249 964 2276; x_wconf 80' lang='lat' dir='ltr'>aucto-</span> 
     </span>
     <span class='ocr_line' id='line_1_50' title="bbox 218 2296 964 2338; baseline -0.003 -8"><span class='ocrx_word' id='word_1_238' title='bbox 218 2296 322 2337; x_wconf 84' lang='lat' dir='ltr'>ritate,</span> <span class='ocrx_word' id='word_1_239' title='bbox 346 2296 485 2330; x_wconf 84' lang='lat' dir='ltr'>scienter</span> <span class='ocrx_word' id='word_1_240' title='bbox 504 2297 551 2329; x_wconf 80' lang='lat' dir='ltr'>vel</span> <span class='ocrx_word' id='word_1_241' title='bbox 575 2296 773 2338; x_wconf 78' lang='lat' dir='ltr'>ignoranter,</span> <span class='ocrx_word' id='word_1_242' title='bbox 794 2296 964 2338; x_wconf 80' lang='lat' dir='ltr'>eontigerit</span> 
     </span>
     <span class='ocr_line' id='line_1_51' title="bbox 219 2349 380 2383; baseline -0.006 0"><span class='ocrx_word' id='word_1_243' title='bbox 219 2349 380 2383; x_wconf 87' lang='lat' dir='ltr'>attentari.</span> 
     </span>
    </p>

    <p class='ocr_par' dir='ltr' id='par_1_24' title="bbox 221 2402 963 2496">
     <span class='ocr_line' id='line_1_52' title="bbox 265 2402 963 2447; baseline -0.004 -10"><span class='ocrx_word' id='word_1_244' title='bbox 265 2404 279 2447; x_wconf 61' lang='grc' dir='ltr'><strong>ξ</strong></span> <span class='ocrx_word' id='word_1_245' title='bbox 297 2403 327 2437; x_wconf 87' lang='grc'>8.</span> <span class='ocrx_word' id='word_1_246' title='bbox 342 2404 412 2437; x_wconf 92' lang='lat' dir='ltr'>Non</span> <span class='ocrx_word' id='word_1_247' title='bbox 425 2403 626 2437; x_wconf 81' lang='lat' dir='ltr'>obstantibus</span> <span class='ocrx_word' id='word_1_248' title='bbox 637 2402 823 2447; x_wconf 80' lang='lat' dir='ltr'>praemissis</span> <span class='ocrx_word' id='word_1_249' title='bbox 837 2413 873 2435; x_wconf 89' lang='lat' dir='ltr'>ac</span> <span class='ocrx_word' id='word_1_250' title='bbox 887 2412 963 2434; x_wconf 75' lang='lat' dir='ltr'>con-</span> 
     </span>
     <span class='ocr_line' id='line_1_53' title="bbox 221 2455 861 2496; baseline -0.005 -6"><span class='ocrx_word' id='word_1_251' title='bbox 221 2456 440 2490; x_wconf 87' lang='lat' dir='ltr'>stitutionibus</span> <span class='ocrx_word' id='word_1_252' title='bbox 461 2461 492 2490; x_wconf 84' lang='lat' dir='ltr'>et</span> <span class='ocrx_word' id='word_1_253' title='bbox 512 2455 783 2496; x_wconf 82' lang='lat' dir='ltr'>ordinationibus,</span> <span class='ocrx_word' id='word_1_254' title='bbox 806 2459 861 2488; x_wconf 82' lang='lat' dir='ltr'>etc.</span> 
     </span>
    </p>

    <p class='ocr_par' dir='ltr' id='par_1_25' title="bbox 223 2508 964 2660">
     <span class='ocr_line' id='line_1_54' title="bbox 265 2508 964 2554; baseline -0.006 -11"><span class='ocrx_word' id='word_1_255' title='bbox 265 2510 380 2543; x_wconf 82' lang='lat' dir='ltr'>Datum</span> <span class='ocrx_word' id='word_1_256' title='bbox 407 2510 529 2543; x_wconf 86' lang='lat' dir='ltr'>Romae</span> <span class='ocrx_word' id='word_1_257' title='bbox 549 2510 635 2554; x_wconf 89' lang='lat' dir='ltr'>apud</span> <span class='ocrx_word' id='word_1_258' title='bbox 655 2509 685 2542; x_wconf 83' lang='lat' dir='ltr'>S.</span> <span class='ocrx_word' id='word_1_259' title='bbox 714 2509 856 2541; x_wconf 84' lang='lat' dir='ltr'>Marcum</span> <span class='ocrx_word' id='word_1_260' title='bbox 876 2535 882 2540; x_wconf 87' lang='lat'><em>.</em></span> <span class='ocrx_word' id='word_1_261' title='bbox 906 2508 964 2541; x_wconf 87' lang='lat' dir='ltr'>sub</span> 
     </span>
     <span class='ocr_line' id='line_1_55' title="bbox 223 2560 964 2604; baseline -0.004 -9"><span class='ocrx_word' id='word_1_262' title='bbox 223 2563 342 2596; x_wconf 86' lang='lat' dir='ltr'>annulo</span> <span class='ocrx_word' id='word_1_263' title='bbox 362 2562 544 2603; x_wconf 72' lang='lat' dir='ltr'>Piscator-is,</span> <span class='ocrx_word' id='word_1_264' title='bbox 561 2563 611 2595; x_wconf 92' lang='lat' dir='ltr'>die</span> <span class='ocrx_word' id='word_1_265' title='bbox 632 2561 786 2604; x_wconf 80' lang='lat' dir='ltr'>vigesima</span> <span class='ocrx_word' id='word_1_266' title='bbox 800 2571 885 2594; x_wconf 86' lang='lat' dir='ltr'>nona</span> <span class='ocrx_word' id='word_1_267' title='bbox 898 2560 964 2594; x_wconf 90' lang='lat' dir='ltr'>iulii</span> 
     </span>
     <span class='ocr_line' id='line_1_56' title="bbox 223 2615 852 2660; baseline -0.005 -10"><span class='ocrx_word' id='word_1_268' title='bbox 223 2626 340 2657; x_wconf 75' lang='lat' dir='ltr'>unxcv,</span> <span class='ocrx_word' id='word_1_269' title='bbox 361 2615 567 2660; x_wconf 88' lang='lat' dir='ltr'>pontificatus</span> <span class='ocrx_word' id='word_1_270' title='bbox 586 2615 688 2649; x_wconf 89' lang='lat' dir='ltr'>nostri</span> <span class='ocrx_word' id='word_1_271' title='bbox 709 2625 794 2647; x_wconf 85' lang='lat' dir='ltr'>anno</span> <span class='ocrx_word' id='word_1_272' title='bbox 811 2615 852 2648; x_wconf 79' lang='lat' dir='ltr'>lv!</span> 
     </span>
    </p>

    <p class='ocr_par' dir='ltr' id='par_1_26' title="bbox 260 2678 804 2714">
     <span class='ocr_line' id='line_1_57' title="bbox 260 2678 804 2714; baseline -0.006 -8"><span class='ocrx_word' id='word_1_273' title='bbox 260 2680 320 2706; x_wconf 81' lang='lat' dir='ltr'>Dat.</span> <span class='ocrx_word' id='word_1_274' title='bbox 338 2678 382 2706; x_wconf 83' lang='lat' dir='ltr'>die</span> <span class='ocrx_word' id='word_1_275' title='bbox 396 2679 430 2706; x_wconf 71' lang='lat'>29</span> <span class='ocrx_word' id='word_1_276' title='bbox 446 2678 501 2706; x_wconf 87' lang='lat' dir='ltr'>iulii</span> <span class='ocrx_word' id='word_1_277' title='bbox 519 2679 598 2713; x_wconf 85' lang='lat'><strong>1595,</strong></span> <span class='ocrx_word' id='word_1_278' title='bbox 615 2682 691 2714; x_wconf 89' lang='lat' dir='ltr'>pont.</span> <span class='ocrx_word' id='word_1_279' title='bbox 706 2685 750 2704; x_wconf 86' lang='lat' dir='ltr'>an.</span> <span class='ocrx_word' id='word_1_280' title='bbox 767 2685 804 2704; x_wconf 72' lang='lat' dir='ltr'>tr.</span> 
     </span>
    </p>
   </div>
   <div class='ocr_carea' id='block_1_21' title="bbox 827 267 1122 293">
    <p class='ocr_par' dir='ltr' id='par_1_27' title="bbox 827 267 1122 293">
     <span class='ocr_line' id='line_1_58' title="bbox 827 267 1122 293; baseline 0 -1"><span class='ocrx_word' id='word_1_281' title='bbox 827 267 974 293; x_wconf 81' lang='lat' dir='ltr'>CLEMENS</span> <span class='ocrx_word' id='word_1_282' title='bbox 994 267 1051 292; x_wconf 81' lang='lat' dir='ltr'>Vltt</span> <span class='ocrx_word' id='word_1_283' title='bbox 1072 268 1122 292; x_wconf 66' lang='lat' dir='ltr'>FP.</span> 
     </span>
    </p>
   </div>
   <div class='ocr_carea' id='block_1_22' title="bbox 966 351 977 1626">
    <p class='ocr_par' dir='ltr' id='par_1_28' title="bbox 966 351 977 1626">
     <span class='ocr_line' id='line_1_59' title="bbox 966 351 977 1626; baseline 0 0"><span class='ocrx_word' id='word_1_284' title='bbox 966 351 977 1626; x_wconf 95' lang='lat' dir='ltr'> </span> 
     </span>
    </p>
   </div>
   <div class='ocr_carea' id='block_1_23' title="bbox 981 2686 984 2705">
    <p class='ocr_par' dir='ltr' id='par_1_29' title="bbox 981 2686 984 2705">
     <span class='ocr_line' id='line_1_60' title="bbox 981 2686 984 2705; baseline 0 -3"><span class='ocrx_word' id='word_1_285' title='bbox 981 2686 984 2705; x_wconf 70' lang='lat' dir='ltr'>l</span> 
     </span>
    </p>
   </div>
   <div class='ocr_carea' id='block_1_24' title="bbox 1329 315 1387 348">
    <p class='ocr_par' dir='ltr' id='par_1_30' title="bbox 1329 315 1387 348">
     <span class='ocr_line' id='line_1_61' title="bbox 1329 315 1387 348; baseline 0.017 -1"><span class='ocrx_word' id='word_1_286' title='bbox 1329 315 1387 348; x_wconf 82' lang='lat' dir='ltr'>CX.</span> 
     </span>
    </p>
   </div>
   <div class='ocr_carea' id='block_1_25' title="bbox 987 422 1730 561">
    <p class='ocr_par' dir='ltr' id='par_1_31' title="bbox 987 422 1730 561">
     <span class='ocr_line' id='line_1_62' title="bbox 987 422 1730 466; baseline -0.003 -10"><span class='ocrx_word' id='word_1_287' title='bbox 987 424 1198 466; x_wconf 73' lang='lat' dir='ltr'>Confirmatio</span> <span class='ocrx_word' id='word_1_288' title='bbox 1214 423 1310 456; x_wconf 72' lang='lat' dir='ltr'>edicti</span> <span class='ocrx_word' id='word_1_289' title='bbox 1332 423 1498 465; x_wconf 68' lang='lat' dir='ltr'>m&#39;celeqati</span> <span class='ocrx_word' id='word_1_290' title='bbox 1514 422 1730 455; x_wconf 74' lang='lat' dir='ltr'>Bononiensis</span> 
     </span>
     <span class='ocr_line' id='line_1_63' title="bbox 1028 475 1730 519; baseline 0 -13"><span class='ocrx_word' id='word_1_291' title='bbox 1028 486 1124 519; x_wconf 73' lang='lat' dir='ltr'>super</span> <span class='ocrx_word' id='word_1_292' title='bbox 1158 475 1378 519; x_wconf 67' lang='lat' dir='ltr'>qualitatibus</span> <span class='ocrx_word' id='word_1_293' title='bbox 1410 476 1617 508; x_wconf 69' lang='lat' dir='ltr'>notariorum</span> <span class='ocrx_word' id='word_1_294' title='bbox 1647 475 1730 507; x_wconf 73' lang='lat' dir='ltr'>eius-</span> 
     </span>
     <span class='ocr_line' id='line_1_64' title="bbox 1029 528 1273 561; baseline 0.004 -1"><span class='ocrx_word' id='word_1_295' title='bbox 1029 528 1099 560; x_wconf 73' lang='lat' dir='ltr'>dem</span> <span class='ocrx_word' id='word_1_296' title='bbox 1120 529 1273 561; x_wconf 68' lang='lat' dir='ltr'>civitatis.</span> 
     </span>
    </p>
   </div>
   <div class='ocr_carea' id='block_1_26' title="bbox 1113 617 1596 705">
    <p class='ocr_par' dir='ltr' id='par_1_32' title="bbox 1113 617 1596 705">
     <span class='ocr_line' id='line_1_65' title="bbox 1200 617 1518 651; baseline 0 -7"><span class='ocrx_word' id='word_1_297' title='bbox 1200 618 1334 644; x_wconf 82' lang='lat' dir='ltr'>Clemens</span> <span class='ocrx_word' id='word_1_298' title='bbox 1351 618 1430 651; x_wconf 78' lang='lat' dir='ltr'>Papa</span> <span class='ocrx_word' id='word_1_299' title='bbox 1440 617 1518 651; x_wconf 84' lang='lat' dir='ltr'>vm,</span> 
     </span>
     <span class='ocr_line' id='line_1_66' title="bbox 1113 671 1596 705; baseline -0.002 -7"><span class='ocrx_word' id='word_1_300' title='bbox 1113 671 1149 698; x_wconf 86' lang='lat' dir='ltr'>ad</span> <span class='ocrx_word' id='word_1_301' title='bbox 1165 674 1340 705; x_wconf 82' lang='lat' dir='ltr'>perpetuam</span> <span class='ocrx_word' id='word_1_302' title='bbox 1355 671 1399 698; x_wconf 81' lang='lat' dir='ltr'>rei</span> <span class='ocrx_word' id='word_1_303' title='bbox 1416 671 1596 699; x_wconf 84' lang='lat' dir='ltr'>memoriam.</span> 
     </span>
    </p>
   </div>
   <div class='ocr_carea' id='block_1_27' title="bbox 987 742 1745 2711">
    <p class='ocr_par' dir='ltr' id='par_1_33' title="bbox 987 742 1733 1000">
     <span class='ocr_line' id='line_1_67' title="bbox 1030 742 1730 786; baseline -0.001 -10"><span class='ocrx_word' id='word_1_304' title='bbox 1030 743 1124 776; x_wconf 88' lang='lat' dir='ltr'>Decet</span> <span class='ocrx_word' id='word_1_305' title='bbox 1152 743 1333 776; x_wconf 83' lang='lat' dir='ltr'>Romanum</span> <span class='ocrx_word' id='word_1_306' title='bbox 1364 742 1554 775; x_wconf 82' lang='lat' dir='ltr'>Pontificem</span> <span class='ocrx_word' id='word_1_307' title='bbox 1576 743 1623 781; x_wconf 82' lang='lat' dir='ltr'>iis,</span> <span class='ocrx_word' id='word_1_308' title='bbox 1648 753 1730 786; x_wconf 88' lang='lat' dir='ltr'>quae</span> 
     </span>
     <span class='ocr_line' id='line_1_68' title="bbox 987 795 1728 833; baseline 0 -4"><span class='ocrx_word' id='word_1_309' title='bbox 987 796 1159 829; x_wconf 85' lang='lat' dir='ltr'>salubriter</span> <span class='ocrx_word' id='word_1_310' title='bbox 1179 801 1296 829; x_wconf 86' lang='lat' dir='ltr'>statuta</span> <span class='ocrx_word' id='word_1_311' title='bbox 1316 801 1401 833; x_wconf 82' lang='lat' dir='ltr'>sunt,</span> <span class='ocrx_word' id='word_1_312' title='bbox 1428 801 1460 828; x_wconf 87' lang='lat' dir='ltr'>ut</span> <span class='ocrx_word' id='word_1_313' title='bbox 1484 795 1629 829; x_wconf 85' lang='lat' dir='ltr'>firmiora</span> <span class='ocrx_word' id='word_1_314' title='bbox 1649 796 1728 829; x_wconf 86' lang='lat' dir='ltr'>sub-</span> 
     </span>
     <span class='ocr_line' id='line_1_69' title="bbox 988 849 1732 893; baseline 0.001 -11"><span class='ocrx_word' id='word_1_315' title='bbox 988 849 1119 887; x_wconf 75' lang='lat' dir='ltr'>sistant,</span> <span class='ocrx_word' id='word_1_316' title='bbox 1160 849 1328 893; x_wconf 88' lang='lat' dir='ltr'>apostolici</span> <span class='ocrx_word' id='word_1_317' title='bbox 1368 849 1555 882; x_wconf 85' lang='lat' dir='ltr'>muniminis</span> <span class='ocrx_word' id='word_1_318' title='bbox 1592 849 1732 883; x_wconf 84' lang='lat' dir='ltr'>adiicere</span> 
     </span>
     <span class='ocr_line' id='line_1_70' title="bbox 989 902 1733 946; baseline 0 -11"><span class='ocrx_word' id='word_1_319' title='bbox 989 903 1198 943; x_wconf 77' lang='lat' dir='ltr'>firmitatem,</span> <span class='ocrx_word' id='word_1_320' title='bbox 1222 908 1319 945; x_wconf 87' lang='lat' dir='ltr'>prout</span> <span class='ocrx_word' id='word_1_321' title='bbox 1348 902 1378 935; x_wconf 90' lang='lat' dir='ltr'>in</span> <span class='ocrx_word' id='word_1_322' title='bbox 1408 902 1544 935; x_wconf 89' lang='lat' dir='ltr'>Domino</span> <span class='ocrx_word' id='word_1_323' title='bbox 1575 902 1733 946; x_wconf 78' lang='lat' dir='ltr'>conspicit</span> 
     </span>
     <span class='ocr_line' id='line_1_71' title="bbox 988 956 1147 1000; baseline 0 -11"><span class='ocrx_word' id='word_1_324' title='bbox 988 956 1147 1000; x_wconf 76' lang='lat' dir='ltr'>expedire.</span> 
     </span>
    </p>

    <p class='ocr_par' dir='ltr' id='par_1_34' title="bbox 988 1009 1745 2655">
     <span class='ocr_line' id='line_1_72' title="bbox 1033 1009 1732 1053; baseline 0 -11"><span class='ocrx_word' id='word_1_325' title='bbox 1033 1012 1050 1051; x_wconf 98' lang='lat'>5</span> <span class='ocrx_word' id='word_1_326' title='bbox 1074 1009 1101 1042; x_wconf 90' lang='lat' dir='ltr'>l.</span> <span class='ocrx_word' id='word_1_327' title='bbox 1126 1010 1235 1053; x_wconf 89' lang='lat' dir='ltr'>Nuper</span> <span class='ocrx_word' id='word_1_328' title='bbox 1259 1009 1418 1053; x_wconf 87' lang='lat' dir='ltr'>siquidem</span> <span class='ocrx_word' id='word_1_329' title='bbox 1440 1009 1621 1053; x_wconf 77' lang='lat' dir='ltr'>expositum</span> <span class='ocrx_word' id='word_1_330' title='bbox 1639 1009 1732 1042; x_wconf 89' lang='lat' dir='ltr'>nobis</span> 
     </span>
     <span class='ocr_line' id='line_1_73' title="bbox 990 1062 1733 1107; baseline 0 -12"><span class='ocrx_word' id='word_1_331' title='bbox 990 1063 1058 1102; x_wconf 85' lang='lat' dir='ltr'>fuit,</span> <span class='ocrx_word' id='word_1_332' title='bbox 1082 1063 1169 1107; x_wconf 85' lang='lat' dir='ltr'>quod</span> <span class='ocrx_word' id='word_1_333' title='bbox 1190 1063 1268 1096; x_wconf 87' lang='lat' dir='ltr'>alias</span> <span class='ocrx_word' id='word_1_334' title='bbox 1299 1063 1434 1095; x_wconf 80' lang='lat' dir='ltr'>dilectus</span> <span class='ocrx_word' id='word_1_335' title='bbox 1464 1062 1548 1095; x_wconf 84' lang='lat' dir='ltr'>silius</span> <span class='ocrx_word' id='word_1_336' title='bbox 1580 1062 1733 1105; x_wconf 77' lang='lat' dir='ltr'>magister</span> 
     </span>
     <span class='ocr_line' id='line_1_74' title="bbox 988 1116 1732 1160; baseline -0.001 -11"><span class='ocrx_word' id='word_1_337' title='bbox 988 1116 1137 1150; x_wconf 77' lang='lat' dir='ltr'>Octavius</span> <span class='ocrx_word' id='word_1_338' title='bbox 1167 1116 1347 1156; x_wconf 83' lang='lat' dir='ltr'>Bandinus,</span> <span class='ocrx_word' id='word_1_339' title='bbox 1383 1116 1624 1159; x_wconf 83' lang='lat' dir='ltr'>protonotarius</span> <span class='ocrx_word' id='word_1_340' title='bbox 1654 1126 1732 1160; x_wconf 85' lang='lat' dir='ltr'>apo-</span> 
     </span>
     <span class='ocr_line' id='line_1_75' title="bbox 989 1170 1730 1211; baseline -0.001 -8"><span class='ocrx_word' id='word_1_341' title='bbox 989 1170 1132 1211; x_wconf 84' lang='lat' dir='ltr'>stolicus,</span> <span class='ocrx_word' id='word_1_342' title='bbox 1161 1176 1192 1203; x_wconf 87' lang='lat' dir='ltr'>et.</span> <span class='ocrx_word' id='word_1_343' title='bbox 1216 1170 1248 1202; x_wconf 91' lang='lat' dir='ltr'>in</span> <span class='ocrx_word' id='word_1_344' title='bbox 1277 1170 1404 1203; x_wconf 83' lang='lat' dir='ltr'>civitate</span> <span class='ocrx_word' id='word_1_345' title='bbox 1426 1170 1619 1203; x_wconf 87' lang='lat' dir='ltr'>Bononiensi</span> <span class='ocrx_word' id='word_1_346' title='bbox 1644 1170 1730 1203; x_wconf 83' lang='lat' dir='ltr'>viee-</span> 
     </span>
     <span class='ocr_line' id='line_1_76' title="bbox 989 1223 1735 1268; baseline -0.003 -11"><span class='ocrx_word' id='word_1_347' title='bbox 989 1224 1165 1267; x_wconf 78' lang='lat' dir='ltr'>delegatus,</span> <span class='ocrx_word' id='word_1_348' title='bbox 1182 1223 1314 1268; x_wconf 77' lang='lat' dir='ltr'>provide</span> <span class='ocrx_word' id='word_1_349' title='bbox 1324 1223 1583 1256; x_wconf 83' lang='lat' dir='ltr'>animadvertens</span> <span class='ocrx_word' id='word_1_350' title='bbox 1592 1223 1735 1256; x_wconf 88' lang='lat' dir='ltr'>notarios</span> 
     </span>
     <span class='ocr_line' id='line_1_77' title="bbox 990 1276 1735 1319; baseline -0.001 -9"><span class='ocrx_word' id='word_1_351' title='bbox 990 1277 1152 1311; x_wconf 86' lang='lat' dir='ltr'>actuarios</span> <span class='ocrx_word' id='word_1_352' title='bbox 1169 1277 1229 1310; x_wconf 89' lang='lat' dir='ltr'>fori</span> <span class='ocrx_word' id='word_1_353' title='bbox 1251 1276 1395 1310; x_wconf 88' lang='lat' dir='ltr'>eiusdem</span> <span class='ocrx_word' id='word_1_354' title='bbox 1413 1276 1578 1319; x_wconf 81' lang='lat' dir='ltr'>vicelegati</span> <span class='ocrx_word' id='word_1_355' title='bbox 1597 1276 1735 1309; x_wconf 86' lang='lat' dir='ltr'>retinere</span> 
     </span>
     <span class='ocr_line' id='line_1_78' title="bbox 990 1330 1736 1364; baseline -0.003 0"><span class='ocrx_word' id='word_1_356' title='bbox 990 1330 1180 1364; x_wconf 85' lang='lat' dir='ltr'>substitutos</span> <span class='ocrx_word' id='word_1_357' title='bbox 1200 1340 1265 1363; x_wconf 92' lang='lat' dir='ltr'>non</span> <span class='ocrx_word' id='word_1_358' title='bbox 1285 1330 1428 1363; x_wconf 88' lang='lat' dir='ltr'>notarios</span> <span class='ocrx_word' id='word_1_359' title='bbox 1447 1335 1612 1363; x_wconf 86' lang='lat' dir='ltr'>sumantes</span> <span class='ocrx_word' id='word_1_360' title='bbox 1627 1330 1736 1363; x_wconf 86' lang='lat' dir='ltr'>foren-</span> 
     </span>
     <span class='ocr_line' id='line_1_79' title="bbox 991 1383 1737 1428; baseline -0.003 -10"><span class='ocrx_word' id='word_1_361' title='bbox 991 1395 1051 1425; x_wconf 87' lang='lat' dir='ltr'>ses,</span> <span class='ocrx_word' id='word_1_362' title='bbox 1079 1384 1155 1417; x_wconf 83' lang='lat' dir='ltr'>artis</span> <span class='ocrx_word' id='word_1_363' title='bbox 1172 1384 1317 1417; x_wconf 86' lang='lat' dir='ltr'>notariae</span> <span class='ocrx_word' id='word_1_364' title='bbox 1339 1390 1370 1417; x_wconf 83' lang='lat' dir='ltr'>et</span> <span class='ocrx_word' id='word_1_365' title='bbox 1395 1383 1577 1417; x_wconf 82' lang='lat' dir='ltr'>litterarum</span> <span class='ocrx_word' id='word_1_366' title='bbox 1607 1383 1737 1428; x_wconf 87' lang='lat' dir='ltr'>penitus</span> 
     </span>
     <span class='ocr_line' id='line_1_80' title="bbox 993 1436 1736 1481; baseline 0 -11"><span class='ocrx_word' id='word_1_367' title='bbox 993 1438 1121 1481; x_wconf 81' lang='lat' dir='ltr'>ignaros</span> <span class='ocrx_word' id='word_1_368' title='bbox 1141 1438 1401 1481; x_wconf 78' lang='lat' dir='ltr'>inexpertosque‚</span> <span class='ocrx_word' id='word_1_369' title='bbox 1425 1443 1456 1470; x_wconf 83' lang='lat' dir='ltr'>et</span> <span class='ocrx_word' id='word_1_370' title='bbox 1476 1436 1658 1481; x_wconf 88' lang='lat' dir='ltr'>prohibitos</span> <span class='ocrx_word' id='word_1_371' title='bbox 1678 1447 1736 1470; x_wconf 89' lang='lat' dir='ltr'>no—</span> 
     </span>
     <span class='ocr_line' id='line_1_81' title="bbox 992 1490 1737 1525; baseline -0.001 -1"><span class='ocrx_word' id='word_1_372' title='bbox 992 1492 1126 1525; x_wconf 88' lang='lat' dir='ltr'>tariatus</span> <span class='ocrx_word' id='word_1_373' title='bbox 1146 1490 1288 1524; x_wconf 83' lang='lat' dir='ltr'>officium</span> <span class='ocrx_word' id='word_1_374' title='bbox 1317 1501 1465 1524; x_wconf 81' lang='lat' dir='ltr'>exercere</span> <span class='ocrx_word' id='word_1_375' title='bbox 1486 1502 1522 1523; x_wconf 87' lang='lat' dir='ltr'>ex</span> <span class='ocrx_word' id='word_1_376' title='bbox 1549 1492 1653 1524; x_wconf 87' lang='lat' dir='ltr'>forma</span> <span class='ocrx_word' id='word_1_377' title='bbox 1673 1496 1737 1524; x_wconf 88' lang='lat' dir='ltr'>sta-</span> 
     </span>
     <span class='ocr_line' id='line_1_82' title="bbox 993 1544 1734 1587; baseline -0.003 -9"><span class='ocrx_word' id='word_1_378' title='bbox 993 1550 1136 1578; x_wconf 87' lang='lat' dir='ltr'>tutorum</span> <span class='ocrx_word' id='word_1_379' title='bbox 1164 1544 1300 1578; x_wconf 84' lang='lat' dir='ltr'>civitatis</span> <span class='ocrx_word' id='word_1_380' title='bbox 1319 1544 1501 1583; x_wconf 79' lang='lat' dir='ltr'>Bononiae3</span> <span class='ocrx_word' id='word_1_381' title='bbox 1529 1550 1561 1577; x_wconf 87' lang='lat' dir='ltr'>et</span> <span class='ocrx_word' id='word_1_382' title='bbox 1580 1544 1639 1577; x_wconf 89' lang='lat' dir='ltr'>hos</span> <span class='ocrx_word' id='word_1_383' title='bbox 1659 1544 1734 1587; x_wconf 88' lang='lat' dir='ltr'>qui-</span> 
     </span>
     <span class='ocr_line' id='line_1_83' title="bbox 994 1596 1734 1644; baseline -0.003 -13"><span class='ocrx_word' id='word_1_384' title='bbox 994 1599 1067 1632; x_wconf 89' lang='lat' dir='ltr'>dem</span> <span class='ocrx_word' id='word_1_385' title='bbox 1088 1598 1276 1644; x_wconf 81' lang='lat' dir='ltr'>substitutos</span> <span class='ocrx_word' id='word_1_386' title='bbox 1308 1597 1340 1630; x_wconf 91' lang='lat' dir='ltr'>in</span> <span class='ocrx_word' id='word_1_387' title='bbox 1376 1597 1455 1631; x_wconf 87' lang='lat' dir='ltr'>actis</span> <span class='ocrx_word' id='word_1_388' title='bbox 1475 1596 1613 1641; x_wconf 80' lang='lat' dir='ltr'>publicis</span> <span class='ocrx_word' id='word_1_389' title='bbox 1634 1602 1665 1630; x_wconf 89' lang='lat' dir='ltr'>et.</span> <span class='ocrx_word' id='word_1_390' title='bbox 1685 1597 1734 1629; x_wconf 92' lang='lat' dir='ltr'>iu-</span> 
     </span>
     <span class='ocr_line' id='line_1_84' title="bbox 995 1650 1737 1686; baseline -0.003 -1"><span class='ocrx_word' id='word_1_391' title='bbox 995 1652 1164 1686; x_wconf 69' lang='lat' dir='ltr'>dicialibus</span> <span class='ocrx_word' id='word_1_392' title='bbox 1195 1651 1375 1685; x_wconf 85' lang='lat' dir='ltr'>scribendis</span> <span class='ocrx_word' id='word_1_393' title='bbox 1411 1662 1560 1684; x_wconf 84' lang='lat' dir='ltr'>exercere</span> <span class='ocrx_word' id='word_1_394' title='bbox 1594 1650 1737 1684; x_wconf 83' lang='lat' dir='ltr'>officium</span> 
     </span>
     <span class='ocr_line' id='line_1_85' title="bbox 994 1703 1738 1743; baseline -0.003 -5"><span class='ocrx_word' id='word_1_395' title='bbox 994 1706 1201 1743; x_wconf 87' lang='lat' dir='ltr'>huiusmodi,</span> <span class='ocrx_word' id='word_1_396' title='bbox 1244 1705 1341 1738; x_wconf 84' lang='lat' dir='ltr'>etiam</span> <span class='ocrx_word' id='word_1_397' title='bbox 1378 1704 1565 1738; x_wconf 85' lang='lat' dir='ltr'>absentibus</span> <span class='ocrx_word' id='word_1_398' title='bbox 1603 1703 1738 1737; x_wconf 85' lang='lat' dir='ltr'>notariis</span> 
     </span>
     <span class='ocr_line' id='line_1_86' title="bbox 995 1757 1739 1803; baseline -0.003 -11"><span class='ocrx_word' id='word_1_399' title='bbox 995 1759 1158 1803; x_wconf 84' lang='lat' dir='ltr'>primariis</span> <span class='ocrx_word' id='word_1_400' title='bbox 1185 1765 1214 1792; x_wconf 87' lang='lat' dir='ltr'>et</span> <span class='ocrx_word' id='word_1_401' title='bbox 1247 1758 1482 1803; x_wconf 87' lang='lat' dir='ltr'>principalibus</span> <span class='ocrx_word' id='word_1_402' title='bbox 1498 1786 1505 1798; x_wconf 82' lang='lat'>,</span> <span class='ocrx_word' id='word_1_403' title='bbox 1530 1757 1627 1801; x_wconf 84' lang='lat' dir='ltr'>idque</span> <span class='ocrx_word' id='word_1_404' title='bbox 1647 1757 1739 1791; x_wconf 85' lang='lat' dir='ltr'>valde</span> 
     </span>
     <span class='ocr_line' id='line_1_87' title="bbox 995 1812 1739 1856; baseline -0.003 -11"><span class='ocrx_word' id='word_1_405' title='bbox 995 1812 1213 1856; x_wconf 88' lang='lat' dir='ltr'>perniciosum</span> <span class='ocrx_word' id='word_1_406' title='bbox 1234 1818 1264 1845; x_wconf 88' lang='lat' dir='ltr'>et</span> <span class='ocrx_word' id='word_1_407' title='bbox 1289 1812 1508 1856; x_wconf 86' lang='lat' dir='ltr'>periculosum</span> <span class='ocrx_word' id='word_1_408' title='bbox 1530 1812 1608 1851; x_wconf 85' lang='lat' dir='ltr'>sore,</span> <span class='ocrx_word' id='word_1_409' title='bbox 1633 1817 1661 1844; x_wconf 85' lang='lat' dir='ltr'>et</span> <span class='ocrx_word' id='word_1_410' title='bbox 1674 1821 1739 1844; x_wconf 92' lang='lat' dir='ltr'>non</span> 
     </span>
     <span class='ocr_line' id='line_1_88' title="bbox 995 1865 1740 1908; baseline -0.003 -9"><span class='ocrx_word' id='word_1_411' title='bbox 995 1866 1062 1899; x_wconf 89' lang='lat' dir='ltr'>sine</span> <span class='ocrx_word' id='word_1_412' title='bbox 1074 1867 1233 1900; x_wconf 86' lang='lat' dir='ltr'>dedecore</span> <span class='ocrx_word' id='word_1_413' title='bbox 1244 1865 1372 1908; x_wconf 81' lang='lat' dir='ltr'>collegii</span> <span class='ocrx_word' id='word_1_414' title='bbox 1386 1865 1602 1905; x_wconf 81' lang='lat' dir='ltr'>notariorum,</span> <span class='ocrx_word' id='word_1_415' title='bbox 1620 1870 1651 1897; x_wconf 89' lang='lat' dir='ltr'>et</span> <span class='ocrx_word' id='word_1_416' title='bbox 1664 1874 1740 1897; x_wconf 91' lang='lat' dir='ltr'>con-</span> 
     </span>
     <span class='ocr_line' id='line_1_89' title="bbox 996 1918 1740 1964; baseline -0.003 -11"><span class='ocrx_word' id='word_1_417' title='bbox 996 1926 1119 1964; x_wconf 85' lang='lat' dir='ltr'>temptu</span> <span class='ocrx_word' id='word_1_418' title='bbox 1148 1919 1414 1954; x_wconf 86' lang='lat' dir='ltr'>constitutionum</span> <span class='ocrx_word' id='word_1_419' title='bbox 1446 1925 1476 1952; x_wconf 91' lang='lat' dir='ltr'>et</span> <span class='ocrx_word' id='word_1_420' title='bbox 1496 1918 1740 1963; x_wconf 80' lang='lat' dir='ltr'>privilegiorum</span> 
     </span>
     <span class='ocr_line' id='line_1_90' title="bbox 996 1972 1741 2017; baseline -0.001 -11"><span class='ocrx_word' id='word_1_421' title='bbox 996 1974 1067 2014; x_wconf 87' lang='lat' dir='ltr'>sori,</span> <span class='ocrx_word' id='word_1_422' title='bbox 1092 1985 1128 2007; x_wconf 83' lang='lat' dir='ltr'>ae</span> <span class='ocrx_word' id='word_1_423' title='bbox 1148 1973 1336 2016; x_wconf 75' lang='lat' dir='ltr'>gravissimo</span> <span class='ocrx_word' id='word_1_424' title='bbox 1350 1972 1480 2017; x_wconf 90' lang='lat' dir='ltr'>publico</span> <span class='ocrx_word' id='word_1_425' title='bbox 1498 1978 1528 2005; x_wconf 83' lang='lat' dir='ltr'>et</span> <span class='ocrx_word' id='word_1_426' title='bbox 1542 1972 1666 2016; x_wconf 79' lang='lat' dir='ltr'>privato</span> <span class='ocrx_word' id='word_1_427' title='bbox 1685 1972 1741 2005; x_wconf 87' lang='lat' dir='ltr'>da-</span> 
     </span>
     <span class='ocr_line' id='line_1_91' title="bbox 996 2025 1743 2071; baseline -0.005 -10"><span class='ocrx_word' id='word_1_428' title='bbox 996 2038 1072 2061; x_wconf 91' lang='lat' dir='ltr'>mno</span> <span class='ocrx_word' id='word_1_429' title='bbox 1098 2027 1179 2068; x_wconf 73' lang='lat' dir='ltr'>fieri,</span> <span class='ocrx_word' id='word_1_430' title='bbox 1203 2028 1277 2061; x_wconf 91' lang='lat' dir='ltr'>ideo</span> <span class='ocrx_word' id='word_1_431' title='bbox 1290 2026 1475 2071; x_wconf 86' lang='lat' dir='ltr'>praemissis</span> <span class='ocrx_word' id='word_1_432' title='bbox 1492 2025 1613 2059; x_wconf 90' lang='lat' dir='ltr'>salubri</span> <span class='ocrx_word' id='word_1_433' title='bbox 1634 2025 1743 2069; x_wconf 86' lang='lat' dir='ltr'>aliqua</span> 
     </span>
     <span class='ocr_line' id='line_1_92' title="bbox 995 2078 1741 2125; baseline -0.004 -11"><span class='ocrx_word' id='word_1_434' title='bbox 995 2082 1120 2115; x_wconf 84' lang='lat' dir='ltr'>ratione</span> <span class='ocrx_word' id='word_1_435' title='bbox 1129 2081 1299 2125; x_wconf 84' lang='lat' dir='ltr'>providere</span> <span class='ocrx_word' id='word_1_436' title='bbox 1308 2080 1428 2120; x_wconf 78' lang='lat' dir='ltr'>volens⁷</span> <span class='ocrx_word' id='word_1_437' title='bbox 1440 2079 1638 2112; x_wconf 87' lang='lat' dir='ltr'>inhaerendo</span> <span class='ocrx_word' id='word_1_438' title='bbox 1646 2078 1741 2112; x_wconf 86' lang='lat' dir='ltr'>etiam</span> 
     </span>
     <span class='ocr_line' id='line_1_93' title="bbox 997 2131 1742 2176; baseline -0.007 -8"><span class='ocrx_word' id='word_1_439' title='bbox 997 2134 1090 2168; x_wconf 90' lang='lat' dir='ltr'>dictis</span> <span class='ocrx_word' id='word_1_440' title='bbox 1111 2133 1396 2167; x_wconf 85' lang='lat' dir='ltr'>constitutionibus</span> <span class='ocrx_word' id='word_1_441' title='bbox 1416 2132 1659 2176; x_wconf 81' lang='lat' dir='ltr'>privilegiisque</span> <span class='ocrx_word' id='word_1_442' title='bbox 1681 2131 1742 2164; x_wconf 89' lang='lat' dir='ltr'>sori</span> 
     </span>
     <span class='ocr_line' id='line_1_94' title="bbox 997 2184 1743 2229; baseline -0.007 -8"><span class='ocrx_word' id='word_1_443' title='bbox 997 2188 1216 2227; x_wconf 81' lang='lat' dir='ltr'>notariorum⁷</span> <span class='ocrx_word' id='word_1_444' title='bbox 1241 2193 1270 2220; x_wconf 89' lang='lat' dir='ltr'>et</span> <span class='ocrx_word' id='word_1_445' title='bbox 1295 2186 1422 2220; x_wconf 89' lang='lat' dir='ltr'>statutis</span> <span class='ocrx_word' id='word_1_446' title='bbox 1443 2191 1474 2218; x_wconf 88' lang='lat' dir='ltr'>et</span> <span class='ocrx_word' id='word_1_447' title='bbox 1504 2184 1743 2229; x_wconf 81' lang='lat' dir='ltr'>provisionibus</span> 
     </span>
     <span class='ocr_line' id='line_1_95' title="bbox 998 2239 1743 2283; baseline -0.005 -9"><span class='ocrx_word' id='word_1_448' title='bbox 998 2242 1102 2275; x_wconf 89' lang='lat' dir='ltr'>dictae</span> <span class='ocrx_word' id='word_1_449' title='bbox 1125 2240 1270 2281; x_wconf 84' lang='lat' dir='ltr'>civitatis,</span> <span class='ocrx_word' id='word_1_450' title='bbox 1309 2240 1415 2273; x_wconf 85' lang='lat' dir='ltr'>edicto</span> <span class='ocrx_word' id='word_1_451' title='bbox 1435 2239 1565 2283; x_wconf 83' lang='lat' dir='ltr'>publico</span> <span class='ocrx_word' id='word_1_452' title='bbox 1586 2244 1743 2282; x_wconf 87' lang='lat' dir='ltr'>perpetuo</span> 
     </span>
     <span class='ocr_line' id='line_1_96' title="bbox 998 2292 1741 2336; baseline -0.004 -9"><span class='ocrx_word' id='word_1_453' title='bbox 998 2295 1135 2328; x_wconf 84' lang='lat' dir='ltr'>valituro</span> <span class='ocrx_word' id='word_1_454' title='bbox 1160 2294 1270 2327; x_wconf 86' lang='lat' dir='ltr'>statuit</span> <span class='ocrx_word' id='word_1_455' title='bbox 1289 2299 1320 2326; x_wconf 92' lang='lat' dir='ltr'>et</span> <span class='ocrx_word' id='word_1_456' title='bbox 1340 2293 1492 2332; x_wconf 72' lang='lat' dir='ltr'>decrevit,</span> <span class='ocrx_word' id='word_1_457' title='bbox 1517 2292 1604 2336; x_wconf 90' lang='lat' dir='ltr'>quod</span> <span class='ocrx_word' id='word_1_458' title='bbox 1624 2292 1741 2325; x_wconf 89' lang='lat' dir='ltr'>notarii</span> 
     </span>
     <span class='ocr_line' id='line_1_97' title="bbox 999 2345 1739 2391; baseline -0.005 -10"><span class='ocrx_word' id='word_1_459' title='bbox 999 2348 1134 2381; x_wconf 85' lang='lat' dir='ltr'>actuarii</span> <span class='ocrx_word' id='word_1_460' title='bbox 1156 2348 1217 2381; x_wconf 88' lang='lat' dir='ltr'>fori</span> <span class='ocrx_word' id='word_1_461' title='bbox 1239 2347 1407 2391; x_wconf 87' lang='lat' dir='ltr'>ipsiusmet</span> <span class='ocrx_word' id='word_1_462' title='bbox 1434 2345 1599 2388; x_wconf 72' lang='lat' dir='ltr'>vicelegati</span> <span class='ocrx_word' id='word_1_463' title='bbox 1621 2345 1739 2383; x_wconf 83' lang='lat' dir='ltr'>statim,</span> 
     </span>
     <span class='ocr_line' id='line_1_98' title="bbox 999 2398 1744 2444; baseline -0.004 -11"><span class='ocrx_word' id='word_1_464' title='bbox 999 2401 1120 2443; x_wconf 85' lang='lat' dir='ltr'>absquo</span> <span class='ocrx_word' id='word_1_465' title='bbox 1140 2400 1248 2444; x_wconf 88' lang='lat' dir='ltr'>aliqua</span> <span class='ocrx_word' id='word_1_466' title='bbox 1268 2399 1446 2433; x_wconf 87' lang='lat' dir='ltr'>monitione</span> <span class='ocrx_word' id='word_1_467' title='bbox 1462 2426 1469 2439; x_wconf 91' lang='lat'>,</span> <span class='ocrx_word' id='word_1_468' title='bbox 1494 2410 1511 2431; x_wconf 84' lang='lat' dir='ltr'>a</span> <span class='ocrx_word' id='word_1_469' title='bbox 1529 2398 1580 2431; x_wconf 88' lang='lat' dir='ltr'>die</span> <span class='ocrx_word' id='word_1_470' title='bbox 1600 2398 1744 2442; x_wconf 82' lang='lat' dir='ltr'>publica-</span> 
     </span>
     <span class='ocr_line' id='line_1_99' title="bbox 1002 2452 1745 2496; baseline -0.001 -10"><span class='ocrx_word' id='word_1_471' title='bbox 1002 2453 1095 2487; x_wconf 82' lang='lat' dir='ltr'>tionis</span> <span class='ocrx_word' id='word_1_472' title='bbox 1115 2453 1273 2496; x_wconf 85' lang='lat' dir='ltr'>praedicti</span> <span class='ocrx_word' id='word_1_473' title='bbox 1291 2452 1399 2491; x_wconf 77' lang='lat' dir='ltr'>edicti‚</span> <span class='ocrx_word' id='word_1_474' title='bbox 1422 2457 1626 2485; x_wconf 84' lang='lat' dir='ltr'>removerent</span> <span class='ocrx_word' id='word_1_475' title='bbox 1645 2457 1676 2485; x_wconf 87' lang='lat' dir='ltr'>et</span> <span class='ocrx_word' id='word_1_476' title='bbox 1695 2462 1745 2485; x_wconf 87' lang='lat' dir='ltr'>re-</span> 
     </span>
     <span class='ocr_line' id='line_1_100' title="bbox 1001 2505 1745 2540; baseline -0.003 -1"><span class='ocrx_word' id='word_1_477' title='bbox 1001 2517 1129 2540; x_wconf 80' lang='lat' dir='ltr'>movere</span> <span class='ocrx_word' id='word_1_478' title='bbox 1160 2507 1315 2539; x_wconf 88' lang='lat' dir='ltr'>deberent</span> <span class='ocrx_word' id='word_1_479' title='bbox 1337 2516 1449 2538; x_wconf 87' lang='lat' dir='ltr'>omnes</span> <span class='ocrx_word' id='word_1_480' title='bbox 1470 2505 1659 2538; x_wconf 88' lang='lat' dir='ltr'>substitutos</span> <span class='ocrx_word' id='word_1_481' title='bbox 1679 2515 1745 2537; x_wconf 91' lang='lat' dir='ltr'>non</span> 
     </span>
     <span class='ocr_line' id='line_1_101' title="bbox 1001 2558 1744 2600; baseline -0.003 -8"><span class='ocrx_word' id='word_1_482' title='bbox 1001 2559 1155 2600; x_wconf 84' lang='lat' dir='ltr'>notarios,</span> <span class='ocrx_word' id='word_1_483' title='bbox 1177 2569 1242 2592; x_wconf 94' lang='lat' dir='ltr'>non</span> <span class='ocrx_word' id='word_1_484' title='bbox 1267 2558 1402 2599; x_wconf 84' lang='lat' dir='ltr'>habiles,</span> <span class='ocrx_word' id='word_1_485' title='bbox 1431 2568 1496 2591; x_wconf 90' lang='lat' dir='ltr'>non</span> <span class='ocrx_word' id='word_1_486' title='bbox 1516 2558 1663 2599; x_wconf 84' lang='lat' dir='ltr'>idoneos,</span> <span class='ocrx_word' id='word_1_487' title='bbox 1686 2569 1744 2591; x_wconf 83' lang='lat' dir='ltr'>nec</span> 
     </span>
     <span class='ocr_line' id='line_1_102' title="bbox 1000 2611 1745 2655; baseline -0.004 -9"><span class='ocrx_word' id='word_1_488' title='bbox 1000 2623 1018 2646; x_wconf 88' lang='lat' dir='ltr'>a</span> <span class='ocrx_word' id='word_1_489' title='bbox 1047 2612 1331 2646; x_wconf 88' lang='lat' dir='ltr'>constitutionibus</span> <span class='ocrx_word' id='word_1_490' title='bbox 1365 2617 1396 2645; x_wconf 89' lang='lat' dir='ltr'>et</span> <span class='ocrx_word' id='word_1_491' title='bbox 1421 2611 1547 2645; x_wconf 85' lang='lat' dir='ltr'>statutis</span> <span class='ocrx_word' id='word_1_492' title='bbox 1576 2611 1745 2655; x_wconf 83' lang='lat' dir='ltr'>requisitas</span> 
     </span>
    </p>

    <p class='ocr_par' dir='ltr' id='par_1_35' title="bbox 1040 2674 1541 2711">
     <span class='ocr_line' id='line_1_103' title="bbox 1040 2674 1541 2711; baseline -0.004 -9"><span class='ocrx_word' id='word_1_493' title='bbox 1040 2679 1046 2702; x_wconf 90' lang='lat' dir='ltr'>l</span> <span class='ocrx_word' id='word_1_494' title='bbox 1073 2676 1108 2702; x_wconf 83' lang='lat' dir='ltr'>Ex</span> <span class='ocrx_word' id='word_1_495' title='bbox 1125 2675 1230 2711; x_wconf 74' lang='lat' dir='ltr'>Regest.</span> <span class='ocrx_word' id='word_1_496' title='bbox 1247 2675 1272 2702; x_wconf 90' lang='lat' dir='ltr'>in</span> <span class='ocrx_word' id='word_1_497' title='bbox 1288 2675 1391 2702; x_wconf 83' lang='lat' dir='ltr'>Sec-ret.</span> <span class='ocrx_word' id='word_1_498' title='bbox 1409 2674 1541 2702; x_wconf 82' lang='lat' dir='ltr'>Broriuin.</span> 
     </span>
    </p>
   </div>
   <div class='ocr_carea' id='block_1_28' title="bbox 1773 754 1894 774">
    <p class='ocr_par' dir='ltr' id='par_1_36' title="bbox 1773 754 1894 774">
     <span class='ocr_line' id='line_1_104' title="bbox 1773 754 1894 774; baseline 0 0"><span class='ocrx_word' id='word_1_499' title='bbox 1773 754 1894 774; x_wconf 23' lang='lat' dir='ltr'>fimi-utum*</span> 
     </span>
    </p>
   </div>
   <div class='ocr_carea' id='block_1_29' title="bbox 1747 1020 1935 1180">
    <p class='ocr_par' dir='ltr' id='par_1_37' title="bbox 1747 1020 1935 1180">
     <span class='ocr_line' id='line_1_105' title="bbox 1798 1020 1934 1044; baseline 0 -4"><span class='ocrx_word' id='word_1_500' title='bbox 1798 1020 1934 1044; x_wconf 61' lang='lat' dir='ltr'>t&#39;ieeteaatus</span> 
     </span>
     <span class='ocr_line' id='line_1_106' title="bbox 1747 1046 1931 1067; baseline 0.005 -2"><span class='ocrx_word' id='word_1_501' title='bbox 1747 1047 1841 1067; x_wconf 70' lang='lat' dir='ltr'>civitatis</span> <span class='ocrx_word' id='word_1_502' title='bbox 1853 1046 1931 1067; x_wconf 68' lang='lat' dir='ltr'>Bonan.</span> 
     </span>
     <span class='ocr_line' id='line_1_107' title="bbox 1748 1073 1935 1099; baseline -0.005 -5"><span class='ocrx_word' id='word_1_503' title='bbox 1748 1074 1866 1099; x_wconf 77' lang='lat' dir='ltr'>inexpertos</span> <span class='ocrx_word' id='word_1_504' title='bbox 1872 1073 1898 1093; x_wconf 88' lang='lat' dir='ltr'>ad</span> <span class='ocrx_word' id='word_1_505' title='bbox 1906 1075 1935 1093; x_wconf 83' lang='lat' dir='ltr'>ot-</span> 
     </span>
     <span class='ocr_line' id='line_1_108' title="bbox 1748 1100 1934 1120; baseline 0 0"><span class='ocrx_word' id='word_1_506' title='bbox 1748 1101 1817 1120; x_wconf 82' lang='lat' dir='ltr'>ticium</span> <span class='ocrx_word' id='word_1_507' title='bbox 1826 1100 1934 1120; x_wconf 77' lang='lat' dir='ltr'>substituti</span> 
     </span>
     <span class='ocr_line' id='line_1_109' title="bbox 1748 1127 1932 1147; baseline 0 -1"><span class='ocrx_word' id='word_1_508' title='bbox 1748 1128 1878 1147; x_wconf 72' lang='lat' dir='ltr'>notariorum</span> <span class='ocrx_word' id='word_1_509' title='bbox 1896 1127 1932 1146; x_wconf 76' lang='lat' dir='ltr'>ad-</span> 
     </span>
     <span class='ocr_line' id='line_1_110' title="bbox 1749 1153 1910 1180; baseline -0.012 -6"><span class='ocrx_word' id='word_1_510' title='bbox 1749 1154 1801 1174; x_wconf 69' lang='lat' dir='ltr'>mitti</span> <span class='ocrx_word' id='word_1_511' title='bbox 1813 1153 1910 1180; x_wconf 75' lang='lat' dir='ltr'>prohibet</span> 
     </span>
    </p>
   </div>
  </div>
 </body>
</html>
