2253 3195
11 240 55 265 An.
77 236 105 263 C.
125 235 186 263 1001

56 723 148 744 Adventu
163 721 189 743 ad

14 749 91 772 arbem.

65 1308 190 1330 Visitatione

19 1335 115 1357 :ellat-um.

51 1574 157 1601 Lampade
172 1575 193 1595 in

21 1601 139 1622 toi-mitono.

39 1684 98 1706 Ceius
113 1688 134 1706 et
145 1691 194 1712 sup-

22 1711 116 1733 uellet-titi.

818 234 965 258 CIAEMmS
987 234 1043 256 VIII
1063 234 1111 256 ΓΡ.

203 283 242 315 ad
263 282 438 326 superioris
452 282 620 316 arbitrium
638 283 833 326 plectantur,
851 293 940 315 eam-

204 336 276 369 dem
301 336 396 369 etiam
418 336 535 369 ianitor
560 337 694 375 subeat,
723 336 747 369 si
770 336 872 369 sciens
893 346 943 368 ex-

203 389 298 423 eundi
318 389 501 423 facultatem
517 390 634 423 feccrit..
658 390 734 423 Cum
753 396 858 423 autem
875 389 945 432 quis

204 443 233 476 in
249 449 439 476 conventum
461 443 642 480 revertitur.
658 444 858 487 superiorem
883 443 945 475 ite—

204 507 273 529 rum
289 496 390 529 adibit
403 496 662 529 benedictionem
679 502 878 540 recepturus,
892 496 944 539 qui

203 561 221 582 a
233 549 320 583 socio
331 549 453 582 itineris
466 549 636 588 rationem,
651 555 677 582 et
691 549 767 592 quid
782 549 826 582 ici
840 555 945 582 aetum

203 603 254 644 sit,
276 602 446 645 diligenter
466 603 642 646 perquirat.

249 657 265 699 ξ
286 655 338 689 13.
362 656 472 690 Nullos
492 657 606 690 fratres
619 657 754 690 Romam
769 656 878 689 venire
895 666 946 688 su-

204 709 348 754 periores
365 710 566 754 permittant,
583 710 643 743 nisi
658 710 747 754 prius
765 720 781 742 a
804 708 945 752 generali

205 763 253 796 vel
277 768 461 807 protectore
476 764 640 797 dumtaxat
653 763 816 797 licentiam
831 762 946 796 inscri-

204 817 267 861 ptis
293 818 547 862 impetraverint.
583 818 614 852 Si
641 819 713 863 quis
744 824 850 852 autem
879 818 947 851 siue

204 871 389 906 huiusmodi
408 874 558 906 facultate
571 873 706 906 Romam
733 873 840 906 venire
854 883 946 916 prac-

204 926 388 970 sumpserit,
401 938 478 960 voce
499 927 602 960 activa
620 933 651 960 et
670 927 795 971 passiva
814 926 947 960 biennio

204 979 347 1022 privatus
362 980 485 1021 existat,
509 980 675 1014 subiturus
696 981 791 1013 etiam
807 980 885 1013 alias
897 990 947 1012 ar-

204 1031 323 1066 bitratu
352 1034 557 1078 superiorum
592 1034 781 1077 infligendas
812 1044 943 1078 poenas.

204 1085 290 1124 Quae
312 1086 388 1120 item
410 1088 519 1121 onmia
544 1088 696 1121 adversus
716 1097 781 1128 eos,
806 1087 859 1131 qui
888 1097 944 1120 su-

204 1139 365 1182 pradictos
385 1141 574 1174 admiserint
597 1147 628 1174 et
655 1141 852 1184 receperint.
880 1140 947 1173 sine

204 1192 269 1224 ulla
295 1194 498 1237 exceptione,
522 1194 629 1227 locum
651 1194 800 1227 habeant.

255 1249 271 1289 ξ
294 1246 345 1279 14.
369 1247 492 1281 Habeat
511 1247 660 1291 superior
685 1247 805 1280 clavem
827 1247 870 1280 ita
897 1247 945 1279 sa-

205 1302 399 1341 hrefactam,
431 1306 466 1333 ut
492 1311 564 1333 cum
590 1300 650 1334 sibi
670 1300 817 1341 videtur,
853 1299 948 1333 cellas

207 1365 318 1389 omnes
337 1364 482 1388 reserare
502 1354 618 1398 possit;
636 1359 666 1387 et
686 1359 858 1398 propterea
878 1353 949 1386 nul-

207 1409 256 1442 lus
276 1408 402 1449 cellam,
420 1408 517 1441 etiam
537 1413 645 1448 noctu,
667 1408 710 1440 ita
721 1407 948 1450 claudat,quin

207 1473 334 1507 semper
353 1473 371 1495 a
392 1462 558 1506 superiore
578 1461 678 1505 possit
699 1461 828 1505 aperiri.

253 1518 269 1558 g
291 1515 343 1549 15.
367 1516 401 1549 ln
422 1515 529 1548 medio
551 1515 731 1548 dormitorii
755 1520 852 1548 totam
886 1526 946 1548 no-

209 1576 291 1603 ctem
310 1570 434 1613 lampas
454 1569 621 1602 colluceat.

253 1624 269 1665 ξ
284 1622 336 1655 16.
351 1622 473 1663 Nullus,
489 1622 584 1655 etiam
599 1622 756 1666 superior,
777 1622 873 1655 cellas
886 1622 950 1655 sire

209 1677 241 1710 in
269 1677 419 1718 claustro,
451 1677 515 1710 sive
536 1676 612 1709 alibi
634 1682 796 1720 separatas
823 1687 840 1709 a
861 1687 950 1710 eom-

210 1731 299 1764 muni
313 1730 505 1764 dormitorio
515 1730 642 1771 habeat,
655 1731 711 1763 sed
730 1730 951 1775 unusquisque

209 1784 305 1817 unica
326 1783 417 1824 cella,
435 1783 547 1816 eadem
570 1794 643 1816 cum
665 1783 799 1816 caeteris
813 1784 949 1817 aliorum

209 1839 344 1872 fratrum
365 1837 556 1878 coniuncta,
577 1836 672 1870 nudis
693 1837 826 1870 omnino
847 1837 952 1881 parie—

210 1892 307 1934 tibus,
328 1902 364 1924 ac
383 1892 466 1924 lecto
491 1896 523 1924 et
539 1901 651 1924 mensa
667 1890 856 1931 humilibus,
880 1891 952 1924 uni-

211 1945 371 1989 formique
411 1944 646 1989 suppellectili,
691 1949 725 1977 ut
757 1944 948 1988 praefertur,

210 1998 485 2043 quemadmodum
507 1998 674 2040 religiosos
694 1998 796 2038 decet,
821 2003 952 2031 conten-

210 2058 260 2085 tus
279 2052 328 2085 sit.
355 2051 458 2085 Possit
478 2057 584 2084 tamen
610 2051 768 2094 generalis
792 2051 886 2085 alicui
916 2063 952 2085 ex

210 2104 432 2149 superioribus
446 2110 675 2145 conventuum,
692 2105 717 2138 si
747 2116 859 2138 eorum
881 2116 952 2138 mu-

210 2158 296 2191 neris
322 2163 353 2192 et
379 2158 476 2191 officii
504 2158 727 2192 necessitatem
763 2158 794 2191 id
826 2158 953 2201 exigere

211 2213 407 2256 cognoverit,
431 2213 564 2246 alteram
586 2212 683 2246 etiam
704 2213 818 2245 cellam
840 2223 954 2245 conce-

212 2266 299 2299 dere.
329 2266 432 2300 Cellae
460 2266 525 2299 sive
549 2266 727 2307 aediculae,
753 2277 836 2310 quae
866 2272 954 2299 extra

212 2319 439 2353 dormitorium
464 2320 638 2364 separatim
663 2326 755 2359 sunt,
781 2320 820 2352 ad
848 2319 951 2352 offici-

212 2384 269 2407 nas
287 2401 294 2415 ‚
329 2379 384 2407 aut
404 2373 482 2407 alias
504 2374 544 2407 ad
565 2384 771 2407 communem
801 2384 894 2406 usum
925 2378 955 2406 et

212 2427 475 2461 commoditatem
502 2433 677 2460 conventus
695 2426 892 2469 redigantur.
909 2426 955 2459 Si-

212 2480 347 2523 gillatim
369 2491 429 2514 suo
450 2480 585 2524 quisque
610 2481 693 2513 lecto
715 2479 822 2520 cubet,
851 2489 955 2522 neque

212 2534 303 2567 ullibi
325 2534 389 2567 duo
410 2534 525 2567 eodem
546 2533 629 2566 lecto
655 2532 798 2566 dormire
820 2532 952 2576 possint,

213 2587 268 2631 qui
288 2597 399 2620 omnes
420 2586 460 2619 ad
482 2592 603 2619 certain
622 2587 758 2619 formam
787 2584 955 2627 redigendi

214 2646 318 2673 erunt.
342 2641 375 2673 Iu
398 2639 526 2683 privatis
537 2640 624 2673 cellis
646 2640 723 2673 uulli
746 2639 862 2672 ramim
885 2650 955 2682 per-

267 2704 339 2730 (fult,
361 2705 438 2731 tium.
461 2704 516 2729 Vnt.
535 2703 562 2729 λ’,
847 2702 882 2728 ’Ψι-

1633 219 1696 253 665

980 281 1157 321 mittantur,
1177 281 1232 314 sed
1247 291 1357 314 omnes
1370 280 1578 313 obstruantur
1599 279 1716 317 statim,

980 335 1165 368 cardinibus
1186 335 1279 368 etiam
1306 346 1322 367 e
1351 334 1527 378 parietibus
1548 332 1717 371 convulsis,

981 396 1014 422 ut
1034 400 1084 422 res
1106 389 1161 422 illa
1181 399 1245 422 non
1267 389 1305 422 ad
1329 395 1453 432 tempus
1468 387 1560 427 facta,
1584 386 1721 430 sedper-

980 449 1077 486 petuo
1108 442 1260 475 duratura
1294 441 1461 479 videatur,
1496 441 1584 475 cellis
1615 446 1721 473 tamen

981 496 1150 537 generalis.
1165 502 1219 528 aut
1232 496 1363 529 alterius
1375 495 1552 539 superioris
1572 505 1608 527 ac
1628 505 1721 538 prae-

982 549 1132 582 dicatoris
1150 549 1298 592 exceptis.

1025 604 1041 645 ξ
1064 603 1115 636 ’17.
1132 603 1311 637 Conventus
1325 603 1481 636 fenestrae
1499 612 1622 641 omnes,
1640 611 1722 645 quae

981 656 1010 688 in
1033 656 1098 689 vias
1129 656 1273 700 publicas
1298 662 1353 689 aut
1374 656 1404 689 in
1426 655 1544 688 vicinas
1564 654 1721 688 laicorum

981 709 1075 743 aedes
1095 709 1306 754 prospiciunt,
1324 720 1418 742 muro
1439 709 1481 742 ita
1499 708 1719 748 obstruantur,

981 769 1015 796 ut
1033 764 1165 797 omnino
1187 764 1211 797 is
1232 770 1421 808 prospectus
1441 763 1646 807 impediatur.

1026 816 1110 861 518.
1135 817 1411 851 valetudinarium
1434 817 1465 850 in
1487 816 1620 859 singulis
1641 827 1719 849 eon-

981 871 1129 904 ventibus
1155 877 1244 904 certo
1273 882 1309 903 ac
1338 871 1510 904 salubriori
1537 869 1609 904 loco
1641 879 1720 903 con-

981 925 1142 965 stituatur,
1166 925 1252 969 quod
1281 936 1340 969 pro
1361 924 1422 958 loci
1444 925 1505 958 situ
1527 935 1563 957 ac
1589 925 1721 956 fratrum

982 989 1129 1019 numero,
1154 979 1262 1023 quoad
1283 978 1352 1013 fieri
1372 978 1502 1023 poterit,
1527 977 1723 1011 commodis-

982 1032 1098 1065 simum
1121 1043 1188 1066 esse
1201 1032 1312 1076 possit,
1329 1032 1359 1065 in
1381 1042 1445 1076 quo
1467 1031 1579 1065 fratres
1599 1040 1721 1068 omnes

981 1097 1053 1119 eum
1069 1086 1292 1129 aegrotabant,
1310 1091 1473 1125 curentur,
1490 1095 1549 1118 nec
1562 1084 1649 1125 inde,
1665 1083 1724 1117 nisi

981 1145 1170 1183 recuperata
1190 1139 1343 1179 sanitate,
1367 1139 1456 1172 abire
1482 1138 1721 1182 permittantur.

981 1193 1040 1232 Qui
1072 1203 1146 1226 vero
1176 1192 1381 1225 infirmorum
1423 1203 1520 1225 curae
1551 1190 1725 1235 praepositi

982 1252 1066 1286 sunt,
1095 1246 1184 1279 omni
1215 1245 1384 1280 sedulitate
1411 1256 1448 1279 ac
1468 1245 1624 1279 charitate
1646 1254 1723 1288 ope-

983 1310 1051 1333 ram
1073 1310 1163 1333 suam
1189 1299 1421 1344 praestabunt,
1446 1310 1482 1332 ac
1505 1298 1666 1333 curabunt
1686 1307 1725 1331 ne

983 1354 1060 1398 quid
1081 1354 1219 1397 aegrotis
1240 1354 1374 1387 omnino
1396 1353 1490 1394 desit,
1515 1352 1602 1397 quod
1623 1351 1663 1385 ad
1675 1362 1724 1385 sa-

983 1409 1115 1442 nitatem
1133 1408 1387 1453 recuperandam
1410 1407 1578 1452 pertineat.

1029 1463 1044 1504 g
1063 1462 1115 1495 19.
1139 1462 1268 1495 ineatur
1285 1461 1367 1495 ratio
1384 1471 1459 1505 qua,
1474 1460 1606 1494 sublatis
1627 1460 1725 1493 lieen-

986 1515 1034 1548 tiis
1054 1526 1091 1548 ac
1113 1515 1316 1548 facultatibus
1336 1515 1490 1548 hactenus
1510 1514 1722 1559 quibuscum-

985 1579 1046 1613 que
1067 1569 1236 1610 coneessis,
1259 1568 1412 1611 degentes
1437 1574 1525 1601 extra
1551 1573 1726 1601 conventus

985 1623 1123 1656 claustra
1140 1623 1180 1656 ad
1200 1633 1237 1656 ea
1256 1622 1498 1667 quamprimum
1521 1627 1723 1662 revocentur3

985 1688 1044 1710 nec
1064 1677 1103 1710 de
1122 1682 1260 1717 caetero,
1285 1676 1345 1709 nisi
1367 1687 1403 1710 ex
1423 1675 1611 1719 gravissima
1632 1686 1727 1710 causa

985 1742 1002 1764 a
1022 1731 1104 1764 Sede
1124 1730 1308 1774 Apostolica
1332 1729 1511 1774 probanda,
1539 1730 1727 1764 huiusmodi

986 1785 1150 1818 facultates
1171 1784 1305 1818 concedi
1326 1784 1457 1828 possint.

1037 1837 1126 1880 5⁹20.
1158 1838 1242 1871 Nulli
1273 1838 1486 1881 imposterum
1515 1839 1555 1871 ad
1582 1837 1726 1871 habitum

986 1898 1040 1925 aut
1070 1891 1305 1935 professionem
1328 1891 1568 1932 admittantur,
1608 1891 1667 1925 nisi
1696 1891 1728 1924 in

987 1945 1197 1978 conventibus
1222 1956 1279 1989 per
1308 1944 1422 1979 Sedem
1450 1944 1666 1989 Apostolicam
1696 1944 1726 1978 in

987 1999 1131 2043 qualibet
1150 1999 1316 2042 provincia
1342 1998 1548 2042 deputandis.

1032 2055 1047 2095 g
1068 2052 1120 2085 21.
1145 2053 1262 2087 Curent
1275 2053 1470 2096 superiores,
1488 2058 1523 2085 ut
1543 2052 1728 2085 constitutio

988 2107 1182 2140 interdicens
1200 2106 1386 2149 largitiones
1400 2116 1581 2146 munerum,
1597 2111 1729 2149 etprae-

987 2160 1130 2193 scribens
1150 2159 1377 2203 hospitalitatis
1398 2159 1547 2199 formam,
1572 2159 1611 2191 ab
1626 2159 1730 2192 omni-

987 2215 1046 2247 bus
1068 2215 1099 2246 in
1131 2214 1275 2258 quolibet
1311 2219 1470 2247 conventu
1503 2213 1732 2247 inviolabiliter

988 2266 1186 2299 observetur.

1033 2321 1049 2362 ξ
1071 2318 1123 2351 22.
1143 2319 1183 2351 Ut
1202 2318 1308 2351 omnis
1321 2318 1503 2351 officiorum
1526 2317 1666 2351 ambitus
1680 2329 1732 2351 oc-

989 2372 1075 2406 casio
1095 2372 1336 2416 praecludatur,
1361 2377 1493 2405 caveant
1514 2382 1625 2404 omnes
1645 2381 1662 2403 a
1683 2371 1732 2404 di-

990 2431 1076 2458 recta
1114 2425 1161 2458 vel
1192 2425 1349 2458 indirecta
1386 2436 1499 2458 vocum
1534 2436 1590 2458 scu
1618 2424 1731 2457 suffra-

990 2479 1117 2521 giorum
1139 2478 1387 2521 procuratione,
1412 2483 1475 2511 tam
1500 2489 1558 2522 pro
1584 2489 1616 2511 se
1637 2477 1730 2522 ipsis,

991 2542 1086 2576 quam
1101 2542 1160 2575 pro
1176 2531 1255 2569 aliis,
1276 2538 1340 2564 tuin
1363 2532 1393 2564 in
1412 2532 1730 2576 capitulislocorum,

991 2590 1057 2618 tum
1081 2585 1111 2617 in
1133 2585 1288 2625 caeteris,
1314 2585 1503 2629 praesertim
1530 2584 1734 2627 generalibus

991 2638 1149 2682 rapitulis,
1170 2644 1221 2671 aut
1235 2638 1553 2681 congregationibus,
1566 2650 1620 2671 seu
1643 2638 1730 2672 alibi.

1743 230 1789 255 Au.
1812 229 1841 255 [2.
1855 229 1917 255 ieet

1752 611 1858 631 {fenestris
1874 616 1922 630 eon-

1738 639 1819 659 ventus.

1765 824 1887 845 infirmaria.

1796 1465 1925 1490 Depentibus

1742 1494 1800 1513 extra
1814 1492 1913 1512 claustra.

1787 1838 1927 1870 ‘Receptiune

1743 1869 1878 1887 novitiarum.

1775 2051 1930 2078 Ilospitatitatis

1745 2080 1881 2100 observantia
1910 2080 1931 2098 et.

1745 2107 1855 2131 largitione
1886 2111 1929 2126 niu·

1744 2139 1824 2155 nerum.

1774 2321 1863 2341 Anihitu.
