2253 3195
237 191 285 218 An.
303 191 333 219 e.
351 191 418 218 1594
466 181 529 215 158

269 619 353 640 [feet-1·
366 625 386 644 1⁴¹
397 624 426 638 ιε-

243 647 325 666 ηιῖιΐιιτ
340 646 426 666 alteruis

242 673 325 698 collegii
350 673 369 692 ιιι
392 672 426 691 tis·

243 700 290 719 dvm
305 700 363 720 lori&

436 240 554 280 fundis,
568 239 664 283 agris,
679 240 790 284 pratis,
813 239 913 272 vineis
930 238 1065 282 aliisque
1085 238 1178 279 datis,

437 293 562 328 donatis
577 321 584 333 ‚
608 292 768 326 attributis
789 297 819 325 et
838 291 952 334 legatis
966 318 973 331 ,
997 291 1104 324 denuo
1125 301 1178 324 re-

438 346 574 391 demptis
594 346 761 379 restituere
782 345 915 378 deberet
935 350 964 378 et
982 350 1179 385 censeretur,

438 406 472 433 ut
489 400 550 433 tale
567 409 698 443 prorsus
711 398 807 441 quale
821 397 1025 441 reliquissent
1039 397 1183 442 recipere

438 459 586 498 possent.
619 457 648 485 et
682 462 747 484 non
786 451 889 484 aliter.
927 451 1044 491 Porro,
1076 452 1183 495 quoad

440 508 525 541 hona
545 512 653 550 empta
673 517 732 557 pro
761 506 866 550 pretio
895 517 1041 540 summae
1072 517 1186 550 supra-

441 561 543 594 dictae
563 559 685 599 attinet,
709 559 733 592 si
754 559 840 592 aliud
858 559 1029 602 collegium
1055 560 1186 604 preshy—

442 613 516 647 teris
537 613 568 645 in
590 613 734 653 illis,.vel
755 612 831 645 alibi
856 623 893 645 ex
909 612 1119 656 proventibus
1140 613 1187 646 di-

442 673 567 700 ctorum
598 666 761 699 honorum
793 666 989 708 erigeretur,
1014 666 1093 699 illud
1117 666 1187 710 qui-

442 721 514 753 dem
536 719 708 762 collegium
730 719 762 751 iu
783 718 845 752 illis
864 719 958 752 honis
977 718 1010 751 in
1030 724 1187 763 potestate

442 773 546 806 dictae
566 772 734 806 Societatis
752 772 842 813 inibi,
858 772 913 805 ubi
932 778 1075 806 ereatum
1090 773 1185 813 soret,

442 833 474 860 ut
496 832 641 859 maneret
660 831 756 870 atque
779 826 990 870 perduraret,
1014 825 1128 867 voluit,
1152 836 1189 859 ae

443 880 519 914 dicti
537 879 663 922 collegii
676 879 928 913 Comutaviensis
941 879 1125 913 membrum
1139 891 1189 913 es-

443 941 500 974 set,
524 944 651 967 necnon
673 933 824 966 omnibus
850 933 960 976 gratiis
986 933 1190 967 libertatibus

443 998 544 1032 aeque
564 987 730 1030 gauderem
746 986 854 1020 statuit
870 986 913 1020 ita
925 993 1043 1027 tamen,
1061 992 1093 1020 ut
1112 987 1187 1020 red-

444 1041 568 1075 dituum
577 1051 637 1085 pro
648 1045 827 1073 memorata
840 1050 968 1073 summa
981 1046 1109 1074 centum
1120 1041 1191 1074 mil-

443 1094 523 1127 lium
545 1104 778 1137 sexagenarum
801 1099 1064 1138 comparatorum
1085 1094 1190 1127 eidem

445 1158 527 1181 novo
545 1147 681 1190 collegio
695 1147 850 1180 medietas
862 1147 930 1180 sola
944 1153 1121 1181 remaneret
1134 1159 1141 1188 ;
1156 1158 1192 1181 ac

445 1200 470 1233 si
491 1200 570 1244 quid
594 1200 716 1233 interea
737 1199 891 1243 temporis
912 1199 1070 1233 industria
1090 1207 1193 1234 recto-

447 1254 490 1287 ris
509 1259 539 1286 et
560 1253 777 1295 collegialium
791 1281 798 1291 ,
823 1264 881 1287 nec
907 1264 972 1287 uon
993 1253 1090 1287 etiam
1115 1254 1194 1288 alio-

447 1317 518 1340 rum
532 1306 717 1340 huiusmodi
737 1306 766 1339 in
788 1306 980 1340 liberalitate
994 1318 1031 1341 ae
1043 1307 1126 1341 liene
1139 1318 1193 1341 vo-

448 1360 522 1394 lenti
536 1359 733 1396 accessisse-1,
753 1366 815 1392 tam
831 1360 958 1393 donatis
971 1371 1066 1405 quam
1083 1362 1195 1403 legatis

448 1412 626 1456 acquisitis,
649 1413 714 1445 sivo
735 1413 850 1456 emptis
871 1413 902 1447 id
929 1413 1035 1457 ipsum
1066 1425 1195 1459 quoque

450 1477 490 1499 ne
511 1466 550 1498 ab
571 1476 610 1499 eo
635 1466 797 1499 auferetur
827 1466 922 1499 etiam
944 1467 1064 1503 voluit:
1097 1468 1196 1501 altera

451 1516 699 1553 vero'medietas
717 1519 851 1552 domino
875 1519 906 1552 in
927 1520 1123 1557 Comutavia,
1141 1521 1194 1565 qui

452 1573 654 1617 presbyteros
681 1573 844 1617 predictos
875 1581 1056 1611 revocaret.
1086 1575 1196 1618 eisque

451 1626 622 1669 collegium
638 1627 818 1660 restitueret
833 1627 863 1660 in
876 1639 969 1661 usum
990 1638 1083 1661 suum
1103 1635 1197 1672 atque

451 1681 660 1714 ‹mnimodum
674 1687 831 1724 perpetuo
845 1681 988 1717 cederet:
1003 1683 1090 1725 quod
1104 1682 1128 1715 si
1143 1693 1199 1715 au-

453 1740 515 1766 tem
528 1734 704 1779 presbyteri
715 1734 881 1767 societatis
899 1734 1096 1773 huiusmodi.
1114 1735 1199 1768 iuxta

422 1807 425 1809 -
452 1787 600 1830 superins
621 1787 834 1831 praescriptas
854 1787 1076 1824 conditiones.
1099 1788 1198 1821 vorati

454 1840 494 1872 ad
525 1840 747 1883 recipiendum
784 1841 920 1873 vicissim
957 1842 1200 1875 Cornutaviensc

454 1894 625 1933 collegium
655 1894 685 1928 id
717 1897 820 1927 sau-ere
852 1895 1043 1936 abnuerent,
1067 1902 1095 1929 et
1119 1896 1201 1929 intra

455 1954 583 1980 rentum
598 1958 700 1981 annos
720 1948 826 1982 resilire
847 1955 1118 1986 rvt1·s·‹·tarent‚eo
1133 1950 1201 1993 ipso

457 2003 538 2034 t'avto
559 2001 655 2034 voluit
683 2008 713 2035 ut
739 2002 916 2046 utriusque.
945 2009 972 2035 et
1000 2003 1071 2036 novi
1094 2009 1124 2036 et
1145 2014 1199 2035 ve-

457 2055 532 2087 teris
545 2055 683 2096 collegii,
700 2055 906 2088 amissionem
924 2067 997 2089 cum
1013 2056 1161 2089 rensibus
1173 2062 1203 2090 et

457 2108 551 2140 rel-us
580 2108 731 2141 omnibus
757 2115 1041 2145 concurrerint.et
1067 2110 1144 2142 liam·
1169 2120 1204 2142 o-

459 2162 544 2195 mnia
564 2162 607 2195 sis·
629 2163 763 2200 donata,
788 2174 824 2196 aa:
845 2174 903 2207 pro
925 2174 1051 2196 summa
1073 2168 1201 2197 centum

459 2216 594 2248 millium
615 2227 846 2256 sexagenarnm
868 2217 1036 2260 acquisita,
1052 2223 1085 2250 ut
1107 2217 1137 2249 in
1157 2216 1204 2249 ius

459 2281 494 2301 ae
509 2269 688 2302 dominium
713 2268 781 2302 eius
805 2270 857 2314 qui
878 2272 956 2303 soret
980 2270 1131 2304 dominus
1147 2271 1205 2304 Co-

461 2322 617 2355 iiiiitmiat·
636 2324 774 2361 redu-ret,
791 2323 844 2368 qui
866 2335 902 2356 ea
924 2323 1032 2356 ‹nnuia
1055 2323 1084 2357 in
1106 2323 1203 2356 alium

463 2375 548 2418 pium
571 2387 662 2408 nsum
685 2388 744 2420 pro
759 2377 844 2410 bono
858 2376 1017 2418 Ecclesiae
1032 2377 1201 2421 liei,prout

463 2428 505 2460 illi
529 2428 557 2461 in
581 2429 715 2461 Domino
736 2441 808 2462 rntn
826 2429 1060 2474 ιηηίιὈΙιειΙίοιιι·
1075 2429 1204 2463 tortor-

463 2481 576 2513 ‹linarii
590 2482 690 2515 visum
705 2489 797 2519 esset.
821 2489 983 2516 teneretur
1003 2489 1201 2517 ronvertrre.

465 2536 583 2568 l'ltimo
603 2537 765 2577 omnium,
789 2543 818 2569 et
841 2537 901 2570 tio·-
930 2537 1090 2570 subiunxit
1119 2537 1204 2581 quod

465 2589 488 2620 ,si
510 2589 615 2632 (quod
639 2590 719 2622 lteris
744 2596 883 2631 :ivm-tat)
903 2590 1102 2631 contingeret
1127 2601 1202 2634 preu

1018 190 1202 215 BULLARIUM
1221 190 1375 215 ROMANUM

1214 238 1360 283 sbyteros
1383 237 1551 272 Societatis
1570 239 1773 283 praedictae,·
1789 240 1831 273 ob
1850 250 1961 284 perso-

1215 302 1332 325 narum
1359 291 1502 336 inopiam
1517 319 1525 333 ‚
1555 292 1605 329 vel
1632 298 1766 337 propter
1785 293 1888 335 bella,
1909 298 1964 326 aut

1217 345 1465 386 mortalitatem,
1488 351 1546 379 seu
1570 345 1720 389 contagia
1738 346 1854 390 pestis,
1881 347 1961 380 alte·
1977 342 2166 413 *5333ss

1216 398 1321 432 riusve
1342 399 1417 432 mali
1437 398 1645 433 incommoda
1665 399 1699 432 in
1718 410 1819 442 regno
1836 399 1964 444 praedi-

1217 455 1268 483 cto
1288 449 1464 483 Bohemiae
1484 449 1635 492 deficere,
1657 450 1706 483 vel
1727 450 1815 493 quod
1834 461 1894 494 pro
1913 460 1965 483 ra·

1219 503 1305 537 tione
1317 503 1365 536 sui
1377 503 1515 537 Instituti
1528 503 1654 545 officiis,
1671 514 1754 548 quae
1766 504 1885 537 similia
1899 505 1965 538 col-

1219 557 1302 600 legia
1322 557 1484 601 suscipere
1504 558 1619 598 solent,
1643 557 1826 592 satisfacere
1846 558 1962 602 nequi-

1220 616 1302 651 rent,
1326 616 1361 644 ut
1380 616 1456 644 tunc
1475 621 1677 644 successores
1697 617 1729 644 et
1747 611 1869 655 posteri
1890 611 1967 645 dieti

1220 663 1350 706 Georgii
1376 663 1520 708 quisquis
1549 674 1716 708 possessor
1740 664 1877 698 dominii
1902 665 1964 700 Co>-

1223 716 1428 750 mutariensis
1448 723 1541 758 esset,
1564 723 1728 751 teneretur
1746 718 1967 762 praepositum

1222 770 1453 814 provincialem
1474 770 1674 815 provinciae,
1698 782 1758 805 nee
1777 782 1844 805 non
1863 772 1968 816 ipsum

1222 824 1402 865 Claudium,
1417 829 1448 858 et
1465 834 1524 868 pro
1547 830 1692 869 tempore
1712 825 1900 859 existentem
1913 825 1970 860 So-

1223 877 1346 910 cietatis
1358 878 1542 919 generalem
1560 883 1698 919 mature,
1714 888 1780 911 non
1800 879 1900 913 semel
1915 879 1970 913 sed

1224 931 1361 975 saepius,
1373 931 1527 965 certiores
1540 931 1678 965 reddere
1691 932 1731 965 de
1744 931 1902 966 eiusmodi
1915 933 1971 966 de-

1226 985 1326 1025 t'ectu,
1350 984 1492 1028 dictique
1516 985 1644 1028 collegii
1674 985 1886 1027 necessitate;
1917 987 1972 1031 qui

1225 1038 1357 1082 quidem
1379 1038 1582 1082 praepositus
1605 1039 1813 1083 provincialis
1836 1040 1970 1084 provin-

1225 1092 1309 1133 ciae,
1333 1098 1362 1125 et
1388 1092 1591 1136 praepositus
1615 1093 1776 1135 generalis
1799 1099 1973 1138 postquam

1227 1152 1330 1179 essent
1363 1145 1560 1179 sufficienter
1584 1146 1741 1180 admoniti
1767 1152 1797 1180 et
1828 1147 1974 1192 requisiti

1227 1200 1266 1232 de
1291 1198 1522 1232 substituendis
1549 1198 1630 1241 aliis,
1655 1204 1845 1233 tenerentur
1864 1200 1975 1234 huius-

1228 1251 1312 1285 modi
1339 1248 1540 1296 requisitioni
1561 1252 1645 1286 intra
1662 1258 1791 1286 eentum
1816 1264 1919 1288 annos
1939 1265 1974 1288 o-

1228 1306 1351 1347 mnino,
1366 1305 1446 1338 citra
1465 1305 1648 1348 longiorem
1661 1306 1972 1350 tergiversationem,

1228 1360 1422 1400 satisfacere,
1449 1365 1546 1403 atque
1575 1360 1741 1404 praedicto
1769 1361 1906 1404 collegio
1937 1362 1976 1396 de

1230 1412 1376 1457 personis
1389 1412 1578 1457 providere:
1598 1413 1654 1457 qui
1671 1413 1697 1446 si
1716 1413 1748 1447 id
1761 1414 1973 1457 negligerent,

1229 1474 1281 1501 aut
1303 1478 1367 1500 nou
1390 1469 1542 1509 facerent,
1566 1468 1614 1501 vel
1641 1468 1728 1511 quod
1747 1468 1815 1512 ipsa
1834 1469 1977 1503 Societas

1229 1532 1285 1555 sua
1306 1527 1420 1564 sponte
1442 1521 1599 1565 imparem
1620 1532 1654 1554 se
1678 1521 1770 1555 oneri
1795 1521 1891 1556 huius
1910 1523 1977 1556 eol-

1230 1574 1304 1617 legii
1333 1574 1474 1608 sentiens
1505 1574 1579 1608 huic
1605 1574 1772 1609 donationi
1802 1575 1977 1620 aliquando

1231 1628 1446 1669 renunciaret,
1458 1634 1532 1662 tune
1544 1635 1579 1662 ut
1592 1634 1656 1662 tam
1670 1629 1843 1672 collegium
1858 1630 1974 1674 ipsum,

1232 1693 1328 1726 quam
1351 1692 1464 1715 rensus
1489 1691 1602 1715 omnes
1617 1710 1624 1720 ,
1647 1688 1840 1727 caeteraque
1870 1684 1979 1718 onmia

1234 1746 1297 1769 non
1318 1736 1357 1769 ad
1376 1735 1487 1776 alium,
1503 1746 1601 1779 quam
1622 1736 1662 1769 ad
1683 1741 1828 1780 posteros
1848 1747 1885 1770 ac
1903 1737 1980 1772 liae-

1234 1789 1326 1822 redes
1346 1800 1420 1822 suos
1450 1789 1571 1822 directe
1597 1789 1739 1823 redirent
1758 1796 1855 1835 atque
1875 1801 1980 1826 rever-

1235 1846 1399 1879 terentur,
1427 1850 1532 1884 neque
1557 1840 1725 1884 praedicta
1753 1841 1896 1876 Societas
1925 1848 1981 1876 aut

1235 1894 1370 1938 quisque
1396 1893 1477 1927 alius
1506 1894 1554 1927 ius
1580 1894 1713 1927 baberet
1744 1905 1857 1928 eorum
1886 1896 1981 1940 quid·
2020 1914 2022 1916 ·

1235 1958 1344 1992 quam,
1359 1954 1433 1980 tune
1455 1948 1650 1980 donator-inu
1671 1953 1702 1981 et
1722 1948 1761 1982 de
1782 1954 1910 1983 caetero
1921 1949 1980 1983 do-

1236 2002 1417 2034 nandorum
1437 2001 1466 2033 iu
1489 2007 1556 2035 toto
1575 2001 1619 2034 vel
1643 2001 1673 2033 iu
1695 2007 1784 2045 parte
1805 2001 1844 2035 ab
1865 2003 1980 2036 eodem

1236 2053 1373 2096 Georgio
1394 2053 1523 2097 suisque
1544 2054 1736 2088 haeredibus
1761 2065 1797 2088 ac
1821 2055 1958 2099 posteris
1971 2084 1978 2096 ,

1238 2108 1303 2140 ulto
1328 2107 1473 2151 quaesito
1494 2108 1602 2141 colore
1622 2108 1687 2142 sive
1712 2114 1890 2152 praetextu,
1905 2119 1982 2143 ven-

1238 2161 1351 2198 dendi,
1375 2161 1536 2194 alienandi
1568 2162 1613 2194 vel
1642 2162 1673 2195 in
1706 2166 1895 2207 potestatem
1926 2173 1983 2196 cu-

1239 2215 1350 2258 iusque
1371 2215 1501 2248 alterius
1522 2215 1691 2256 tradendi,
1719 2216 1773 2260 qui
1805 2226 1870 2250 non
1901 2221 1980 2249 esset

1239 2268 1400 2310 legitimus
1430 2269 1542 2303 haeres
1569 2280 1605 2301 ar
1634 2279 1798 2313 possessor
1826 2268 1981 2313 praedicti

1239 2321 1373 2355 dominii
1398 2322 1666 2361 Coumtarieusi&
1691 2322 1756 2355 imo
1789 2333 1847 2356 uec
1876 2322 1981 2356 eidem

1240 2375 1369 2408 haeredi
1399 2386 1434 2409 a«-
1464 2375 1654 2420 possessori,
1678 2375 1737 2409 uisi
1767 2376 1806 2409 de
1835 2386 1982 2420 expressa

1239 2429 1330 2461 Sedis
1366 2429 1568 2473 Apostolicae
1599 2428 1750 2465 licentia,
1782 2435 1810 2463 et
1847 2428 1983 2474 quiquid

1239 2493 1330 2514 serus
1352 2482 1453 2522 fieret,
1478 2482 1507 2514 id
1529 2487 1630 2515 toturn
1654 2481 1778 2515 irritum
1800 2487 1896 2526 atque
1914 2492 1982 2515 oas-

1239 2546 1309 2567 stnn
1329 2542 1420 2569 osset.

1286 2592 1302 2631 ξ
1327 2589 1373 2623 tt.
1394 2589 1471 2623 Cum
1493 2595 1612 2629 autem,
1636 2590 1717 2623 sicut
1739 2590 1851 2623 eadem
1873 2588 1984 2634 petitio

1976 191 2024 219 An.
2041 191 2070 219 C.
2088 194 2102 220 t

1978 413 2065 434 ciebitis
2081 414 2103 435 in

1978 440 2114 464 romonum
2124 451 2146 466 «iv

1979 467 2100 488 deficerent.
2110 476 2127 502 ,ΑΔ
