2253 3195
17 238 68 265 An.
84 237 113 264 C.
135 235 204 263 1596

71 665 202 686 statutorum

0 695 3 719 Ι
17 693 202 718 “privilegiorum

0 746 1 750 Ἰ
19 719 156 740 confirmatio.

832 235 980 259 CLEMENS
997 235 1054 258 vul
1074 235 1124 258 PP.

216 284 385 318 utilitatem
414 284 623 327 adimplendo
656 283 817 317 efficacius
849 283 955 315 inten-

215 337 311 377 dant,
346 337 446 369 robur
479 337 672 380 apostolieae
704 335 960 369 confirmationis

215 390 375 427 adiicere,
399 401 435 422 ac
456 390 533 425 alias
555 390 585 422 in
606 389 807 433 praemissis,
832 399 890 432 per
910 388 958 420 in-

215 443 400 487 frascriptae
421 443 632 476 ordinationis
662 443 860 480 remedium,
885 452 956 473 am-

215 496 299 540 plius
316 497 486 540 providere
507 497 546 529 de
565 495 763 537 benignitate
784 494 961 538 apostolica

217 550 437 592 dignaremur.

261 603 277 646 ἓ
296 602 327 636 3.
343 603 406 636 Nos
424 602 522 645 igitur
533 611 673 645 aequum
692 611 760 634 esse
781 605 958 638 censentes,

217 661 252 689 ut
264 656 318 700 qui
336 661 484 699 prompte
505 661 535 688 et
555 655 693 687 fideliter
710 664 766 687 sua
784 653 962 686 ministeria

218 709 308 742 obire
329 714 498 749 conantur,
510 718 687 750 congruam
709 707 892 740 mercedem
912 717 962 739 re-

218 762 347 806 cipiant,
377 772 413 794 ac
442 772 459 793 a
486 761 589 793 litium
621 760 835 793 incommodis
860 766 891 793 et
916 760 962 793 di-

216 817 358 861 spendiis
378 817 571 856 releventur,
595 817 743 849 consules
765 822 796 849 et
815 816 959 858 singula-

217 880 268 903 res
287 880 443 913 personas
461 870 677 903 universitatis
697 875 728 903 et
747 869 874 911 collegii
897 868 959 901 hu-

218 923 369 965 iusmodi,
387 934 404 956 a
424 924 588 967 quibusvis
606 922 958 961 excommunicationis,

218 977 437 1020 suspensionis
458 982 489 1010 et
506 976 680 1017 interdicti,
703 976 839 1019 aliisque
859 975 962 1008 eccle-

218 1030 353 1063 siasticis
372 1030 557 1069 sententiis,
581 1029 724 1062 censuris
744 1034 776 1061 et
801 1028 924 1072 poenis,
946 1038 964 1061 a

219 1083 288 1116 iure
307 1083 356 1116 vel
377 1083 416 1116 ab
434 1083 577 1123 homine,
602 1082 713 1126 quavis
732 1081 902 1115 occasione
914 1081 963 1114 vel

219 1145 315 1168 causa
333 1135 423 1175 latis,
445 1135 471 1168 si
492 1135 608 1179 quibus
640 1134 885 1178 quomodolibet
916 1134 964 1167 in-

219 1188 331 1221 nodati
351 1188 501 1229 existunt,
525 1189 565 1221 ad
580 1187 730 1221 effectum
744 1187 963 1231 praesentium

220 1241 386 1275 dumtaxat
416 1241 703 1285 consequendum,
737 1241 853 1274 harum
883 1240 964 1274 serie

220 1293 421 1328 absolventes
440 1300 471 1328 et
489 1295 653 1328 absolutos
677 1294 744 1328 sore
775 1299 962 1334 censentes;

221 1357 348 1381 necnon
368 1353 574 1388 statutorum,
598 1347 853 1387 ordinationum,
877 1347 964 1390 capi-

222 1400 363 1434 tulorum
379 1428 386 1441 ‚
418 1401 664 1445 privilegiorum
700 1406 730 1434 et
767 1400 966 1433 indultorum

221 1454 474 1498 praedictorum,
497 1465 534 1488 ac
557 1454 737 1487 litterarum
768 1454 964 1498 apostolica-

223 1518 318 1549 rum,
341 1514 373 1541 et
403 1508 540 1542 aliarum
565 1508 798 1552 scripturarum
829 1508 968 1552 desuper

225 1562 457 1602 confectarum,
481 1567 512 1595 et
532 1561 607 1595 inde
638 1567 850 1605 sequutorum
881 1571 964 1605 quo-

226 1626 441 1659 rumcumque
462 1621 590 1649 tenores
618 1625 654 1648 ac
681 1615 771 1648 datas
790 1614 968 1658 praesenti-

226 1668 285 1702 bus
309 1679 369 1713 pro
395 1668 551 1713 expressis
582 1668 737 1701 habentes
752 1695 759 1709 ,
782 1668 968 1701 huiusmodi

225 1722 514 1766 supplicationibus
535 1721 695 1761 inclinati,
719 1721 829 1755 omnia
848 1726 879 1754 et.
899 1720 966 1754 sin-

225 1776 300 1818 gula
326 1775 542 1809 universitatis
568 1781 600 1809 et
625 1774 752 1817 collegii
783 1774 969 1808 huiusmodi

225 1834 361 1870 statuta,
391 1828 611 1862 ordinationes
635 1833 666 1861 et
694 1828 835 1872 capitula
860 1827 970 1871 (licita

226 1888 334 1915 tamen
355 1887 387 1916 et
406 1882 565 1924 honesta)
591 1892 719 1915 necnon
745 1891 970 1925 quaecumque

225 1935 413 1979 privilegia,
449 1935 693 1975 concessiones,
729 1934 966 1975 immunitates,

226 1989 344 2031 gratias
371 1994 401 2022 et
428 1989 553 2022 indulta
573 1988 694 2021 eisdem
720 1988 920 2021 universitati
941 1994 972 2021 et

227 2042 375 2084 collegio,
399 2053 436 2075 ac
455 2047 558 2075 artem
578 2041 765 2074 huiusmodi
786 2041 967 2074 exercenti-

226 2095 297 2137 bus,
318 2106 376 2139 per
392 2105 613 2139 quoscumque
626 2095 788 2128 Romanos
800 2094 971 2127 Pontifices

226 2149 492 2193 praedecessores
512 2153 649 2188 nostros,
673 2158 710 2180 ac
730 2148 845 2181 Sedem
866 2147 968 2181 etCa-

228 2212 351 2235 meram
372 2201 583 2246 Apostolicas,
603 2211 707 2244 usque
728 2200 760 2233 in
780 2200 866 2233 hunc
886 2200 971 2233 diem

229 2255 500 2299 quandocumque
518 2260 549 2287 et
569 2253 876 2298 quomodocumque
896 2264 972 2287 con-

230 2319 335 2350 cessa,
358 2314 516 2353 quatenus
536 2313 643 2341 tamen
671 2307 703 2339 in
729 2317 790 2340 usu
814 2306 969 2347 existant,

229 2371 407 2405 omnesque
428 2367 460 2395 et
478 2361 621 2403 singulas
648 2360 786 2403 desuper
814 2360 974 2393 consectas

230 2415 403 2458 scripturas
423 2425 460 2448 ac
479 2414 602 2447 litteras
624 2419 655 2446 et
675 2413 815 2453 cedulas,
832 2412 871 2445 de
884 2418 973 2446 motu

230 2468 375 2512 proprio,
398 2468 447 2501 vel
467 2467 529 2501 alio
550 2467 647 2500 modo
668 2465 818 2508 signatas,
847 2476 920 2498 cum
940 2475 974 2499 o-

231 2521 360 2554 mnibus
384 2526 415 2554 et
439 2520 573 2563 singulis
599 2518 767 2559 clausulis,
796 2518 892 2551 etiam
918 2519 973 2552 de-

232 2575 325 2608 cretis
345 2574 377 2607 in
398 2574 443 2608 eis
474 2573 634 2607 contentis
662 2577 694 2605 et
724 2571 889 2615 appositis,
916 2582 973 2605 au-

1639 223 1700 257 324

993 282 1142 322 sentium,
1158 288 1315 326 perpetuo
1329 282 1546 325 approbamus
1567 287 1597 314 et
1617 282 1736 314 confir-

995 346 1130 376 mamus,
1152 346 1187 367 ac
1208 336 1303 368 etiam
1326 335 1516 368 innovamus
1536 340 1567 367 et
1587 335 1625 367 de
1654 345 1737 367 noro

995 388 1213 425 concedimus,
1238 388 1364 431 illisque
1384 393 1559 431 perpetuae
1584 393 1616 420 et
1636 387 1738 420 invio-

996 442 1099 474 labilis
1120 442 1279 474 firmitatis
1310 442 1506 485 apostolicae
1531 442 1630 474 robur
1661 441 1740 474 adii-

995 495 1107 535 cimus,
1125 506 1160 527 ac
1179 495 1232 527 illa
1249 495 1359 528 onmia
1372 506 1429 538 per
1449 501 1480 528 et
1500 495 1539 527 ad
1561 505 1642 538 quos
1654 505 1739 527 nunc

995 553 1127 591 spectat,
1152 553 1183 580 ct
1203 558 1262 591 pro
1284 554 1428 591 tempore
1449 548 1615 591 spectabit,
1640 547 1741 580 invio-

996 600 1135 633 labiliter
1155 601 1329 641 observari,
1351 606 1382 633 et
1406 601 1526 634 eisdem
1552 600 1628 633 stari
1649 601 1740 633 volu-

997 664 1068 686 mus
1085 659 1116 686 et
1129 655 1330 693 mandamus,
1348 664 1525 697 omnesque
1547 660 1578 686 et
1598 654 1741 695 singulos

998 706 1075 739 iuris
1093 712 1123 739 et
1140 707 1224 747 sacti,
1248 717 1284 739 ac
1298 707 1426 750 quosvis
1450 707 1530 739 alios
1550 706 1647 739 etiam
1668 706 1742 739 sub-

997 759 1160 792 stantiales
1185 760 1350 800 desectus,
1379 759 1403 792 si
1434 760 1466 791 in
1493 760 1537 792 eis
1563 760 1611 791 vel
1633 760 1742 802 aliquo

997 823 1108 845 eorum
1126 812 1366 853 intervenerint,
1383 819 1437 845 aut
1457 813 1666 845 intervenisse
1680 812 1741 845 dici

998 866 1044 899 vel
1062 866 1228 909 praetendi
1248 865 1365 910 possit,
1388 866 1585 909 supplemus.
1607 866 1644 898 Et
1661 865 1743 897 nihi-

997 919 1146 958 lominus,
1163 919 1353 952 auctoritate
1374 925 1404 951 et
1424 924 1536 951 tenore
1555 918 1740 962 praedictis,

997 972 1166 1006 statuimus
1195 978 1225 1006 et
1253 973 1453 1013 ordinamus,
1477 973 1689 1015 volumusque
1712 978 1743 1004 et

998 1026 1212 1066 decernimus,
1230 1037 1266 1059 ac
1285 1026 1381 1059 etiam
1395 1026 1598 1058 aromatariis
1612 1035 1743 1058 eorum-

998 1090 1060 1123 que
1092 1079 1293 1112 universitati
1323 1085 1354 1112 et
1384 1079 1520 1121 collegio
1560 1078 1745 1111 huiusmodi

999 1132 1207 1166 concedimus
1227 1138 1258 1165 et
1278 1132 1498 1174 indulgemus:

1044 1188 1060 1228 ξ
1096 1185 1126 1218 lt.
1159 1185 1250 1224 Quod
1281 1185 1361 1217 nulli
1390 1195 1523 1228 prorsus
1557 1184 1742 1217 aromatarii

1000 1239 1161 1273 debitores
1181 1249 1255 1272 suos
1275 1249 1333 1282 pro
1359 1238 1463 1271 causis
1483 1238 1523 1271 ad
1543 1238 1647 1281 ipsam
1668 1247 1742 1270 aro-

1000 1292 1168 1326 matariam
1188 1292 1406 1336 spectantibus
1426 1291 1458 1324 in
1483 1291 1545 1324 alio
1566 1290 1743 1331 tribunali,

1001 1357 1098 1391 quam
1124 1346 1309 1379 consulatus
1322 1345 1479 1388 ipsorum,
1496 1344 1668 1377 convenire
1680 1343 1747 1376 ullo

1002 1400 1099 1433 modo
1119 1399 1264 1443 possint;
1288 1397 1433 1442 alioquin
1464 1398 1519 1441 qui
1551 1408 1587 1431 ex
1613 1397 1657 1430 eis
1685 1397 1748 1430 hoc

1003 1454 1109 1487 sorum
1140 1458 1171 1485 et.
1202 1451 1357 1485 iudicium
1389 1450 1619 1491 declinaverit,
1654 1450 1748 1483 toties

1002 1516 1140 1550 poenam
1162 1515 1215 1538 sex
1228 1510 1393 1537 scutorum
1415 1503 1569 1537 ecclesiae
1590 1509 1621 1536 et
1640 1503 1749 1546 hospi-

1003 1561 1058 1594 tali
1085 1560 1115 1594 S.
1144 1559 1307 1592 Laurentii
1336 1559 1368 1590 in
1399 1558 1543 1591 Miranda
1571 1557 1748 1601 nuncupati

1004 1614 1043 1648 de
1063 1614 1147 1647 Urbe
1167 1613 1434 1657 applicandorum
1452 1640 1458 1652 ‚
1483 1611 1750 1645 irremissibiliter

1004 1668 1159 1701 incurrat.

1049 1722 1065 1763 ξ
1087 1720 1117 1753 5.
1141 1719 1298 1763 Quodque
1317 1729 1430 1752 omnes
1450 1724 1481 1752 et
1504 1718 1650 1761 singulae
1674 1727 1748 1761 per·
1791 1724 1869 1753 ,Nemo
1886 1726 1950 1745 enam

1764 1751 1911 1777 privilegiatus
1922 1751 1950 1771 so-

1004 1784 1113 1815 sonae,
1138 1773 1234 1806 etiam
1255 1773 1492 1806 ecclesiasticae
1505 1783 1541 1805 ac
1555 1772 1669 1816 quovis
1682 1771 1748 1815 pri·
1764 1784 1830 1831 {Qu
1843 1778 1950 1798 dectinare

1004 1827 1120 1870 vilegio
1141 1826 1302 1867 suffultae,
1327 1826 1359 1859 in
1389 1831 1420 1859 et
1450 1836 1509 1870 pro
1542 1825 1751 1869 quibuscum—

1005 1892 1067 1926 que
1096 1881 1279 1925 pharmacis
1310 1886 1342 1913 et
1371 1880 1469 1913 rebus
1501 1878 1749 1913 medicinalibus

1005 1935 1064 1968 soli
1089 1934 1268 1968 consulatui
1286 1934 1319 1966 in
1338 1934 1445 1977 prima
1465 1932 1617 1966 instantia
1636 1931 1748 1965 subie-

1006 1993 1074 2021 ctae
1095 1987 1158 2021 sint
1187 1992 1217 2020 et
1248 1997 1316 2020 esse
1343 1991 1551 2027 censeantur,
1575 1995 1752 2028 omnesque

1006 2052 1128 2081 causas,
1145 2040 1178 2073 in
1198 2040 1316 2084 quibus
1337 2040 1376 2073 de
1393 2040 1482 2073 hisce
1502 2039 1599 2073 rebus
1619 2048 1753 2082 quoquo

1006 2096 1104 2129 modo
1124 2095 1230 2137 agitur
1250 2105 1306 2128 seu
1327 2093 1377 2136 agi
1402 2093 1566 2135 continget
1587 2103 1646 2137 pro
1666 2098 1750 2125 tem-

1006 2158 1085 2191 pore
1100 2174 1108 2187 ,
1128 2147 1161 2180 in
1181 2147 1250 2180 solo
1271 2146 1371 2190 ipsius
1392 2146 1578 2179 consulatus
1600 2144 1752 2177 tribunali

1006 2201 1039 2234 in
1057 2200 1142 2234 dicta
1158 2200 1263 2244 prima
1280 2199 1450 2240 instantia,
1475 2199 1560 2231 iuxta
1577 2191 1676 2231 felicis
1697 2208 1750 2231 re-

1008 2254 1203 2288 cordationis
1223 2253 1369 2296 Gregorii
1389 2253 1494 2296 Papae
1510 2253 1588 2292 XIII,
1612 2252 1750 2295 praede-

1008 2306 1142 2340 cessoris
1163 2306 1276 2345 nostri,
1294 2311 1400 2338 motus
1418 2304 1540 2348 proprii
1561 2304 1698 2336 formam
1717 2314 1754 2336 ac

1008 2366 1152 2393 tenorem
1174 2359 1325 2401 cognosci
1347 2369 1383 2391 ac
1410 2357 1576 2391 terminari
1597 2356 1751 2397 debeant,

1008 2413 1146 2457 exceptis
1167 2418 1274 2445 tamen
1296 2411 1358 2444 illis
1378 2410 1482 2444 causis
1495 2437 1502 2451 ‚
1523 2410 1555 2442 in
1584 2409 1701 2452 quibus
1721 2410 1754 2442 in

1009 2466 1071 2499 vim
1112 2464 1318 2507 obligationis
1360 2463 1511 2497 Gamerae
1553 2462 1755 2506 Apostolicae

1009 2524 1132 2562 agetur.

1053 2572 1068 2616 ἓ
1088 2572 1118 2604 6.
1143 2571 1180 2604 Et
1196 2570 1328 2614 insuper
1348 2569 1442 2603 liceat
1467 2569 1587 2603 eisdem
1609 2569 1752 2602 consuli-

232 2628 378 2662 ctoritate
389 2627 555 2672 praedicta
563 2632 675 2660 tenore
686 2624 873 2659 earumdem
882 2635 974 2669 prae-
1009 2626 1069 2659 bus
1081 2623 1303 2670 praesentibus
1321 2629 1352 2657 et
1369 2623 1495 2664 futuris,
1512 2623 1632 2667 absque
1646 2622 1755 2666 aliquo

284 2690 363 2719 Rult.
384 2691 466 2719 Rom.
491 2689 551 2718 Vol.
571 2689 606 2717 X.
834 2686 865 2713 41

1753 233 1803 260 An.
1825 234 1853 260 C.
1872 234 1941 261 1596

1789 1194 1915 1213 Arumatarii
1928 1194 1947 1213 in

1762 1226 1833 1239 eorum
1854 1220 1948 1240 consula-

1762 1248 1783 1265 tu
1808 1248 1888 1266 tantum
1912 1247 1947 1266 de-

1762 1272 1842 1292 liilores

1762 1299 1827 1319 niani,

1871 1278 1946 1292 cunti:-
