2253 3195
43 215 93 242 Αιι.
109 213 138 240 C.
160 211 229 239 ¹595

81 960 151 983 Sixtus
163 961 178 981 V
194 960 232 981 Ca-

50 988 88 1009 roli
105 987 232 1008 ducisubsi-

50 1014 106 1035 dium
115 1015 232 1041 quinquen-

49 1042 96 1062 nale
114 1047 178 1067 super
192 1041 233 1061 sru-

49 1068 117 1088 etibus
132 1068 233 1088 ecclesia-

50 1100 95 1116 rum
103 1094 234 1118 Sabaudiae,

51 1124 88 1142 etc.
102 1121 175 1141 decem
190 1121 234 1141 mil-

18 1149 27 1159 ·
49 1147 99 1168 lium
129 1150 235 1168 scutorum

51 1174 83 1196 bis
94 1175 206 1196 concessit.

863 210 1009 234 CLEMENS
1028 210 1087 233 VIII
1105 209 1143 233 PI'
1150 226 1155 233 .

282 259 491 293 ecclesiarum
525 264 553 292 et
590 259 817 302 beneficiorum
849 258 1004 291 ducatus'

282 312 467 347 sabaudiae
497 317 526 346 et
557 312 764 346 Pedemontis
792 322 852 355 pro
877 311 985 354 desen-

282 366 371 400 sione
383 366 570 399 earumdem
583 366 792 399 ecclesiarum
809 369 921 398 contra
938 366 991 397 vi-

283 420 373 453 cinos
394 420 580 461 haereticos,
608 419 743 452 additur
768 418 863 451 aliud
883 419 988 450 subsi-

284 472 378 505 dium
397 473 545 516 quinque
558 472 706 505 millium
718 475 885 512 scutorum
898 472 989 503 intra

287 524 468 560 triennium
484 525 683 570 eaeiyenclum
699 526 718 558 ³.

241 607 354 635 Dilecto
373 607 435 634 filio
457 607 551 634 nobili
569 607 633 634 viro
650 607 752 634 carolo
767 605 922 633 Emanueli
937 606 989 633 Sa-

277 660 402 688 baudiae
424 661 491 688 duci
511 663 541 688 et
557 660 782 688 redamantium
801 659 937 694 Principt

416 715 572 747 Clemens
594 717 689 758 Papa
710 717 803 746 VIII.

518 785 633 813 Dilecte
656 785 710 818 fili,

288 841 418 868 salutem
434 843 465 867 et.
485 840 683 874 apostolicam
698 839 949 867 benedictionem.

291 904 307 944 ς
329 902 359 934 t.
383 902 460 935 Cum
482 902 571 942 alias,
596 902 678 935 sicut
690 901 805 945 exponi
827 901 920 934 nobis
933 911 993 934 nu-

247 966 305 1000 per
319 955 433 996 fecisti,
451 955 551 989 felicis
570 955 804 989 recordationis
817 954 920 988 Sixtus
933 955 992 987 Pa-

248 1020 289 1053 pa
301 1009 335 1049 V,
352 1010 581 1052 praedecessor
597 1014 717 1047 noster,
743 1009 804 1041 tuis
826 1008 990 1052 supplica-

249 1062 390 1095 tionibus
410 1062 600 1103 inclinatus,
624 1068 659 1096 ut
679 1063 833 1106 pleraque
864 1060 994 1094 ditionis

250 1121 323 1149 tuae
343 1115 463 1160 oppida
494 1122 524 1149 et
550 1117 621 1149 loca
636 1143 643 1156 ,
676 1126 758 1159 quae
779 1115 993 1147 finitimorum

249 1169 447 1213 populorum
462 1168 624 1202 haeretica
633 1168 993 1213 pravitatepollutorum

249 1222 402 1266 periculis
423 1228 453 1255 et
473 1222 598 1255 insidiis
623 1222 830 1255 subiacebant
847 1249 854 1263 ,
878 1232 915 1255 ex
932 1232 992 1265 pe-

251 1275 335 1308 culio
343 1275 564 1316 ecclesiarum,
575 1286 711 1319 quarum
719 1275 891 1319 praecipue
901 1285 996 1308 causa

251 1329 416 1371 agebatur,
445 1328 552 1373 aliqua
582 1340 618 1362 ex
642 1334 733 1373 parte
758 1340 816 1373 per
835 1335 865 1362 te
886 1329 996 1363 deten-

251 1382 415 1423 derentur,
430 1393 531 1415 unum
546 1382 656 1415 decem
672 1382 809 1416 millium
831 1388 996 1416 scutorum

251 1436 320 1469 auri
341 1436 373 1469 in
394 1446 472 1469 auro
492 1446 552 1479 pro
569 1446 634 1469 uno
655 1436 889 1480 quinquennio,
907 1447 924 1468 a
944 1436 998 1469 ka-

251 1489 356 1522 lendis
394 1489 471 1521 maii
502 1493 578 1522 tunc
609 1489 756 1533 proxime
788 1489 887 1522 futuri
918 1489 998 1523 inci-

252 1542 382 1587 piendo,
410 1553 468 1586 per
487 1553 561 1576 suas
590 1542 712 1576 litteras
741 1543 830 1576 datas
850 1553 890 1577 xx
918 1543 998 1576 iunii

252 1606 439 1637 Manxxvn,
460 1596 492 1629 in
506 1596 656 1630 universo
669 1597 786 1630 ducatu
805 1597 995 1638 Sabaudiae,

254 1656 285 1683 et
302 1650 419 1683 deinde
452 1650 539 1683 aliud
565 1650 703 1683 aliorum
727 1651 838 1684 decem
860 1651 998 1684 millium

254 1701 408 1735 similium
445 1707 610 1734 scutorum
637 1701 780 1735 subsidia
810 1712 917 1735 annua
941 1713 999 1747 pro

255 1755 319 1788 alio
332 1754 567 1799 quinquennio,
582 1765 600 1788 a
614 1755 760 1789 kalendis
773 1755 910 1789 ianuarii
927 1762 1001 1789 tunc

255 1808 376 1853 pariter
388 1807 534 1852 proxime
547 1808 645 1841 futuri
662 1808 858 1852 incipiendo,
875 1809 907 1842 in
928 1810 1001 1842 uni-

255 1872 347 1895 verso
367 1861 551 1906 principatu
578 1862 847 1904 Pedemontium,
875 1874 1002 1897 necnon

256 1915 373 1948 Niceae
405 1914 590 1959 provinciae
621 1921 649 1948 et
671 1921 737 1949 toto
759 1916 827 1950 eius
857 1917 1002 1950 districtu

258 1979 295 2002 ac
315 1968 489 2008 territorio,
514 1974 545 2001 et
568 1974 651 2002 statu
670 1968 812 2010 Oneliae,
837 1971 1004 2004 omnibus—

258 2033 321 2066 que
341 2022 411 2055 aliis
431 2021 629 2063 civitatibus,
653 2023 796 2067 oppidis,
821 2025 929 2065 terris,
953 2036 1005 2058 ca-

258 2076 341 2122 stris,
357 2075 440 2108 villis
454 2080 482 2107 et
500 2075 579 2108 locis
599 2075 713 2109 ditioni
729 2082 801 2110 tuae
814 2077 893 2111 citra
914 2089 1006 2112 mon-

259 2135 306 2164 tes
334 2129 486 2163 subiectis
516 2129 765 2164 consistentibus
797 2142 893 2175 super
920 2143 1002 2176 qua-

259 2193 474 2227 rumcumque
506 2183 832 2227 metropolitanarum
850 2212 856 2225 ‚
890 2186 1002 2219 cathe-

262 2237 413 2277 dralium,
440 2236 697 2279 collegiatarum,
721 2238 955 2281 parochialium
977 2245 1008 2273 et

262 2290 400 2324 aliarum
427 2289 650 2330 ecclesiarum,
684 2301 743 2323 nec
760 2301 824 2324 non
846 2298 1007 2326 monaste-

263 2344 387 2378 riorum
406 2349 436 2377 et
456 2349 685 2384 conventuum,
710 2354 746 2377 ac
767 2345 867 2378 etiam.
883 2357 1008 2379 mensa-

263 2408 335 2431 rum
374 2396 698 2440 archiepiscopalium
719 2425 726 2438 ,
760 2398 1004 2443 episcopalium,

264 2450 486 2490 abbatialium,
511 2450 737 2494 capitularium
763 2457 794 2484 et
815 2458 1009 2486 conventua-

263 2504 355 2544 lium,
378 2503 582 2547 prioratuum
604 2514 745 2548 quoque,
769 2506 1009 2549 praepositura—

265 2567 338 2591 rum
353 2584 361 2598 ,
386 2556 682 2601 praeceptoriarum
694 2585 702 2599 ,
737 2559 984 2593 canonicatuum
998 2588 1006 2602 ‚

303 2621 314 2646 1
337 2619 375 2647 Ex
391 2618 499 2654 Regest.
511 2618 538 2645 in
553 2619 654 2646 Secret.
668 2619 803 2648 Brevium.

318 2672 396 2701 Buta.
413 2673 496 2702 Rom.
513 2671 573 2701 Vol.
589 2673 625 2700 X.

842 2676 876 2704 28

1668 195 1732 228 217

1020 257 1291 302 praebendarum,
1302 255 1506 299 dignitatum,
1517 259 1760 298 personatuum,

1021 311 1358 349 administrationum,
1395 309 1588 348 officiorum,
1623 313 1765 340 caetero—

1022 376 1159 408 rumque
1201 364 1434 397 beneficiorum
1472 362 1763 396 ecclesiasticorum

1022 428 1095 451 cum
1120 428 1197 450 cura
1224 424 1251 450 et
1274 418 1342 450 sine
1364 428 1455 456 cura,
1479 415 1705 454 saecularium,
1731 425 1766 447 ac

1022 472 1051 505 S.
1064 471 1238 510 Benedicti,
1253 471 1283 504 S.
1299 470 1479 513 Augustini,
1492 468 1762 507 Cluniacensium,

1023 523 1291 563 Cisterciensium,
1319 521 1680 561 Praemonstatensium,
1709 520 1768 554 Sil-

1023 578 1240 611 vestrinorum
1270 582 1301 610 et
1328 576 1517 620 quorumvis
1545 575 1682 608 aliorum
1712 573 1768 608 Or-

1024 631 1148 672 dinum,
1172 640 1237 664 non
1271 635 1376 662 tamen
1397 628 1658 667 Mendicantium,
1682 627 1765 660 utri-

1025 695 1126 728 usque
1147 695 1249 723 sexus,
1274 694 1400 716 necnon
1419 682 1706 725 congregationum
1720 692 1770 714 re-

1025 739 1197 781 gularium,
1214 748 1251 770 ac
1263 737 1469 780 hospitalium
1480 736 1573 769 etiam
1590 736 1769 779 pauperum

1026 792 1277 835 hospitalitatem
1299 801 1363 823 non
1391 789 1621 829 exercentium,
1643 799 1770 822 necnon

1026 847 1141 879 Beatae
1161 846 1277 879 Mariae
1301 845 1588 883 Tlieutonicomin,
1614 843 1768 876 aliarum-

1027 911 1090 945 que
1122 899 1309 932 militiarum
1331 927 1337 937 ,
1367 909 1432 931 non
1456 905 1563 931 tamen
1584 903 1770 930 sanctorum

1027 953 1165 987 Mauritii
1187 958 1215 985 et
1241 952 1371 992 Lazari,
1407 963 1443 985 ac
1474 951 1641 994 hospitalis
1665 950 1773 984 Sancti

1028 1007 1155 1041 Ioannis
1179 1006 1460 1050 Hierosolymitani
1485 1004 1774 1044 s1·uctibus,reddi—

1028 1061 1113 1094 tibus
1131 1066 1160 1093 et
1192 1060 1423 1103 proventibus,
1449 1058 1572 1091 iuribus
1594 1063 1624 1091 et
1644 1058 1772 1090 emolu-

1029 1114 1156 1154 mentis,
1180 1124 1217 1146 ac
1242 1113 1338 1146 etiam
1358 1111 1640 1145 distributionibus
1667 1109 1775 1153 quoti-

1030 1167 1133 1201 dianis
1165 1167 1224 1200 sub
1251 1166 1353 1199 certis
1386 1165 1490 1198 modis
1511 1170 1541 1197 et
1562 1163 1674 1197 formis
1698 1169 1775 1196 tunc

1030 1221 1187 1265 expressis
1199 1220 1367 1262 exigenda,
1382 1229 1440 1263 per
1453 1218 1531 1251 alias
1544 1228 1617 1251 suas
1628 1217 1660 1250 in
1672 1217 1777 1250 forma

1030 1275 1136 1308 brevis
1153 1275 1274 1308 litteras
1292 1273 1350 1307 sub
1372 1273 1481 1306 datum
1502 1282 1581 1306 xxiii
1595 1271 1777 1305 decembris

1032 1328 1177 1362 eiusdem
1196 1327 1270 1360 anni
1302 1336 1476 1361 MDLxxxvn
1499 1325 1673 1368 expeditas,
1698 1334 1776 1357 con-

1033 1382 1126 1416 cessit
1146 1386 1176 1414 et
1195 1373 1378 1422 assignarit,
1399 1384 1495 1422 prout
1513 1378 1544 1410 in
1567 1378 1642 1422 ipsis
1664 1377 1778 1410 litteris

1033 1435 1159 1480 plenius
1179 1434 1374 1468 continetur.

1078 1491 1094 1532 g
1115 1488 1145 1522 2.
1161 1488 1303 1531 Cumque
1316 1487 1386 1530 piae
1408 1485 1586 1519 memoriae
1603 1485 1778 1527 Gregorius

1033 1545 1118 1588 Papa
1131 1543 1208 1583 XIV,
1225 1542 1320 1576 etiam
1336 1541 1564 1585 praedecessor
1584 1545 1703 1579 noster,
1725 1537 1778 1571 its‘-

1035 1599 1107 1632 dem
1130 1603 1206 1630 tunc
1235 1595 1427 1639 urgentibus
1458 1594 1561 1628 causis
1587 1594 1746 1627 adductus
1768 1620 1774 1633 ,

1034 1658 1209 1695 utrumque
1234 1649 1506 1694 quinquennium,
1524 1648 1563 1681 ad
1585 1647 1671 1680 aliud
1687 1646 1780 1690 quin-

1035 1704 1213 1749 quennium
1235 1714 1252 1736 a
1272 1703 1336 1736 fine
1361 1702 1518 1745 cuiusque
1538 1712 1574 1734 ex
1595 1699 1780 1733 huiusmodi

1036 1756 1252 1803 quinquennii
1278 1756 1455 1800 respective
1476 1754 1715 1788 numerandum
1730 1763 1782 1786 ex-

1037 1811 1186 1851 tenderit,
1214 1821 1269 1844 seu
1287 1808 1431 1842 subsidia
1451 1808 1617 1852 praedicta
1634 1807 1674 1840 ad
1695 1806 1783 1839 aliud

1037 1865 1141 1899 simile
1158 1862 1431 1908 quinquennium,
1450 1867 1483 1895 ut
1496 1861 1678 1906 praefertur
1696 1870 1784 1893 com-

1037 1918 1229 1963 putandum,
1246 1915 1469 1960 prorogaverit
1488 1921 1519 1948 et
1539 1915 1578 1948 de
1602 1924 1685 1947 novo
1708 1924 1784 1947 con-

1039 1971 1180 2011 cesserit,
1205 1975 1302 2014 prout
1316 1969 1347 2002 in
1368 1968 1439 2001 aliis
1453 1968 1528 2001 item
1551 1968 1581 2000 in
1603 1967 1701 2000 simili
1721 1967 1783 1999 i'or-

1040 2036 1092 2058 ma
1116 2024 1221 2058 brevis
1241 2014 1354 2056 litteris
1368 2022 1511 2056 eiusdem
1533 2021 1784 2064 Gregoriiprae-

1040 2078 1218 2113 decessoris
1239 2077 1395 2121 expeditis
1419 2076 1547 2120 plenius
1567 2075 1689 2118 pariter
1709 2084 1786 2107 con-

1040 2133 1170 2167 tinetur.

1085 2186 1100 2230 5
1120 2185 1149 2218 3
1171 2186 1262 2219 Nunc
1287 2190 1414 2224 autem,
1443 2183 1526 2216 sicutv
1546 2188 1599 2215 tua
1628 2180 1785 2224 expositio

1042 2240 1267 2282 subiungebat,
1289 2250 1360 2272 cum
1376 2238 1508 2272 eaedem
1524 2246 1650 2274 causae,
1674 2236 1786 2268 desen-

1042 2293 1140 2326 sionis
1160 2293 1314 2325 nimirum
1337 2291 1525 2325 eorumdem
1548 2289 1743 2333 oppidorum
1758 2293 1788 2321 et

1043 2347 1188 2380 locorum
1209 2353 1280 2380 tuae
1302 2346 1444 2385 ditionis,
1468 2354 1550 2388 quae
1571 2343 1787 2387 plurimorum

1044 2400 1256 2434 finitimorum
1278 2400 1473 2444 populorum
1497 2396 1657 2430 haeretica
1679 2395 1785 2440 pravi-

1044 2459 1107 2486 tate
1127 2453 1319 2487 insectorum
1341 2451 1493 2496 periculis
1514 2456 1544 2484 et
1565 2450 1690 2483 insidiis
1704 2449 1785 2482 assin

1045 2507 1107 2541 due
1136 2507 1323 2547 subiacent,
1356 2506 1462 2539 adhue
1487 2504 1633 2547 vigeant,
1667 2509 1698 2536 et
1730 2513 1790 2547 pro

1045 2560 1236 2594 eorumdem
1267 2560 1413 2594 locorum
1436 2557 1602 2598 custodia,
1626 2562 1657 2591 et
1681 2556 1791 2590 catho-

1046 2614 1124 2648 licae
1144 2614 1310 2657 religionis
1332 2613 1364 2646 in
1385 2612 1506 2647 eisdem
1528 2610 1790 2651 conservatione,

1778 204 1828 230 An.
1849 203 1878 230 C.
1896 203 1964 230 1595

1808 1489 1921 1512 Grraorius
1931 1487 1977 1509 XIV

1792 1516 1913 1536 huiusmodi
1930 1515 1979 1536 sub-

1792 1543 1870 1563 sidium
1907 1548 1979 1568 proro-

1794 1572 1852 1594 gavit
1875 1569 1901 1589 ad
1921 1569 1978 1589 aliud

1795 1596 1969 1623 quinquennium.

1850 2183 1901 2203 Tale
1920 2181 1988 2203 subsi-

1802 2210 1858 2231 tlinm
1870 2212 1932 2235 auget
1942 2209 1987 2229 Clo-

1802 2243 1860 2257 nicns
1889 2237 1909 2257 in
1940 2236 1988 2256 aliis

1802 2264 1868 2284 scu'is
1896 2263 1989 2290 quinque

1804 2291 1896 2311 millibus
1933 2290 1990 2309 intra

1805 2319 1917 2338 triennium
1947 2316 1989 2336 exi<

1805 2344 1891 2371 genitis,
