<?xml version="1.0" encoding="UTF-8"?>
<!DOCTYPE html PUBLIC "-//W3C//DTD XHTML 1.0 Transitional//EN"
    "http://www.w3.org/TR/xhtml1/DTD/xhtml1-transitional.dtd">
<html xmlns="http://www.w3.org/1999/xhtml" xml:lang="en" lang="en">
 <head>
  <title>
</title>
<meta http-equiv="Content-Type" content="text/html;charset=utf-8" />
  <meta name='ocr-system' content='tesseract 3.04.00' />
  <meta name='ocr-capabilities' content='ocr_page ocr_carea ocr_par ocr_line ocrx_word'/>
</head>
<body>
  <div class='ocr_page' id='page_1' title='image "./bullarumdiplomat10cath_0787.png"; bbox 0 0 2253 3195; ppageno 0'>
   <div class='ocr_carea' id='block_1_1' title="bbox 28 226 1914 257">
    <p class='ocr_par' dir='ltr' id='par_1_1' title="bbox 28 226 1914 257">
     <span class='ocr_line' id='line_1_1' title="bbox 28 226 1914 257; baseline -0.002 0"><span class='ocrx_word' id='word_1_1' title='bbox 28 237 53 257; x_wconf 84' lang='lat' dir='ltr'>n.</span> <span class='ocrx_word' id='word_1_2' title='bbox 74 229 102 255; x_wconf 86' lang='lat' dir='ltr'>C.</span> <span class='ocrx_word' id='word_1_3' title='bbox 123 228 182 255; x_wconf 72' lang='lat' dir='ltr'>lthl</span> <span class='ocrx_word' id='word_1_4' title='bbox 1738 227 1784 252; x_wconf 64' lang='lat' dir='ltr'>An.</span> <span class='ocrx_word' id='word_1_5' title='bbox 1803 226 1829 252; x_wconf 90' lang='lat' dir='ltr'>C.</span> <span class='ocrx_word' id='word_1_6' title='bbox 1854 227 1914 253; x_wconf 73' lang='grc'>1601</span> 
     </span>
    </p>
   </div>
   <div class='ocr_carea' id='block_1_2' title="bbox 201 217 1920 341">
    <p class='ocr_par' dir='ltr' id='par_1_2' title="bbox 201 217 1920 341">
     <span class='ocr_line' id='line_1_2' title="bbox 816 217 1688 252; baseline -0.001 -2"><span class='ocrx_word' id='word_1_7' title='bbox 816 229 961 252; x_wconf 59' lang='grc' dir='ltr'>εικυῐῑκς</span> <span class='ocrx_word' id='word_1_8' title='bbox 984 227 1037 251; x_wconf 70' lang='lat' dir='ltr'>viu</span> <span class='ocrx_word' id='word_1_9' title='bbox 1061 229 1109 251; x_wconf 63' lang='grc' dir='ltr'>ΓΡ.</span> <span class='ocrx_word' id='word_1_10' title='bbox 1628 217 1688 249; x_wconf 70' lang='grc'>727</span> 
     </span>
     <span class='ocr_line' id='line_1_3' title="bbox 201 273 1919 340; baseline 0 -32"><span class='ocrx_word' id='word_1_11' title='bbox 201 276 431 308; x_wconf 84' lang='lat' dir='ltr'>iurisdictionis</span> <span class='ocrx_word' id='word_1_12' title='bbox 461 276 546 320; x_wconf 80' lang='lat' dir='ltr'>ipsis,</span> <span class='ocrx_word' id='word_1_13' title='bbox 576 283 638 309; x_wconf 87' lang='lat' dir='ltr'>tam</span> <span class='ocrx_word' id='word_1_14' title='bbox 663 276 692 308; x_wconf 90' lang='lat' dir='ltr'>in</span> <span class='ocrx_word' id='word_1_15' title='bbox 722 277 943 319; x_wconf 72' lang='lat' dir='ltr'>spiritualibus</span> <span class='ocrx_word' id='word_1_16' title='bbox 960 280 961 286; x_wconf 63' lang='lat'><strong>¹</strong></span> <span class='ocrx_word' id='word_1_17' title='bbox 978 273 1148 308; x_wconf 84' lang='lat' dir='ltr'>nonicatus</span> <span class='ocrx_word' id='word_1_18' title='bbox 1169 281 1196 307; x_wconf 84' lang='lat' dir='ltr'>et</span> <span class='ocrx_word' id='word_1_19' title='bbox 1225 275 1423 319; x_wconf 80' lang='lat' dir='ltr'>praebendas</span> <span class='ocrx_word' id='word_1_20' title='bbox 1445 274 1608 307; x_wconf 76' lang='lat' dir='ltr'>cottativos</span> <span class='ocrx_word' id='word_1_21' title='bbox 1628 285 1720 318; x_wconf 85' lang='lat' dir='ltr'>prae-</span> <span class='ocrx_word' id='word_1_22' title='bbox 1737 320 1749 340; x_wconf 60' lang='lat' dir='ltr'>q</span> <span class='ocrx_word' id='word_1_23' title='bbox 1799 288 1919 340; x_wconf 53' lang='lat' dir='ltr'>Tmcnii’iiii&#39;*</span> 
     </span>
     <span class='ocr_line' id='line_1_4' title="bbox 1752 321 1920 341; baseline -0.012 -6"><span class='ocrx_word' id='word_1_24' title='bbox 1752 321 1822 341; x_wconf 76' lang='lat' dir='ltr'>unque</span> <span class='ocrx_word' id='word_1_25' title='bbox 1847 321 1881 334; x_wconf 85' lang='lat' dir='ltr'>ai</span> <span class='ocrx_word' id='word_1_26' title='bbox 1916 321 1920 333; x_wconf 88' lang='grc' dir='ltr'>ι</span> 
     </span>
    </p>
   </div>
   <div class='ocr_carea' id='block_1_3' title="bbox 201 327 1920 373">
    <p class='ocr_par' dir='ltr' id='par_1_3' title="bbox 201 327 1920 373">
     <span class='ocr_line' id='line_1_5' title="bbox 201 327 1920 373; baseline 0 -12"><span class='ocrx_word' id='word_1_27' title='bbox 201 340 296 372; x_wconf 85' lang='lat' dir='ltr'>quain</span> <span class='ocrx_word' id='word_1_28' title='bbox 327 330 573 373; x_wconf 73' lang='lat' dir='ltr'>temporalibus,</span> <span class='ocrx_word' id='word_1_29' title='bbox 598 329 666 362; x_wconf 84' lang='lat' dir='ltr'>iure</span> <span class='ocrx_word' id='word_1_30' title='bbox 691 329 877 366; x_wconf 84' lang='lat' dir='ltr'>ordinario,</span> <span class='ocrx_word' id='word_1_31' title='bbox 909 340 944 361; x_wconf 85' lang='lat' dir='ltr'>ac</span> <span class='ocrx_word' id='word_1_32' title='bbox 960 331 961 373; x_wconf 60' lang='grc' dir='ltr'>Ι</span> <span class='ocrx_word' id='word_1_33' title='bbox 978 329 1067 367; x_wconf 80' lang='lat' dir='ltr'>satos,</span> <span class='ocrx_word' id='word_1_34' title='bbox 1092 339 1229 372; x_wconf 88' lang='lat' dir='ltr'>quorum</span> <span class='ocrx_word' id='word_1_35' title='bbox 1249 329 1449 370; x_wconf 69' lang='lat' dir='ltr'>singulorum</span> <span class='ocrx_word' id='word_1_36' title='bbox 1483 334 1512 360; x_wconf 83' lang='lat' dir='ltr'>et</span> <span class='ocrx_word' id='word_1_37' title='bbox 1535 327 1595 360; x_wconf 89' lang='lat' dir='ltr'>illis</span> <span class='ocrx_word' id='word_1_38' title='bbox 1614 328 1721 360; x_wconf 82' lang='lat' dir='ltr'>forsan</span> <span class='ocrx_word' id='word_1_39' title='bbox 1738 344 1758 361; x_wconf 61' lang='lat' dir='ltr'>ci</span> <span class='ocrx_word' id='word_1_40' title='bbox 1781 346 1873 363; x_wconf 62' lang='lat' dir='ltr'>mensae.</span> <span class='ocrx_word' id='word_1_41' title='bbox 1889 347 1920 360; x_wconf 71' lang='lat' dir='ltr'>n·-</span> 
     </span>
    </p>
   </div>
   <div class='ocr_carea' id='block_1_4' title="bbox 15 429 185 520">
    <p class='ocr_par' dir='ltr' id='par_1_4' title="bbox 15 429 17 439">
     <span class='ocr_line' id='line_1_6' title="bbox 15 429 17 439; baseline 0 0"><span class='ocrx_word' id='word_1_42' title='bbox 15 429 17 439; x_wconf 73' lang='lat' dir='ltr'>t</span> 
     </span>
    </p>

    <p class='ocr_par' dir='ltr' id='par_1_5' title="bbox 15 445 185 520">
     <span class='ocr_line' id='line_1_7' title="bbox 15 445 176 468; baseline -0.006 0"><span class='ocrx_word' id='word_1_43' title='bbox 15 447 17 460; x_wconf 63' lang='grc' dir='ltr'>Ι</span> <span class='ocrx_word' id='word_1_44' title='bbox 35 445 105 468; x_wconf 75' lang='lat' dir='ltr'>Munia</span> <span class='ocrx_word' id='word_1_45' title='bbox 120 446 176 467; x_wconf 72' lang='lat' dir='ltr'>ecclc</span> 
     </span>
     <span class='ocr_line' id='line_1_8' title="bbox 24 473 185 499; baseline -0.006 -5"><span class='ocrx_word' id='word_1_46' title='bbox 24 473 91 494; x_wconf 68' lang='lat' dir='ltr'>astina</span> <span class='ocrx_word' id='word_1_47' title='bbox 102 478 185 499; x_wconf 79' lang='lat' dir='ltr'>quomo·</span> 
     </span>
     <span class='ocr_line' id='line_1_9' title="bbox 23 499 151 520; baseline -0.008 0"><span class='ocrx_word' id='word_1_48' title='bbox 23 504 33 519; x_wconf 73' lang='grc' dir='ltr'><strong>ο</strong></span> <span class='ocrx_word' id='word_1_49' title='bbox 47 499 151 520; x_wconf 56' lang='lat' dir='ltr'>obeunda.</span> 
     </span>
    </p>
   </div>
   <div class='ocr_carea' id='block_1_5' title="bbox 201 368 1867 798">
    <p class='ocr_par' dir='ltr' id='par_1_6' title="bbox 201 368 1867 798">
     <span class='ocr_line' id='line_1_10' title="bbox 201 368 1867 426; baseline -0.001 -12"><span class='ocrx_word' id='word_1_50' title='bbox 201 382 278 414; x_wconf 80' lang='lat' dir='ltr'>alias</span> <span class='ocrx_word' id='word_1_51' title='bbox 292 383 533 425; x_wconf 80' lang='lat' dir='ltr'>quomodolibet</span> <span class='ocrx_word' id='word_1_52' title='bbox 547 383 770 426; x_wconf 68' lang='lat' dir='ltr'>competentis,</span> <span class='ocrx_word' id='word_1_53' title='bbox 783 383 814 415; x_wconf 89' lang='lat' dir='ltr'>in</span> <span class='ocrx_word' id='word_1_54' title='bbox 830 383 942 415; x_wconf 69' lang='lat' dir='ltr'>eodem</span> <span class='ocrx_word' id='word_1_55' title='bbox 960 374 962 397; x_wconf 93' lang='grc' dir='ltr'>Ι</span> <span class='ocrx_word' id='word_1_56' title='bbox 1737 368 1867 390; x_wconf 53' lang='lat' dir='ltr'>mmmmm.</span> 
     </span>
     <span class='ocr_line' id='line_1_11' title="bbox 202 435 962 479; baseline 0 -11"><span class='ocrx_word' id='word_1_57' title='bbox 202 435 320 479; x_wconf 88' lang='lat' dir='ltr'>oppido</span> <span class='ocrx_word' id='word_1_58' title='bbox 343 435 460 468; x_wconf 78' lang='lat' dir='ltr'>habere</span> <span class='ocrx_word' id='word_1_59' title='bbox 482 442 511 468; x_wconf 84' lang='lat' dir='ltr'>ct</span> <span class='ocrx_word' id='word_1_60' title='bbox 530 443 648 472; x_wconf 63' lang='lat' dir='ltr'>tencre,</span> <span class='ocrx_word' id='word_1_61' title='bbox 672 436 808 479; x_wconf 84' lang='lat' dir='ltr'>capitula</span> <span class='ocrx_word' id='word_1_62' title='bbox 825 442 855 468; x_wconf 86' lang='lat' dir='ltr'>et</span> <span class='ocrx_word' id='word_1_63' title='bbox 868 446 962 477; x_wconf 42' lang='lat' dir='ltr'>cons</span> 
     </span>
     <span class='ocr_line' id='line_1_12' title="bbox 202 488 943 531; baseline -0.001 -10"><span class='ocrx_word' id='word_1_64' title='bbox 202 489 405 531; x_wconf 70' lang='lat' dir='ltr'>gregationes</span> <span class='ocrx_word' id='word_1_65' title='bbox 424 489 515 525; x_wconf 81' lang='lat' dir='ltr'>inire,</span> <span class='ocrx_word' id='word_1_66' title='bbox 545 500 669 521; x_wconf 74' lang='lat' dir='ltr'>necnon</span> <span class='ocrx_word' id='word_1_67' title='bbox 691 489 800 521; x_wconf 87' lang='lat' dir='ltr'>omnia</span> <span class='ocrx_word' id='word_1_68' title='bbox 821 495 847 519; x_wconf 72' lang='lat' dir='ltr'>et</span> <span class='ocrx_word' id='word_1_69' title='bbox 879 488 943 521; x_wconf 89' lang='lat' dir='ltr'>sin-</span> 
     </span>
     <span class='ocr_line' id='line_1_13' title="bbox 202 537 962 585; baseline -0.001 -11"><span class='ocrx_word' id='word_1_70' title='bbox 202 542 286 584; x_wconf 82' lang='lat' dir='ltr'>gula,</span> <span class='ocrx_word' id='word_1_71' title='bbox 310 552 390 585; x_wconf 80' lang='lat' dir='ltr'>quae</span> <span class='ocrx_word' id='word_1_72' title='bbox 411 542 442 574; x_wconf 92' lang='lat' dir='ltr'>in</span> <span class='ocrx_word' id='word_1_73' title='bbox 471 542 604 574; x_wconf 63' lang='lat' dir='ltr'>oct-lesia</span> <span class='ocrx_word' id='word_1_74' title='bbox 626 548 652 575; x_wconf 88' lang='lat' dir='ltr'>et</span> <span class='ocrx_word' id='word_1_75' title='bbox 677 542 801 574; x_wconf 59' lang='lat' dir='ltr'>civitate</span> <span class='ocrx_word' id='word_1_76' title='bbox 823 542 941 574; x_wconf 71' lang='lat' dir='ltr'>Eluen-</span> <span class='ocrx_word' id='word_1_77' title='bbox 961 537 962 540; x_wconf 62' lang='grc'>’</span> 
     </span>
     <span class='ocr_line' id='line_1_14' title="bbox 201 595 962 639; baseline -0.001 -12"><span class='ocrx_word' id='word_1_78' title='bbox 201 595 287 628; x_wconf 89' lang='lat' dir='ltr'>sibus</span> <span class='ocrx_word' id='word_1_79' title='bbox 321 596 469 639; x_wconf 64' lang='lat' dir='ltr'>praetatis</span> <span class='ocrx_word' id='word_1_80' title='bbox 504 596 749 639; x_wconf 65' lang='lat' dir='ltr'>quomodolibet.</span> <span class='ocrx_word' id='word_1_81' title='bbox 788 596 944 627; x_wconf 77' lang='lat' dir='ltr'>hactenus</span> <span class='ocrx_word' id='word_1_82' title='bbox 961 603 962 606; x_wconf 76' lang='grc'>’</span> 
     </span>
     <span class='ocr_line' id='line_1_15' title="bbox 202 643 962 691; baseline 0 -11"><span class='ocrx_word' id='word_1_83' title='bbox 202 648 321 686; x_wconf 78' lang='lat' dir='ltr'>facere,</span> <span class='ocrx_word' id='word_1_84' title='bbox 345 660 477 690; x_wconf 61' lang='lat' dir='ltr'>gerere,</span> <span class='ocrx_word' id='word_1_85' title='bbox 504 649 615 691; x_wconf 76' lang='lat' dir='ltr'>exequi</span> <span class='ocrx_word' id='word_1_86' title='bbox 638 655 666 681; x_wconf 78' lang='lat' dir='ltr'>et</span> <span class='ocrx_word' id='word_1_87' title='bbox 689 648 865 691; x_wconf 76' lang='lat' dir='ltr'>adimplere</span> <span class='ocrx_word' id='word_1_88' title='bbox 886 643 962 691; x_wconf 55' lang='grc' dir='ltr'>ρο-ἶ</span> 
     </span>
     <span class='ocr_line' id='line_1_16' title="bbox 202 701 962 743; baseline -0.003 -9"><span class='ocrx_word' id='word_1_89' title='bbox 202 708 303 734; x_wconf 82' lang='lat' dir='ltr'>terant</span> <span class='ocrx_word' id='word_1_90' title='bbox 319 707 346 734; x_wconf 89' lang='lat' dir='ltr'>et</span> <span class='ocrx_word' id='word_1_91' title='bbox 362 708 605 739; x_wconf 61' lang='lat' dir='ltr'>consueverant,</span> <span class='ocrx_word' id='word_1_92' title='bbox 620 702 766 734; x_wconf 80' lang='lat' dir='ltr'>similiter</span> <span class='ocrx_word' id='word_1_93' title='bbox 781 706 811 733; x_wconf 79' lang='lat' dir='ltr'>et</span> <span class='ocrx_word' id='word_1_94' title='bbox 824 701 945 743; x_wconf 86' lang='lat' dir='ltr'>absque</span> <span class='ocrx_word' id='word_1_95' title='bbox 961 715 962 723; x_wconf 51' lang='grc' dir='ltr'>Ι</span> 
     </span>
     <span class='ocr_line' id='line_1_17' title="bbox 201 753 945 798; baseline -0.003 -10"><span class='ocrx_word' id='word_1_96' title='bbox 201 755 266 788; x_wconf 90' lang='lat' dir='ltr'>ulla</span> <span class='ocrx_word' id='word_1_97' title='bbox 286 765 417 798; x_wconf 86' lang='lat' dir='ltr'>prorsus</span> <span class='ocrx_word' id='word_1_98' title='bbox 438 755 618 788; x_wconf 75' lang='lat' dir='ltr'>differentia</span> <span class='ocrx_word' id='word_1_99' title='bbox 633 755 662 787; x_wconf 90' lang='lat' dir='ltr'>in</span> <span class='ocrx_word' id='word_1_100' title='bbox 678 755 790 787; x_wconf 69' lang='lat' dir='ltr'>cadem</span> <span class='ocrx_word' id='word_1_101' title='bbox 812 753 945 786; x_wconf 73' lang='lat' dir='ltr'>ecclesia</span> 
     </span>
    </p>
   </div>
   <div class='ocr_carea' id='block_1_6' title="bbox 978 381 1723 745">
    <p class='ocr_par' dir='ltr' id='par_1_7' title="bbox 978 381 1723 745">
     <span class='ocr_line' id='line_1_18' title="bbox 978 381 1722 424; baseline -0.003 -9"><span class='ocrx_word' id='word_1_102' title='bbox 978 394 1175 415; x_wconf 74' lang='lat' dir='ltr'>annexorum</span> <span class='ocrx_word' id='word_1_103' title='bbox 1196 383 1327 419; x_wconf 71' lang='lat' dir='ltr'>fructus,</span> <span class='ocrx_word' id='word_1_104' title='bbox 1352 381 1473 414; x_wconf 84' lang='lat' dir='ltr'>reditus</span> <span class='ocrx_word' id='word_1_105' title='bbox 1494 387 1519 413; x_wconf 83' lang='lat' dir='ltr'>ct</span> <span class='ocrx_word' id='word_1_106' title='bbox 1548 386 1722 424; x_wconf 86' lang='lat' dir='ltr'>proventus</span> 
     </span>
     <span class='ocr_line' id='line_1_19' title="bbox 980 434 1722 479; baseline -0.004 -10"><span class='ocrx_word' id='word_1_107' title='bbox 980 436 1086 476; x_wconf 64' lang='lat' dir='ltr'>viginti</span> <span class='ocrx_word' id='word_1_108' title='bbox 1109 442 1263 479; x_wconf 84' lang='lat' dir='ltr'>quatuor,</span> <span class='ocrx_word' id='word_1_109' title='bbox 1288 435 1481 479; x_wconf 83' lang='lat' dir='ltr'>computatis</span> <span class='ocrx_word' id='word_1_110' title='bbox 1511 445 1585 467; x_wconf 85' lang='lat' dir='ltr'>vero</span> <span class='ocrx_word' id='word_1_111' title='bbox 1617 434 1722 467; x_wconf 75' lang='lat' dir='ltr'>‹listri-</span> 
     </span>
     <span class='ocr_line' id='line_1_20' title="bbox 978 488 1719 533; baseline -0.003 -12"><span class='ocrx_word' id='word_1_112' title='bbox 978 489 1164 522; x_wconf 88' lang='lat' dir='ltr'>butionibus</span> <span class='ocrx_word' id='word_1_113' title='bbox 1185 489 1396 533; x_wconf 76' lang='lat' dir='ltr'>quotidianis,</span> <span class='ocrx_word' id='word_1_114' title='bbox 1426 488 1637 532; x_wconf 77' lang='lat' dir='ltr'>quadraginta</span> <span class='ocrx_word' id='word_1_115' title='bbox 1658 488 1719 520; x_wconf 90' lang='lat' dir='ltr'>du-</span> 
     </span>
     <span class='ocr_line' id='line_1_21' title="bbox 979 543 1721 586; baseline 0 -13"><span class='ocrx_word' id='word_1_116' title='bbox 979 548 1122 575; x_wconf 81' lang='lat' dir='ltr'>catorum</span> <span class='ocrx_word' id='word_1_117' title='bbox 1149 543 1292 586; x_wconf 84' lang='lat' dir='ltr'>parium,</span> <span class='ocrx_word' id='word_1_118' title='bbox 1317 543 1492 575; x_wconf 80' lang='lat' dir='ltr'>secundum</span> <span class='ocrx_word' id='word_1_119' title='bbox 1516 551 1721 574; x_wconf 86' lang='lat' dir='ltr'>communem</span> 
     </span>
     <span class='ocr_line' id='line_1_22' title="bbox 978 595 1723 634; baseline -0.005 -5"><span class='ocrx_word' id='word_1_120' title='bbox 978 596 1246 633; x_wconf 70' lang='lat' dir='ltr'>aestimationem,</span> <span class='ocrx_word' id='word_1_121' title='bbox 1262 597 1415 632; x_wconf 78' lang='lat' dir='ltr'>valorem,</span> <span class='ocrx_word' id='word_1_122' title='bbox 1434 601 1465 628; x_wconf 91' lang='lat' dir='ltr'>ut</span> <span class='ocrx_word' id='word_1_123' title='bbox 1484 595 1647 634; x_wconf 84' lang='lat' dir='ltr'>asseritur,</span> <span class='ocrx_word' id='word_1_124' title='bbox 1658 604 1723 626; x_wconf 88' lang='lat' dir='ltr'>non</span> 
     </span>
     <span class='ocr_line' id='line_1_23' title="bbox 979 648 1722 692; baseline -0.004 -11"><span class='ocrx_word' id='word_1_125' title='bbox 979 649 1152 684; x_wconf 68' lang='lat' dir='ltr'>excedunt:</span> <span class='ocrx_word' id='word_1_126' title='bbox 1178 660 1248 681; x_wconf 82' lang='lat' dir='ltr'>cum</span> <span class='ocrx_word' id='word_1_127' title='bbox 1271 649 1412 692; x_wconf 89' lang='lat' dir='ltr'>primum</span> <span class='ocrx_word' id='word_1_128' title='bbox 1435 648 1506 680; x_wconf 87' lang='lat' dir='ltr'>illos</span> <span class='ocrx_word' id='word_1_129' title='bbox 1523 658 1580 691; x_wconf 86' lang='lat' dir='ltr'>per</span> <span class='ocrx_word' id='word_1_130' title='bbox 1598 656 1722 680; x_wconf 86' lang='lat' dir='ltr'>cessum</span> 
     </span>
     <span class='ocr_line' id='line_1_24' title="bbox 979 699 1720 745; baseline -0.003 -12"><span class='ocrx_word' id='word_1_131' title='bbox 979 702 1073 734; x_wconf 86' lang='lat' dir='ltr'>etiam</span> <span class='ocrx_word' id='word_1_132' title='bbox 1106 713 1141 734; x_wconf 74' lang='lat' dir='ltr'>ex·</span> <span class='ocrx_word' id='word_1_133' title='bbox 1175 712 1271 735; x_wconf 77' lang='lat' dir='ltr'>caiisa</span> <span class='ocrx_word' id='word_1_134' title='bbox 1300 701 1566 745; x_wconf 72' lang='lat' dir='ltr'>permutationis,</span> <span class='ocrx_word' id='word_1_135' title='bbox 1588 700 1635 732; x_wconf 89' lang='lat' dir='ltr'>vel</span> <span class='ocrx_word' id='word_1_136' title='bbox 1662 699 1720 731; x_wconf 88' lang='lat' dir='ltr'>de-</span> 
     </span>
    </p>
   </div>
   <div class='ocr_carea' id='block_1_7' title="bbox 961 752 1720 798">
    <p class='ocr_par' dir='ltr' id='par_1_8' title="bbox 961 752 1720 798">
     <span class='ocr_line' id='line_1_25' title="bbox 961 752 1720 798; baseline -0.005 -11"><span class='ocrx_word' id='word_1_137' title='bbox 961 752 1101 795; x_wconf 72' lang='lat' dir='ltr'>{cessum</span> <span class='ocrx_word' id='word_1_138' title='bbox 1122 766 1176 787; x_wconf 85' lang='lat' dir='ltr'>seu</span> <span class='ocrx_word' id='word_1_139' title='bbox 1198 755 1342 798; x_wconf 83' lang='lat' dir='ltr'>quamvis</span> <span class='ocrx_word' id='word_1_140' title='bbox 1363 755 1458 787; x_wconf 84' lang='lat' dir='ltr'>aliam</span> <span class='ocrx_word' id='word_1_141' title='bbox 1482 753 1720 789; x_wconf 78' lang='lat' dir='ltr'>dimissionem,</span> 
     </span>
    </p>
   </div>
   <div class='ocr_carea' id='block_1_8' title="bbox 163 807 1728 2612">
    <p class='ocr_par' dir='ltr' id='par_1_9' title="bbox 163 807 1724 1071">
     <span class='ocr_line' id='line_1_26' title="bbox 201 807 1723 853; baseline -0.003 -12"><span class='ocrx_word' id='word_1_142' title='bbox 201 807 306 841; x_wconf 79' lang='lat' dir='ltr'>Sancti</span> <span class='ocrx_word' id='word_1_143' title='bbox 328 809 455 841; x_wconf 85' lang='lat' dir='ltr'>Ioannis</span> <span class='ocrx_word' id='word_1_144' title='bbox 470 809 626 852; x_wconf 76' lang='lat' dir='ltr'>Baptistae</span> <span class='ocrx_word' id='word_1_145' title='bbox 649 808 742 840; x_wconf 76' lang='lat' dir='ltr'>etiam</span> <span class='ocrx_word' id='word_1_146' title='bbox 763 808 945 849; x_wconf 57' lang='lat' dir='ltr'>facerege-</span> <span class='ocrx_word' id='word_1_147' title='bbox 962 837 963 853; x_wconf 43' lang='grc' dir='ltr'>Ι</span> <span class='ocrx_word' id='word_1_148' title='bbox 980 808 1191 851; x_wconf 67' lang='lat' dir='ltr'>privationem</span> <span class='ocrx_word' id='word_1_149' title='bbox 1219 809 1264 840; x_wconf 79' lang='lat' dir='ltr'>vel</span> <span class='ocrx_word' id='word_1_150' title='bbox 1297 808 1390 841; x_wconf 79' lang='lat' dir='ltr'>aliam</span> <span class='ocrx_word' id='word_1_151' title='bbox 1423 807 1647 843; x_wconf 81' lang='lat' dir='ltr'>amissionem,</span> <span class='ocrx_word' id='word_1_152' title='bbox 1672 815 1723 836; x_wconf 79' lang='lat' dir='ltr'>re-</span> 
     </span>
     <span class='ocr_line' id='line_1_27' title="bbox 201 860 1719 905; baseline -0.001 -12"><span class='ocrx_word' id='word_1_153' title='bbox 201 872 282 901; x_wconf 83' lang='lat' dir='ltr'>rere,</span> <span class='ocrx_word' id='word_1_154' title='bbox 308 862 420 905; x_wconf 71' lang='lat' dir='ltr'>exequi</span> <span class='ocrx_word' id='word_1_155' title='bbox 442 868 468 894; x_wconf 86' lang='lat' dir='ltr'>et</span> <span class='ocrx_word' id='word_1_156' title='bbox 492 863 669 905; x_wconf 75' lang='lat' dir='ltr'>adimplere</span> <span class='ocrx_word' id='word_1_157' title='bbox 692 862 791 894; x_wconf 83' lang='lat' dir='ltr'>libere</span> <span class='ocrx_word' id='word_1_158' title='bbox 811 867 840 893; x_wconf 84' lang='lat' dir='ltr'>et</span> <span class='ocrx_word' id='word_1_159' title='bbox 860 861 945 893; x_wconf 85' lang='lat' dir='ltr'>licite</span> <span class='ocrx_word' id='word_1_160' title='bbox 962 860 963 899; x_wconf 65' lang='lat' dir='ltr'>J</span> <span class='ocrx_word' id='word_1_161' title='bbox 979 861 1108 903; x_wconf 73' lang='lat' dir='ltr'>ligionis</span> <span class='ocrx_word' id='word_1_162' title='bbox 1130 862 1320 903; x_wconf 72' lang='lat' dir='ltr'>ingressum,</span> <span class='ocrx_word' id='word_1_163' title='bbox 1345 872 1398 893; x_wconf 85' lang='lat' dir='ltr'>seu</span> <span class='ocrx_word' id='word_1_164' title='bbox 1426 866 1624 893; x_wconf 78' lang='lat' dir='ltr'>contractum</span> <span class='ocrx_word' id='word_1_165' title='bbox 1649 871 1719 893; x_wconf 86' lang='lat' dir='ltr'>ma-</span> 
     </span>
     <span class='ocr_line' id='line_1_28' title="bbox 201 905 1720 958; baseline -0.001 -11"><span class='ocrx_word' id='word_1_166' title='bbox 201 914 326 958; x_wconf 79' lang='lat' dir='ltr'>possint</span> <span class='ocrx_word' id='word_1_167' title='bbox 347 920 376 947; x_wconf 85' lang='lat' dir='ltr'>et</span> <span class='ocrx_word' id='word_1_168' title='bbox 397 915 533 952; x_wconf 74' lang='lat' dir='ltr'>valeant¹</span> <span class='ocrx_word' id='word_1_169' title='bbox 559 926 594 947; x_wconf 88' lang='lat' dir='ltr'>ac</span> <span class='ocrx_word' id='word_1_170' title='bbox 615 915 710 947; x_wconf 89' lang='lat' dir='ltr'>etiam</span> <span class='ocrx_word' id='word_1_171' title='bbox 733 914 872 946; x_wconf 83' lang='lat' dir='ltr'>debeant</span> <span class='ocrx_word' id='word_1_172' title='bbox 886 913 944 951; x_wconf 80' lang='lat' dir='ltr'>(ei-</span> <span class='ocrx_word' id='word_1_173' title='bbox 962 905 963 945; x_wconf 71' lang='grc' dir='ltr'>Ι</span> <span class='ocrx_word' id='word_1_174' title='bbox 981 914 1122 946; x_wconf 86' lang='lat' dir='ltr'>trimonii</span> <span class='ocrx_word' id='word_1_175' title='bbox 1145 915 1215 947; x_wconf 87' lang='lat' dir='ltr'>illos</span> <span class='ocrx_word' id='word_1_176' title='bbox 1237 915 1275 947; x_wconf 82' lang='lat' dir='ltr'>ad</span> <span class='ocrx_word' id='word_1_177' title='bbox 1305 925 1456 957; x_wconf 85' lang='lat' dir='ltr'>praesens</span> <span class='ocrx_word' id='word_1_178' title='bbox 1485 913 1720 952; x_wconf 87' lang='lat' dir='ltr'>obtinentium,</span> 
     </span>
     <span class='ocr_line' id='line_1_29' title="bbox 201 967 1724 1019; baseline -0.001 -19"><span class='ocrx_word' id='word_1_179' title='bbox 201 968 296 1001; x_wconf 80' lang='lat' dir='ltr'>vitate</span> <span class='ocrx_word' id='word_1_180' title='bbox 317 975 347 1001; x_wconf 88' lang='lat' dir='ltr'>et</span> <span class='ocrx_word' id='word_1_181' title='bbox 366 969 506 1002; x_wconf 76' lang='lat' dir='ltr'>Ecclesia</span> <span class='ocrx_word' id='word_1_182' title='bbox 528 969 666 1003; x_wconf 75' lang='lat' dir='ltr'>Elnensi,</span> <span class='ocrx_word' id='word_1_183' title='bbox 684 968 791 1011; x_wconf 82' lang='lat' dir='ltr'>quoad</span> <span class='ocrx_word' id='word_1_184' title='bbox 812 977 942 1003; x_wconf 86' lang='lat' dir='ltr'>nomen,</span> <span class='ocrx_word' id='word_1_185' title='bbox 962 968 963 1019; x_wconf 52' lang='grc' dir='ltr'>Ι</span> <span class='ocrx_word' id='word_1_186' title='bbox 980 973 1033 1000; x_wconf 82' lang='lat' dir='ltr'>aut</span> <span class='ocrx_word' id='word_1_187' title='bbox 1054 968 1242 1000; x_wconf 77' lang='lat' dir='ltr'>eorumdem</span> <span class='ocrx_word' id='word_1_188' title='bbox 1266 968 1304 1000; x_wconf 75' lang='lat' dir='ltr'>ad</span> <span class='ocrx_word' id='word_1_189' title='bbox 1330 967 1538 1000; x_wconf 77' lang='lat' dir='ltr'>canonicatus</span> <span class='ocrx_word' id='word_1_190' title='bbox 1568 971 1599 999; x_wconf 89' lang='lat' dir='ltr'>et</span> <span class='ocrx_word' id='word_1_191' title='bbox 1629 977 1724 1010; x_wconf 80' lang='lat' dir='ltr'>prae-</span> 
     </span>
     <span class='ocr_line' id='line_1_30' title="bbox 163 1019 1723 1071; baseline -0.001 -18"><span class='ocrx_word' id='word_1_192' title='bbox 163 1022 166 1023; x_wconf 68' lang='grc'>’</span> <span class='ocrx_word' id='word_1_193' title='bbox 202 1021 343 1059; x_wconf 85' lang='lat' dir='ltr'>titulum,</span> <span class='ocrx_word' id='word_1_194' title='bbox 368 1021 664 1055; x_wconf 81' lang='lat' dir='ltr'>denominationem</span> <span class='ocrx_word' id='word_1_195' title='bbox 691 1027 720 1053; x_wconf 88' lang='lat' dir='ltr'>et</span> <span class='ocrx_word' id='word_1_196' title='bbox 746 1020 944 1058; x_wconf 74' lang='lat' dir='ltr'>existentiam</span> <span class='ocrx_word' id='word_1_197' title='bbox 962 1028 964 1071; x_wconf 60' lang='grc' dir='ltr'>Ι</span> <span class='ocrx_word' id='word_1_198' title='bbox 979 1021 1100 1054; x_wconf 85' lang='lat' dir='ltr'>bendas</span> <span class='ocrx_word' id='word_1_199' title='bbox 1114 1021 1273 1054; x_wconf 73' lang='lat' dir='ltr'>Ecclesiae</span> <span class='ocrx_word' id='word_1_200' title='bbox 1287 1020 1431 1053; x_wconf 86' lang='lat' dir='ltr'>Elnensis</span> <span class='ocrx_word' id='word_1_201' title='bbox 1446 1019 1632 1053; x_wconf 83' lang='lat' dir='ltr'>huiusmodi</span> <span class='ocrx_word' id='word_1_202' title='bbox 1647 1020 1723 1052; x_wconf 87' lang='lat' dir='ltr'>dum</span> 
     </span>
    </p>

    <p class='ocr_par' dir='ltr' id='par_1_10' title="bbox 202 1073 1725 1118">
     <span class='ocr_line' id='line_1_31' title="bbox 202 1073 1725 1118; baseline -0.003 -10"><span class='ocrx_word' id='word_1_203' title='bbox 202 1075 404 1113; x_wconf 81' lang='lat' dir='ltr'>cathedralis,</span> <span class='ocrx_word' id='word_1_204' title='bbox 422 1075 556 1118; x_wconf 84' lang='lat' dir='ltr'>aliisque</span> <span class='ocrx_word' id='word_1_205' title='bbox 577 1074 718 1118; x_wconf 78' lang='lat' dir='ltr'>pristinis</span> <span class='ocrx_word' id='word_1_206' title='bbox 740 1074 873 1112; x_wconf 82' lang='lat' dir='ltr'>iuribus,</span> <span class='ocrx_word' id='word_1_207' title='bbox 888 1084 946 1106; x_wconf 87' lang='lat' dir='ltr'>nec</span> <span class='ocrx_word' id='word_1_208' title='bbox 961 1081 965 1118; x_wconf 60' lang='grc' dir='ltr'>Ι</span> <span class='ocrx_word' id='word_1_209' title='bbox 980 1085 1038 1117; x_wconf 86' lang='lat' dir='ltr'>pro</span> <span class='ocrx_word' id='word_1_210' title='bbox 1061 1080 1206 1117; x_wconf 86' lang='lat' dir='ltr'>tempore</span> <span class='ocrx_word' id='word_1_211' title='bbox 1228 1074 1386 1106; x_wconf 68' lang='lat' dir='ltr'>vacabunt</span> <span class='ocrx_word' id='word_1_212' title='bbox 1403 1083 1569 1106; x_wconf 83' lang='lat' dir='ltr'>ascensum</span> <span class='ocrx_word' id='word_1_213' title='bbox 1586 1073 1632 1105; x_wconf 85' lang='lat' dir='ltr'>vel</span> <span class='ocrx_word' id='word_1_214' title='bbox 1651 1073 1725 1105; x_wconf 89' lang='lat' dir='ltr'>sub-</span> 
     </span>
    </p>

    <p class='ocr_par' dir='ltr' id='par_1_11' title="bbox 201 1122 1725 1169">
     <span class='ocr_line' id='line_1_32' title="bbox 201 1122 1725 1169; baseline -0.003 -8"><span class='ocrx_word' id='word_1_215' title='bbox 201 1139 264 1161; x_wconf 90' lang='lat' dir='ltr'>non</span> <span class='ocrx_word' id='word_1_216' title='bbox 287 1129 438 1161; x_wconf 85' lang='lat' dir='ltr'>omnibus</span> <span class='ocrx_word' id='word_1_217' title='bbox 460 1128 544 1160; x_wconf 92' lang='lat' dir='ltr'>illius</span> <span class='ocrx_word' id='word_1_218' title='bbox 564 1127 775 1163; x_wconf 72' lang='lat' dir='ltr'>beneficiatis,</span> <span class='ocrx_word' id='word_1_219' title='bbox 797 1126 945 1159; x_wconf 85' lang='lat' dir='ltr'>caeteris·</span> <span class='ocrx_word' id='word_1_220' title='bbox 962 1122 964 1152; x_wconf 80' lang='grc' dir='ltr'>Ι</span> <span class='ocrx_word' id='word_1_221' title='bbox 981 1127 1202 1168; x_wconf 73' lang='lat' dir='ltr'>rogationem,</span> <span class='ocrx_word' id='word_1_222' title='bbox 1232 1138 1286 1159; x_wconf 88' lang='lat' dir='ltr'>seu</span> <span class='ocrx_word' id='word_1_223' title='bbox 1316 1127 1393 1159; x_wconf 79' lang='lat' dir='ltr'>alias</span> <span class='ocrx_word' id='word_1_224' title='bbox 1423 1125 1588 1169; x_wconf 79' lang='lat' dir='ltr'>quibusvis</span> <span class='ocrx_word' id='word_1_225' title='bbox 1621 1125 1725 1158; x_wconf 90' lang='lat' dir='ltr'>modis</span> 
     </span>
    </p>

    <p class='ocr_par' dir='ltr' id='par_1_12' title="bbox 202 1169 1723 1225">
     <span class='ocr_line' id='line_1_33' title="bbox 202 1169 1723 1225; baseline -0.003 -11"><span class='ocrx_word' id='word_1_226' title='bbox 202 1192 263 1225; x_wconf 85' lang='lat' dir='ltr'>que</span> <span class='ocrx_word' id='word_1_227' title='bbox 284 1181 448 1219; x_wconf 81' lang='lat' dir='ltr'>ministris,</span> <span class='ocrx_word' id='word_1_228' title='bbox 474 1182 527 1224; x_wconf 89' lang='lat' dir='ltr'>qui</span> <span class='ocrx_word' id='word_1_229' title='bbox 549 1192 585 1213; x_wconf 78' lang='lat' dir='ltr'>ex</span> <span class='ocrx_word' id='word_1_230' title='bbox 606 1191 690 1213; x_wconf 81' lang='lat' dir='ltr'>nunc</span> <span class='ocrx_word' id='word_1_231' title='bbox 710 1180 861 1223; x_wconf 77' lang='lat' dir='ltr'>deinceps</span> <span class='ocrx_word' id='word_1_232' title='bbox 883 1180 942 1211; x_wconf 87' lang='lat' dir='ltr'>bo-</span> <span class='ocrx_word' id='word_1_233' title='bbox 962 1169 1075 1222; x_wconf 64' lang='lat' dir='ltr'>{etiam</span> <span class='ocrx_word' id='word_1_234' title='bbox 1098 1180 1182 1223; x_wconf 84' lang='lat' dir='ltr'>apud</span> <span class='ocrx_word' id='word_1_235' title='bbox 1209 1180 1321 1212; x_wconf 60' lang='lat' dir='ltr'>Sedent</span> <span class='ocrx_word' id='word_1_236' title='bbox 1356 1179 1573 1223; x_wconf 79' lang='lat' dir='ltr'>Apostolicam</span> <span class='ocrx_word' id='word_1_237' title='bbox 1596 1179 1723 1222; x_wconf 78' lang='lat' dir='ltr'>praesa-</span> 
     </span>
    </p>

    <p class='ocr_par' dir='ltr' id='par_1_13' title="bbox 202 1225 1724 1276">
     <span class='ocr_line' id='line_1_34' title="bbox 202 1225 1724 1276; baseline -0.003 -8"><span class='ocrx_word' id='word_1_238' title='bbox 202 1246 254 1268; x_wconf 83' lang='lat' dir='ltr'>ras</span> <span class='ocrx_word' id='word_1_239' title='bbox 274 1236 456 1272; x_wconf 80' lang='lat' dir='ltr'>canonicas,</span> <span class='ocrx_word' id='word_1_240' title='bbox 479 1236 606 1268; x_wconf 83' lang='lat' dir='ltr'>missam</span> <span class='ocrx_word' id='word_1_241' title='bbox 630 1235 886 1271; x_wconf 71' lang='lat' dir='ltr'>conventualem,</span> <span class='ocrx_word' id='word_1_242' title='bbox 916 1239 944 1265; x_wconf 85' lang='lat' dir='ltr'>et</span> <span class='ocrx_word' id='word_1_243' title='bbox 962 1225 964 1256; x_wconf 89' lang='grc' dir='ltr'>Ι</span> <span class='ocrx_word' id='word_1_244' title='bbox 981 1238 1098 1271; x_wconf 83' lang='lat' dir='ltr'>tam,et</span> <span class='ocrx_word' id='word_1_245' title='bbox 1122 1233 1152 1265; x_wconf 90' lang='lat' dir='ltr'>in</span> <span class='ocrx_word' id='word_1_246' title='bbox 1177 1233 1340 1265; x_wconf 82' lang='lat' dir='ltr'>mensibus</span> <span class='ocrx_word' id='word_1_247' title='bbox 1359 1232 1388 1264; x_wconf 92' lang='lat' dir='ltr'>in</span> <span class='ocrx_word' id='word_1_248' title='bbox 1412 1232 1528 1276; x_wconf 82' lang='lat' dir='ltr'>quibus</span> <span class='ocrx_word' id='word_1_249' title='bbox 1549 1231 1724 1264; x_wconf 76' lang='lat' dir='ltr'>beneficio-</span> 
     </span>
    </p>

    <p class='ocr_par' dir='ltr' id='par_1_14' title="bbox 203 1284 1727 1332">
     <span class='ocr_line' id='line_1_35' title="bbox 203 1284 1727 1332; baseline -0.003 -12"><span class='ocrx_word' id='word_1_250' title='bbox 203 1289 264 1321; x_wconf 83' lang='lat' dir='ltr'>alia</span> <span class='ocrx_word' id='word_1_251' title='bbox 285 1289 391 1322; x_wconf 88' lang='lat' dir='ltr'>divina</span> <span class='ocrx_word' id='word_1_252' title='bbox 411 1289 515 1322; x_wconf 84' lang='lat' dir='ltr'>officia</span> <span class='ocrx_word' id='word_1_253' title='bbox 539 1299 596 1332; x_wconf 85' lang='lat' dir='ltr'>per</span> <span class='ocrx_word' id='word_1_254' title='bbox 616 1299 648 1321; x_wconf 82' lang='lat' dir='ltr'>se</span> <span class='ocrx_word' id='word_1_255' title='bbox 675 1288 759 1331; x_wconf 80' lang='lat' dir='ltr'>ipsos</span> <span class='ocrx_word' id='word_1_256' title='bbox 781 1288 810 1319; x_wconf 89' lang='lat' dir='ltr'>in</span> <span class='ocrx_word' id='word_1_257' title='bbox 834 1287 944 1319; x_wconf 79' lang='lat' dir='ltr'>eadem</span> <span class='ocrx_word' id='word_1_258' title='bbox 962 1298 963 1330; x_wconf 65' lang='lat' dir='ltr'>i</span> <span class='ocrx_word' id='word_1_259' title='bbox 982 1297 1050 1318; x_wconf 87' lang='lat' dir='ltr'>rum</span> <span class='ocrx_word' id='word_1_260' title='bbox 1075 1286 1362 1319; x_wconf 71' lang='lat' dir='ltr'>ecclesiasticorum</span> <span class='ocrx_word' id='word_1_261' title='bbox 1387 1285 1553 1329; x_wconf 78' lang='lat' dir='ltr'>dispositio</span> <span class='ocrx_word' id='word_1_262' title='bbox 1583 1284 1676 1317; x_wconf 88' lang='lat' dir='ltr'>nobis</span> <span class='ocrx_word' id='word_1_263' title='bbox 1696 1291 1727 1317; x_wconf 91' lang='lat' dir='ltr'>et</span> 
     </span>
    </p>

    <p class='ocr_par' dir='ltr' id='par_1_15' title="bbox 203 1331 1722 1389">
     <span class='ocr_line' id='line_1_36' title="bbox 203 1331 1722 1389; baseline -0.003 -15"><span class='ocrx_word' id='word_1_264' title='bbox 203 1342 376 1379; x_wconf 81' lang='lat' dir='ltr'>celebrare,</span> <span class='ocrx_word' id='word_1_265' title='bbox 401 1342 511 1385; x_wconf 83' lang='lat' dir='ltr'>illique</span> <span class='ocrx_word' id='word_1_266' title='bbox 532 1342 608 1374; x_wconf 82' lang='lat' dir='ltr'>alias</span> <span class='ocrx_word' id='word_1_267' title='bbox 628 1342 659 1373; x_wconf 91' lang='lat' dir='ltr'>in</span> <span class='ocrx_word' id='word_1_268' title='bbox 681 1340 863 1373; x_wconf 84' lang='lat' dir='ltr'>huiusmodi</span> <span class='ocrx_word' id='word_1_269' title='bbox 892 1340 942 1372; x_wconf 89' lang='lat' dir='ltr'>di·</span> <span class='ocrx_word' id='word_1_270' title='bbox 962 1331 1219 1389; x_wconf 66' lang='lat' dir='ltr'>{suecessoribus</span> <span class='ocrx_word' id='word_1_271' title='bbox 1244 1340 1381 1376; x_wconf 88' lang='lat' dir='ltr'>nostris,</span> <span class='ocrx_word' id='word_1_272' title='bbox 1407 1338 1559 1371; x_wconf 82' lang='lat' dir='ltr'>Romanis</span> <span class='ocrx_word' id='word_1_273' title='bbox 1590 1338 1722 1371; x_wconf 78' lang='lat' dir='ltr'>Pontifi-</span> 
     </span>
    </p>

    <p class='ocr_par' dir='ltr' id='par_1_16' title="bbox 189 1391 1728 2559">
     <span class='ocr_line' id='line_1_37' title="bbox 203 1391 1724 1439; baseline -0.003 -12"><span class='ocrx_word' id='word_1_274' title='bbox 203 1394 283 1427; x_wconf 86' lang='lat' dir='ltr'>vinis</span> <span class='ocrx_word' id='word_1_275' title='bbox 306 1395 478 1434; x_wconf 81' lang='lat' dir='ltr'>deservire,</span> <span class='ocrx_word' id='word_1_276' title='bbox 496 1400 526 1427; x_wconf 83' lang='lat' dir='ltr'>et</span> <span class='ocrx_word' id='word_1_277' title='bbox 548 1406 581 1428; x_wconf 75' lang='lat' dir='ltr'>ex</span> <span class='ocrx_word' id='word_1_278' title='bbox 606 1395 665 1427; x_wconf 91' lang='lat' dir='ltr'>illis</span> <span class='ocrx_word' id='word_1_279' title='bbox 685 1393 859 1437; x_wconf 81' lang='lat' dir='ltr'>supradicti</span> <span class='ocrx_word' id='word_1_280' title='bbox 882 1393 945 1425; x_wconf 90' lang='lat' dir='ltr'>duo</span> <span class='ocrx_word' id='word_1_281' title='bbox 962 1397 964 1439; x_wconf 65' lang='grc' dir='ltr'>Ι</span> <span class='ocrx_word' id='word_1_282' title='bbox 980 1394 1090 1429; x_wconf 77' lang='lat' dir='ltr'>cibus,</span> <span class='ocrx_word' id='word_1_283' title='bbox 1114 1404 1172 1437; x_wconf 87' lang='lat' dir='ltr'>per</span> <span class='ocrx_word' id='word_1_284' title='bbox 1197 1393 1441 1426; x_wconf 82' lang='lat' dir='ltr'>constitutiones</span> <span class='ocrx_word' id='word_1_285' title='bbox 1472 1391 1664 1435; x_wconf 78' lang='lat' dir='ltr'>apostolicas</span> <span class='ocrx_word' id='word_1_286' title='bbox 1688 1401 1724 1423; x_wconf 77' lang='lat' dir='ltr'>as·</span> 
     </span>
     <span class='ocr_line' id='line_1_38' title="bbox 203 1443 1725 1491; baseline -0.003 -11"><span class='ocrx_word' id='word_1_287' title='bbox 203 1448 383 1481; x_wconf 84' lang='lat' dir='ltr'>beneficiati</span> <span class='ocrx_word' id='word_1_288' title='bbox 403 1448 647 1481; x_wconf 85' lang='lat' dir='ltr'>hebdomadarii</span> <span class='ocrx_word' id='word_1_289' title='bbox 670 1453 857 1491; x_wconf 83' lang='lat' dir='ltr'>perpetuam</span> <span class='ocrx_word' id='word_1_290' title='bbox 880 1443 963 1479; x_wconf 70' lang='lat' dir='ltr'>ani-1</span> <span class='ocrx_word' id='word_1_291' title='bbox 980 1447 1194 1480; x_wconf 79' lang='lat' dir='ltr'>Cancellariae</span> <span class='ocrx_word' id='word_1_292' title='bbox 1213 1445 1414 1490; x_wconf 78' lang='lat' dir='ltr'>Apostolicae</span> <span class='ocrx_word' id='word_1_293' title='bbox 1436 1445 1574 1487; x_wconf 80' lang='lat' dir='ltr'>regulas,</span> <span class='ocrx_word' id='word_1_294' title='bbox 1595 1455 1680 1477; x_wconf 81' lang='lat' dir='ltr'>nunc</span> <span class='ocrx_word' id='word_1_295' title='bbox 1695 1450 1725 1476; x_wconf 86' lang='lat' dir='ltr'>et</span> 
     </span>
     <span class='ocr_line' id='line_1_39' title="bbox 203 1479 1721 1545; baseline -0.001 -12"><span class='ocrx_word' id='word_1_296' title='bbox 203 1512 328 1534; x_wconf 87' lang='lat' dir='ltr'>marum</span> <span class='ocrx_word' id='word_1_297' title='bbox 351 1513 472 1539; x_wconf 85' lang='lat' dir='ltr'>curam,</span> <span class='ocrx_word' id='word_1_298' title='bbox 493 1508 525 1534; x_wconf 83' lang='lat' dir='ltr'>ut</span> <span class='ocrx_word' id='word_1_299' title='bbox 548 1502 647 1545; x_wconf 86' lang='lat' dir='ltr'>prius,</span> <span class='ocrx_word' id='word_1_300' title='bbox 672 1512 832 1540; x_wconf 64' lang='lat' dir='ltr'>exercere,</span> <span class='ocrx_word' id='word_1_301' title='bbox 848 1507 877 1534; x_wconf 83' lang='lat' dir='ltr'>et</span> <span class='ocrx_word' id='word_1_302' title='bbox 898 1512 946 1534; x_wconf 85' lang='lat' dir='ltr'>sa·</span> <span class='ocrx_word' id='word_1_303' title='bbox 962 1479 964 1537; x_wconf 88' lang='grc' dir='ltr'>Ι</span> <span class='ocrx_word' id='word_1_304' title='bbox 980 1512 1038 1544; x_wconf 88' lang='lat' dir='ltr'>pro</span> <span class='ocrx_word' id='word_1_305' title='bbox 1059 1507 1203 1544; x_wconf 81' lang='lat' dir='ltr'>tempore</span> <span class='ocrx_word' id='word_1_306' title='bbox 1225 1500 1337 1540; x_wconf 84' lang='lat' dir='ltr'>editas,</span> <span class='ocrx_word' id='word_1_307' title='bbox 1358 1510 1393 1532; x_wconf 85' lang='lat' dir='ltr'>ac</span> <span class='ocrx_word' id='word_1_308' title='bbox 1414 1499 1492 1531; x_wconf 82' lang='lat' dir='ltr'>alias</span> <span class='ocrx_word' id='word_1_309' title='bbox 1513 1498 1721 1541; x_wconf 86' lang='lat' dir='ltr'>quomodoli-</span> 
     </span>
     <span class='ocr_line' id='line_1_40' title="bbox 203 1551 1725 1591; baseline -0.003 -4"><span class='ocrx_word' id='word_1_310' title='bbox 203 1560 366 1588; x_wconf 81' lang='lat' dir='ltr'>cramenta</span> <span class='ocrx_word' id='word_1_311' title='bbox 395 1555 609 1588; x_wconf 77' lang='lat' dir='ltr'>ecclesiastica</span> <span class='ocrx_word' id='word_1_312' title='bbox 639 1554 865 1587; x_wconf 81' lang='lat' dir='ltr'>administrare</span> <span class='ocrx_word' id='word_1_313' title='bbox 904 1559 946 1585; x_wconf 85' lang='lat' dir='ltr'>te·</span> <span class='ocrx_word' id='word_1_314' title='bbox 962 1553 963 1557; x_wconf 65' lang='grc' dir='ltr'>Ι</span> <span class='ocrx_word' id='word_1_315' title='bbox 980 1555 1033 1587; x_wconf 63' lang='lat' dir='ltr'>bet,</span> <span class='ocrx_word' id='word_1_316' title='bbox 1058 1559 1216 1587; x_wconf 80' lang='lat' dir='ltr'>reservata</span> <span class='ocrx_word' id='word_1_317' title='bbox 1237 1553 1283 1586; x_wconf 77' lang='lat' dir='ltr'>vel</span> <span class='ocrx_word' id='word_1_318' title='bbox 1303 1553 1425 1591; x_wconf 77' lang='lat' dir='ltr'>affecta,</span> <span class='ocrx_word' id='word_1_319' title='bbox 1450 1562 1505 1584; x_wconf 88' lang='lat' dir='ltr'>seu</span> <span class='ocrx_word' id='word_1_320' title='bbox 1524 1552 1618 1584; x_wconf 86' lang='lat' dir='ltr'>etiam</span> <span class='ocrx_word' id='word_1_321' title='bbox 1638 1551 1725 1584; x_wconf 88' lang='lat' dir='ltr'>ordi-</span> 
     </span>
     <span class='ocr_line' id='line_1_41' title="bbox 202 1602 1725 1649; baseline -0.003 -8"><span class='ocrx_word' id='word_1_322' title='bbox 202 1614 350 1648; x_wconf 84' lang='lat' dir='ltr'>neantur‚</span> <span class='ocrx_word' id='word_1_323' title='bbox 380 1609 438 1641; x_wconf 89' lang='lat' dir='ltr'>sub</span> <span class='ocrx_word' id='word_1_324' title='bbox 461 1608 605 1640; x_wconf 85' lang='lat' dir='ltr'>dominio</span> <span class='ocrx_word' id='word_1_325' title='bbox 637 1615 764 1645; x_wconf 86' lang='lat' dir='ltr'>tamen,</span> <span class='ocrx_word' id='word_1_326' title='bbox 789 1607 946 1649; x_wconf 71' lang='lat' dir='ltr'>gubernio</span> <span class='ocrx_word' id='word_1_327' title='bbox 962 1602 964 1647; x_wconf 70' lang='grc' dir='ltr'>Ι</span> <span class='ocrx_word' id='word_1_328' title='bbox 981 1607 1078 1640; x_wconf 84' lang='lat' dir='ltr'>uariis</span> <span class='ocrx_word' id='word_1_329' title='bbox 1100 1606 1308 1639; x_wconf 79' lang='lat' dir='ltr'>collatoribus</span> <span class='ocrx_word' id='word_1_330' title='bbox 1330 1605 1425 1637; x_wconf 82' lang='lat' dir='ltr'>etiam</span> <span class='ocrx_word' id='word_1_331' title='bbox 1448 1615 1506 1648; x_wconf 84' lang='lat' dir='ltr'>per</span> <span class='ocrx_word' id='word_1_332' title='bbox 1527 1605 1653 1637; x_wconf 86' lang='lat' dir='ltr'>casdem</span> <span class='ocrx_word' id='word_1_333' title='bbox 1676 1605 1725 1636; x_wconf 85' lang='lat' dir='ltr'>vel</span> 
     </span>
     <span class='ocr_line' id='line_1_42' title="bbox 203 1649 1725 1704; baseline -0.004 -10"><span class='ocrx_word' id='word_1_334' title='bbox 203 1668 231 1694; x_wconf 90' lang='lat' dir='ltr'>et</span> <span class='ocrx_word' id='word_1_335' title='bbox 263 1662 484 1694; x_wconf 86' lang='lat' dir='ltr'>iurisdictione</span> <span class='ocrx_word' id='word_1_336' title='bbox 510 1661 651 1704; x_wconf 80' lang='lat' dir='ltr'>episcopi</span> <span class='ocrx_word' id='word_1_337' title='bbox 679 1667 707 1693; x_wconf 84' lang='lat' dir='ltr'>et</span> <span class='ocrx_word' id='word_1_338' title='bbox 739 1660 868 1704; x_wconf 81' lang='lat' dir='ltr'>capituli</span> <span class='ocrx_word' id='word_1_339' title='bbox 890 1660 943 1693; x_wconf 49' lang='lat' dir='ltr'>Et„</span> <span class='ocrx_word' id='word_1_340' title='bbox 962 1649 964 1676; x_wconf 96' lang='grc' dir='ltr'>Ι</span> <span class='ocrx_word' id='word_1_341' title='bbox 981 1660 1058 1693; x_wconf 85' lang='lat' dir='ltr'>alias</span> <span class='ocrx_word' id='word_1_342' title='bbox 1080 1659 1343 1697; x_wconf 77' lang='lat' dir='ltr'>constitutiones,</span> <span class='ocrx_word' id='word_1_343' title='bbox 1368 1663 1422 1690; x_wconf 82' lang='lat' dir='ltr'>aut.</span> <span class='ocrx_word' id='word_1_344' title='bbox 1443 1658 1569 1699; x_wconf 81' lang='lat' dir='ltr'>regulas</span> <span class='ocrx_word' id='word_1_345' title='bbox 1589 1668 1674 1690; x_wconf 85' lang='lat' dir='ltr'>nunc</span> <span class='ocrx_word' id='word_1_346' title='bbox 1696 1663 1725 1689; x_wconf 67' lang='lat' dir='ltr'>et,</span> 
     </span>
     <span class='ocr_line' id='line_1_43' title="bbox 202 1696 1724 1758; baseline -0.003 -11"><span class='ocrx_word' id='word_1_347' title='bbox 202 1715 349 1748; x_wconf 89' lang='lat' dir='ltr'>nensium</span> <span class='ocrx_word' id='word_1_348' title='bbox 371 1716 588 1758; x_wconf 80' lang='lat' dir='ltr'>praefatorum</span> <span class='ocrx_word' id='word_1_349' title='bbox 606 1742 611 1751; x_wconf 88' lang='lat'>,</span> <span class='ocrx_word' id='word_1_350' title='bbox 635 1721 729 1758; x_wconf 85' lang='lat' dir='ltr'>prout</span> <span class='ocrx_word' id='word_1_351' title='bbox 752 1720 865 1751; x_wconf 84' lang='lat' dir='ltr'>antea,</span> <span class='ocrx_word' id='word_1_352' title='bbox 892 1724 943 1746; x_wconf 87' lang='lat' dir='ltr'>re-</span> <span class='ocrx_word' id='word_1_353' title='bbox 962 1696 965 1756; x_wconf 90' lang='grc' dir='ltr'>Ι</span> <span class='ocrx_word' id='word_1_354' title='bbox 981 1724 1040 1757; x_wconf 89' lang='lat' dir='ltr'>pro</span> <span class='ocrx_word' id='word_1_355' title='bbox 1060 1719 1205 1757; x_wconf 82' lang='lat' dir='ltr'>tempore</span> <span class='ocrx_word' id='word_1_356' title='bbox 1226 1712 1337 1751; x_wconf 81' lang='lat' dir='ltr'>editas,</span> <span class='ocrx_word' id='word_1_357' title='bbox 1361 1723 1417 1745; x_wconf 90' lang='lat' dir='ltr'>seu</span> <span class='ocrx_word' id='word_1_358' title='bbox 1439 1712 1560 1744; x_wconf 80' lang='lat' dir='ltr'>litteras</span> <span class='ocrx_word' id='word_1_359' title='bbox 1586 1712 1724 1744; x_wconf 80' lang='lat' dir='ltr'>alterna-</span> 
     </span>
     <span class='ocr_line' id='line_1_44' title="bbox 203 1763 1725 1812; baseline -0.003 -12"><span class='ocrx_word' id='word_1_360' title='bbox 203 1768 566 1812; x_wconf 83' lang='lat' dir='ltr'>manentibus‚ipsaque</span> <span class='ocrx_word' id='word_1_361' title='bbox 582 1768 803 1801; x_wconf 78' lang='lat' dir='ltr'>iurisdictione</span> <span class='ocrx_word' id='word_1_362' title='bbox 818 1778 947 1800; x_wconf 87' lang='lat' dir='ltr'>eorum·</span> <span class='ocrx_word' id='word_1_363' title='bbox 983 1767 1135 1805; x_wconf 64' lang='lat' dir='ltr'>lixarum,</span> <span class='ocrx_word' id='word_1_364' title='bbox 1169 1771 1223 1798; x_wconf 88' lang='lat' dir='ltr'>aut</span> <span class='ocrx_word' id='word_1_365' title='bbox 1255 1765 1315 1798; x_wconf 84' lang='lat' dir='ltr'>alia</span> <span class='ocrx_word' id='word_1_366' title='bbox 1341 1764 1508 1808; x_wconf 71' lang='lat' dir='ltr'>privilegia</span> <span class='ocrx_word' id='word_1_367' title='bbox 1541 1770 1571 1796; x_wconf 78' lang='lat' dir='ltr'>et</span> <span class='ocrx_word' id='word_1_368' title='bbox 1603 1763 1725 1796; x_wconf 86' lang='lat' dir='ltr'>indulta</span> 
     </span>
     <span class='ocr_line' id='line_1_45' title="bbox 204 1811 1725 1865; baseline -0.003 -12"><span class='ocrx_word' id='word_1_369' title='bbox 204 1821 275 1854; x_wconf 87' lang='lat' dir='ltr'>dem</span> <span class='ocrx_word' id='word_1_370' title='bbox 294 1821 434 1865; x_wconf 81' lang='lat' dir='ltr'>episcopi</span> <span class='ocrx_word' id='word_1_371' title='bbox 449 1820 623 1864; x_wconf 83' lang='lat' dir='ltr'>etCapituli</span> <span class='ocrx_word' id='word_1_372' title='bbox 638 1820 836 1859; x_wconf 73' lang='lat' dir='ltr'>Elnensium,</span> <span class='ocrx_word' id='word_1_373' title='bbox 852 1820 945 1852; x_wconf 75' lang='lat' dir='ltr'>etiam</span> <span class='ocrx_word' id='word_1_374' title='bbox 964 1811 966 1859; x_wconf 90' lang='grc' dir='ltr'>Ι</span> <span class='ocrx_word' id='word_1_375' title='bbox 982 1831 1133 1853; x_wconf 79' lang='lat' dir='ltr'>concessa</span> <span class='ocrx_word' id='word_1_376' title='bbox 1161 1824 1206 1852; x_wconf 85' lang='lat' dir='ltr'>est</span> <span class='ocrx_word' id='word_1_377' title='bbox 1233 1819 1397 1858; x_wconf 82' lang='lat' dir='ltr'>hactenus,</span> <span class='ocrx_word' id='word_1_378' title='bbox 1422 1817 1471 1849; x_wconf 88' lang='lat' dir='ltr'>vel</span> <span class='ocrx_word' id='word_1_379' title='bbox 1499 1828 1558 1861; x_wconf 88' lang='lat' dir='ltr'>pro</span> <span class='ocrx_word' id='word_1_380' title='bbox 1581 1822 1725 1860; x_wconf 80' lang='lat' dir='ltr'>tempore</span> 
     </span>
     <span class='ocr_line' id='line_1_46' title="bbox 204 1867 1725 1918; baseline -0.003 -11"><span class='ocrx_word' id='word_1_381' title='bbox 204 1875 310 1918; x_wconf 85' lang='lat' dir='ltr'>quoad</span> <span class='ocrx_word' id='word_1_382' title='bbox 332 1875 414 1911; x_wconf 83' lang='lat' dir='ltr'>illos,</span> <span class='ocrx_word' id='word_1_383' title='bbox 438 1885 474 1907; x_wconf 88' lang='lat' dir='ltr'>ac</span> <span class='ocrx_word' id='word_1_384' title='bbox 495 1874 573 1907; x_wconf 83' lang='lat' dir='ltr'>alias</span> <span class='ocrx_word' id='word_1_385' title='bbox 599 1874 628 1906; x_wconf 89' lang='lat' dir='ltr'>in</span> <span class='ocrx_word' id='word_1_386' title='bbox 651 1874 812 1913; x_wconf 78' lang='lat' dir='ltr'>omnibus,</span> <span class='ocrx_word' id='word_1_387' title='bbox 837 1880 867 1906; x_wconf 87' lang='lat' dir='ltr'>et</span> <span class='ocrx_word' id='word_1_388' title='bbox 891 1884 948 1917; x_wconf 76' lang='lat' dir='ltr'>per</span> <span class='ocrx_word' id='word_1_389' title='bbox 964 1867 966 1918; x_wconf 92' lang='grc' dir='ltr'>Ι</span> <span class='ocrx_word' id='word_1_390' title='bbox 983 1874 1089 1909; x_wconf 83' lang='lat' dir='ltr'>fuerit.</span> <span class='ocrx_word' id='word_1_391' title='bbox 1107 1873 1201 1906; x_wconf 89' lang='lat' dir='ltr'>simul</span> <span class='ocrx_word' id='word_1_392' title='bbox 1217 1873 1264 1906; x_wconf 80' lang='lat' dir='ltr'>vel</span> <span class='ocrx_word' id='word_1_393' title='bbox 1278 1872 1454 1905; x_wconf 80' lang='lat' dir='ltr'>successive</span> <span class='ocrx_word' id='word_1_394' title='bbox 1480 1881 1591 1903; x_wconf 79' lang='lat' dir='ltr'>vacare</span> <span class='ocrx_word' id='word_1_395' title='bbox 1622 1871 1725 1903; x_wconf 83' lang='lat' dir='ltr'>conti-</span> 
     </span>
     <span class='ocr_line' id='line_1_47' title="bbox 189 1922 1726 1971; baseline -0.003 -11"><span class='ocrx_word' id='word_1_396' title='bbox 189 1924 310 1961; x_wconf 41' lang='lat' dir='ltr'>⁷omnia</span> <span class='ocrx_word' id='word_1_397' title='bbox 338 1928 446 1961; x_wconf 83' lang='lat' dir='ltr'>illaesa</span> <span class='ocrx_word' id='word_1_398' title='bbox 478 1927 646 1965; x_wconf 82' lang='lat' dir='ltr'>similiter,</span> <span class='ocrx_word' id='word_1_399' title='bbox 671 1933 702 1960; x_wconf 88' lang='lat' dir='ltr'>ut</span> <span class='ocrx_word' id='word_1_400' title='bbox 730 1928 818 1971; x_wconf 84' lang='lat' dir='ltr'>prius</span> <span class='ocrx_word' id='word_1_401' title='bbox 839 1927 944 1960; x_wconf 67' lang='lat' dir='ltr'>subst-</span> <span class='ocrx_word' id='word_1_402' title='bbox 964 1922 1073 1971; x_wconf 65' lang='lat' dir='ltr'>igent,</span> <span class='ocrx_word' id='word_1_403' title='bbox 1099 1927 1223 1961; x_wconf 88' lang='lat' dir='ltr'>etiamsi</span> <span class='ocrx_word' id='word_1_404' title='bbox 1246 1926 1344 1970; x_wconf 78' lang='lat' dir='ltr'>aliqui</span> <span class='ocrx_word' id='word_1_405' title='bbox 1374 1937 1410 1958; x_wconf 79' lang='lat' dir='ltr'>ex</span> <span class='ocrx_word' id='word_1_406' title='bbox 1443 1925 1518 1968; x_wconf 83' lang='lat' dir='ltr'>ipsis</span> <span class='ocrx_word' id='word_1_407' title='bbox 1548 1930 1618 1957; x_wconf 84' lang='lat' dir='ltr'>actu</span> <span class='ocrx_word' id='word_1_408' title='bbox 1640 1935 1726 1956; x_wconf 82' lang='lat' dir='ltr'>nunc</span> 
     </span>
     <span class='ocr_line' id='line_1_48' title="bbox 203 1979 1725 2025; baseline -0.003 -11"><span class='ocrx_word' id='word_1_409' title='bbox 203 1983 329 2023; x_wconf 82' lang='lat' dir='ltr'>stente)</span> <span class='ocrx_word' id='word_1_410' title='bbox 351 1980 526 2025; x_wconf 80' lang='lat' dir='ltr'>apostolica</span> <span class='ocrx_word' id='word_1_411' title='bbox 552 1980 762 2021; x_wconf 79' lang='lat' dir='ltr'>auctoritate,</span> <span class='ocrx_word' id='word_1_412' title='bbox 791 1987 948 2024; x_wconf 82' lang='lat' dir='ltr'>perpetuo</span> <span class='ocrx_word' id='word_1_413' title='bbox 964 1981 966 2022; x_wconf 71' lang='grc' dir='ltr'>Ι</span> <span class='ocrx_word' id='word_1_414' title='bbox 983 1982 1090 2014; x_wconf 79' lang='lat' dir='ltr'>forsan</span> <span class='ocrx_word' id='word_1_415' title='bbox 1112 1980 1277 2024; x_wconf 75' lang='lat' dir='ltr'>quibusvis</span> <span class='ocrx_word' id='word_1_416' title='bbox 1299 1979 1421 2015; x_wconf 77' lang='lat' dir='ltr'>modis,</span> <span class='ocrx_word' id='word_1_417' title='bbox 1452 1984 1481 2010; x_wconf 88' lang='lat' dir='ltr'>et</span> <span class='ocrx_word' id='word_1_418' title='bbox 1501 1989 1537 2010; x_wconf 80' lang='lat' dir='ltr'>ex</span> <span class='ocrx_word' id='word_1_419' title='bbox 1569 1988 1725 2021; x_wconf 90' lang='lat' dir='ltr'>quorum-</span> 
     </span>
     <span class='ocr_line' id='line_1_49' title="bbox 204 2027 1723 2078; baseline -0.003 -12"><span class='ocrx_word' id='word_1_420' title='bbox 204 2040 315 2067; x_wconf 83' lang='lat' dir='ltr'>tenore</span> <span class='ocrx_word' id='word_1_421' title='bbox 336 2034 566 2078; x_wconf 70' lang='lat' dir='ltr'>praesentium,</span> <span class='ocrx_word' id='word_1_422' title='bbox 583 2034 815 2071; x_wconf 78' lang='lat' dir='ltr'>transferimus,</span> <span class='ocrx_word' id='word_1_423' title='bbox 832 2034 948 2077; x_wconf 83' lang='lat' dir='ltr'>ipsam·</span> <span class='ocrx_word' id='word_1_424' title='bbox 964 2027 966 2072; x_wconf 80' lang='grc' dir='ltr'>Ι</span> <span class='ocrx_word' id='word_1_425' title='bbox 983 2045 1122 2077; x_wconf 81' lang='lat' dir='ltr'>cumque</span> <span class='ocrx_word' id='word_1_426' title='bbox 1151 2033 1316 2077; x_wconf 85' lang='lat' dir='ltr'>personis,</span> <span class='ocrx_word' id='word_1_427' title='bbox 1338 2043 1393 2065; x_wconf 77' lang='lat' dir='ltr'>seu</span> <span class='ocrx_word' id='word_1_428' title='bbox 1422 2042 1480 2075; x_wconf 88' lang='lat' dir='ltr'>per</span> <span class='ocrx_word' id='word_1_429' title='bbox 1505 2031 1622 2063; x_wconf 81' lang='lat' dir='ltr'>liberas</span> <span class='ocrx_word' id='word_1_430' title='bbox 1642 2031 1723 2063; x_wconf 86' lang='lat' dir='ltr'>resi-</span> 
     </span>
     <span class='ocr_line' id='line_1_50' title="bbox 205 2083 1727 2132; baseline -0.004 -11"><span class='ocrx_word' id='word_1_431' title='bbox 205 2099 265 2132; x_wconf 85' lang='lat' dir='ltr'>que</span> <span class='ocrx_word' id='word_1_432' title='bbox 294 2088 463 2122; x_wconf 78' lang='lat' dir='ltr'>ecclesiam</span> <span class='ocrx_word' id='word_1_433' title='bbox 493 2088 599 2122; x_wconf 80' lang='lat' dir='ltr'>Sancti</span> <span class='ocrx_word' id='word_1_434' title='bbox 631 2088 759 2121; x_wconf 83' lang='lat' dir='ltr'>loannis</span> <span class='ocrx_word' id='word_1_435' title='bbox 790 2087 948 2131; x_wconf 81' lang='lat' dir='ltr'>Baptistae</span> <span class='ocrx_word' id='word_1_436' title='bbox 965 2085 967 2127; x_wconf 79' lang='grc' dir='ltr'>Ι</span> <span class='ocrx_word' id='word_1_437' title='bbox 983 2087 1152 2130; x_wconf 78' lang='lat' dir='ltr'>gnationes</span> <span class='ocrx_word' id='word_1_438' title='bbox 1173 2085 1362 2130; x_wconf 72' lang='lat' dir='ltr'>quorumvis</span> <span class='ocrx_word' id='word_1_439' title='bbox 1387 2085 1425 2117; x_wconf 87' lang='lat' dir='ltr'>de</span> <span class='ocrx_word' id='word_1_440' title='bbox 1447 2084 1508 2116; x_wconf 88' lang='lat' dir='ltr'>illis</span> <span class='ocrx_word' id='word_1_441' title='bbox 1530 2083 1559 2116; x_wconf 94' lang='lat' dir='ltr'>in</span> <span class='ocrx_word' id='word_1_442' title='bbox 1582 2084 1727 2116; x_wconf 78' lang='lat' dir='ltr'>Romana</span> 
     </span>
     <span class='ocr_line' id='line_1_51' title="bbox 205 2137 1726 2185; baseline -0.004 -10"><span class='ocrx_word' id='word_1_443' title='bbox 205 2152 276 2185; x_wconf 79' lang='lat' dir='ltr'>cum</span> <span class='ocrx_word' id='word_1_444' title='bbox 299 2143 366 2175; x_wconf 79' lang='lat' dir='ltr'>eius</span> <span class='ocrx_word' id='word_1_445' title='bbox 386 2142 459 2181; x_wconf 87' lang='lat' dir='ltr'>situ,</span> <span class='ocrx_word' id='word_1_446' title='bbox 477 2141 599 2174; x_wconf 85' lang='lat' dir='ltr'>ambitu</span> <span class='ocrx_word' id='word_1_447' title='bbox 615 2147 645 2174; x_wconf 90' lang='lat' dir='ltr'>et</span> <span class='ocrx_word' id='word_1_448' title='bbox 658 2141 815 2179; x_wconf 80' lang='lat' dir='ltr'>claustris,</span> <span class='ocrx_word' id='word_1_449' title='bbox 833 2152 868 2174; x_wconf 71' lang='lat' dir='ltr'>ae</span> <span class='ocrx_word' id='word_1_450' title='bbox 883 2141 949 2185; x_wconf 80' lang='lat' dir='ltr'>epi·</span> <span class='ocrx_word' id='word_1_451' title='bbox 983 2140 1087 2180; x_wconf 81' lang='lat' dir='ltr'>Curia,</span> <span class='ocrx_word' id='word_1_452' title='bbox 1111 2140 1157 2171; x_wconf 70' lang='lat' dir='ltr'>vel</span> <span class='ocrx_word' id='word_1_453' title='bbox 1180 2144 1268 2171; x_wconf 78' lang='lat' dir='ltr'>extra</span> <span class='ocrx_word' id='word_1_454' title='bbox 1289 2148 1370 2174; x_wconf 76' lang='lat' dir='ltr'>earn,</span> <span class='ocrx_word' id='word_1_455' title='bbox 1388 2142 1458 2175; x_wconf 59' lang='lat' dir='ltr'>etc„</span> <span class='ocrx_word' id='word_1_456' title='bbox 1482 2137 1590 2172; x_wconf 78' lang='lat' dir='ltr'>factas,</span> <span class='ocrx_word' id='word_1_457' title='bbox 1611 2137 1658 2169; x_wconf 77' lang='lat' dir='ltr'>vel</span> <span class='ocrx_word' id='word_1_458' title='bbox 1677 2147 1726 2169; x_wconf 81' lang='lat' dir='ltr'>as-</span> 
     </span>
     <span class='ocr_line' id='line_1_52' title="bbox 205 2187 1724 2239; baseline -0.004 -11"><span class='ocrx_word' id='word_1_459' title='bbox 205 2196 324 2239; x_wconf 86' lang='lat' dir='ltr'>scopali</span> <span class='ocrx_word' id='word_1_460' title='bbox 351 2201 381 2228; x_wconf 90' lang='lat' dir='ltr'>ct</span> <span class='ocrx_word' id='word_1_461' title='bbox 408 2195 578 2239; x_wconf 84' lang='lat' dir='ltr'>capitulari</span> <span class='ocrx_word' id='word_1_462' title='bbox 613 2195 731 2228; x_wconf 81' lang='lat' dir='ltr'>mensis</span> <span class='ocrx_word' id='word_1_463' title='bbox 762 2194 948 2227; x_wconf 88' lang='lat' dir='ltr'>huiusmodi</span> <span class='ocrx_word' id='word_1_464' title='bbox 965 2187 967 2237; x_wconf 95' lang='grc' dir='ltr'>Ι</span> <span class='ocrx_word' id='word_1_465' title='bbox 983 2193 1220 2237; x_wconf 81' lang='lat' dir='ltr'>sequutionem‚</span> <span class='ocrx_word' id='word_1_466' title='bbox 1243 2196 1313 2229; x_wconf 64' lang='lat' dir='ltr'>eto,</span> <span class='ocrx_word' id='word_1_467' title='bbox 1337 2197 1459 2230; x_wconf 68' lang='lat' dir='ltr'>vacent,</span> <span class='ocrx_word' id='word_1_468' title='bbox 1481 2196 1508 2223; x_wconf 88' lang='lat' dir='ltr'>et</span> <span class='ocrx_word' id='word_1_469' title='bbox 1530 2194 1619 2223; x_wconf 83' lang='lat' dir='ltr'>tanto</span> <span class='ocrx_word' id='word_1_470' title='bbox 1641 2196 1724 2222; x_wconf 84' lang='lat' dir='ltr'>tem-</span> 
     </span>
     <span class='ocr_line' id='line_1_53' title="bbox 203 2244 1727 2292; baseline -0.005 -10"><span class='ocrx_word' id='word_1_471' title='bbox 203 2259 262 2292; x_wconf 86' lang='lat' dir='ltr'>pro</span> <span class='ocrx_word' id='word_1_472' title='bbox 277 2249 449 2282; x_wconf 83' lang='lat' dir='ltr'>residentia</span> <span class='ocrx_word' id='word_1_473' title='bbox 463 2249 616 2292; x_wconf 81' lang='lat' dir='ltr'>episcopi,</span> <span class='ocrx_word' id='word_1_474' title='bbox 633 2248 763 2292; x_wconf 81' lang='lat' dir='ltr'>capituli</span> <span class='ocrx_word' id='word_1_475' title='bbox 778 2254 806 2280; x_wconf 86' lang='lat' dir='ltr'>et</span> <span class='ocrx_word' id='word_1_476' title='bbox 820 2247 949 2280; x_wconf 86' lang='lat' dir='ltr'>canoni-</span> <span class='ocrx_word' id='word_1_477' title='bbox 984 2258 1073 2291; x_wconf 83' lang='lat' dir='ltr'>pore,</span> <span class='ocrx_word' id='word_1_478' title='bbox 1085 2246 1327 2285; x_wconf 79' lang='lat' dir='ltr'>etc.,devoluta,</span> <span class='ocrx_word' id='word_1_479' title='bbox 1339 2245 1462 2289; x_wconf 84' lang='lat' dir='ltr'>ipsique</span> <span class='ocrx_word' id='word_1_480' title='bbox 1474 2244 1683 2277; x_wconf 82' lang='lat' dir='ltr'>canonicatus</span> <span class='ocrx_word' id='word_1_481' title='bbox 1697 2249 1727 2276; x_wconf 89' lang='lat' dir='ltr'>et</span> 
     </span>
     <span class='ocr_line' id='line_1_54' title="bbox 205 2288 1726 2345; baseline -0.003 -10"><span class='ocrx_word' id='word_1_482' title='bbox 205 2312 314 2335; x_wconf 82' lang='lat' dir='ltr'>corum</span> <span class='ocrx_word' id='word_1_483' title='bbox 331 2302 482 2336; x_wconf 84' lang='lat' dir='ltr'>ecclesiae</span> <span class='ocrx_word' id='word_1_484' title='bbox 499 2302 696 2340; x_wconf 84' lang='lat' dir='ltr'>Elnensium,</span> <span class='ocrx_word' id='word_1_485' title='bbox 714 2301 949 2345; x_wconf 75' lang='lat' dir='ltr'>dignitatesque</span> <span class='ocrx_word' id='word_1_486' title='bbox 965 2288 967 2339; x_wconf 92' lang='grc' dir='ltr'>Ι</span> <span class='ocrx_word' id='word_1_487' title='bbox 983 2301 1189 2344; x_wconf 78' lang='lat' dir='ltr'>praebendae</span> <span class='ocrx_word' id='word_1_488' title='bbox 1212 2298 1413 2343; x_wconf 80' lang='lat' dir='ltr'>dispositioni</span> <span class='ocrx_word' id='word_1_489' title='bbox 1434 2297 1639 2341; x_wconf 79' lang='lat' dir='ltr'>apostolicae,</span> <span class='ocrx_word' id='word_1_490' title='bbox 1661 2301 1726 2337; x_wconf 60' lang='lat' dir='ltr'>etc„</span> 
     </span>
     <span class='ocr_line' id='line_1_55' title="bbox 205 2350 1727 2399; baseline -0.005 -10"><span class='ocrx_word' id='word_1_491' title='bbox 205 2356 236 2388; x_wconf 90' lang='lat' dir='ltr'>in</span> <span class='ocrx_word' id='word_1_492' title='bbox 262 2367 298 2389; x_wconf 83' lang='lat' dir='ltr'>ea</span> <span class='ocrx_word' id='word_1_493' title='bbox 319 2356 532 2389; x_wconf 84' lang='lat' dir='ltr'>obtinentium</span> <span class='ocrx_word' id='word_1_494' title='bbox 558 2356 790 2399; x_wconf 75' lang='lat' dir='ltr'>praefatorum,</span> <span class='ocrx_word' id='word_1_495' title='bbox 815 2354 949 2397; x_wconf 81' lang='lat' dir='ltr'>aliisque</span> <span class='ocrx_word' id='word_1_496' title='bbox 965 2365 967 2395; x_wconf 58' lang='grc' dir='ltr'>Ι</span> <span class='ocrx_word' id='word_1_497' title='bbox 984 2355 1110 2394; x_wconf 69' lang='lat' dir='ltr'>existat,</span> <span class='ocrx_word' id='word_1_498' title='bbox 1146 2364 1242 2397; x_wconf 82' lang='lat' dir='ltr'>super</span> <span class='ocrx_word' id='word_1_499' title='bbox 1274 2353 1318 2385; x_wconf 78' lang='lat' dir='ltr'>eis</span> <span class='ocrx_word' id='word_1_500' title='bbox 1339 2362 1468 2396; x_wconf 83' lang='lat' dir='ltr'>quoque</span> <span class='ocrx_word' id='word_1_501' title='bbox 1490 2351 1573 2384; x_wconf 82' lang='lat' dir='ltr'>inter</span> <span class='ocrx_word' id='word_1_502' title='bbox 1603 2350 1727 2395; x_wconf 88' lang='lat' dir='ltr'>aliquos</span> 
     </span>
     <span class='ocr_line' id='line_1_56' title="bbox 205 2398 1728 2453; baseline -0.004 -11"><span class='ocrx_word' id='word_1_503' title='bbox 205 2409 388 2453; x_wconf 85' lang='lat' dir='ltr'>praemissis</span> <span class='ocrx_word' id='word_1_504' title='bbox 408 2409 584 2448; x_wconf 77' lang='lat' dir='ltr'>obeundis,</span> <span class='ocrx_word' id='word_1_505' title='bbox 610 2409 729 2441; x_wconf 74' lang='lat' dir='ltr'>eisdem</span> <span class='ocrx_word' id='word_1_506' title='bbox 759 2407 949 2440; x_wconf 86' lang='lat' dir='ltr'>auctoritate</span> <span class='ocrx_word' id='word_1_507' title='bbox 965 2398 967 2422; x_wconf 81' lang='grc' dir='ltr'>Ι</span> <span class='ocrx_word' id='word_1_508' title='bbox 984 2407 1032 2447; x_wconf 79' lang='lat' dir='ltr'>lis,</span> <span class='ocrx_word' id='word_1_509' title='bbox 1056 2412 1127 2444; x_wconf 62' lang='lat' dir='ltr'>etc„</span> <span class='ocrx_word' id='word_1_510' title='bbox 1149 2406 1312 2443; x_wconf 70' lang='lat' dir='ltr'>indecisa,</span> <span class='ocrx_word' id='word_1_511' title='bbox 1337 2415 1461 2438; x_wconf 84' lang='lat' dir='ltr'>necnon</span> <span class='ocrx_word' id='word_1_512' title='bbox 1484 2410 1653 2448; x_wconf 86' lang='lat' dir='ltr'>postquam</span> <span class='ocrx_word' id='word_1_513' title='bbox 1676 2414 1728 2436; x_wconf 84' lang='lat' dir='ltr'>ca-</span> 
     </span>
     <span class='ocr_line' id='line_1_57' title="bbox 206 2449 1728 2505; baseline -0.005 -9"><span class='ocrx_word' id='word_1_514' title='bbox 206 2469 235 2496; x_wconf 87' lang='lat' dir='ltr'>et</span> <span class='ocrx_word' id='word_1_515' title='bbox 256 2469 376 2503; x_wconf 83' lang='lat' dir='ltr'>tenore,</span> <span class='ocrx_word' id='word_1_516' title='bbox 401 2463 496 2496; x_wconf 79' lang='lat' dir='ltr'>etiam</span> <span class='ocrx_word' id='word_1_517' title='bbox 518 2468 674 2505; x_wconf 80' lang='lat' dir='ltr'>perpetuo</span> <span class='ocrx_word' id='word_1_518' title='bbox 693 2461 900 2494; x_wconf 82' lang='lat' dir='ltr'>concedimus</span> <span class='ocrx_word' id='word_1_519' title='bbox 921 2466 948 2493; x_wconf 87' lang='lat' dir='ltr'>et</span> <span class='ocrx_word' id='word_1_520' title='bbox 965 2449 967 2500; x_wconf 71' lang='grc' dir='ltr'>Ι</span> <span class='ocrx_word' id='word_1_521' title='bbox 983 2459 1090 2493; x_wconf 87' lang='lat' dir='ltr'>nonici</span> <span class='ocrx_word' id='word_1_522' title='bbox 1111 2459 1264 2493; x_wconf 85' lang='lat' dir='ltr'>ecclesiae</span> <span class='ocrx_word' id='word_1_523' title='bbox 1285 2457 1390 2491; x_wconf 81' lang='lat' dir='ltr'>Sancti</span> <span class='ocrx_word' id='word_1_524' title='bbox 1417 2457 1544 2491; x_wconf 87' lang='lat' dir='ltr'>loannis</span> <span class='ocrx_word' id='word_1_525' title='bbox 1569 2456 1728 2500; x_wconf 85' lang='lat' dir='ltr'>Baptistae</span> 
     </span>
     <span class='ocr_line' id='line_1_58' title="bbox 206 2503 1728 2559; baseline -0.005 -9"><span class='ocrx_word' id='word_1_526' title='bbox 206 2516 417 2559; x_wconf 83' lang='lat' dir='ltr'>assignamus.</span> <span class='ocrx_word' id='word_1_527' title='bbox 965 2503 1169 2546; x_wconf 73' lang='lat' dir='ltr'>lhuiusmodi</span> <span class='ocrx_word' id='word_1_528' title='bbox 1192 2512 1230 2545; x_wconf 88' lang='lat' dir='ltr'>ad</span> <span class='ocrx_word' id='word_1_529' title='bbox 1252 2521 1424 2544; x_wconf 79' lang='lat' dir='ltr'>numerum</span> <span class='ocrx_word' id='word_1_530' title='bbox 1446 2516 1518 2543; x_wconf 90' lang='lat' dir='ltr'>octo</span> <span class='ocrx_word' id='word_1_531' title='bbox 1540 2515 1663 2542; x_wconf 86' lang='lat' dir='ltr'>tantum</span> <span class='ocrx_word' id='word_1_532' title='bbox 1678 2519 1728 2543; x_wconf 77' lang='lat' dir='ltr'>re·</span> 
     </span>
    </p>

    <p class='ocr_par' dir='ltr' id='par_1_17' title="bbox 251 2547 1724 2612">
     <span class='ocr_line' id='line_1_59' title="bbox 251 2547 1724 2612; baseline -0.005 -9"><span class='ocrx_word' id='word_1_533' title='bbox 251 2571 267 2612; x_wconf 65' lang='grc' dir='ltr'>Ξ</span> <span class='ocrx_word' id='word_1_534' title='bbox 287 2569 318 2602; x_wconf 75' lang='grc'>4.</span> <span class='ocrx_word' id='word_1_535' title='bbox 334 2570 377 2603; x_wconf 88' lang='lat' dir='ltr'>Ac</span> <span class='ocrx_word' id='word_1_536' title='bbox 397 2569 429 2602; x_wconf 91' lang='lat' dir='ltr'>in</span> <span class='ocrx_word' id='word_1_537' title='bbox 447 2569 559 2602; x_wconf 83' lang='lat' dir='ltr'>eadem</span> <span class='ocrx_word' id='word_1_538' title='bbox 581 2567 715 2602; x_wconf 82' lang='lat' dir='ltr'>ecclesia</span> <span class='ocrx_word' id='word_1_539' title='bbox 736 2567 842 2601; x_wconf 85' lang='lat' dir='ltr'>Sancti</span> <span class='ocrx_word' id='word_1_540' title='bbox 858 2566 949 2600; x_wconf 81' lang='lat' dir='ltr'>loan-</span> <span class='ocrx_word' id='word_1_541' title='bbox 964 2547 967 2609; x_wconf 94' lang='grc' dir='ltr'>Ι</span> <span class='ocrx_word' id='word_1_542' title='bbox 984 2566 1070 2600; x_wconf 88' lang='lat' dir='ltr'>ducti</span> <span class='ocrx_word' id='word_1_543' title='bbox 1096 2566 1226 2605; x_wconf 84' lang='lat' dir='ltr'>suerint,</span> <span class='ocrx_word' id='word_1_544' title='bbox 1256 2576 1385 2605; x_wconf 79' lang='lat' dir='ltr'>nornen,</span> <span class='ocrx_word' id='word_1_545' title='bbox 1412 2564 1550 2604; x_wconf 86' lang='lat' dir='ltr'>titulum,</span> <span class='ocrx_word' id='word_1_546' title='bbox 1574 2563 1724 2597; x_wconf 88' lang='lat' dir='ltr'>denomi-</span> 
     </span>
    </p>
   </div>
   <div class='ocr_carea' id='block_1_9' title="bbox 207 2613 1728 2667">
    <p class='ocr_par' dir='ltr' id='par_1_18' title="bbox 207 2613 1728 2667">
     <span class='ocr_line' id='line_1_60' title="bbox 207 2613 1728 2667; baseline -0.003 -11"><span class='ocrx_word' id='word_1_547' title='bbox 207 2623 254 2656; x_wconf 87' lang='lat' dir='ltr'>nis</span> <span class='ocrx_word' id='word_1_548' title='bbox 274 2622 433 2667; x_wconf 85' lang='lat' dir='ltr'>Baptistae</span> <span class='ocrx_word' id='word_1_549' title='bbox 453 2621 655 2666; x_wconf 83' lang='lat' dir='ltr'>supradictos</span> <span class='ocrx_word' id='word_1_550' title='bbox 672 2620 783 2663; x_wconf 80' lang='lat' dir='ltr'>viginti</span> <span class='ocrx_word' id='word_1_551' title='bbox 804 2620 884 2653; x_wconf 84' lang='lat' dir='ltr'>duos</span> <span class='ocrx_word' id='word_1_552' title='bbox 899 2631 949 2653; x_wconf 85' lang='lat' dir='ltr'>ca·</span> <span class='ocrx_word' id='word_1_553' title='bbox 965 2613 967 2661; x_wconf 87' lang='grc' dir='ltr'>Ι</span> <span class='ocrx_word' id='word_1_554' title='bbox 983 2620 1147 2653; x_wconf 88' lang='lat' dir='ltr'>nationem</span> <span class='ocrx_word' id='word_1_555' title='bbox 1166 2625 1196 2652; x_wconf 86' lang='lat' dir='ltr'>et</span> <span class='ocrx_word' id='word_1_556' title='bbox 1218 2619 1387 2652; x_wconf 83' lang='lat' dir='ltr'>essentiam</span> <span class='ocrx_word' id='word_1_557' title='bbox 1410 2617 1610 2660; x_wconf 79' lang='lat' dir='ltr'>collegiatae,</span> <span class='ocrx_word' id='word_1_558' title='bbox 1627 2616 1728 2651; x_wconf 80' lang='lat' dir='ltr'>illius-</span> 
     </span>
    </p>
   </div>
   <div class='ocr_carea' id='block_1_10' title="bbox 0 0 31 3195">
    <p class='ocr_par' dir='ltr' id='par_1_19' title="bbox 0 0 31 3195">
     <span class='ocr_line' id='line_1_61' title="bbox 0 0 31 3195; baseline 0 0"><span class='ocrx_word' id='word_1_559' title='bbox 0 0 31 3195; x_wconf 95' lang='lat' dir='ltr'> </span> 
     </span>
    </p>
   </div>
  </div>
 </body>
</html>
