2253 3195
36 227 84 255 An.
105 226 134 254 C.
152 225 219 254 1596

59 1187 214 1214 Exequntorum

32 1213 147 1241 deputatio.

845 225 992 251 CLEMENS
1012 225 1070 250 VIII
1090 226 1141 250 PP.

230 274 461 313 mationibus,
479 280 533 307 aut
553 275 622 308 aliis
643 274 814 308 contrariis
835 274 972 318 disposi-

231 327 370 361 tionibus
390 328 633 372 comprehendi.
657 328 712 361 sed
730 339 857 371 semper
876 329 915 360 ab
937 328 973 360 il-

230 381 268 414 lis
288 388 435 425 exceptas
455 393 522 415 csse
543 388 573 415 et
593 382 679 422 fore,
703 387 734 414 et.
755 381 878 425 quoties
899 381 972 413 illae

230 435 447 474 emanabunt,
472 435 564 468 toties
594 435 624 467 in
652 434 821 478 pristinum
844 439 873 466 et
893 434 972 465 vali-

230 488 397 521 dissimum
419 494 535 521 statum
562 488 741 527 restitutas,
766 487 922 530 repositas
943 492 973 520 et

229 542 373 585 plenarie
395 541 604 583 reintegratas
624 540 759 573 censeri.
787 540 903 583 Sicque
916 551 974 583 per

230 605 451 638 quoscumque
488 593 609 626 iudices
643 599 673 626 et
709 592 968 631 commissarios,

230 648 340 691 quavis
361 647 549 680 auctoritate
570 647 748 689 fungentes,
773 646 868 679 etiam
890 657 968 679 cau-

228 710 336 732 sarum
366 699 474 743 palatii
507 699 672 743 apostolici
703 699 907 737 auditorem,
942 705 972 732 et

228 753 258 786 S.
282 753 317 786 R.
342 753 374 785 E.
398 752 586 789 cardinales,
611 752 736 785 sublata
753 752 798 785 eis
816 758 970 785 eteorum

229 806 359 839 cuilibet
378 806 488 849 quavis
509 806 601 838 aliter
626 806 789 839 iudicandi
817 812 848 838 et
875 806 972 838 inter-

228 859 376 902 pretandi
396 860 545 893 facultate
566 865 597 892 et
617 859 819 899 auctoritate,
836 859 970 892 iudicari

228 919 259 946 et
270 912 398 946 definiri
408 913 537 953 debere,
547 923 672 946 necnon
681 912 806 945 irritum
821 919 849 946 et
863 913 968 954 inane,

229 967 255 1000 si
279 977 371 1000 secus
402 977 499 1011 super
523 966 572 999 his
600 977 618 999 a
646 976 832 1009 quoquam,
861 967 972 1010 quavis

229 1021 429 1061 auctoritate,
452 1021 590 1054 scienter
608 1020 657 1053 vel
675 1020 873 1063 ignoranter,
897 1032 973 1054 con-

232 1074 338 1117 tigerit
355 1074 514 1107 attentari.

275 1129 291 1170 g
309 1127 360 1160 10.
382 1127 539 1167 Quocirca
563 1127 799 1160 venerabilibus
821 1128 972 1162 fratribus

229 1181 421 1221 Coloniensi,
449 1180 669 1214 Cameracensi
698 1186 729 1213 et
753 1181 971 1214 Meehliniensi

229 1234 490 1278 archiepiscopis,
514 1239 545 1267 et
567 1234 683 1267 dilecto
715 1233 782 1266 filio
807 1240 917 1267 nostro
943 1240 973 1268 et

229 1288 430 1332 Apostolicae
459 1287 548 1321 Sedis
569 1288 602 1320 in
627 1287 772 1321 inferiori
801 1287 972 1321 Germania

228 1342 493 1382 nuncio,necnon
502 1341 657 1374 universis
667 1346 697 1374 et
706 1341 839 1383 singulis
848 1341 973 1375 archie-

228 1396 381 1440 piscopis,
406 1395 566 1439 episcopis
592 1400 623 1428 et
646 1395 855 1428 ecclesiarum
880 1406 973 1439 prae-

228 1450 310 1490 latis,
325 1460 361 1483 ac
381 1449 638 1493 quibuscumque
656 1449 688 1481 in
700 1449 853 1492 dignitate
871 1450 972 1483 eccle-

229 1502 355 1536 siastica
376 1502 567 1542 constitutis,
591 1513 648 1545 per
668 1508 854 1546 praesentes
883 1514 973 1536 man-

230 1557 355 1596 damus,
379 1561 537 1599 quatenus
558 1555 628 1599 ipsi,
656 1561 706 1588 vet
731 1556 796 1589 duo
817 1562 871 1589 aut
891 1567 973 1590 unus

230 1620 354 1650 eorum,
369 1620 427 1653 per
447 1620 491 1649 se,
508 1609 556 1642 vel
578 1608 688 1650 alium,
705 1620 761 1642 seu
774 1609 865 1649 alios,
882 1621 974 1653 prae-

229 1670 335 1697 sentes
355 1664 488 1703 litteras,
513 1669 543 1696 et
570 1664 602 1696 in
629 1663 674 1696 eis
701 1669 852 1697 contenta
877 1675 974 1707 quae-

230 1728 379 1762 cumque,
403 1718 458 1750 ubi
479 1723 509 1750 et
533 1718 664 1762 quando
689 1728 770 1761 opus
797 1718 914 1759 fuerit,
938 1729 974 1752 ac

229 1771 354 1816 quoties
370 1781 431 1816 pro
442 1777 532 1816 parte
549 1772 697 1804 Fratrum
712 1771 972 1804 Resormatorum

228 1825 469 1869 praedictorum
492 1825 630 1868 desuper
660 1824 779 1858 fuerint
808 1825 970 1868 requisiti,

229 1878 418 1912 solemniter
438 1878 649 1922 publicantes,
673 1878 801 1922 illisque
822 1878 852 1910 in
875 1889 971 1922 prae-

230 1932 335 1966 missis
360 1932 497 1966 efficacis
518 1932 712 1965 defensionis
741 1932 903 1976 praesidio
924 1943 974 1966 as-

230 1985 390 2026 sistentes,
411 1985 529 2019 saciant
553 1986 742 2019 auctoritate
771 1991 899 2026 nostra,
921 1996 974 2019 eos

230 2038 413 2082 praemissis
427 2039 576 2072 omnibus
588 2044 618 2072 et
628 2039 773 2081 singulis,
788 2039 874 2072 iuxta
883 2050 975 2083 prae-

230 2092 370 2126 sentium
385 2091 615 2133 continentiam
630 2097 661 2125 et
671 2097 828 2132 tenorem,
842 2092 974 2136 pacifice

230 2145 289 2179 frui
324 2151 355 2178 et
383 2145 534 2188 gaudere.
566 2145 636 2178 Non
665 2145 889 2189 permittentes
921 2157 975 2179 eos

231 2199 380 2246 desuper,
401 2210 459 2243 per
472 2198 654 2231 ministrum
675 2199 859 2241 generalem
879 2199 975 2232 alios-

232 2263 293 2296 que
324 2252 525 2296 praedictos,
559 2252 805 2295 quomodolibet
835 2252 976 2285 indebite

232 2306 406 2339 molestari.
421 2305 678 2339 Contradictores
698 2305 858 2349 quoslibet
878 2312 908 2339 et
928 2316 977 2346 re-

231 2359 342 2400 belles,
368 2370 404 2392 ae
429 2359 613 2403 praemissis
638 2369 703 2392 non
730 2365 897 2402 parentes,
920 2369 978 2402 per

232 2413 415 2454 sententias,
436 2423 588 2447 censuras
601 2418 633 2446 et
646 2423 766 2457 poenas
787 2413 978 2446 ecclesiasti-

233 2477 302 2507 cas,
326 2467 452 2511 aliaque
472 2472 655 2511 opportuna
675 2466 752 2499 iuris
773 2471 804 2499 et
829 2466 902 2499 sacti
922 2477 975 2500 re-

233 2520 350 2561 media,
366 2520 454 2553 omni
466 2520 680 2564 appellatione
689 2519 877 2564 postposita,
890 2530 978 2553 com—

232 2574 406 2618 pescendo,
420 2584 547 2607 necnon
565 2573 716 2616 legitimis
736 2583 834 2617 super
855 2572 904 2606 his
924 2573 980 2606 ha-

233 2626 348 2661 bendis
367 2627 499 2662 servatis
518 2626 740 2672 processibus,
762 2626 833 2660 illos
852 2631 976 2660 senten-

1655 213 1720 248 303

1007 273 1076 314 tias,
1097 284 1248 307 censuras
1261 278 1291 307 et
1302 283 1423 317 poenas
1436 272 1616 317 praedictas
1636 272 1747 305 incur-

1007 327 1085 360 risse
1098 327 1303 364 declarando,
1316 327 1449 370 illasque
1463 325 1558 359 etiam
1573 325 1693 358 iteratis
1706 325 1750 357 vi-

1007 380 1097 413 cibus
1113 380 1329 422 aggravando,
1348 380 1495 412 invocato
1510 379 1605 411 otiam
1621 379 1661 411 ad
1674 378 1747 418 hoc,

1007 433 1032 466 si
1045 443 1126 476 opus
1141 433 1246 471 suerit,
1264 433 1382 466 auxilio
1401 433 1526 466 brachii
1540 432 1724 465 saecularis.

1052 487 1066 529 ξ
1091 485 1139 518 lt.
1163 487 1233 519 Non
1254 486 1455 519 obstantibus
1482 486 1646 529 quibusvis
1666 495 1747 529 apo-

1007 539 1136 577 stolicis,
1160 550 1196 571 ac
1214 539 1245 572 in
1266 539 1520 579 universalibus,
1543 538 1750 582 provinciali-

1008 592 1066 625 bus
1083 598 1114 625 et
1132 593 1340 636 synodalibus
1368 592 1512 625 conciliis
1534 592 1627 625 editis
1647 603 1747 635 gene-

1007 646 1127 678 ralibus
1154 647 1201 678 vel
1225 646 1418 689 specialibus
1442 645 1746 685 constitutionibus,

1007 699 1102 733 etiam
1134 700 1224 732 Mare
1250 699 1390 742 Manno,
1414 700 1516 732 Bulla
1546 700 1678 740 Aurea,
1702 701 1749 733 vel

1007 753 1084 786 alias
1108 753 1314 796 nuncupatis,
1335 763 1371 785 ac
1392 753 1652 796 quibuscumque.
1675 753 1750 786 dicti

1005 807 1132 841 Ordinis
1144 807 1268 840 statutis
1289 813 1320 840 et
1340 807 1637 846 consuetudinibus,
1654 807 1750 840 etiam

1007 861 1199 900 iuramento,
1221 860 1468 894 confirmatione
1488 860 1681 904 apostolica,
1702 861 1750 893 vel

1006 915 1116 958 quavis
1133 914 1283 947 firmitate
1304 914 1365 947 alia
1384 914 1556 955 roboratis,
1576 914 1751 958 privilegiis

1007 979 1158 1012 quoque,
1183 967 1314 1001 indultis
1345 973 1375 1001 et
1405 967 1518 1001 litteris
1544 967 1748 1011 apostolicis,

1007 1027 1071 1054 tam
1086 1021 1201 1061 eidem,
1218 1031 1315 1064 quam
1335 1021 1406 1054 aliis
1426 1021 1684 1064 quibuscumque
1697 1020 1753 1054 Or-

1007 1074 1146 1114 dinibus,
1170 1085 1347 1117 eorumque
1367 1074 1590 1118 superioribus
1615 1080 1645 1107 et
1673 1085 1750 1118 per-

1007 1128 1103 1168 sonis,
1114 1127 1172 1161 sub
1187 1128 1446 1172 quibuscumque
1461 1128 1627 1161 tenoribus
1640 1136 1671 1161 et
1683 1128 1750 1161 for-

1008 1182 1078 1222 mis,
1098 1192 1135 1215 ac
1159 1192 1232 1215 cum
1253 1181 1417 1225 quibusvis
1447 1181 1545 1214 etiam
1575 1182 1749 1223 derogato-

1007 1235 1074 1276 riis,
1098 1235 1232 1279 aliisque
1257 1235 1393 1268 insolitis
1413 1234 1583 1275 clausulis,
1607 1245 1643 1268 ac
1675 1235 1750 1268 irri-

1007 1289 1148 1322 tantibus
1172 1294 1202 1322 et
1225 1288 1294 1321 aliis
1322 1288 1459 1322 decretis
1491 1288 1522 1320 in
1553 1288 1752 1321 contrarium

1007 1343 1279 1387 praemissorum,
1304 1343 1335 1375 in
1354 1353 1471 1385 genere
1500 1343 1549 1375 vel
1570 1342 1601 1374 in
1634 1342 1750 1386 specie,

1008 1397 1103 1430 etiam
1124 1404 1214 1430 motu
1235 1395 1389 1440 proprio,
1414 1402 1444 1429 et
1465 1395 1750 1434 consistorialiter,

1008 1450 1055 1482 vel
1076 1450 1154 1483 alias
1167 1448 1415 1493 quomodolibet
1436 1448 1607 1487 concessis,
1628 1458 1664 1481 ac
1684 1449 1755 1492 plu-

1009 1502 1071 1535 ries
1090 1502 1289 1536 confirmatis
1310 1508 1340 1535 et
1365 1501 1561 1546 approbatis,
1585 1512 1622 1534 ac
1643 1500 1751 1534 omni-

1008 1555 1067 1588 bus
1087 1555 1149 1589 illis
1162 1583 1169 1595 ,
1193 1566 1275 1599 quae
1297 1555 1399 1588 dictus
1419 1554 1593 1597 Gregorius
1613 1555 1751 1599 praede-

1009 1619 1116 1641 cessor
1133 1608 1165 1641 in
1183 1608 1247 1641 suis
1268 1608 1382 1641 litteris
1402 1608 1504 1641 voluit
1524 1618 1589 1641 non
1610 1608 1749 1642 obstare.

1008 1661 1128 1700 Quibus
1148 1661 1298 1694 omnibus
1319 1667 1349 1694 et
1369 1661 1514 1704 singulis,
1531 1671 1643 1694 eorum
1664 1667 1754 1695 teno-

1009 1725 1070 1756 res,
1088 1726 1124 1748 ac
1137 1715 1162 1748 si
1184 1715 1223 1748 de
1244 1715 1341 1748 verbo
1362 1715 1401 1748 ad
1419 1715 1552 1748 verbum
1574 1715 1753 1758 praesenti-

1008 1769 1068 1802 bus
1088 1770 1316 1809 insererentur,
1339 1779 1399 1812 pro
1428 1769 1522 1812 plene
1546 1774 1577 1801 et
1596 1768 1755 1802 sufficien-

1009 1829 1057 1856 ter
1077 1822 1233 1866 expressis
1261 1822 1427 1862 habentes,
1452 1822 1514 1855 illis
1542 1821 1620 1855 alias
1645 1822 1676 1855 in
1697 1832 1755 1856 suo

1009 1876 1125 1909 robore
1147 1875 1384 1919 permansuris,
1408 1875 1468 1908 hac
1499 1874 1567 1908 vice
1592 1875 1757 1908 dumtaxat

1009 1929 1191 1974 specialiter
1216 1935 1247 1962 et
1267 1939 1415 1972 expresse
1437 1928 1631 1971 derogamus
1646 1955 1653 1969 ,
1678 1938 1752 1961 cae-

1009 1983 1150 2027 terisque
1170 1982 1340 2016 contrariis
1361 1981 1631 2026 quibuscumque.

1054 2039 1070 2079 g
1091 2036 1143 2070 42.
1167 2037 1323 2070 Volumus
1352 2042 1481 2076 autem,
1506 2041 1536 2068 et
1567 2035 1756 2069 auctoritate

1009 2090 1185 2134 apostolica
1205 2089 1419 2130 decernimus,
1441 2089 1528 2133 quod
1548 2088 1756 2132 transumptis

1009 2144 1226 2188 praesentium
1248 2144 1439 2183 litterarum,
1457 2142 1552 2176 etiam
1578 2142 1751 2186 impressis,

1009 2198 1114 2240 sigillo
1136 2197 1272 2230 alicuius
1292 2207 1450 2241 personae
1470 2196 1502 2229 in
1528 2196 1683 2238 dignitate
1703 2206 1755 2229 ec-

1010 2251 1186 2284 clesiastica
1215 2250 1406 2284 constitutae
1431 2249 1582 2289 munitis,
1608 2255 1638 2283 et
1658 2259 1756 2282 manu

1010 2304 1125 2337 notarii
1147 2304 1267 2348 publici
1293 2303 1497 2347 subscriptis,
1519 2302 1631 2336 eadem
1653 2302 1754 2343 fides,

1011 2363 1074 2390 tam
1097 2357 1128 2389 in
1143 2357 1274 2397 iudicio,
1299 2351 1396 2400 quam
1418 2362 1505 2390 extra
1526 2356 1605 2389 illud
1623 2355 1759 2389 ubilibet

1011 2409 1213 2450 adhibeatur,
1225 2420 1308 2453 quae
1326 2409 1402 2453 ipsis
1416 2409 1629 2451 originalibus
1642 2409 1758 2442 litteris

1012 2463 1223 2497 adhiberetur
1236 2463 1261 2495 si
1273 2463 1378 2495 forent
1389 2462 1525 2495 exibitae
1535 2463 1583 2495 vel
1597 2467 1754 2496 ostensae.

1056 2517 1168 2550 Datum
1182 2516 1301 2549 Romae
1314 2516 1399 2559 apud
1415 2516 1445 2549 S.
1461 2516 1613 2556 Marcum,
1630 2515 1689 2548 sub
1703 2525 1759 2549 an-

1013 2572 1089 2605 nulo
1110 2570 1292 2611 piscatoris,
1305 2570 1356 2603 die
1370 2569 1541 2603 undecima
1557 2569 1626 2603 iulii
1639 2579 1755 2610 unum,

1013 2624 1219 2670 pontificatus
1239 2623 1339 2659 nostri
1360 2634 1445 2658 anno
1466 2623 1589 2668 quinto.

1765 224 1813 251 An.
1835 223 1864 251 C.
1882 224 1950 252 1596

1779 551 1893 581 Dei-rigatio
1902 558 1950 573 ton-

1766 580 1883 599 [rariorum.

1806 2095 1954 2122 “transumpto-

1771 2128 1816 2143 rum
1831 2122 1889 2143 fides.
