2253 3195
468 231 533 265 918
1018 242 1202 268 nuntiatum
1227 243 1380 270 ROMANUM

423 304 591 338 Munerum
613 304 752 347 largitio,
776 314 983 349 quocumque
1002 304 1062 338 sub
1082 305 1204 346 colore,
1220 305 1371 340 omnibus
1392 306 1560 350 utriusque
1579 317 1672 341 sexus
1684 307 1852 350 Religiosis
1864 309 1971 350 vetita,

512 357 576 391 146
594 358 622 390 b.
646 357 705 397 Qui
725 358 890 401 regulares
910 357 971 391 hac
988 358 1219 392 constitutione
1239 359 1568 403 comprehendantur,
1585 360 1626 394 ib.
1644 371 1652 400 3
1675 360 1818 405 quidque
1835 361 1881 395 eis
1899 373 1975 406 pro-

512 411 650 444 hibitum
670 411 712 444 sit
732 411 922 455 explicatur,
946 411 1010 445 ¹147
1029 422 1060 445 α.
1084 412 1206 451 Quibus
1230 412 1345 447 donari
1366 413 1466 454 nefas,
1490 414 1533 447 ib.
1557 413 1583 446 b.
1611 413 1696 447 Dum
1715 424 1792 448 vero
1812 415 1975 458 quaelibet

512 463 656 507 erogatio
676 464 880 508 prohibetur,
893 464 1121 510 hospitalitatis
1140 470 1173 499 et
1193 465 1320 510 pietatis
1339 477 1439 510 opera
1459 466 1673 511 excipiuntur,
1693 466 1757 501 ‘148
1769 478 1789 501 a
1805 473 1838 501 et
1854 468 1882 502 b.
1896 469 1975 503 Poe-

512 528 573 552 nae
593 517 824 563 recipientibus
844 529 991 560 munera,
1015 519 1079 561 ib.;
1103 524 1135 553 et
1155 519 1317 562 dantibus,
1340 519 1404 554 149
1423 531 1454 554 a.

1189 671 1215 704 N

425 787 547 822 Notarii
568 787 704 822 civitatis
723 787 888 821 Bononiae
909 798 926 820 a
944 786 1127 829 Vicelcgato
1147 786 1290 820 eiusdem
1310 785 1456 827 civitatis,
1468 786 1598 821 Octavio
1618 786 1775 828 Bandino,
1798 786 1977 822 ordinatio-

515 840 612 876 nibus
631 846 870 886 supponuntur,
885 840 1003 884 quibus
1019 839 1162 884 imperiti
1182 839 1223 872 ab
1244 839 1350 874 officio
1367 845 1529 881 arcentur,
1551 838 1615 873 207
1632 839 1671 880 b;
1693 850 1872 884 eorumque
1891 852 1979 885 qua·
2037 851 2039 853 ·

513 895 618 929 litates
639 894 907 934 determinantur,
930 892 994 927 208
1019 905 1049 926 α.
1073 893 1242 936 Privilegia
1268 893 1399 938 insuper
1423 893 1592 927 consulum
1622 893 1825 928 notariorum
1853 894 1975 928 confir-

515 954 664 989 mantur,
688 949 732 982 ib.
763 949 791 981 b.
820 947 966 981 Edictum
999 946 1330 991 constitutionemque
1355 946 1528 990 vicelegati
1559 956 1618 980 suo
1639 946 1818 981 munimine
1847 947 1980 982 roborat

515 1002 669 1043 Pontifex,
694 1001 960 1045 traslationesque
980 1000 1160 1034 officiorum
1183 1000 1215 1033 iu
1236 1000 1380 1034 forenses
1401 999 1472 1034 fieri
1494 1005 1588 1042 vetat,
1612 999 1676 1034 3309
1695 1011 1716 1033 a
1733 1006 1765 1034 et
1784 1001 1812 1034 b.

427 1057 576 1091 Notarios
605 1057 687 1090 inter
714 1061 746 1089 et
766 1054 1002 1090 thesaurarium
1022 1054 1058 1088 R.
1080 1054 1110 1088 C.
1134 1055 1170 1087 A.
1196 1053 1381 1087 transactio.
1408 1053 1638 1088 Defunctorum
1667 1054 1871 1088 notariorum
1902 1054 1980 1088 scri-

515 1117 626 1155 pturas
651 1110 690 1143 ab
711 1120 825 1143 eorum
845 1108 1040 1142 haeredibus
1061 1107 1198 1151 collegio
1216 1107 1418 1142 notariorum
1439 1107 1624 1141 vendendas
1649 1118 1717 1141 esse
1740 1107 1800 1141 sub
1826 1108 1933 1142 Leone
1956 1108 1978 1141 X

516 1170 684 1204 statutum,
712 1162 772 1197 133
789 1173 819 1196 a.
843 1161 938 1196 Pretii
959 1172 1119 1195 summam
1141 1167 1300 1195 auxerunt
1319 1161 1419 1196 lulius
1438 1161 1478 1194 llI
1498 1166 1529 1194 et
1548 1160 1622 1194 Pius
1641 1160 1690 1201 IV,
1714 1161 1757 1194 ib.
1787 1161 1814 1194 b.
1831 1161 1980 1195 Clemens

518 1228 593 1252 vero
611 1218 676 1251 vtll
693 1216 868 1261 scripturas
888 1215 972 1259 ipsas
985 1225 1050 1248 non
1064 1215 1104 1248 ad
1122 1214 1288 1256 haeredes,
1303 1214 1360 1249 sed
1373 1214 1413 1248 ad
1426 1213 1457 1248 C.
1475 1214 1510 1248 Α.
1527 1219 1674 1258 spectare
1693 1214 1846 1254 decrevit,
1863 1214 1927 1248 134
1939 1225 1976 1254 a;

518 1271 681 1315 Montique
701 1275 808 1304 erecto
829 1280 846 1302 a
865 1268 1006 1311 Collegio
1026 1268 1240 1309 notariorum,
1261 1267 1406 1312 quolibet
1422 1278 1519 1309 anno,
1539 1273 1628 1301 scuta
1645 1267 1710 1302 duo
1730 1267 1833 1302 millia
1851 1273 1980 1302 centum

520 1324 779 1369 vigintiquinque
798 1322 876 1357 solvi
890 1322 1010 1362 statuit,
1030 1322 1073 1355 ib.
1091 1322 1108 1354 b
1114 1333 1126 1362 ,·
1139 1332 1198 1365 pro
1221 1331 1360 1365 quorum
1379 1320 1550 1355 securitate
1571 1321 1769 1365 hypothecae
1789 1321 1981 1356 constitutae

521 1380 663 1419 suerunt,
683 1378 727 1411 ib.
755 1375 1045 1411 Praetendentibus
1065 1380 1172 1408 autem
1198 1374 1333 1408 notariis
1360 1374 1535 1418 scripturas
1554 1373 1625 1416 sibi,
1649 1384 1714 1408 non
1738 1374 1890 1409 Gamerae
1912 1386 1984 1420 spe-

519 1425 616 1473 ctare,
639 1429 703 1465 135
723 1442 759 1472 a,
787 1441 860 1464 cum
879 1428 1081 1463 thesaurario
1103 1428 1233 1462 tandem
1255 1433 1492 1471 transegerunt,
1521 1433 1553 1461 et
1571 1427 1714 1462 Pontifex
1735 1428 1985 1463 transactionem

521 1485 709 1525 confirmat,
729 1484 770 1518 ib.
792 1484 808 1518 b
833 1489 864 1517 et
879 1494 961 1528 seq.;
984 1488 1080 1529 atque
1101 1492 1214 1517 omnes
1233 1481 1304 1516 lites
1321 1481 1406 1516 inter
1424 1481 1568 1515 notarios
1581 1486 1614 1516 et
1629 1481 1660 1516 C.
1677 1482 1712 1516 A.
1734 1482 1774 1516 ad
1793 1493 1828 1517 se
1845 1492 1982 1517 avocans

523 1539 647 1579 definit,
676 1537 739 1572 2136
766 1538 792 1572 b.
825 1536 1075 1572 Constitutiones
1095 1535 1142 1569 Pii
1161 1536 1198 1570 lv
1219 1535 1401 1576 confirmat,
1422 1534 1486 1569 1137
1511 1546 1541 1569 a.
1565 1535 1738 1570 Promissio
1762 1546 1821 1580 per
1840 1536 1985 1571 notarios

523 1593 668 1627 facienda
694 1593 733 1627 de
754 1590 941 1625 huiusmodi
961 1589 1129 1634 scripturis
1146 1588 1384 1630 conservandis,
1408 1587 1472 1622 138
1491 1600 1522 1622 a.

434 1647 681 1692 Neapolitanum
703 1645 861 1689 hospitale
885 1643 938 1678 SS.
963 1642 1194 1677 Annunciatac.
1219 1643 1252 1675 V.
1278 1641 1461 1686 Hospitalis.

434 1701 554 1736 Nicolai
576 1700 638 1742 (S.)
663 1699 774 1744 oppidi
793 1699 832 1732 de
852 1697 996 1731 Alit-ante
1017 1702 1048 1731 et
1067 1698 1096 1731 S.
1118 1695 1235 1730 Mariae
1255 1695 1463 1730 ecclesiarum
1484 1695 1653 1740 qualitates
1670 1701 1887 1740 exponuntur,
1904 1707 1987 1741 quae

523 1754 671 1799 pluribus
691 1753 731 1787 de
752 1751 856 1786 causis
882 1750 984 1791 uniri,
1008 1756 1106 1794 atque
1132 1749 1186 1783 illa
1217 1750 1249 1783 in
1279 1749 1482 1793 collegiatam
1502 1749 1581 1792 erigi
1607 1754 1745 1794 oportet,
1769 1749 1833 1784 259
1860 1761 1881 1783 a
1907 1755 1939 1785 et
1957 1749 1984 1784 b.

523 1808 615 1848 Quod
640 1806 791 1852 praefecti
812 1811 843 1839 et
866 1804 988 1849 syndici
1009 1803 1235 1848 exposcebant,
1259 1802 1323 1837 ⁹260
1345 1814 1375 1836 α.
1397 1803 1538 1837 Pontifex
1561 1803 1713 1847 episcopo
1737 1802 1894 1838 Oriolensi
1915 1814 1987 1837 ere-

524 1861 664 1895 ctionem
686 1859 906 1903 unionemque
936 1857 1123 1898 committit,
1154 1856 1194 1890 ib.
1229 1857 1257 1890 b.
1292 1856 1465 1899 Dignitatcs
1490 1856 1520 1890 in
1549 1856 1595 1890 sic
1621 1862 1761 1890 erectam
1787 1856 1987 1899 collegiatam

526 1914 754 1954 instituendae,
781 1912 840 1946 261
871 1923 900 1945 a.
940 1911 1071 1945 Reditus
1095 1921 1154 1955 pro
1178 1910 1324 1954 Capitulo
1350 1909 1428 1943 inibi
1453 1909 1628 1944 constituto
1653 1909 1866 1952 assignantur,
1893 1909 1934 1943 ib.
1958 1909 1985 1943 h.

526 1958 755 2013 Dispositiones
775 1966 880 2000 variae
904 1965 989 1999 circa
1014 1964 1176 1998 redituum
1202 1963 1453 2008 applicationem
1479 1969 1509 1997 et
1526 1974 1632 2004 usum,
1646 1962 1709 1996 02ss2
1722 1974 1753 1996 α.
1772 1962 1889 1997 Divisio
1907 1963 1990 1997 inter

527 2022 681 2056 officiales
710 2031 811 2054 novae
836 2019 1028 2061 Collegiatac
1054 2017 1312 2062 praebendarum
1339 2017 1545 2061 aliorumque
1569 2016 1714 2050 omnium
1747 2016 1987 2051 emolumento-

528 2087 612 2116 rum,
640 2075 680 2108 ib.
701 2075 728 2107 b.
756 2073 930 2114 Qualitates
949 2071 1244 2116 promovendorum
1270 2070 1310 2104 ad
1336 2070 1555 2110 canonicatus,
1579 2070 1644 2103 2153
1667 2081 1696 2103 a.
1725 2070 1847 2109 Quibus
1870 2081 1986 2115 supra-

528 2130 612 2164 dicta
638 2127 795 2162 beneficia
814 2127 878 2160 siut
898 2125 1104 2164 conterenda,
1130 2125 1172 2157 ib.
1193 2124 1220 2157 Ι).
1241 2124 1346 2168 Cappa
1364 2123 1528 2157 canonicis
1545 2123 1745 2165 conceditur,
1768 2123 1834 2157 264
1851 2134 1882 2157 a.
1897 2123 1990 2157 Varia

530 2184 661 2227 insuper
686 2187 716 2215 ct
734 2181 835 2214 multa
856 2178 1024 2224 privilegia
1043 2177 1199 2221 elargitur
1224 2178 1320 2221 Papa,
1340 2177 1383 2210 ib.
1405 2177 1431 2210 b.

441 2238 607 2271 Nullitates
632 2247 668 2269 ex
694 2235 828 2269 defectu.
858 2233 930 2267 Pius
963 2233 998 2267 lv
1025 2238 1088 2265 tres
1118 2237 1240 2265 tantum
1274 2230 1435 2265 nullitates
1459 2241 1477 2264 a
1503 2230 1662 2265 iudicibus
1675 2230 1769 2265 Urbis
1787 2229 1909 2264 attendi
1934 2230 1990 2264 de-

527 2290 638 2330 crevit,
667 2289 703 2322 17
728 2300 770 2326 α·,
794 2287 946 2320 nimirum
969 2297 1004 2319 cx
1023 2286 1148 2319 ‹lel'ectu
1175 2283 1592 2324 iurisdictionis,citationis
1613 2289 1643 2318 et
1664 2283 1818 2324 mandati,
1840 2283 1900 2325 ib.;
1922 2283 1991 2317 illas

527 2345 566 2377 ad
591 2343 701 2377 omnia
728 2340 901 2375 tribunalia
925 2341 1032 2373 Status
1059 2337 1270 2372 Ecclesiastici
1297 2337 1438 2371 extendit
1462 2337 1608 2370 Clemens
1627 2337 1704 2378 Vttt,
1725 2337 1765 2370 ib.

440 2398 579 2432 Nuncius
603 2396 799 2441 apostolicus
823 2394 908 2439 apud
935 2393 1056 2434 Belgas.
1080 2390 1270 2426 Brabantiac
1297 2391 1395 2425 duces
1419 2401 1494 2424 suos
1518 2390 1663 2424 subditos
1687 2390 1726 2424 ad
1753 2390 1891 2424 tribunal
1918 2389 1988 2434 epi-

526 2451 615 2495 sropi
642 2448 826 2484 Leodiensis
853 2447 883 2481 in
910 2446 1064 2480 iudicium
1090 2445 1195 2479 vocari
1222 2455 1285 2478 non
1312 2455 1405 2489 posse
1434 2445 1635 2485 asscrebant,
1663 2443 1722 2477 081
1751 2455 1794 2483 a;
1822 2443 1988 2489 praeiudi-

528 2505 611 2538 cium
639 2504 712 2536 hinc
741 2513 837 2543 grave
869 2500 1102 2534 ecclesiasticae
1131 2498 1314 2532 auctoritati
1345 2498 1566 2537 inserebatur,
1593 2497 1634 2531 ib.
1662 2498 1808 2531 Clemens
1835 2496 1991 2531 nuncium

530 2557 743 2601 apostolicum
775 2555 903 2588 illorum
931 2554 1070 2586 iudicem
1100 2552 1300 2586 ordinarium
1326 2551 1513 2593 constituit,
1537 2551 1577 2584 ib.
1605 2551 1622 2584 b
1646 2556 1677 2585 et
1700 2561 1764 2595 seq.
1794 2550 1990 2586 Facultatem

529 2610 632 2643 eidem
652 2610 705 2642 (lat
723 2608 867 2652 erigendi
881 2606 1033 2648 tribunal,
1049 2605 1114 2638 (382
1134 2605 1150 2639 ὁ
1171 2611 1201 2639 et
1220 2616 1284 2649 seq.
1305 2604 1529 2639 Obedientiam
1547 2604 1575 2639 ei
1594 2603 1750 2650 praestari
1766 2603 1865 2646 iubet,
1879 2601 1944 2637 084
1955 2613 1986 2636 a.
