2253 3195
12 1920 15 1927 Δ
57 1902 90 1922 rat

40 188 106 223 An.
124 193 152 221 c.
177 193 242 221 1591

252 240 446 286 apostolicis,
460 241 659 285 caeterisque
673 240 843 274 contrariis
861 240 994 285 quihus-

253 305 402 338 cumque.

296 348 409 382 Datum
442 349 562 382 Romae
594 349 679 393 apud
712 349 741 382 S.
765 349 913 388 Petrum,
937 348 995 380 sub

253 402 373 436 annulo
384 402 566 441 Piscatoris,
585 402 635 435 die
648 412 720 436 xxxi
739 401 844 434 martii
863 402 992 441 nnxc‘tv,

252 455 458 500 pontificatus
476 455 574 489 nostri
596 465 681 488 anno
702 465 748 489 111.

289 517 346 545 Dat.
363 517 405 545 die
421 518 449 545 31
470 517 559 544 martii
578 518 654 550 ¹594,
672 517 768 552 pontif.
789 525 832 544 an.
849 524 888 545 111.

549 668 705 703 LXXXIV.

253 775 409 811 Facultas
428 777 597 810 duodecim
619 777 931 820 Conspi-eqatz'om'hus
951 788 999 810 re-

297 839 482 883 yularibus,
510 850 595 883 quae
618 851 639 872 a
661 840 823 873 solutione
853 840 996 873 decima-

299 912 374 934 rum
384 902 616 945 imposuerunt
629 912 687 945 pro
700 901 780 935 bello
793 906 906 935 contra
921 902 1001 935 Tur-

299 975 352 998 cas
364 965 497 1007 fuerant
514 969 689 1008 earemptae,
703 965 849 1007 auqendi
860 965 998 998 Mentem

299 1026 511 1060 novennalem
525 1037 582 1071 pro
594 1037 724 1060 summa
737 1028 910 1071 seaeayinta
926 1028 1001 1061 mit-

300 1089 383 1122 lz‘um
402 1093 565 1121 scutorum
588 1089 623 1121 in
636 1088 780 1122 eamdem
797 1099 864 1122 rem
877 1090 1001 1134 impen-

298 1151 476 1186 alendorum
489 1152 507 1184 ¹.

463 1242 598 1269 clemens
615 1243 695 1276 Papa
709 1243 790 1276 vm,

405 1296 441 1323 ad
457 1295 590 1323 futuram
605 1295 651 1323 rei
666 1296 847 1324 memoriam.

299 1368 334 1401 In
355 1366 503 1401 maximis
523 1367 709 1401 reddituum
731 1367 896 1411 angustiis,
919 1368 1001 1403 sicut

88 1419 214 1441 ‘'mmmm-
256 1421 384 1455 divinae
404 1421 558 1466 placitum
580 1427 627 1455 est
639 1422 806 1464 voluntati,
820 1423 997 1464 constituti,

256 1480 288 1508 et
308 1485 325 1508 a
345 1474 542 1518 gravissimis
562 1485 775 1519 expensarum
802 1475 1000 1510 difficultati—

255 1528 314 1561 bus
325 1527 469 1572 undique
478 1528 700 1568 circumventi,
711 1534 894 1573 opportuna
903 1540 1001 1573 quae-

255 1591 317 1625 que
337 1581 482 1614 remedia
501 1581 694 1624 excogitare,
719 1587 749 1615 et
769 1592 922 1625 congrua,
939 1594 1001 1616 un-

255 1634 437 1679 decumque
466 1645 647 1679 possumus,
679 1635 822 1669 subsidia
852 1643 1000 1680 expetere

256 1687 494 1732 compellimur.

300 1741 316 1785 §
336 1740 366 1774 1.
382 1741 464 1775 Sane
485 1751 599 1785 nuper,
614 1747 649 1774 ut
662 1752 756 1786 opem
771 1742 911 1787 aliquam
928 1744 1002 1777 cha-

57 1793 240 1847 suffixbggfflggg
255 1795 382 1829 rissimo
404 1795 436 1827 in
456 1794 579 1829 Christo
601 1795 668 1828 filio
694 1801 804 1829 nostro
830 1797 1001 1841 Rodulpho

57 1847 239 1900 fflggffissgffiassff
255 1849 476 1883 Romanorum
498 1849 564 1891 regi
586 1849 704 1883 illustri
722 1849 754 1882 in
772 1849 1000 1893 imperatorem

57 1901 239 1948 ,οωξᾟωξξζξῡ
255 1903 369 1944 electo,
392 1903 545 1937 adversus
562 1904 750 1944 Turcarum,
768 1915 804 1937 ex
818 1904 1001 1947 Hungariae

255 1956 375 1990 finibus
406 1956 664 2001 erumpentium,
704 1957 842 2001 impetus
886 1958 1001 1992 afferre

255 2010 445 2050 valeremus,
470 2010 557 2054 quod
578 2015 664 2043 certe
691 2010 785 2044 aliter
806 2011 910 2044 facere
936 2022 1001 2045 non

255 2069 452 2109 poteramus,
469 2075 523 2097 sex
543 2064 683 2097 decimas
703 2076 720 2098 a
734 2065 880 2109 personis
901 2067 1003 2100 eccle-

255 2116 402 2158 siasticis,
427 2116 585 2150 beneficia
616 2118 846 2159 ecclesiastica,
870 2124 924 2152 aut
944 2130 999 2152 su-

254 2181 314 2216 per
334 2181 447 2204 eorum
471 2170 650 2204 redditibus
679 2171 851 2215 pensiones
880 2183 1003 2206 annuas

255 2223 476 2258 obtinentibus
489 2229 519 2257 et
538 2224 801 2268 percipientibus,
818 2225 901 2258 intra
912 2225 1003 2259 bien-

255 2277 346 2311 nium
376 2278 621 2321 persolvendas‚
645 2288 682 2311 ao
710 2277 788 2311 alias
818 2278 876 2311 sub
909 2279 1002 2312 certis

257 2330 354 2364 modo
376 2336 405 2364 et
423 2331 537 2371 forma,
562 2336 637 2364 tunc
658 2331 825 2375 expressis,
847 2331 1003 2375 imposui-

257 2395 339 2426 mus,
362 2390 456 2429 prout
478 2384 510 2417 in
539 2385 656 2418 nostris
684 2385 822 2429 desuper
849 2386 1003 2420 consectis

86 2452 207 2476 sedam
219 2456 242 2477 ῃ,
257 2437 370 2471 litteris
401 2438 594 2472 continetur.
624 2439 670 2472 Ab
697 2439 817 2472 eisdem
849 2450 924 2473 vero
946 2440 1002 2474 de-

59 2477 350 2536 {1⁶3³”c‘0n‘2‘lss‘gsstcimis
377 2492 612 2536 persolvendis,
637 2493 853 2537 infrascriptas
874 2494 999 2528 duode-

59 2533 243 2586 ῗὲξξζῖξξῖἒῗξῖῗ
258 2544 320 2578 cim
341 2545 506 2588 regulares
516 2545 787 2589 Congregationes
799 2547 1002 2592 exemptione

295 2609 305 2634 1
328 2606 365 2635 Ex
382 2607 490 2644 Regest.
503 2608 529 2636 in
544 2609 645 2638 Secret.
659 2609 794 2639 Brevium.

873 191 1020 216 CLEMENS
1040 193 1097 216 Vlll
1119 193 1167 215 ΓΡ.

1687 180 1745 214 109
1794 191 1842 218 An.
1865 192 1892 218 c.
1912 193 1977 219 1591

1030 245 1061 274 et
1081 240 1240 280 libertate,
1265 239 1324 273 sibi
1339 240 1416 272 alias
1434 250 1450 272 a
1465 239 1565 273 felicis
1580 239 1777 273 recordatio·
1793 253 1979 284 era-marsumffln.

1031 293 1079 326 nis
1100 293 1154 326 Pio
1169 294 1254 337 Papa
1268 293 1291 325 V
1312 293 1560 337 praedecessore
1580 298 1689 325 nostro
1703 304 1778 325 con·
1793 281 1979 328 {iif,i't¹›2¹r2⁵.¹1ii'.”'¹⁰¹'

1031 358 1129 387 cessa,
1156 347 1215 380 frui
1238 353 1267 379 ct
1296 348 1437 390 gaudere
1469 347 1587 380 debere
1620 346 1779 379 voluimus

1031 406 1063 434 et
1083 401 1328 439 declaravimus,
1353 411 1470 444 easque
1496 400 1535 433 ab
1561 399 1702 444 ipsarum
1726 401 1779 433 de-

1032 454 1189 487 eimarum
1219 454 1390 493 solutione,
1415 453 1622 491 nominatim,
1655 454 1775 487 exemi-

1034 518 1104 540 mus
1125 513 1154 540 et
1177 507 1394 541 liberavimus.

1078 562 1141 605 §2
1167 563 1256 606 Ipsae
1282 568 1388 596 tamen
1421 562 1693 605 Congregationes
1720 573 1776 595 ur—

1033 621 1143 659 gentes
1164 616 1369 649 necessitates
1382 621 1506 649 nostras
1525 616 1776 655 considerantes,

1034 680 1070 703 ac
1092 675 1313 713 opportunum
1335 670 1467 714 aliquod
1487 670 1667 703 subsidium
1687 670 1780 703 nohis

1033 728 1197 767 praestare
1226 722 1390 763 volentes,
1426 734 1586 757 summam
1617 724 1781 766 sexaginta

1035 776 1170 809 millium
1193 782 1357 810 scutorum
1381 782 1529 810 monetae
1544 788 1577 811 se
1599 777 1702 817 nobis,
1720 777 1782 811 hoc

1034 840 1130 869 anno,
1154 835 1371 874 praestaturas
1389 841 1457 864 esse
1471 831 1668 871 obtulerunt,
1684 841 1779 875 quam

1035 894 1094 917 nos
1115 884 1312 917 oblationem
1334 890 1456 927 gratam
1475 884 1666 925 habuimus,
1682 896 1718 918 ac
1739 885 1782 918 vi-

1036 937 1155 977 cissim,
1179 948 1218 971 ne
1246 938 1333 981 ipsae
1356 938 1626 981 Congregationes
1646 938 1780 972 nimium

1036 990 1110 1023 inde
1132 991 1336 1034 dispendium
1370 996 1400 1024 et
1422 992 1576 1024 damnum
1606 992 1778 1036 patiantur,

1036 1043 1272 1087 providendum
1295 1044 1490 1078 censuimus.

1082 1098 1098 1139 ἓ
1119 1096 1149 1130 3.
1174 1098 1308 1137 Idcirco,
1340 1108 1412 1131 cum
1442 1109 1460 1131 a
1482 1098 1636 1132 ministris
1664 1100 1782 1132 nostris

1036 1151 1262 1191 carnei-atibus,
1287 1152 1342 1195 qui
1364 1152 1529 1194 negotium
1552 1163 1623 1185 cum
1654 1163 1782 1185 earum-

1037 1205 1109 1238 dem
1128 1205 1422 1249 Congregationum
1448 1206 1715 1250 procuratoribus
1733 1206 1781 1239 di-

1036 1259 1173 1302 ligenter
1190 1259 1425 1300 consultarunt,
1443 1261 1579 1293 relatum
1602 1260 1694 1293 nobis
1716 1260 1784 1294 fue-

1037 1312 1088 1353 rit,
1112 1313 1383 1356 Congregationes
1402 1313 1497 1357 ipsas,
1519 1324 1601 1358 quae
1622 1324 1783 1346 summam

1035 1366 1235 1410 praedictam
1266 1366 1298 1399 in
1328 1372 1482 1411 promptu
1513 1378 1578 1401 non
1612 1367 1780 1408 haberent,

1035 1420 1156 1464 absque
1177 1420 1371 1454 alienatione
1396 1420 1580 1465 aliquorum
1608 1421 1781 1461 bonorum,

1035 1474 1125 1506 nulla
1146 1474 1209 1507 alia
1231 1473 1337 1507 minus
1358 1474 1514 1508 damnosa
1531 1480 1562 1507 et
1579 1475 1785 1519 dispendiosa

1038 1529 1172 1568 ratione,
1193 1539 1354 1562 summam
1381 1529 1579 1572 praedictam
1608 1540 1784 1571 congerere

1036 1594 1139 1626 posse,
1165 1594 1261 1627 quam
1284 1584 1309 1616 si
1330 1594 1388 1616 nos
1409 1584 1455 1617 eis
1475 1584 1615 1626 augendi
1642 1590 1784 1617 montem

1036 1638 1261 1675 novennalem,
1279 1637 1438 1680 assignata
1452 1638 1511 1682 ipsi
1531 1637 1632 1670 monti
1655 1649 1671 1670 a
1692 1637 1785 1671 dictis

1036 1691 1345 1733 Congregationibus
1370 1697 1457 1724 certa
1487 1691 1671 1724 reddituum
1691 1701 1781 1724 sum-

1037 1754 1100 1781 ma,
1124 1755 1207 1788 quae
1228 1744 1324 1778 etiam
1346 1750 1492 1788 tempore
1514 1745 1616 1778 felicis
1634 1745 1784 1778 recorda-

1038 1798 1134 1831 tionis
1154 1798 1200 1831 Pii
1226 1798 1330 1842 Papae
1351 1798 1385 1838 V,
1410 1798 1449 1831 ab
1470 1798 1546 1842 ipsis
1567 1799 1632 1832 sere
1659 1799 1784 1842 persol-

1036 1851 1181 1891 vebatur,
1206 1851 1368 1885 licentiam
1395 1857 1490 1896 atque
1516 1852 1698 1885 facultatem
1730 1853 1785 1885 tri-

1038 1906 1231 1945 bueremus3
1266 1911 1356 1938 motu
1390 1905 1524 1949 proprio
1559 1911 1586 1939 et
1628 1917 1664 1938 ex
1698 1912 1786 1939 certa

1037 1958 1171 1991 scientia
1192 1964 1312 1999 nostra,
1332 1959 1641 2001 Congregationibus
1658 1959 1786 2002 praedi-

1038 2012 1107 2051 ctis,
1131 2012 1311 2046 Cassinensi
1341 2011 1496 2045 nimirum
1527 2018 1555 2045 et
1586 2013 1700 2046 Montis
1721 2012 1785 2046 Oli-

1038 2065 1114 2103 1611,
1139 2065 1267 2099 Ordinis
1299 2066 1329 2099 S.
1354 2066 1529 2103 Benedicti,
1563 2066 1785 2100 Lateranensis

1037 2119 1272 2152 Canonicorum
1282 2120 1494 2162 regularium,
1509 2120 1568 2153 suli
1582 2120 1694 2162 regula
1706 2120 1785 2154 San-

1038 2173 1079 2206 cti
1100 2173 1280 2216 Augustini,
1304 2173 1601 2213 Carthusianorum,
1618 2173 1786 2207 Camaldu-

1038 2226 1128 2267 lensi,
1152 2226 1418 2267 Coelesfinorum,
1443 2227 1472 2260 S.
1490 2227 1663 2260 Salvatoris
1681 2228 1785 2261 Bono-

1037 2280 1173 2317 niensis,
1198 2280 1293 2313 etiam
1315 2280 1551 2314 Canonicorum
1572 2281 1781 2323 regularium.

1037 2333 1133 2366 Vallis
1153 2334 1343 2374 Umbrosae,
1366 2334 1602 2367 C1·uciserorum
1625 2340 1654 2368 et
1677 2335 1784 2368 Sancti

1037 2387 1166 2429 Georgii
1188 2387 1219 2420 in
1234 2388 1323 2430 Alga,
1340 2387 1462 2431 pariter
1481 2387 1716 2431 Canonicorum
1735 2399 1784 2422 re-

1037 2440 1211 2483 gularium,
1235 2441 1494 2474 Cisterciensiuni
1525 2452 1654 2485 quoque
1684 2442 1781 2475 Lom-

1037 2494 1180 2532 bardiae,
1198 2506 1235 2527 ac
1255 2495 1284 2528 S.
1302 2494 1500 2539 Hieronymi,
1517 2506 1630 2529 eorum
1651 2507 1785 2543 gcpera-

1038 2548 1121 2581 libus
1134 2547 1412 2592 procuratoribus,
1423 2549 1569 2593 quamvis
1583 2550 1621 2583 ad
1641 2550 1700 2583 hoc
1714 2560 1785 2594 spe-

1037 2602 1117 2635 ciale
1144 2602 1332 2636 mandatum
1352 2612 1418 2636 non
1438 2602 1589 2644 habeant,
1613 2608 1647 2637 ut
1676 2603 1783 2637 dilecti

1823 574 1913 594 Easdem
1930 580 1979 593 vnto

1801 600 1981 630 Congrcgationvz

1795 628 1911 648 subsidium
1922 634 1981 647 suti·

1796 656 1853 679 ginta
1891 655 1978 674 millium

1795 683 1902 701 scutorum
1922 681 1981 701 clitu-

1797 709 1852 728 lisso.

1846 1109 1915 1133 Quare
1939 1109 1982 1128 Uto-

1798 1143 1856 1157 mens
1872 1136 1899 1155 ad
1910 1142 1933 1156 oa
1946 1142 1981 1161 1¹³-

1798 1163 1871 1187 rantla,
1882 1163 1907 1183 its
1918 1163 1982 1183 sacul-

1799 1192 1863 1210 tatem
1886 1190 1981 1210 cunt-mlii

1799 1219 1888 1238 trientem
1905 1222 1983 1236 novt-n-

1798 1244 1867 1264 natem
1885 1243 1983 1269 angendi.
