2253 3195
259 242 307 268 Αη.
331 242 357 268 C.
379 241 445 269 1596

280 1094 317 1114 Vel
328 1100 446 1120 quomrum·

264 1126 305 1147 que
314 1121 404 1141 savorem
413 1126 447 1141 ca-

266 1150 332 1173 ptare.

285 1359 368 1380 Poenae
377 1361 449 1380 cotnra

266 1389 436 1411 transgressorem

490 232 554 265 ⁰278

458 301 510 324 me
534 290 636 330 decet,
655 295 719 322 ta'm
740 299 798 333 per
814 289 938 322 litteras
967 293 998 322 et
1017 287 1194 322 memoria-

458 344 510 384 lia,
534 354 629 387 quam
655 348 806 375 oretenus
831 352 890 386 per
913 352 958 382 se,
989 342 1037 374 vel
1058 352 1117 386 per
1133 341 1194 375 ali—

458 407 553 441 quam
574 394 796 439 interpositam
814 404 997 438 personam,
1012 395 1133 428 directe
1149 394 1196 428 vel

458 449 624 488 indirecte,
640 447 734 480 tacite
742 447 791 480 vel
803 458 962 491 expresse,
977 448 1089 491 quovis
1101 458 1199 492 quae-

458 502 518 535 sito
539 501 647 534 colore
660 500 708 534 vel
726 500 868 543 ingenio,
892 500 1076 543 significare
1092 507 1123 534 et
1139 511 1198 534 no-

462 562 508 588 tas
536 554 639 587 tacere
659 553 699 586 de
725 563 838 586 eorum
869 553 1042 598 praelatis,
1076 559 1131 587 aut
1161 554 1200 587 de

459 607 610 641 omnibus
637 612 669 640 et
687 606 823 649 singulis
850 606 994 640 eiusdem
1015 607 1198 650 Congrega—

460 660 555 693 tionis
575 659 749 700 canonicis,
770 659 934 701 fratribus,
960 666 1016 693 aut
1041 659 1201 693 conversis

458 723 556 758 supra
575 713 760 753 nominatis,
776 723 874 757 penes
887 713 1071 757 praedictas
1090 724 1201 758 perso-

459 777 516 800 nas
529 766 695 810 conqueri,
718 772 774 800 aut
785 776 894 800 coram
915 766 978 800 illis
998 765 1106 810 aliqua
1119 766 1203 810 ipso-

460 830 533 853 rum
553 820 773 864 praelatorum
803 825 835 852 et
858 819 1018 853 dictarum
1043 829 1200 863 persona-

462 883 532 907 mm
554 872 691 907 crimina
720 872 885 913 obiicere,
912 878 967 906 aut
995 872 1057 905 alia
1084 872 1200 913 facere,

461 927 568 960 dicere
589 932 620 960 et
643 932 798 967 tractare,
838 936 922 970 quae
947 927 987 959 ad
1012 926 1202 969 religionem

461 991 516 1014 seu
537 980 706 1023 religiosos
727 980 813 1025 ipsos
833 980 1026 1025 pertineant.

507 1036 523 1077 5
544 1034 574 1068 3.
598 1035 709 1079 Neque
729 1045 789 1079 pro
810 1034 1011 1075 remissione,
1034 1040 1089 1068 aut
1115 1035 1201 1068 rela-

463 1087 589 1121 xatione
615 1098 795 1132 poenarum
811 1115 818 1128 ‚
852 1098 909 1121 seu
929 1087 1203 1132 poenitentiarum

463 1152 577 1175 eomm
598 1142 739 1174 savorem
755 1146 787 1174 et
799 1141 1014 1185 patrocinium
1038 1140 1204 1184 requirere

465 1195 512 1229 vel
534 1194 710 1239 implorare
725 1221 732 1235 ,
755 1194 804 1228 vel
829 1194 891 1227 illis
917 1194 1003 1228 ultro
1032 1194 1138 1227 delata
1159 1194 1203 1228 uti

464 1248 605 1281 audeant
623 1258 679 1281 seu
699 1253 917 1292 praesumant.

510 1302 526 1344 g
551 1300 582 1334 4.
606 1300 664 1340 Qui
683 1300 804 1334 veroin
825 1301 935 1345 aliquo
952 1301 1204 1345 praemissorum

466 1360 578 1388 contra
590 1354 807 1399 praesentium
830 1359 975 1387 tenorem
997 1354 1125 1394 venire,
1151 1360 1207 1388 aut

465 1407 586 1452 aliquid
599 1413 756 1441 attentare
770 1407 1054 1452 praesumpserint,
1069 1417 1123 1441 eos
1133 1418 1207 1451 per-

465 1464 581 1505 petuae
594 1460 782 1505 privationis
802 1461 923 1494 activae
947 1466 978 1494 et
997 1460 1140 1505 passivae
1154 1471 1207 1494 vo-

465 1514 519 1555 cis,
543 1525 580 1547 ac
599 1514 804 1557 dignitatum,
821 1513 1002 1548 officiorum
1016 1520 1046 1547 et
1062 1513 1203 1548 admini-

465 1568 656 1601 strationum
671 1578 966 1612 quarumcumque,
982 1567 1207 1601 inhabilitatis-

465 1632 527 1664 que
547 1621 587 1654 ad
602 1621 656 1654 illa
669 1626 699 1654 et
713 1620 776 1654 alia
795 1620 1006 1665 imposterum
1017 1620 1203 1660 obtitfenda,

465 1674 666 1718 carcerisque
689 1674 982 1718 mancipationibus
1002 1673 1098 1708 unius
1117 1674 1204 1714 anni,

465 1728 546 1761 acin
567 1728 718 1761 omnibus
739 1728 861 1772 quartis
881 1734 911 1761 et
938 1727 1034 1761 sextis
1054 1727 1141 1761 seriis
1161 1727 1208 1761 di-

466 1781 633 1825 sciplinam
647 1781 679 1814 in
701 1781 872 1815 refectorio
889 1781 1076 1825 suscipiant,
1100 1787 1131 1814 ct
1150 1781 1209 1814 ibi-

468 1835 540 1867 dem
574 1845 690 1878 panem
722 1840 751 1867 et
783 1844 899 1878 aquam
931 1835 1157 1868 tantummodo
1177 1834 1207 1867 in

469 1894 553 1921 terra
579 1888 784 1921 manducent.
809 1888 953 1927 Poenas,
987 1887 1026 1921 ad
1046 1898 1126 1931 quas
1155 1887 1206 1920 in-

469 1941 646 1975 currendas
670 1941 757 1974 solae
783 1940 1036 1985 appellationum
1062 1940 1207 1985 interpo-

469 1995 611 2036 sitiones,
634 2005 671 2028 ac
688 1994 825 2034 litterae,
846 1993 972 2038 aliaque
993 1999 1105 2027 contra
1119 1999 1210 2028 teno-

471 2059 537 2082 rem
560 2047 744 2082 huiusmodi
764 2053 919 2081 attentata
938 2047 1071 2092 ubique,
1094 2053 1158 2081 tam
1180 2048 1210 2081 in

471 2101 590 2135 iudicio
616 2112 713 2146 quam
739 2107 849 2141 extra,
880 2101 977 2134 tidem
1004 2101 1140 2141 saciant,
1173 2112 1211 2134 eo

471 2157 540 2200 ipso
561 2156 734 2189 incurrisse
758 2162 786 2188 ct
810 2155 976 2189 incurrere
996 2155 1208 2195 declaramuS,

471 2220 655 2253 poenasque
673 2208 858 2242 huiusmodi
879 2219 897 2242 a
919 2208 1011 2242 nobis
1030 2214 1164 2249 tantum,
1181 2214 1212 2242 et

472 2263 615 2295 ttomano
629 2262 784 2296 Pontifici}
796 2261 1014 2300 remittendas,
1029 2267 1141 2295 contra
1158 2272 1212 2295 eos

473 2316 737 2349 irremissibiliter
759 2315 934 2359 infligimus
965 2321 994 2348 ct
1024 2316 1211 2359 promulga-

474 2381 553 2402 nius.

1041 240 1223 264 BULLARIUM
1240 240 1393 265 ROMANUM

1232 288 1431 330 clesiasticis,
1455 295 1489 322 ut
1508 299 1569 334 pro
1589 289 1694 323 dictae
1711 289 1975 333 Congregationis

1232 341 1358 385 quiete,
1382 341 1468 375 illius
1488 341 1656 385 religiosos
1684 349 1908 386 quoscumque
1934 342 1975 375 ad

1233 404 1287 428 eos
1306 395 1413 428 forsan
1434 401 1648 436 recurrentes,
1671 401 1783 429 contra
1801 395 1976 439 praemissa

1233 447 1468 491 delinquentes,
1492 448 1532 481 ad
1561 458 1676 481 eorum
1700 447 1884 492 superiores
1919 458 1973 481 re·

1235 501 1384 542 mittant,
1418 512 1479 535 nec
1505 501 1567 535 illis
1599 502 1709 546 aliquo
1740 502 1840 535 modo
1865 506 1978 535 contra

1235 555 1422 588 earumdem
1442 554 1661 599 praesentium
1676 560 1823 588 tenorem
1839 555 1974 594 faveant,

1235 613 1291 642 aut
1322 608 1460 642 aliorum
1488 608 1641 651 suffragia
1661 607 1860 652 implorandi
1884 617 1978 641 occa-

1236 660 1396 694 casionem
1417 661 1604 705 praebeant;
1625 671 1717 704 reges
1737 666 1857 701 autem,
1880 660 1978 694 duces

1237 720 1268 748 et
1298 714 1460 758 principes
1492 715 1713 759 μῶρον-3185,
1754 724 1792 747 ac
1817 713 1978 747 marchio-

1236 778 1293 802 nes
1313 773 1344 802 et
1373 768 1470 802 etiam
1499 767 1653 809 comites,
1685 767 1918 810 gubernatores
1947 773 1979 801 et

1238 822 1376 855 barones
1399 826 1532 865 paterne
1563 821 1595 854 in
1625 820 1762 855 Domino
1785 820 1975 861 hortamur,

1239 875 1345 919 utqui
1370 875 1552 909 libertatem
1573 874 1821 908 ecclesiasticam
1841 879 1874 908 et
1898 874 1977 908 reli-

1238 928 1402 971 giosorum
1428 928 1581 973 quietern,
1608 933 1639 962 et
1663 927 1886 962 institutorum
1906 937 1981 961 suo-

1240 992 1310 1015 rum
1332 981 1580 1022 observantiam,
1597 987 1764 1025 tamquam
1775 991 1849 1014 vere
1869 980 1980 1014 catho-

1239 1034 1291 1068 lici
1305 1034 1479 1079 principes,
1496 1034 1578 1068 tueri
1592 1039 1773 1076 teneantur,
1788 1033 1884 1067 huius
1899 1034 1981 1068 Con-

1239 1089 1436 1132 gregationis
1460 1098 1651 1133 prosperum
1673 1098 1710 1121 ac
1728 1087 1899 1132 pacificum
1919 1093 1982 1121 sta-

1241 1148 1318 1183 tum,
1348 1141 1402 1186 qui
1424 1153 1460 1175 ex
1485 1141 1738 1186 praemissorum
1758 1141 1982 1175 observatione

1240 1195 1377 1229 maxime
1391 1195 1520 1240 pendet,
1541 1193 1723 1228 conservari
1739 1199 1854 1227 curent
1872 1199 1905 1228 et
1916 1199 1981 1228 stu-

1240 1249 1346 1283 deant.

1285 1302 1300 1346 §
1325 1301 1355 1335 6.
1390 1303 1606 1336 Decernentes
1635 1301 1769 1345 insuper
1795 1307 1981 1345 praesentes

1241 1407 1396 1452 reptionis
1423 1408 1471 1441 vel
1498 1407 1699 1452 obreptionis
1720 1406 1797 1441 vitio
1812 1434 1819 1448 ,
1852 1412 1909 1441 aut
1932 1407 1982 1441 in-

1242 1461 1393 1496 tentionis
1422 1467 1551 1495 nostrae
1570 1489 1577 1502 ,
1611 1462 1660 1495 vel
1685 1471 1894 1506 quocumque
1919 1461 1983 1496 alio

1241 1514 1367 1548 defectu
1389 1514 1515 1555 notari,
1551 1513 1734 1559 impugnari
1754 1514 1800 1548 vel
1833 1513 1983 1557 redargui

1242 1578 1346 1612 posse,
1369 1578 1474 1612 neque
1495 1568 1554 1601 sub
1574 1567 1739 1612 quibusvis
1762 1567 1917 1601 similium
1935 1568 1984 1602 vel

1243 1621 1446 1654 dissimilium
1483 1621 1665 1654 litterarum
1697 1620 1980 1662 revocationibus,

1242 1674 1516 1718 suspensionibus,
1540 1673 1786 1707 limitationibus
1800 1701 1807 1714 ,
1836 1679 1892 1708 aut
1915 1673 1986 1708 aliis

1243 1727 1414 1762 contrariis
1443 1727 1706 1772 dispositionibus
1734 1727 1982 1771 comprehendi,

1243 1781 1298 1815 sed
1318 1791 1468 1825 semper,
1498 1787 1530 1814 et
1549 1786 1707 1825 perpetuo
1726 1779 1848 1814 validas
1867 1786 1900 1814 et
1919 1780 1986 1814 effi-

1244 1845 1334 1868 caces
1354 1834 1500 1874 existere,
1523 1844 1663 1878 suosque
1694 1833 1856 1877 plenarios
1880 1839 1910 1868 et
1930 1833 1982 1868 inu

1245 1894 1350 1931 tegros
1367 1887 1498 1921 effectus
1516 1886 1624 1921 sortiri
1645 1892 1675 1920 et
1695 1887 1853 1927 obtinere;
1875 1887 1986 1932 sicque

1245 1951 1302 1986 per
1321 1951 1543 1985 quoscumque
1561 1940 1683 1974 iudices
1696 1940 1878 1974 ordinarios
1889 1945 1920 1974 et
1932 1941 1988 1975 de-

1245 1995 1366 2037 legatos
1380 2022 1387 2034 ‚
1411 1994 1507 2028 etiam
1529 2004 1700 2028 causarum
1720 1994 1830 2038 palatii
1850 1999 1983 2038 aposto-

1246 2047 1297 2081 lici
1326 2047 1508 2089 auditores,
1532 2058 1568 2081 ac
1586 2047 1616 2081 S.
1640 2048 1676 2081 R.
1700 2047 1733 2081 E.
1758 2047 1938 2082 cardinales
1956 2053 1988 2081 et

1246 2100 1336 2142 alios,
1360 2101 1399 2134 ad
1418 2111 1499 2145 quos
1515 2106 1648 2145 spectat,
1671 2100 1798 2134 sublata
1817 2100 1862 2135 eis
1881 2105 1914 2134 et
1933 2110 1988 2134 eo-

1246 2165 1316 2187 rum
1347 2154 1478 2188 cuilibet
1508 2153 1618 2198 quavis
1642 2153 1736 2187 aliter
1763 2153 1926 2188 iudicandi
1957 2158 1989 2188 et

1247 2207 1478 2252 interpretandi
1500 2207 1649 2241 facultate
1668 2211 1699 2240 et
1719 2206 1918 2248 auctoritate,
1939 2206 1988 2240 iu-

1247 2260 1345 2293 dicari
1367 2266 1398 2294 et
1428 2259 1555 2293 definiri
1576 2260 1695 2293 debere
1711 2287 1718 2301 ,
1754 2270 1791 2293 ae
1812 2259 1937 2293 irritum
1958 2265 1989 2293 et

1248 2313 1341 2347 inane
1371 2313 1528 2357 quidquid
1558 2323 1650 2347 secus
1668 2323 1766 2357 super
1792 2312 1841 2346 his
1860 2323 1876 2346 a
1902 2323 1986 2357 quo-

1247 2379 1366 2412 quam,
1389 2368 1500 2412 quavis
1530 2367 1733 2408 auctoritate,
1767 2367 1907 2401 scienter
1940 2367 1987 2402 vel

1989 239 2037 266 An.
2059 240 2087 267 c.
2105 241 2177 270 1595·
2192 222 2214 250 ”

2035 1310 2134 1331 Praosont

1241 1355 1363 1388 litteras
1389 1355 1478 1388 nullo
1503 1364 1646 1398 unquam
1678 1359 1825 1398 tempore
1849 1354 1889 1388 de
1907 1354 1982 1388 sub·
1995 1337 2112 1384 iiiiii‘simm
2155 1341 2171 1357 ‘*

518 2421 580 2464 §.fr
602 2423 784 2456 tttandantes
805 2422 836 2455 in
857 2422 972 2456 virtute
995 2428 1125 2455 sanctae
1137 2422 1213 2455 olie-

277 2473 459 2524 0..‚¹.¹‘''.'ll.“.'.}','.'.‘.
476 2474 613 2508 ‹lientiae
627 2475 783 2508 universis
796 2480 825 2508 ct
847 2475 981 2516 singulis
1001 2475 1214 2519 archiepisco-

277 2526 460 2573 ffiffiffif’ffl‘*
477 2527 535 2570 pis,
569 2528 728 2572 episcopis
748 2534 776 2560 ct
802 2528 872 2561 aliis
897 2528 1104 2562 ecclesiarum
1124 2538 1215 2572 prae-

479 2580 558 2619 latis,
581 2592 648 2619 seu,
673 2586 706 2613 ut
727 2583 918 2625 praefertur,
947 2581 978 2614 in
1003 2580 1215 2614 ecclesiastica

479 2632 631 2675 dignitate
652 2634 832 2668 constitutis
855 2640 885 2668 et
908 2634 977 2668 aliis
998 2634 1142 2679 personis
1165 2645 1216 2668 cc-

1248 2421 1445 2463 ignoranter,
1468 2420 1639 2463 contigerit
1659 2420 1819 2454 attentari.

1293 2478 1309 2516 ς
1331 2475 1360 2509 7.
1385 2475 1541 2515 Quocirca
1562 2475 1679 2508 dilecto
1704 2474 1771 2508 silio
1795 2474 1912 2508 rectori
1931 2484 1987 2518 ge·
2003 2476 2113 2526 ruff-⁸3:⁰5¹

1250 2529 1350 2562 nei-ati
1370 2528 1632 2571 Congregationis
1653 2528 1836 2572 praedictae
1856 2537 1942 2562 nunc
1957 2533 1989 2562 et
2002 2531 2119 2579 ffifflgffmg
2149 2525 2154 2551 ἶ
2178 2527 2180 2542 ³

1251 2592 1308 2624 pro
1328 2587 1473 2626 tempore
1482 2581 1627 2615 existenti
1641 2591 1699 2625 per
1710 2585 1893 2625 praesentes
1901 2589 1989 2613 com·
2003 2583 2088 2613 quma.

1253 2634 1408 2668 mittimus
1428 2640 1459 2669 ct
1479 2634 1680 2676 mandamus,
1707 2639 1867 2678 quatenus
1891 2644 1986 2678 prae-
