2253 3195
44 232 93 258 An.
111 230 140 257 C.
166 229 232 257 1596

76 393 192 420 Dignitates
207 393 227 412 in

869 226 1014 251 CLEMENS
1032 227 1088 250 Vltt
1108 226 1156 249 FP.

242 278 320 317 tulo,
341 277 602 321 processionibus
616 282 646 310 ct
659 277 729 309 aliis
742 276 865 310 actibus
883 275 986 309 dictae

242 330 428 372 collegiatae
449 330 601 363 ecclesiae
626 330 755 374 praesit,
779 329 985 373 primumque

243 384 349 416 locum
371 389 400 416 et
423 393 531 416 vocem
553 384 679 421 babeat,
700 394 736 416 ac.
756 393 853 415 unam
875 387 984 414 canto-

44 421 74 442 sic
85 422 176 441 erectam
186 419 227 439 col-
263 436 268 441 ,

43 446 142 473 iogiaiam
170 446 228 466 insti-

45 474 142 494 tuendae.

244 447 336 474 riam,
364 447 446 480 quae
466 437 622 476 secunda,
646 447 704 479 pro
738 446 801 469 uno
831 441 981 474 cantore,

243 489 297 533 qui
322 489 463 523 officium
485 489 561 522 cleri
586 495 685 531 regat,
714 495 742 521 et
773 489 903 521 absente
924 487 982 519 de-

243 553 323 575 cano
343 543 422 575 inibi
449 542 545 575 etiam
578 542 718 585 praesit,
743 551 905 584 unamque
930 551 982 572 sa-

243 596 397 635 cristiam,
421 607 504 640 quae
522 595 616 628 tertia
636 595 806 637 dignitates
831 594 982 631 existant,

241 660 301 693 pro
321 660 386 683 uno
406 649 548 689 sacrista,
572 649 625 692 qui
647 659 755 681 rerum
776 654 808 681 et
827 648 986 691 suppelle-

242 703 364 735 ctilium
386 702 417 735 in
439 702 584 735 sacristia
606 701 705 744 ipsius
726 701 912 742 collegiatae
927 712 985 744 pro

243 761 388 799 tempore
409 755 613 789 existentium
635 765 745 787 curam
767 760 868 796 gerat,
886 760 914 787 et
933 765 987 787 eo-

241 820 314 842 rum
340 809 504 845 omnium,
533 819 616 852 quae
637 808 698 841 sibi
727 814 755 841 et
784 808 852 841 sine
877 820 953 840 cura
979 808 984 823 ¹

243 863 413 896 commissa
426 862 557 902 fuerint,
573 862 730 895 rationem
744 861 912 894 Ordinurio
927 862 987 894 toci

244 915 380 948 reddere
400 920 559 955 teneatur,
583 926 620 947 ac
644 914 794 948 undecim
817 914 988 947 canonica-

243 973 304 1008 tus,
328 973 359 1001 et
382 968 514 1001 totidem
536 968 739 1011 praebendae
760 977 818 1011 pro
839 968 988 1000 undecim

244 1021 419 1062 canonicis,
444 1021 498 1064 qui
521 1032 633 1054 omnes
653 1021 748 1053 simul
770 1032 842 1053 cum
865 1021 989 1053 decano

244 1081 375 1108 cantore
402 1080 433 1108 et
459 1075 592 1108 sacrista
622 1074 772 1118 praefatis
806 1075 987 1118 Capitulum

245 1129 434 1171 collegiatae
466 1128 620 1162 ecclcsiae
648 1128 834 1161 huiusmodi
867 1128 987 1161 consti-

244 1187 346 1223 tuant,
359 1193 395 1215 ac
408 1187 548 1225 quatuor
565 1181 835 1215 hebdomadarias
852 1187 987 1215 curatas:

245 1236 277 1269 in
296 1235 380 1269 dicta
400 1245 475 1268 vero
497 1235 630 1268 ecclesia
644 1235 674 1269 S.
691 1235 807 1268 Mariae
827 1236 906 1268 duas
919 1246 992 1279 per-

246 1295 359 1333 petuas
384 1289 518 1322 vicarias
538 1299 598 1332 pro
619 1289 745 1321 duobus
766 1289 929 1332 perpetuis
948 1289 991 1321 ri-

247 1342 351 1383 cariis,
370 1342 424 1386 qui
446 1353 556 1375 curam
575 1342 756 1375 animarum
772 1342 989 1385 parochiano—

247 1407 319 1429 rum
351 1396 536 1429 earumdem
569 1395 806 1439 parochialium
836 1396 990 1429 ecclesia-

246 1460 331 1489 rum,
355 1449 601 1482 hebdomadarii
623 1460 697 1482 vero
719 1449 919 1492 collegiatae,
947 1450 992 1482 vi-

248 1503 325 1537 carii
345 1508 452 1536 autem
474 1503 636 1547 praefatae
657 1503 686 1536 S.
708 1503 824 1536 Mariae
843 1503 993 1536 ecclesia-

249 1567 320 1590 rum
341 1556 528 1589 huiusmodi
554 1561 733 1595 exerceant,
762 1562 792 1589 et
811 1556 873 1588 alia
893 1567 991 1599 paro-

249 1610 365 1643 chialia
377 1620 477 1643 onera
498 1609 559 1642 illis
579 1609 755 1652 respective
775 1610 995 1643 incumbentia

247 1664 402 1703 subeant;
426 1673 552 1696 necnon
574 1663 606 1695 in
628 1664 740 1696 eadem
766 1664 902 1696 ecclesia
922 1664 991 1696 col-

247 1717 362 1760 legiata
382 1727 483 1749 unum
502 1716 679 1755 diaconale‚
693 1727 751 1760 pro
765 1727 830 1750 uno
844 1717 991 1757 diacono,

248 1771 303 1814 qui
333 1770 517 1813 Evangelii,
541 1775 573 1803 et
603 1771 740 1803 alterum
766 1770 995 1803 subdiaconale

247 1824 465 1868 nuncupanda
484 1829 642 1867 perpetua
663 1823 820 1867 simplicia
838 1824 996 1857 beneficia

249 1877 465 1910 ecclesiastica
485 1887 543 1921 pro
564 1887 630 1910 uno
656 1877 854 1910 subdiacono
881 1878 996 1910 suturis

249 1930 326 1964 inibi
348 1930 513 1974 perpetuis
531 1930 743 1971 beneficiatis,
760 1931 814 1974 qui
835 1931 995 1974 Epistolae

250 1984 466 2017 decantationi
492 1983 613 2016 ibidem
646 1984 846 2023 deserviant,
871 1989 902 2016 et
930 1989 994 2016 tam

250 2037 309 2080 ipsi
330 2036 525 2077 beneficiati,
550 2047 648 2079 quam
669 2037 832 2075 decanus,
858 2042 992 2075 cantor,

251 2089 395 2128 sacrista,
413 2089 561 2122 canonici
582 2095 613 2122 et
631 2090 876 2123 hebdomadarii
896 2101 993 2134 prae-

251 2143 304 2176 fati
325 2143 460 2185 singulis
480 2142 592 2176 diebus
612 2143 709 2175 horas
726 2143 896 2176 canonicas
910 2144 998 2176 diur-

251 2207 308 2230 nas
333 2202 364 2230 et
384 2202 580 2235 nocturnas,
602 2208 638 2229 ac
659 2197 792 2235 missas,
817 2202 848 2230 et
869 2197 929 2230 alia
950 2198 998 2229 di-

252 2250 325 2283 vina
345 2250 451 2283 officia
471 2250 503 2282 in
524 2251 637 2283 eadem
665 2250 834 2292 collegiata
864 2250 999 2283 ecclesia

253 2308 378 2337 servata
398 2303 613 2336 ecclesiastica
631 2303 800 2347 disciplina
821 2303 995 2343 celebrare,

255 2358 442 2401 eisdemque
460 2358 623 2398 interesse,
645 2368 681 2390 ac
694 2357 792 2401 ipsius
812 2356 1000 2398 collegiatae

256 2411 410 2444 ecclesiae
435 2411 467 2443 in
489 2410 603 2443 divinis
624 2410 785 2444 deservire
808 2415 996 2448 teneantur,

255 2463 446 2497 auctoritate
464 2470 574 2497 nostra
590 2469 759 2508 perpetuo,
776 2463 844 2496 siue
865 2463 1000 2496 alicuius

255 2517 468 2561 praeiudicio,
483 2517 587 2560 erigas
607 2523 637 2550 et
650 2517 808 2557 instituas,
825 2527 861 2549 ac
882 2516 942 2549 iltis
955 2516 1000 2549 sic

294 2589 304 2614 1
324 2588 351 2614 ln
367 2587 485 2615 editione
509 2596 620 2616 romana
635 2588 668 2615 ad
689 2588 760 2615 hunc
780 2588 868 2615 locum
885 2587 1001 2614 habetur

256 2632 312 2665 sic;
333 2632 385 2667 legi
400 2636 489 2659 tamen
504 2631 586 2659 debet
605 2635 631 2660 ec
649 2641 719 2659 suae
734 2640 830 2660 curae.
917 2633 998 2666 (ns.)

1664 211 1723 244 ”26¹1

1022 274 1134 307 erectis
1155 280 1185 307 et
1213 272 1365 306 institutis
1397 271 1583 313 collegiatae
1611 269 1763 303 ccclesiae

1021 328 1165 361 videlicet
1187 328 1305 360 dictam
1333 325 1501 359 ecclesiam
1529 326 1559 358 S.
1587 323 1702 357 Mariae
1727 334 1763 356 cx

1021 391 1121 419 nunc,
1146 391 1275 413 mensae
1305 389 1381 412 vero
1408 377 1592 422 capitulari,
1616 387 1675 410 nec.
1699 387 1764 409 non

1022 434 1202 470 [lecanatui,
1227 432 1412 469 cantoriae,
1436 431 1618 469 sacristiae,
1650 440 1686 462 ac
1707 440 1761 462 ca—

1021 487 1233 524 nonicatibus,
1258 491 1288 519 et
1312 485 1515 529 praebendis,
1538 484 1762 517 bebdomada-

1022 539 1096 580 riis,
1121 545 1149 572 et
1183 538 1348 572 beneficiis
1380 537 1530 581 praefatis
1561 547 1620 581 pro
1651 547 1765 570 eorum

1021 603 1163 634 congrua
1184 593 1269 629 dote,
1294 598 1323 624 et
1346 591 1399 623 illa
1420 601 1478 634 pro
1510 596 1655 633 tempore
1683 589 1765 622 obti-

1021 645 1165 678 nentium
1194 644 1469 683 substentatione,
1494 653 1695 686 onerumque
1720 642 1764 675 eis

1022 698 1276 731 incumbentium
1290 697 1544 741 supportatione,
1554 696 1698 729 redditus
1710 706 1765 729 an-

1022 762 1103 784 nuos
1124 752 1210 784 mille
1231 757 1409 787 scutorum,
1433 757 1468 783 utv
1488 750 1678 793 praefertur,
1703 750 1763 783 do-

1022 810 1114 837 natos
1127 810 1155 837 et
1175 805 1362 846 assignatos,
1380 804 1476 837 etiam
1498 814 1534 836 ex
1556 813 1652 843 nunc,
1677 813 1767 846 prae-

1023 858 1175 891 stimonia
1192 868 1285 898 vero,
1309 868 1365 891 seu
1391 857 1558 901 portiones
1583 862 1637 889 aut
1664 857 1765 889 bene-

1024 912 1096 945 ficia
1117 917 1147 944 et
1174 911 1368 955 capellanias
1398 910 1583 944 huiusmodi
1599 938 1606 950 ,
1630 921 1712 954 quae
1733 921 1768 943 o-

1024 965 1112 998 mnia
1126 966 1329 1009 personalem
1349 965 1558 998 residentiam
1579 974 1644 998 non
1662 963 1770 1007 requi-

1025 1024 1109 1059 runt,
1139 1029 1212 1051 cum
1233 1018 1375 1062 primum
1397 1029 1455 1061 per
1473 1028 1584 1055 usum,
1614 1016 1711 1049 etiam
1733 1027 1770 1049 ex

1025 1082 1121 1104 causa
1145 1071 1407 1114 permutationis,
1432 1071 1479 1103 vel
1502 1071 1689 1116 decessum,
1714 1080 1771 1102 seu

1025 1124 1257 1168 privationem,
1289 1125 1335 1156 rel
1368 1123 1514 1167 quamvis
1543 1123 1640 1156 aliam
1672 1123 1771 1156 omis-

1025 1177 1169 1214 sionem,
1193 1177 1241 1210 vel
1274 1177 1496 1209 dimissionem
1529 1176 1584 1208 illa
1617 1186 1673 1208 seu
1702 1175 1772 1208 illas

1775 220 1824 247 An.
1841 220 1870 246 C.
1894 220 1962 246 '1555ss

1807 655 1910 676 lteilslitus
1928 660 1965 680 pro

1780 682 1875 708 Capitur·
1885 681 1936 701 mibi
1946 688 1966 701 p.

1780 711 1838 730 recto
1858 714 1966 733 assuman-

1781 739 1820 757 tur.

1026 1232 1065 1264 ad
1086 1241 1239 1274 praesens
1264 1230 1495 1269 obtinentium,
1520 1235 1575 1263 aut
1595 1230 1673 1262 alias
1693 1240 1773 1273 quo·
1808 1254 1810 1256 v

1027 1285 1071 1317 vis
1102 1285 1199 1317 modo
1236 1284 1332 1317 etiam
1365 1285 1450 1327 apud
1482 1283 1597 1317 Sedem
1631 1286 1770 1326 Aposto-

1028 1338 1133 1376 licam,
1158 1343 1189 1370 et
1209 1337 1241 1370 in
1262 1338 1371 1381 aliquo
1397 1348 1435 1370 ex
1456 1337 1621 1370 mensibus
1646 1337 1679 1368 in
1700 1336 1773 1380 qui-

1028 1392 1087 1425 bus
1111 1391 1292 1424 vacantium
1314 1390 1548 1424 beneficiorum
1575 1389 1770 1423 ecclesiasti-

1029 1457 1141 1480 corum
1163 1445 1329 1490 dispositio
1363 1445 1455 1478 nobis
1476 1450 1507 1478 et
1522 1446 1668 1478 Romano
1688 1445 1773 1477 Pon-

1030 1500 1106 1532 tifici
1127 1510 1186 1543 pro
1215 1505 1361 1543 tempore
1393 1498 1563 1537 existenti,
1588 1498 1637 1531 vel
1669 1497 1774 1531 dictae

1029 1554 1101 1588 Sedi
1120 1553 1216 1586 etiam
1230 1564 1289 1596 per
1302 1553 1546 1586 constitutiones
1567 1552 1771 1596 apostolicas,

1029 1619 1085 1641 seu
1105 1607 1320 1641 Cancellariae
1338 1606 1534 1650 apostolicae
1554 1605 1682 1648 regulas
1695 1632 1702 1645 ,
1726 1606 1774 1637 vel

1030 1662 1125 1694 etiam
1146 1661 1270 1694 ratione
1293 1659 1452 1693 facultatis
1481 1659 1654 1692 continuae
1681 1668 1772 1691 com-

1031 1714 1241 1747 mensalitatis
1273 1713 1409 1746 alicuius
1430 1713 1460 1746 S.
1486 1713 1521 1745 R.
1546 1713 1579 1745 E.
1603 1712 1776 1745 cardinalis

1030 1769 1127 1802 etiam
1151 1767 1296 1807 viventis,
1318 1772 1349 1800 et
1369 1767 1447 1800 alias
1468 1765 1730 1810 quomodolibet,
1748 1770 1778 1799 et

1031 1823 1259 1865 undecumque
1279 1825 1403 1854 servata
1423 1819 1546 1859 existat,
1570 1830 1606 1852 ac
1626 1829 1685 1862 pro
1696 1824 1778 1851 tem-

1030 1886 1108 1920 pore
1141 1874 1254 1914 suerit,
1278 1884 1334 1907 seu
1366 1873 1539 1907 ordinariis
1569 1872 1779 1906 collatoribus

1031 1929 1126 1962 etiam
1147 1939 1205 1972 per
1233 1928 1362 1961 easdem
1384 1926 1630 1960 constitutiones
1660 1931 1690 1959 et
1726 1936 1778 1959 re-

1031 1983 1142 2025 gulas,
1171 1992 1227 2014 seu
1256 1981 1379 2013 litteras
1412 1979 1697 2019 alternativarum‚
1725 1984 1780 2011 aut

1031 2036 1092 2068 alia
1106 2034 1273 2078 privilegia
1294 2039 1325 2067 et.
1346 2033 1470 2066 indulta
1489 2032 1650 2065 concessis
1670 2032 1779 2065 hacte-

1032 2100 1102 2129 nus,
1127 2094 1158 2121 et
1188 2088 1220 2120 in
1249 2093 1415 2131 posterum
1441 2085 1657 2119 concedendis
1682 2085 1777 2118 simul

1033 2143 1080 2176 vel
1102 2141 1290 2181 successive,
1307 2151 1343 2173 ac
1365 2141 1636 2184 quandocumque
1658 2144 1689 2171 et
1708 2138 1780 2171 ubi-

1033 2206 1172 2239 cumque
1189 2194 1358 2233 vacabunt,
1380 2193 1504 2226 etiamsi
1531 2198 1604 2225 actu
1625 2202 1722 2231 nune,
1746 2197 1781 2224 ut

1034 2250 1223 2292 praefertur,
1234 2253 1289 2281 aut
1300 2247 1370 2280 aliis
1384 2246 1548 2290 quibusvis
1562 2245 1667 2279 modis
1681 2245 1778 2278 etiam

1034 2314 1070 2335 ex
1091 2302 1229 2335 aliorum
1250 2310 1532 2345 quorumcumque
1551 2299 1707 2343 personis,
1724 2309 1781 2332 seu

1035 2356 1152 2388 liberas
1172 2354 1476 2399 praefatoruin,vel,
1501 2357 1572 2393 etc,
1594 2353 1704 2393 factas,
1728 2357 1782 2385 aut

1035 2408 1281 2445 assecutionem,
1305 2412 1376 2445 etc„
1401 2411 1512 2439 vacent
1537 2405 1662 2439 etiamsi
1692 2410 1781 2439 tanto

1036 2468 1191 2506 tempore,
1207 2465 1278 2501 etc„
1302 2461 1462 2497 devoluta,
1480 2470 1516 2493 ac
1537 2459 1778 2503 praestimonia,

1035 2526 1091 2548 seu
1111 2514 1286 2558 portiones,
1320 2518 1375 2546 aut
1395 2512 1553 2546 beneficia
1578 2518 1609 2546 et
1645 2513 1782 2556 capella—

1036 2568 1107 2601 niae
1133 2567 1319 2600 huiusmodi
1351 2566 1554 2611 dispositioni
1586 2565 1782 2610 apostolicae

1035 2622 1227 2666 specialiter,
1239 2621 1288 2654 vel
1306 2620 1384 2654 alias
1396 2619 1591 2663 generaliter
1607 2624 1779 2660 reservata,
