2253 3195
71 279 121 306 An.
137 279 164 306 C.
189 278 256 306 ¹599

70 423 126 442 tatur
137 423 159 440 ut
174 425 254 440 muneri

882 280 1030 304 CLEMENS
1050 280 1107 304 vm
1127 281 1178 304 PP-

1689 267 1753 301 525

316 329 332 370 ἓ
354 327 383 360 2.
408 327 498 366 Quod
520 328 617 370 igitur
639 339 723 362 anno
744 329 911 372 superiore
932 329 1010 362 seci--
1049 329 1143 369 istas,
1175 339 1256 372 quae
1287 334 1380 361 antea
1400 333 1490 361 erant
1518 328 1599 361 sicut
1618 327 1786 371 paradisus

82 393 255 422 zvaramma-5
271 392 342 414 mus
368 392 426 425 per
453 383 645 426 apostolicas
665 389 790 416 nostras
811 383 945 423 litteras,
971 388 1009 420 te,
1046 382 1183 422 Domini,
1207 383 1262 415 sed
1291 392 1403 425 vepres
1424 381 1515 414 multi
1537 386 1568 414 et
1587 380 1697 424 spinae
1715 391 1786 413 suc-

72 453 109 468 suo
144 446 255 471 diiigenter
271 436 368 468 frater
389 435 646 480 archiepiscope,
675 442 705 469 et
725 447 789 476 vos,
814 437 924 469 fratres
945 436 1012 479 epi·
1048 440 1218 467 creverunt
1237 440 1283 474 et,
1305 434 1539 467 dormientibus
1560 433 1693 473 colonis,
1720 433 1782 465 ini-

71 473 202 494 intenttentes
210 473 254 492 :mi-

71 500 255 521 marufflsaiuu.et
270 488 370 532 scopi,
392 489 506 522 iterum
521 490 708 528 salutamus,
724 489 840 521 iterum
856 500 890 521 ex
904 495 1013 521 nostra
1049 487 1149 520 micus
1182 487 1279 520 homo
1315 487 1581 531 superseminavit
1612 486 1782 525 zizaniam;

71 526 120 547 fidet
137 525 255 546 catholic-ie

72 554 183 577 augmento
225 552 254 572 m-
270 541 424 584 pastorali
463 541 680 574 sollicitudine
719 548 748 574 et
787 542 853 574 zelo
874 541 1012 584 permoti
1049 541 1137 574 multi
1152 552 1276 574 morum
1290 542 1558 579 erroresmultae
1573 541 1787 584 corruptelae,

71 580 177 600 cumbam.

271 594 436 627 charitatis
449 594 574 633 Christi,
592 595 646 638 qui
661 605 716 628 cor
730 601 874 627 nostrum
893 594 1008 634 exedit,

271 648 310 680 ad
328 659 426 691 opera
446 654 477 681 et
497 648 622 681 labores
641 648 839 692 episcopales
859 659 914 680 ves
935 648 1013 680 invi-

271 707 386 741 tamus,
410 702 449 734 ad
470 712 551 744 quos
575 712 592 734 a
624 712 750 734 summo
782 701 1012 745 patrefamilias

270 754 371 787 vocati
397 761 427 787 et
447 755 596 787 conducti
627 765 756 795 sumus,
792 754 915 796 magnis
935 764 1010 787 sane

269 807 423 851 praemiis
443 813 472 840 et
487 808 625 848 coronis,
641 814 736 851 atque
754 808 814 841 hoc
836 808 939 851 ipsum
954 818 1010 851 pa-

269 861 352 894 terni
373 872 448 904 erga
474 872 528 894 vos
557 861 676 895 amoris
711 861 812 895 nostri
844 862 1006 901 officium,

269 920 357 948 tanto
376 925 461 948 nunc
481 915 633 948 libentius
654 920 684 948 et
703 915 874 948 iucundius
895 915 1010 959 repeti-

270 979 352 1009 mus,
377 974 498 1012 quanto
520 969 676 1002 maiorem
699 969 784 1012 apud
797 979 852 1002 vos
865 969 1009 1002 admoni-

268 1022 383 1062 tiones,
408 1028 438 1055 et
458 1022 695 1055 cohortationes
715 1027 839 1055 nostras
864 1022 927 1055 vim
952 1023 1009 1055 ha-

269 1075 378 1109 buisse
395 1075 620 1119 perspicimus,
633 1086 714 1118 quae
735 1081 819 1108 certe
834 1086 871 1109 ex
884 1076 1009 1108 ardenti

269 1130 376 1163 studio
395 1135 425 1162 et
438 1129 599 1162 desiderio
617 1129 728 1162 salutis
742 1129 922 1162 animarum
937 1140 1010 1172 pro-

270 1189 413 1216 manant.
437 1183 527 1216 Nunc
548 1192 624 1225 ergo
644 1193 700 1215 vos
720 1188 885 1215 currentes
909 1182 1010 1224 magis

269 1236 437 1280 magisque
468 1236 661 1276 incitamus,
691 1235 736 1268 sic
757 1235 877 1268 currite
897 1235 928 1268 in
949 1235 1010 1268 hoc

268 1289 424 1333 spirituali
437 1288 542 1322 studio
555 1294 590 1322 ut
602 1288 894 1332 comprehendatis.
913 1288 1010 1322 Num-

269 1353 365 1386 quam
380 1343 465 1376 enim
487 1343 688 1382 cessandum,
706 1353 883 1386 numquam
898 1342 930 1375 in
945 1353 1010 1376 me-

269 1396 323 1430 dio
354 1407 451 1430 cursu
479 1396 708 1436 insistendum,
739 1407 843 1440 neque
876 1407 953 1430 cura
981 1402 1011 1430 et

270 1447 435 1490 diligentia
469 1453 572 1481 vestra
600 1447 810 1488 remittenda3
843 1448 898 1482 sed
929 1459 1010 1492 quae

270 1507 355 1534 retro
376 1501 507 1545 quidem
534 1506 608 1534 sunt
634 1507 664 1535 et
690 1501 902 1545 praeteriere,
931 1513 1011 1546 quo-

271 1554 446 1588 dammodo
466 1554 577 1595 oblita,
601 1555 641 1588 ad
661 1554 852 1595 remotiora,
876 1566 958 1599 quae
978 1555 1010 1588 in

270 1614 443 1652 conspectu
453 1613 557 1641 vestro
571 1614 656 1647 sunt,
674 1619 728 1641 vos
741 1608 826 1652 ipsos
840 1609 1010 1648 extendite,

269 1661 382 1702 donec,
399 1661 501 1704 gratia
513 1661 567 1694 Dei
582 1661 749 1702 adiutrice,
766 1662 957 1705 perveniatis
971 1663 1010 1696 ad

270 1714 464 1747 destinatum
486 1724 619 1758 scopum
641 1720 671 1747 et
691 1715 872 1758 praemium
899 1726 1011 1759 super-

268 1777 328 1801 nae
349 1767 524 1800 vocationis
541 1767 596 1801 Dei
618 1767 650 1800 in
668 1767 790 1801 Christo
808 1769 888 1801 Iesu.
913 1769 1010 1803 Vobis

269 1821 355 1855 enim
374 1832 440 1855 non
460 1821 679 1866 corruptibilis
697 1832 816 1855 corona
846 1824 1011 1867 proposita

269 1881 333 1916 est,
357 1875 412 1908 sed
440 1874 629 1919 incorrupta
653 1881 685 1908 et
704 1886 786 1919 quae
815 1876 902 1909 nulla
923 1882 1007 1910 tem-

268 1927 357 1972 poris
377 1928 587 1962 diuturnitate
609 1929 787 1962 marcescit.
812 1929 903 1968 Quod
927 1930 952 1963 si
974 1930 1006 1971 ii,

269 1981 324 2024 qui
356 1981 493 2014 terrenis
524 1987 554 2015 et
582 1981 712 2015 caducis
732 1982 848 2015 divitiis
868 1993 1006 2026 congre-

268 2034 381 2077 gandis
398 2034 532 2075 inhiant,
554 2040 656 2069 tantos
669 2036 795 2070 labores
816 2037 1005 2081 suscipiunt,

271 2089 364 2122 tantis
384 2089 556 2122 sudoribus
576 2090 696 2133 seipsos
718 2098 886 2132 exercent,
917 2102 1010 2135 agros

269 2147 407 2181 novant,
427 2147 545 2174 terram
568 2148 678 2183 arant,
702 2143 807 2177 sulcos
828 2144 922 2178 altius
943 2145 1006 2178 im-

268 2195 433 2239 primunt,
469 2201 499 2228 et
530 2195 651 2228 iteratis
678 2196 877 2230 arationibus
905 2199 1008 2231 solum

269 2248 481 2292 proscindunt
511 2254 546 2282 ut
580 2249 684 2282 foetus
718 2250 884 2284 uberiores
918 2252 1006 2292 edat3

269 2301 347 2345 quid
382 2312 437 2334 vos
468 2302 596 2334 tandem
630 2302 734 2335 facere
752 2309 879 2346 oportet
899 2303 930 2336 in
951 2304 1011 2337 hac

269 2355 427 2399 spirituali
448 2356 596 2388 cultura‘?
628 2355 682 2399 qui
715 2356 842 2390 labores
867 2368 931 2390 non
952 2369 1007 2391 su-

269 2408 417 2442 beundi?
444 2408 540 2442 etiam
568 2409 594 2442 si
622 2420 693 2443 cum
716 2409 792 2443 ssetu
814 2416 844 2443 et
863 2411 1011 2455 lacrymis

270 2462 426 2495 arandum
455 2469 486 2495 et
512 2463 684 2496 serendum
711 2464 772 2504 sit,
796 2469 830 2496 ut
849 2464 1012 2498 venientes

270 2515 366 2558 paulo
388 2521 459 2558 post
476 2516 611 2549 veniatis
632 2527 704 2549 cum
726 2517 919 2550 exultatione
938 2518 1008 2551 ani-

271 2580 409 2609 marum,
431 2580 509 2612 quas
522 2570 645 2603 Christo
662 2570 775 2603 lucrati
790 2571 893 2611 eritis,
912 2572 1012 2604 mani-

270 2623 363 2666 pulos
381 2622 571 2656 laetissimos
591 2625 812 2667 reportantes?
830 2625 919 2658 Nunc
935 2636 1011 2668 ergo

271 2675 371 2710 levate
408 2676 518 2710 oculos
539 2683 658 2711 vestros
679 2684 709 2712 et
739 2678 844 2712 videte
865 2679 1012 2723 regiones

1047 601 1077 628 et
1097 595 1183 638 quod
1205 596 1381 628 luctuosius
1402 601 1462 635 est,
1484 595 1603 628 multae
1623 595 1783 634 haereses,

1046 654 1209 692 tamquam
1238 649 1352 692 stirpes
1383 655 1411 681 et
1433 649 1528 682 erbae
1553 653 1726 681 venenatae
1757 653 1788 681 et

1046 702 1215 745 pestiferae
1225 702 1255 734 in
1266 712 1365 743 regno
1379 701 1437 734 isto
1450 701 1649 745 amplissimo
1659 707 1786 734 exortae

1045 761 1141 795 sunt,
1164 756 1219 788 sed
1240 755 1345 788 nativa
1360 755 1413 787 illa
1431 756 1627 788 Francorum
1646 754 1783 795 bonitas,

1046 814 1076 841 et
1097 814 1260 852 tamquam
1281 808 1487 850 ingeneratus
1508 808 1690 840 animorum
1712 818 1787 840 can·

1045 862 1125 901 dor,
1160 862 1250 905 quasi
1282 861 1440 905 quaedam
1477 871 1630 903 agrorum
1657 861 1786 893 ubertas

1045 916 1150 948 adhuc
1168 921 1327 955 remanet,
1353 915 1467 954 modo,
1492 925 1545 947 vos
1564 914 1724 958 episcopi,
1753 914 1785 946 in

1046 969 1172 1001 illorum
1193 968 1365 1008 culturam,
1391 978 1507 1009 magna
1528 967 1696 1007 industria,
1719 978 1786 1000 ma-

1045 1032 1107 1063 gna
1128 1021 1292 1064 diligentia
1313 1021 1525 1060 incumbatis,
1549 1020 1743 1067 confidimus
1754 1020 1786 1053 in

1044 1075 1191 1115 Domino,
1212 1075 1299 1118 quod
1320 1074 1441 1117 gratiae
1461 1085 1537 1108 suae
1559 1084 1631 1107 rore
1653 1074 1787 1107 foecun-

1045 1129 1134 1161 dabit
1154 1134 1272 1161 terram
1294 1128 1408 1165 istam,
1444 1133 1475 1161 et
1509 1128 1691 1170 germinare
1715 1138 1785 1160 eam

1045 1182 1139 1215 faciet
1159 1182 1239 1214 sicut
1260 1181 1349 1225 prius
1367 1181 1511 1223 germina
1532 1181 1660 1224 pietatis
1681 1186 1711 1214 et.
1735 1191 1786 1213 re-

1046 1235 1184 1278 ligionis,
1207 1241 1237 1268 et
1257 1245 1338 1278 quae
1359 1245 1414 1267 vos
1434 1234 1667 1267 seminaveritis
1687 1234 1740 1278 pia
1757 1240 1788 1267 et

1044 1294 1163 1329 saneta,
1187 1288 1299 1322 eadem
1318 1288 1527 1321 benedicente
1551 1288 1688 1321 Domino
1714 1298 1784 1321 me-

1046 1342 1126 1383 tetis,
1148 1347 1178 1375 et
1192 1342 1330 1374 fructum
1352 1341 1487 1374 multum
1503 1340 1740 1383 congregabitis
1754 1341 1786 1374 in

1044 1396 1140 1429 vitam
1162 1402 1339 1429 aeternam.

1090 1450 1104 1494 ἓ
1125 1449 1155 1483 3.
1179 1450 1242 1483 Sed
1262 1449 1414 1493 quoniam
1437 1449 1476 1482 ad
1491 1459 1603 1491 agrum
1615 1449 1742 1483 Domini
1756 1455 1787 1483 et

1046 1504 1085 1537 ad
1106 1504 1231 1537 vineam
1252 1503 1307 1536 Dei
1321 1502 1461 1536 Sabaoth
1480 1502 1689 1535 excolendam
1710 1513 1787 1546 ope-

1045 1557 1138 1590 rariis
1166 1556 1274 1589 multis
1304 1555 1453 1589 fidelibus
1480 1561 1510 1588 et
1539 1555 1678 1589 strenuis
1706 1566 1787 1600 opus

1046 1617 1103 1651 est,
1120 1616 1293 1655 propterea
1312 1609 1482 1642 hortamur
1494 1620 1560 1649 vos,
1574 1609 1670 1642 etiam
1690 1614 1787 1653 atque

1046 1664 1142 1698 etiam
1157 1692 1164 1705 ,
1188 1664 1323 1700 fratres,
1355 1669 1385 1696 et
1415 1673 1678 1703 commonemus,
1699 1668 1734 1695 ut
1754 1662 1787 1696 in

1046 1717 1170 1751 clericis
1187 1716 1446 1757 conscribendis,
1467 1727 1605 1760 quorum
1636 1726 1736 1760 opera
1755 1717 1787 1749 in

1046 1771 1181 1805 ecclesia
1206 1776 1236 1804 et
1257 1770 1289 1803 in
1310 1769 1398 1803 omni
1427 1769 1585 1814 spirituali
1608 1769 1787 1804 ministerio

1045 1825 1090 1858 uti
1112 1824 1235 1858 debetis
1250 1851 1257 1863 ‚
1292 1834 1442 1866 magnam
1475 1833 1607 1864 curam,
1632 1833 1786 1866 magnum

1046 1879 1206 1911 delectum
1227 1877 1383 1910 habeatis.

1089 1934 1105 1975 ἕ
1126 1931 1157 1964 4.
1182 1931 1216 1964 ln
1237 1931 1350 1975 primis
1369 1941 1444 1964 vero
1459 1931 1531 1964 date
1544 1941 1686 1975 operam,
1711 1941 1783 1964 om-

1044 1985 1142 2029 nique
1162 1985 1281 2025 studio,
1299 1995 1370 2028 ope,
1387 1989 1516 2024 conatu,
1533 1984 1697 2027 vigilantia
1710 1994 1786 2017 con-

1045 2039 1176 2079 tendite,
1201 2044 1234 2071 ut
1260 2038 1481 2071 detestabilem
1503 2037 1659 2070 simoniae
1680 2038 1784 2071 lahem

1045 2104 1062 2126 a
1082 2093 1178 2126 domo
1200 2092 1266 2132 Dei,
1287 2102 1381 2136 quam
1404 2092 1495 2125 decet
1515 2092 1708 2132 sanctitudo,
1732 2102 1787 2135 pe-

1044 2146 1129 2179 nitus
1147 2145 1375 2185 exterminetis,
1400 2156 1503 2189 neque
1515 2155 1569 2178 vos
1583 2145 1668 2188 ipsos
1690 2146 1786 2179 modo

1044 2211 1143 2244 puros
1171 2206 1267 2243 atque
1292 2200 1496 2242 incorruptos
1517 2210 1533 2231 a
1559 2199 1734 2232 foedissimi
1756 2205 1787 2232 et

1045 2253 1308 2297 perniciosissimi
1323 2252 1426 2285 morbi
1446 2252 1636 2294 contagione
1658 2263 1787 2286 conser-

1046 2312 1114 2339 vate
1135 2306 1230 2349 (absit
1254 2306 1339 2338 enim
1359 2311 1392 2338 ut
1413 2305 1602 2349 episcopalis
1623 2305 1787 2348 dignitatis

1046 2359 1172 2392 castitas
1184 2365 1279 2402 atque
1290 2358 1456 2401 integritas
1475 2364 1580 2391 tantae
1595 2359 1787 2402 impuritatis

1047 2413 1171 2445 macula
1192 2413 1328 2445 violetur
1343 2418 1437 2456 atque
1458 2412 1630 2455 foedetur),
1644 2413 1698 2446 sed
1717 2424 1788 2446 cae-

1047 2470 1132 2498 teros
1153 2465 1249 2498 etiam
1265 2465 1405 2498 cohibite
1426 2476 1523 2509 quam
1545 2466 1787 2507 diligentissime

1047 2530 1085 2552 ne
1104 2525 1226 2552 tantum
1245 2520 1348 2552 scelus
1362 2519 1542 2558 admittant,
1556 2520 1635 2552 nihil
1648 2520 1788 2554 immun-

1047 2573 1134 2612 dum,
1155 2572 1234 2604 nihil
1255 2572 1496 2616 coinquinatum
1518 2573 1548 2605 in
1570 2573 1786 2607 sanctuarium

1046 2626 1100 2660 Dei
1122 2626 1245 2668 ingredi
1267 2631 1404 2670 oportet,
1424 2626 1567 2670 alioquin
1587 2626 1632 2659 ira
1652 2627 1706 2660 Dei
1728 2639 1784 2661 su-

1046 2690 1103 2724 pra
1129 2680 1261 2713 modum
1283 2686 1496 2724 provocatur,
1521 2686 1551 2713 et
1572 2680 1711 2714 Ecclesia
1732 2681 1786 2715 Dei

1800 277 1850 303 An.
1872 276 1900 303 C.
1917 277 1985 304 1599

1815 1456 1986 1484 Clericorurnque

1801 1484 1906 1505 detectum
1948 1485 1987 1505 tia-

1801 1511 1873 1531 beanh

1835 1938 1941 1959 Simonias
1956 1938 1985 1959 la·

1801 1966 1848 1986 bem
1889 1968 1986 1986 extermi-

1801 1994 1926 2018 nonumque
1936 1998 1985 2012 ava-

1801 2019 1862 2039 ritiae
1884 2019 1986 2044 suspicit·-

1801 2052 1847 2066 ucm
1865 2048 1983 2065 amotean'.
