2253 3195
50 205 98 233 Αι1.
117 206 146 232 O.
170 204 236 232 1593

63 1008 176 1031 lterngatw
185 1014 232 1028 eon-

49 1037 169 1056 trariorunn

865 204 1011 229 CLEMENS

248 259 306 286 ret.
321 252 579 287 Contradietores
593 253 751 297 quoslibet
763 259 791 286 ct
811 253 945 287 rebelles
958 263 995 286 ae

249 306 432 351 praemissis
455 318 518 340 non
538 313 687 350 parentes
706 318 762 350 per
775 307 995 340 exeommuni-

248 360 381 394 cationis
403 367 430 393 et
453 361 671 404 suspensionis
692 361 833 404 aliasque
860 367 990 393 senten-

250 415 317 451 tias,
342 425 493 447 censuras
511 420 537 446 et
563 426 680 457 poenas
701 414 942 450 ecclesiasticas,
958 426 993 446 ar

249 467 345 501 etiam
367 467 580 511 pecuniarias,
605 467 730 510 aliaque
751 472 933 510 opportuna
948 467 993 499 iu-

249 521 291 554 ris
309 528 336 554 et
360 521 429 554 [iusti
452 521 605 559 remedia,
630 520 844 564 appellatione
863 523 1011 564 postpo-l

248 575 318 615 sita,
336 575 586 619 compescendo:
608 586 665 606 nez·
684 585 748 606 non
770 574 921 613 legitimis
942 572 1011 606 sit-³

248 640 305 672 per
326 628 374 661 bis
396 628 551 661 habendis
571 627 702 660 serratis
724 627 936 670 processibus,
959 628 992 660 il-

249 683 295 715 los
315 681 497 721 sententias,
521 692 671 713 censuras
699 687 726 713 et
755 692 874 724 poenas
895 692 989 725 prae-

248 735 348 768 dictas
363 735 534 768 incurrisse
548 735 753 771 declaramlo,
767 746 884 778 easque
896 735 991 768 etiam

248 788 367 822 iteratis
379 788 500 821 vicibus
514 789 728 830 aggravando,
741 788 886 821 invocato
896 789 990 822 etiam
1009 829 1010 838 ἵ

248 843 288 876 ad
309 842 417 879 lioc,si
432 853 512 886 opus
531 842 636 879 l'uerit,
658 842 775 875 auxilio
789 842 910 875 braebii
925 854 993 876 sae-

249 896 376 930 eularis.

293 951 309 991 ξ
328 950 358 982 b'.
380 949 447 982 Non
469 949 669 982 obstantibus
690 950 854 992 quilmsvis
874 949 992 982 eonsti-

250 1002 425 1036 tutionibus
446 1007 476 1035 et
498 1001 755 1035 ordinationibus
783 1002 988 1045 apostolicis:

248 1068 282 1089 ae
301 1057 403 1089 dietae
417 1056 574 1090 Ecclesiae
588 1056 785 1093 Oxomensis,
797 1056 988 1095 iuramento,

247 1109 493 1143 confirmatione
511 1109 686 1153 apostoliea
700 1110 747 1142 vel
762 1109 872 1153 (pravis
890 1110 991 1142 tirmi-

249 1169 309 1197 tate
330 1163 391 1197 alia
411 1164 580 1202 roboratis,
598 1163 721 1197 statutis
739 1170 768 1196 et
787 1164 992 1197 consuetudi-

246 1217 356 1257 nibus;
380 1217 552 1261 privilegiis
573 1228 713 1261 quoque,
738 1217 869 1251 indultis
889 1223 919 1251 et
940 1218 991 1251 lit-

249 1271 323 1305 teris
340 1271 523 1315 apostolicis
543 1271 601 1304 sub
624 1272 880 1315 quibuscumque
903 1278 991 1305 teno-

248 1326 335 1359 ribus
356 1331 386 1358 et
406 1326 528 1363 formis,
552 1336 587 1358 ar
617 1337 690 1358 eum
712 1326 876 1370 quibusvis
903 1327 991 1359 clau-

246 1378 322 1412 sulis
340 1384 369 1412 et
390 1379 534 1416 decretis,
554 1379 583 1411 in
606 1390 725 1421 genere
745 1379 793 1412 vel
815 1379 846 1412 in
871 1379 987 1423 speeie,

247 1443 282 1465 ae
303 1433 380 1466 alias
400 1433 431 1466 in
444 1433 641 1466 contrarium
657 1433 901 1476 quomodolibet
916 1445 991 1467 eon-

247 1486 353 1525 cessis,
388 1487 572 1530 approbatis
604 1492 634 1519 et
668 1487 835 1520 innovatis,
870 1488 991 1527 Quibus

246 1540 407 1579 omnibus,
436 1540 558 1573 etiamsi
580 1541 618 1573 de
641 1540 701 1573 illis
721 1551 900 1584 eorumque
918 1541 991 1575 totis

248 1592 412 1626 tenoribus
432 1593 588 1636 specialis,
613 1594 774 1637 specifica,
793 1605 941 1638 expressa
962 1601 992 1628 et

246 1646 421 1685 individua,
445 1657 509 1680 non
536 1654 642 1680 autem
675 1659 732 1691 per
752 1648 912 1681 clausulas
932 1659 989 1691 gen

245 1701 370 1734 nerales
401 1700 487 1734 idem
519 1700 728 1745 importante-s
741 1729 748 1741 ‚
782 1702 904 1735 mentio
936 1714 992 1735 seu

245 1754 375 1798 quaevis
404 1754 467 1787 alia
487 1754 649 1798 expressio
670 1755 818 1788 habenda
839 1756 931 1795 foret,
956 1756 993 1788 il-

245 1808 351 1841 lorum
373 1814 500 1842 tenores
519 1808 742 1852 praesentibus
762 1820 822 1853 pro
837 1810 992 1853 expressis

246 1862 410 1900 babentes,
434 1861 495 1895 illis
525 1862 603 1895 alias
624 1862 655 1894 in
676 1873 734 1895 suo
767 1863 885 1896 robore
912 1874 988 1907 per-

247 1916 415 1955 mansuris,
440 1915 499 1949 bae
516 1915 584 1949 viee
604 1916 779 1957 dumtaxat,
809 1916 992 1960 specialiter

246 1974 276 2002 et
296 1979 442 2012 expresse
463 1969 671 2012 derogamus,
696 1970 895 2014 caeterisque
916 1981 991 2004 eon—

248 2022 350 2055 trariis
371 2022 638 2066 quibuscumque.
657 2024 719 2057 Aut
739 2023 764 2057 si
782 2024 992 2067 dignitatibus

248 2081 278 2107 et
298 2075 460 2108 canonicis
472 2082 499 2108 et
515 2076 659 2120 Capitulo
674 2076 845 2120 praedictis
862 2078 909 2111 vel
921 2078 992 2122 qui-

248 2128 354 2161 busvis
384 2128 454 2161 aliis
483 2129 697 2163 communiter
727 2131 773 2164 vel
796 2131 921 2164 divisim
951 2132 990 2165 ab

247 2182 358 2215 eadem
380 2182 420 2214 sit
439 2183 519 2216 Sede
540 2182 700 2216 indultum
721 2185 807 2228 quod
828 2184 987 2226 interdici,

246 2235 397 2279 suspendi
415 2236 463 2268 vel
485 2236 757 2269 excommunicari
784 2248 848 2270 non
869 2238 991 2281 possint,

246 2301 303 2333 per
322 2289 444 2323 litteras
464 2289 654 2333 apostoliens
674 2300 740 2323 non
760 2291 990 2335 facientesple-

247 2354 319 2376 nam
338 2349 368 2377 et
381 2354 561 2387 expressam
577 2355 612 2377 ae
629 2345 667 2377 de
681 2345 778 2378 verbo
797 2345 837 2377 ad
856 2345 990 2378 verbum

246 2398 285 2430 de
306 2396 429 2430 indulto
450 2397 636 2430 huiusmodi
660 2398 869 2431 mentionem.

289 2451 403 2484 Datum
421 2451 540 2485 Romae
558 2452 643 2495 apud
657 2452 687 2485 S.
703 2452 844 2493 Petrum,
861 2452 920 2486 sub
935 2464 990 2486 an-
1006 2470 1007 2483 l

246 2504 322 2537 nulo
339 2504 519 2545 piscatoris,
534 2505 585 2538 die
606 2516 662 2539 xni
685 2505 837 2540 februarii
849 2517 984 2547 nexem,

247 2557 452 2601 pontificatus
471 2559 573 2592 nostri
594 2569 678 2592 anno
701 2569 734 2593 11.

280 2621 342 2649 Dat.
359 2620 403 2649 die
420 2621 452 2650 13
466 2621 595 2650 februarii
616 2622 695 2658 1593,
711 2626 787 2659 pont.
803 2631 847 2651 an.
862 2631 892 2651 11.

1032 204 1089 228 vni
1110 205 1159 228 1·1·.
1698 194 1732 226 2³1

1362 252 1433 285 Ltv.

1029 325 1213 357 Prolaibitiu
1226 324 1418 367 appellandi
1433 334 1491 367 per
1507 324 1672 365 refusius-os
1693 325 1768 357 emt.

1075 378 1127 410 Fr.
1157 379 1326 410 Servorum
1357 378 1391 410 15.
1418 377 1544 410 Mariae
1580 377 1723 418 l'iryyim'x
1754 389 1772 409 u

1072 431 1228 474 praelatis·
1259 431 1399 463 eiusdem
1436 430 1570 464 tte-‹ta'nis
1602 430 1644 461 ml
1671 431 1772 463 trilin-

1073 484 1164 516 'nult'u
1176 485 1372 521 weeulmv'u,
1382 484 1617 527 permissioque
1632 484 1773 516 leatwmls

1073 538 1240 569 recursum
1258 538 1299 568 ml
1319 538 1458 580 [merent
1481 541 1773 580 yt¹m¹1·.‚proleclo-

1074 602 1150 629 t‘t'm,
1166 601 1219 622 scot
1243 592 1527 634 t*ier¹-Jn'oleclot'r‘m
1551 595 1607 622 aul
1622 591 1663 623 «til
1678 591 1767 624 Rom,

1075 645 1141 677 I'ou
1149 644 1264 686 (isicem.
1274 645 1292 676 ¹.

1249 716 1383 743 Clemens
1395 717 1473 750 Papa
1485 716 1563 748 VIII,

1170 771 1205 797 ad
1224 770 1357 797 futuram
1374 769 1418 797 rei
1438 770 1619 798 memoriam.

1071 842 1229 882 Quoniam
1252 849 1361 876 nostro
1395 843 1547 886 pastorali
1568 843 1771 887 potissimum

1028 895 1182 929 incumbit
1204 895 1321 934 ossicio,
1346 902 1379 928 ut
1400 907 1446 932 ea.
1471 906 1552 939 quae
1574 908 1630 940 per
1648 896 1773 938 regula-

1026 960 1076 982 res
1098 960 1250 993 personas
1269 955 1380 982 contra
1401 960 1513 982 corum
1536 949 1695 992 regularia
1724 949 1771 982 in-

1027 1003 1133 1036 stituta
1156 1009 1275 1036 temere
1296 1008 1508 1042 attentantur,
1530 1008 1686 1046 quantum
1709 1013 1769 1035 no—

1029 1056 1074 1088 bis·
1095 1068 1130 1089 ex
1152 1057 1216 1089 alto
1234 1056 1433 1093 comeditur,
1457 1056 1647 1100 opportunis
1668 1066 1772 1089 reme-

1027 1111 1086 1143 diis
1107 1121 1349 1154 compescamus
1382 1116 1412 1144 et
1433 1120 1650 1143 amoveamus.

1071 1167 1085 1208 ξ
1113 1165 1136 1197 l.
1161 1165 1319 1201 Proinde,
1342 1165 1417 1208 quia
1444 1174 1547 1208 nuper
1568 1164 1684 1197 dileeto
1707 1164 1773 1197 lilio

1027 1219 1179 1260 magistro
1212 1218 1318 1251 Laelio
1356 1218 1501 1251 Ballione
1537 1219 1575 1251 de
1598 1218 1770 1254 Florentia,

1026 1273 1133 1316 priore
1154 1273 1296 1315 generali
1317 1273 1444 1305 Ordinis
1474 1273 1622 1305 Fratrum
1653 1273 1769 1306 Servo-

1026 1338 1098 1360 rum
1119 1327 1233 1361 Bcatac
1261 1327 1387 1367 Mariae,
1418 1337 1483 1360 non
1503 1327 1572 1359 sine
1593 1326 1691 1360 animi
1713 1337 1774 1359 no-

1026 1381 1081 1414 stri
1105 1381 1262 1419 molestia‚
1287 1382 1446 1413 referente
1468 1380 1662 1424 accepimus,
1687 1381 1774 1424 quod

1027 1435 1201 1468 nonnullae
1232 1435 1306 1467 dieti
1337 1434 1464 1467 Ordinis
1489 1434 1585 1467 etiam
1606 1433 1774 1478 utriusque

1026 1499 1118 1521 sexus
1131 1489 1293 1529 regulares
1309 1498 1476 1532 personae,
1489 1488 1543 1521 Dei
1558 1487 1672 1521 timore
1688 1494 1775 1532 post-

1027 1542 1141 1585 posito,
1163 1548 1190 1575 et
1213 1553 1288 1575 suae
1310 1541 1516 1585 professionis
1541 1541 1749 1575 immemores
1763 1570 1770 1582 ‚

1026 1601 1059 1628 ut
1080 1596 1111 1628 in
1133 1606 1245 1628 eorum
1275 1595 1473 1633 malefactis,
1498 1601 1529 1627 et
1557 1595 1775 1628 inobedientia

1027 1659 1059 1681 sc
1086 1649 1206 1681 diutius
1225 1650 1437 1687 confoveant,
1458 1648 1497 1680 ab
1529 1648 1586 1685 iis,
1611 1659 1693 1692 qnae
1718 1660 1776 1692 per

1027 1702 1186 1745 praelatos
1207 1702 1351 1734 eiusdem
1365 1701 1503 1741 Ordinis,
1519 1707 1546 1734 et
1562 1701 1686 1745 priores
1700 1712 1774 1746 pro-

1028 1755 1177 1788 vinciales
1197 1761 1227 1788 et
1242 1754 1321 1788 alios
1335 1754 1517 1798 superiores
1531 1755 1570 1787 ab
1583 1754 1652 1798 ipso
1664 1755 1773 1798 priore

1026 1808 1169 1851 generali
1206 1818 1265 1852 pro
1301 1813 1446 1851 tempore
1482 1808 1672 1851 deputatos,
1705 1814 1773 1842 aeta

1026 1868 1100 1895 sunt
1120 1867 1150 1895 et
1168 1861 1311 1901 decreta,
1339 1862 1379 1894 ad
1400 1861 1573 1895 tribunalia
1594 1862 1771 1895 saecularia

1026 1916 1206 1960 appellare,
1242 1921 1273 1948 et
1300 1915 1340 1948 ad
1373 1926 1409 1948 ea
1446 1920 1566 1948 temere
1600 1917 1774 1958 confugere

1026 1976 1273 2008 consueverunt,
1298 1970 1328 2003 in
1350 1981 1415 2004 non
1444 1971 1605 2004 modicam
1638 1971 1770 2005 iurisdi-

1026 2024 1142 2058 ctionis
1156 2024 1300 2069 ipsorum
1318 2016 1523 2069 superiorum
1545 2025 1731 2065 laesionem,
1744 2031 1771 2058 et

1025 2077 1182 2120 regularis
1204 2077 1339 2111 instituti
1358 2077 1593 2114 alterationem„
1618 2088 1654 2110 ac
1673 2088 1768 2111 sean-

1026 2131 1135 2165 dalum
1153 2131 1381 2175 plurimorum.

1070 2188 1086 2227 ξ
1108 2185 1138 2218 2.
1163 2186 1232 2219 Non
1255 2186 1439 2230 praen‘iissis
1460 2186 1590 2219 obviare
1612 2186 1769 2223 volentes,

1025 2239 1181 2273 universis
1211 2246 1241 2273 et
1265 2240 1400 2283 singulis
1418 2239 1492 2273 dicti
1511 2239 1638 2273 Ordinis
1655 2239 1773 2272 utrius-

1024 2304 1087 2338 que
1104 2305 1196 2328 sexus
1216 2294 1418 2336 regularibus
1432 2293 1577 2337 personis
1591 2293 1772 2327 cuiuscum-

1025 2357 1087 2391 que
1108 2347 1287 2390 dignitatis,
1312 2353 1426 2387 status,
1450 2348 1568 2390 gradus
1598 2353 1628 2380 et
1655 2347 1770 2381 condi-

1024 2400 1120 2434 tionis
1133 2401 1350 2441 existentibus,
1367 2401 1544 2445 apostoliea
1561 2401 1768 2439 auctoritate,

1063 2483 1070 2507 l
1089 2481 1147 2508 Atia
1162 2481 1196 2507 de
1212 2481 1262 2508 boe
1283 2481 1393 2514 Ordine,
1411 2480 1470 2508 vide
1486 2481 1598 2509 inferius
1614 2481 1640 2508 in
1663 2481 1770 2509 constit.

1023 2525 1092 2552 quae
1104 2516 1213 2552 incipit:
1227 2518 1319 2549 Decet,
1330 2516 1441 2544 huiusce
1459 2517 1606 2545 Pontificis.
1624 2517 1774 2545 —Cousti-

1024 2552 1091 2579 tutio
1105 2551 1208 2579 isthaec
1224 2552 1250 2578 in
1267 2552 1386 2580 editione
1400 2561 1512 2580 romana
1534 2552 1651 2580 habetur
1672 2553 1699 2580 in
1714 2554 1773 2588 Ap-

1020 2588 1151 2623 pendi'ce,
1168 2587 1218 2615 sub
1234 2596 1345 2616 munero
1365 2595 1485 2616 cchxvn
1505 2588 1582 2623 (tom.
1599 2596 1625 2622 v,
1641 2597 1701 2660 par.
1718 2593 1768 2659 1)11).

1654 2631 1680 2651 a.
1696 2631 1721 2651 τ.

1787 203 1835 230 An.
1858 203 1885 230 C.
1907 203 1972 231 1593

1817 959 1837 979 l'i
1844 965 1955 979 noemmin.

1818 1280 1900 1299 tlduaaa
1912 1279 1973 1299 burna

1789 1306 1954 1327 constituti-‘'nl‘-

1813 2298 1931 2318 l'rohibitio
1947 2297 1973 2317 ds

1789 2331 1828 2351 qna
1845 2325 1865 2345 in
1881 2324 1973 2346 rubi-ira
