2253 3195
25 297 70 323 An.
91 294 120 321 C.
140 292 207 320 ¹602

221 2538 435 2577 ,invocatione
461 2538 493 2572 S.
524 2536 777 2578 Bai-tholomaei,
799 2535 889 2569 cuius
909 2535 978 2568 ani-

835 289 982 313 CLEMENS
1002 290 1059 313 VIII
1078 290 1127 313 PF.

217 345 409 385 perpetuum
427 340 589 384 praefatae
606 345 734 372 centum
750 339 863 377 librae,
881 348 960 382 quas
977 342 978 361 ³

218 393 369 427 dominus
402 393 590 437 temporalis
620 394 743 426 solvere
771 392 957 431 consuevit,

218 448 398 481 rationibus
408 454 438 481 et
451 447 564 487 causis,
582 447 699 491 quibus
712 458 820 490 supra;
836 446 962 490 etquod
978 450 979 467 ³

218 512 278 545 pro
296 502 549 535 substentatione
567 506 597 534 et
616 500 732 534 salario
745 500 854 533 vicarii
869 510 962 543 prae-

219 555 273 588 sati
296 555 334 587 ad
364 561 477 588 nutum
499 554 679 587 amovibilis
709 559 835 586 maneat
858 563 959 586 anne-

220 618 295 642 xum
316 613 346 641 et
370 608 566 651 applicatum
588 607 619 639 in
641 612 832 651 perpetuum
860 606 963 650 quod-

221 661 294 694 dam
331 661 466 704 simplex
494 660 687 694 beneficium
711 660 742 692 in
768 660 879 692 eadem
906 661 981 692 ees-1

222 714 317 747 clesia
347 715 386 747 ad
412 715 513 747 altare
538 714 653 754 maius,
677 714 736 746 sub
763 713 982 746 invocatione

222 767 356 801 Sanctae
384 769 505 809 Annae,
530 778 586 811 per
606 768 639 800 D.
658 768 810 800 loannem
833 758 982 802 Colonia}

223 822 385 864 quondam
409 821 558 854 comitem
582 822 620 854 de
652 821 730 854 Etda
750 821 918 853 fundatum
935 816 982 853 et³

223 874 405 908 institutum
434 886 508 908 cum
533 886 591 908 suo
620 875 735 908 ultimo
757 880 961 914 testamento,

224 928 313 962 cuius
344 928 466 962 reditus
497 935 570 962 sunt
590 928 794 972 septuaginta
821 928 984 972 quinque5

223 982 324 1015 librae
346 994 403 1027 per
423 993 624 1016 successores
645 982 780 1016 comites
809 988 965 1026 perpetuo

224 1036 415 1075 solvendae,
437 1037 476 1069 ad
504 1047 640 1080 quarum
662 1036 855 1069 solutionem
877 1046 966 1068 com-

224 1090 362 1133 pellatur
387 1101 495 1123 comes
514 1100 573 1134 pro
596 1096 741 1133 tempore
760 1089 908 1129 existens,
938 1095 968 1122 et,

225 1144 310 1187 quod
329 1144 466 1177 vicarius
487 1143 670 1187 praedictus
689 1148 836 1176 teneatur
850 1143 888 1176 ad
903 1153 969 1176 ser-

224 1197 335 1230 vitium
367 1203 397 1230 et
428 1197 642 1239 obligationes
667 1207 780 1229 omnes
805 1196 879 1229 dicti
908 1197 966 1228 be-

225 1250 343 1284 neficii:
373 1261 456 1294 quae
477 1250 599 1283 dotatio
621 1250 753 1283 rectoris
775 1255 902 1282 centum
925 1250 966 1282 li-

224 1305 356 1337 brarum
375 1315 449 1338 cum
463 1303 690 1337 emolumentis
703 1314 738 1336 ex
757 1304 838 1347 pede
861 1303 969 1336 altaris

225 1358 511 1403 provenientibus,
535 1368 617 1402 quae
648 1358 687 1390 ad
714 1357 898 1399 octuaginta
926 1356 966 1388 li--

226 1412 358 1445 brarum
390 1411 531 1444 valorem
564 1411 764 1449 ascendunt,
808 1410 970 1443 sufficiens

226 1465 286 1498 erit
305 1476 364 1509 pro
385 1476 417 1498 se
451 1471 479 1497 et
501 1464 632 1503 vicario,
656 1464 734 1497 sicut
758 1463 966 1507 praedicitur,

227 1518 422 1552 beneficiato
436 1518 597 1552 sufficiens
615 1518 684 1550 erit.
707 1517 858 1558 Ecclesia,
880 1518 970 1550 cuius

230 1571 325 1606 tertia
342 1583 415 1616 pars
429 1578 524 1605 restat
547 1571 760 1611 aedificanda,
778 1576 899 1614 quanto
919 1570 966 1603 ci-

227 1626 289 1660 tius
319 1626 517 1659 aedificetur.
562 1626 598 1658 Et
629 1625 744 1658 domus
780 1624 969 1658 habitationi

226 1680 361 1714 rectoris
394 1680 578 1720 commoda,
604 1679 691 1712 iuxta
722 1679 818 1712 situm
841 1684 871 1711 et
901 1678 967 1711 for-

227 1745 312 1767 mam
350 1734 519 1774 traditam,
555 1739 775 1767 construatur.
816 1732 971 1776 Mesquita

227 1798 321 1828 vero,
353 1799 436 1832 quae
457 1788 533 1821 olim
559 1787 617 1820 suit
644 1788 841 1826 Maurorum,
866 1792 893 1819 et
912 1786 970 1819 sub

228 1841 429 1875 invocatione
450 1842 585 1875 Sanctae
597 1835 786 1875 Catharinae
809 1839 968 1884 martyris,

228 1895 261 1935 in
278 1907 342 1940 qua
370 1895 501 1938 vestigia
531 1895 633 1928 multa
658 1894 690 1927 in
712 1894 970 1927 recordationem

226 1960 344 1993 pravae
357 1954 463 1982 sectae
476 1948 713 1982 mahometicae
728 1959 745 1980 a
758 1947 883 1980 noviter
897 1957 972 1980 con-

227 2002 326 2036 versis
346 2002 512 2042 visuntur,
541 2002 698 2035 diruatur.
734 2001 868 2035 Reditus
897 2010 972 2033 vero

229 2062 260 2090 et
284 2056 352 2099 agri
373 2056 413 2089 ad
432 2055 520 2088 illam
541 2055 618 2088 olim
639 2054 848 2099 pertinentes,
873 2054 973 2087 eccle-

229 2109 295 2143 siae
317 2108 468 2154 applicati
494 2113 656 2149 maneant,
681 2114 709 2141 et
733 2118 791 2152 per
815 2113 972 2141 rectorem

230 2168 261 2197 et
280 2173 487 2198 oeconomum
510 2162 677 2196 ccclesiae·
692 2161 969 2195 administrentur.

540 2242 662 2277 Petrel.

275 2324 435 2369 Oppidum
456 2324 565 2358 Petrel
590 2322 739 2356 domibus
760 2326 885 2356 constat
909 2322 972 2354 du-

232 2379 331 2412 centis
349 2378 563 2423 quadraginta
581 2377 706 2410 noviter
726 2376 765 2409 ad
786 2375 884 2408 fidem
898 2385 974 2408 con-

232 2443 398 2466 versorum
415 2460 422 2472 ‚
452 2437 483 2465 et
502 2437 623 2475 septem
657 2436 801 2464 veterum
824 2428 972 2461 christia-

232 2495 360 2519 norum.
377 2486 412 2519 In
433 2496 470 2519 eo
488 2484 683 2529 parochialis
701 2489 748 2516 est
769 2481 900 2526 antiqua
916 2482 975 2514 sub

233 2603 363 2626 marum
385 2603 461 2626 cura
489 2603 548 2636 per
570 2601 670 2624 unum
692 2590 916 2634 presbyterum
938 2589 976 2621 ab

234 2645 404 2680 Ordinario
424 2646 621 2686 assignatum
651 2643 888 2677 mercenarium
920 2643 977 2675 ad-

236 2700 411 2733 ministrari
429 2699 522 2733 solita
540 2705 595 2732 est.
617 2698 770 2731 Dominus
791 2696 978 2740 temporalis

321 2763 398 2791 Butl.
420 2764 501 2791 Rom.
527 2762 584 2790 Vol.
607 2762 640 2788 X.
840 2758 891 2786 106

995 348 1103 371 eomes
1134 338 1173 371 de
1201 337 1279 371 Elda
1319 337 1429 379 viginti
1459 337 1602 381 quinque
1637 336 1736 369 libras

995 391 1159 424 annuatim
1179 391 1335 435 impendit
1361 391 1486 424 ratione
1506 390 1651 424 omnium
1672 390 1737 423 fru-

996 451 1105 478 ctuum
1134 445 1363 485 decimalium,
1388 455 1468 489 quos
1500 455 1535 478 ex
1558 455 1595 478 eo
1617 443 1737 487 oppido

997 498 1131 541 colligit,
1156 498 1210 542 qui
1232 499 1271 532 ad
1289 499 1429 531 valorem
1461 497 1737 541 septingentarum

996 551 1152 585 librarum
1175 552 1362 592 ascendunt,
1378 551 1502 584 ratione
1524 551 1618 583 etiam
1633 550 1739 583 cuius-

998 606 1070 638 dam
1093 606 1285 638 concordiae
1301 605 1382 638 inter
1399 605 1586 648 episcopum
1607 609 1635 637 et
1650 602 1738 647 capi-

999 659 1099 691 tulum
1122 659 1369 701 Carthaginense
1398 669 1433 691 ex
1455 669 1528 699 una,
1542 663 1571 691 et
1594 658 1628 690 D.
1649 657 1740 690 Ioan—

999 724 1070 746 nem
1094 713 1170 745 Ruiz
1192 713 1230 745 (le
1251 712 1374 745 Corella
1388 712 1538 745 comitem
1561 711 1599 743 de
1620 710 1739 744 Cocen-

1000 772 1104 810 layna,
1130 771 1205 798 tunc
1227 765 1394 798 dominum
1422 765 1633 808 temporalem
1666 762 1741 796 dicti

1000 820 1108 863 oppidi
1124 820 1162 852 de
1177 820 1291 857 Petrel‚
1315 831 1350 852 ex
1370 820 1480 855 altera.
1504 829 1602 862 super
1619 817 1740 851 eisdem

1001 874 1133 908 decimis
1167 885 1225 917 per
1256 874 1447 906 Matthaeum
1470 873 1560 907 Stere
1580 871 1742 905 notarium

1001 927 1257 960 Valentinensem
1295 927 1345 959 die
1377 937 1439 961 xxx
1477 925 1602 969 augusti
1622 953 1628 965 ‚
1667 924 1742 958 anni

983 990 1160 1023 ¹MCnmx'Civ
1181 986 1321 1024 recepto,
1346 980 1454 1019 initae,
1482 991 1540 1024 per
1561 989 1657 1023 quam
1683 989 1739 1011 co-

1003 1046 1069 1067 mes
1105 1036 1359 1079 praesatussese
1396 1034 1549 1077 obligavit
1573 1033 1741 1077 presbyte-

1003 1100 1074 1121 rum
1095 1099 1205 1121 curam
1228 1093 1391 1130 regentem
1414 1087 1617 1120 substentare
1639 1086 1670 1118 ln
1685 1096 1742 1130 op-

1003 1142 1078 1185 pido
1100 1142 1138 1174 de
1156 1141 1271 1174 Petrel.
1297 1140 1470 1174 Solvebant
1494 1140 1591 1172 etiam
1613 1139 1740 1172 habita-

1005 1202 1088 1229 tores
1105 1194 1261 1238 praedicti
1287 1193 1395 1238 oppidi
1425 1193 1529 1226 eidem
1560 1193 1745 1236 presbytero

1004 1248 1187 1293 quindecim
1203 1248 1300 1280 libras
1314 1247 1353 1279 ad
1368 1248 1640 1290 complementum
1653 1246 1746 1289 quin-

1005 1302 1158 1346 quaginta
1178 1301 1347 1340 librarum,
1370 1300 1494 1333 ratione
1515 1299 1743 1343 primitiarum,

1004 1367 1083 1400 quas
1104 1355 1135 1388 in
1157 1355 1313 1388 fructibus
1338 1355 1461 1388 solvere
1487 1365 1551 1387 non
1571 1364 1747 1387 consueve-

1004 1415 1088 1442 runt.
1114 1410 1149 1442 Et
1167 1408 1321 1452 quoniam
1334 1413 1586 1441 consentaneum
1603 1406 1747 1450 estquod

1005 1463 1155 1508 neophyti
1193 1463 1269 1496 dicti
1300 1463 1408 1506 oppidi
1439 1463 1470 1495 in
1497 1462 1559 1495 side
1589 1461 1746 1495 catholica

1005 1516 1183 1550 instruendi
1215 1516 1382 1559 proprium
1414 1515 1591 1559 parochum
1629 1520 1660 1547 et
1691 1524 1747 1558 pa-

1005 1577 1123 1604 storem
1146 1575 1332 1612 agnoscant,
1357 1569 1412 1613 qui
1434 1579 1491 1613 pro
1514 1568 1628 1601 ovibus
1649 1567 1745 1600 vitam

1006 1629 1153 1669 exponat,
1169 1628 1199 1656 et
1214 1624 1252 1656 de
1268 1622 1329 1655 illis
1349 1623 1414 1655 Deo
1435 1622 1592 1655 rationem
1607 1621 1744 1655 reddere

1006 1684 1163 1717 teneatur,
1199 1682 1325 1720 oportet
1357 1676 1444 1719 quod
1473 1675 1504 1707 in
1536 1675 1621 1708 dieta
1651 1685 1746 1718 paro-

1006 1732 1100 1765 chiali
1124 1732 1162 1764 de
1190 1731 1293 1764 Petrei
1326 1741 1409 1762 unus
1433 1735 1608 1773 perpetuus
1642 1734 1748 1762 rector

1006 1797 1062 1819 seu
1092 1785 1253 1830 parochus
1277 1783 1514 1823 constituatur,
1543 1782 1597 1826 qni
1627 1781 1747 1815 dietam

1006 1838 1227 1884 parochialem
1250 1848 1309 1881 per
1330 1847 1543 1877 concursum,
1576 1835 1747 1868 institutio-

1007 1903 1080 1925 nem
1103 1898 1133 1925 et
1155 1891 1361 1924 collationem
1390 1889 1556 1929 obtineat,
1581 1889 1674 1932 eique
1695 1899 1750 1932 ap-

1007 1946 1168 1990 plicentur
1181 1956 1240 1989 pro
1256 1945 1329 1978 dote
1348 1949 1378 1978 et
1398 1943 1578 1988 applicatae
1599 1946 1752 1975 maneant

1008 2001 1038 2033 in
1060 2005 1252 2044 perpetuum
1274 1998 1435 2043 praefatae
1454 1996 1688 2041 quinquaginta
1714 1995 1751 2028 li-

1008 2055 1096 2093 brae,
1121 2064 1199 2097 quas
1225 2052 1377 2086 dominus
1399 2051 1586 2095 temporalis
1607 2055 1637 2083 et
1657 2049 1750 2082 habi—

1009 2114 1127 2141 tatores
1144 2106 1221 2140 dicti
1242 2105 1352 2150 oppidi
1374 2105 1498 2138 solvere
1519 2109 1753 2137 consueverunt

1010 2161 1106 2195 modo
1127 2159 1325 2205 supradicto,
1342 2164 1371 2192 et
1390 2157 1493 2191 causis
1522 2163 1553 2191 et
1573 2156 1752 2190 rationibus

1009 2215 1126 2258 quibus
1147 2224 1253 2257 supra.
1289 2213 1326 2246 Et
1357 2217 1526 2256 praeterea
1548 2210 1753 2254 applicentur

1010 2268 1090 2301 aliae
1111 2266 1345 2311 quinquaginta
1365 2265 1466 2298 librae
1481 2265 1520 2298 ad
1535 2263 1754 2307 complemen-

1010 2328 1076 2354 tum
1104 2326 1234 2354 centum
1256 2319 1413 2352 librarum
1440 2328 1498 2361 pro
1525 2317 1599 2350 dote
1628 2322 1658 2350 et
1678 2326 1754 2350 con-

1010 2386 1088 2418 grua
1119 2373 1373 2407 substentatione
1403 2371 1479 2405 dicti
1506 2370 1662 2410 rectoris,
1692 2369 1754 2403 hoc

1010 2427 1156 2461 videlicet
1184 2427 1291 2459 modo:
1314 2425 1400 2469 quod
1422 2424 1572 2457 dominus
1594 2429 1755 2467 tempora-
1796 2430 1801 2435 “

1011 2481 1048 2515 lis
1081 2480 1235 2525 praedicti
1257 2479 1369 2523 oppidi
1390 2479 1429 2512 dc
1451 2478 1575 2517 Petrel,
1601 2477 1705 2510 causis
1725 2482 1756 2511 et

1011 2534 1189 2567 rationibus
1207 2532 1412 2577 supradictis,
1434 2532 1535 2565 solvat
1552 2531 1631 2564 alias
1644 2530 1755 2574 viginti

994 2627 995 2634 ἵ
1012 2589 1110 2622 libras
1123 2594 1251 2632 praeter
1266 2587 1335 2620 illas
1357 2586 1489 2630 triginta
1502 2585 1657 2629 quinque,
1676 2595 1755 2628 quas

1012 2647 1105 2675 antea
1125 2641 1277 2679 solvebat,
1302 2646 1332 2673 et,
1353 2640 1438 2683 quod
1460 2638 1649 2672 universitas
1662 2649 1755 2682 prae—

1014 2696 1077 2729 sata
1102 2695 1202 2728 solvat
1233 2694 1310 2727 alias
1340 2693 1450 2736 viginti
1483 2692 1626 2736 quinque
1658 2691 1757 2725 libras

1647 276 1706 311 841
1757 287 1804 313 An.
1827 284 1935 313 dieo-2
