2253 3195
12 283 61 310 Αη.
79 282 108 309 G.
126 280 194 308 1603

211 329 249 362 (10
283 329 434 361 mandato
461 333 572 360 nostro
598 326 685 371 rivae
710 325 796 359 vocis
821 325 952 357 oraculo

212 381 288 425 ipsis
307 382 400 419 sat-to,
425 391 521 424 super
548 380 645 412 modo
667 379 824 412 servando
845 389 863 410 a
888 388 954 409 me-

213 434 415 478 tropolitanis
444 434 474 466 in
503 427 606 466 causis
635 432 887 476 appellationum
915 431 954 463 ad

212 488 370 520 tollendas
399 487 624 529 ambiguitates
662 491 689 518 et
722 484 955 518 controversias

212 540 505 580 iiuisdictionales,
541 550 623 583 (111110
644 539 727 571 1111111
752 538 874 570 iudices
894 548 952 580 ap-

211 595 424 638 pellationum
463 599 493 626 et
521 593 637 636 prioris
667 591 855 631 instantiae,
891 601 955 623 non

212 647 280 680 sine
300 646 440 691 partium
472 645 657 688 dispendio,
682 655 792 677 cursus
819 643 956 675 iustitiae

214 700 447 744 impedimento
469 704 497 731 et
516 709 611 741 saepe
630 709 702 731 cum
724 697 876 730 scandalo
895 696 957 729 ori-

214 759 337 792 rentur,
355 752 559 795 infrascripta
577 751 615 783 ab
637 751 799 788 omnibus,
817 750 856 781 ad
878 760 958 792 111105

215 811 358 850 spectat,
382 805 595 849 imposterum
626 804 744 837 servari
766 803 883 835 debere
905 803 959 834 de-

216 865 395 893 creverunt.

261 914 277 955 g
299 911 329 944 ⁹2.
354 911 474 949 Primo,
498 911 587 954 quod
617 909 878 953 metropolitani,
903 919 960 941 ar—

217 965 426 1009 chiepiscopi,
449 964 604 1008 primates
622 969 674 996 aut
701 962 902 1006 patriarchae
930 962 960 993 in

218 1019 439 1061 suffraganeos
460 1029 573 1051 eorum
595 1019 643 1051 vel
664 1017 811 1050 subditos
831 1026 895 1048 non
915 1015 962 1048 111-

219 1073 335 1113 dicent,
359 1072 419 1105 nisi
440 1073 471 1105 in
494 1072 597 1105 causis
617 1082 635 1104 a
656 1071 725 1103 iure
746 1070 913 1113 expressis.

264 1125 331 1169 §3-
352 1126 523 1166 Secundo,
554 1125 641 1168 quod
674 1125 787 1161 iidem,
818 1134 877 1156 nec.
909 1123 961 1155 alii

220 1180 323 1224 quivis
343 1179 537 1223 superiores,
555 1179 650 1211 etiam
671 1177 779 1210 nuncii
801 1178 848 1209 vel
868 1177 963 1219 legati

221 1235 260 1268 (10
280 1234 380 1266 latere
393 1232 574 1276 specificam
597 1232 780 1264 facultatem
808 1230 962 1263 maiorem

221 1287 376 1320 habentes
396 1296 507 1318 causas
529 1285 560 1317 in
592 1284 688 1317 curiis
709 1283 961 1319 ordinariorum,

211 1341 271 1374 *vel
291 1341 430 1373 aliorum
452 1339 641 1372 inferiorum
659 1338 801 1371 iudicum
823 1338 966 1381 penden-

225 1401 269 1428 tes
289 1395 329 1427 ad
354 1405 387 1427 se
401 1404 465 1427 non
487 1398 631 1432 avocent,
656 1392 717 1425 nisi
740 1403 798 1436 per
815 1391 898 1424 viam
920 1392 966 1424 le-

223 1447 354 1490 gitimae
376 1446 603 1491 appellationis
631 1446 670 1478 ad
698 1445 840 1488 ipsorum
864 1445 966 1478 tribu-

224 1500 310 1533 nalia
328 1501 524 1540 deferantur,
549 1506 624 1532 tunc
644 1499 843 1543 appellantes
863 1498 902 1530 ab
921 1498 967 1530 in-

224 1555 379 1588 feriorum
394 1553 669 1586 iurisdictionibus
683 1553 789 1596 quoad
804 1552 881 1585 alias
894 1563 967 1585 cau-

223 1619 273 1642 sas
294 1608 433 1642 eximere
453 1618 518 1640 non
539 1606 672 1650 possint.

267 1664 283 1705 ξ
304 1663 334 1695 4,
359 1662 482 1701 Tertio,
506 1661 593 1705 quod
618 1660 851 1704 appellationes
871 1670 966 1692 1111111-

50 1724 208 1751 Aimellationes
224 1726 320 1760 quam
353 1715 569 1759 recipiantur,
593 1714 654 1746 nisi
680 1724 737 1758 per
762 1713 891 1757 publica
912 1714 968 1746 do-

23 1751 375 1803 llsltffl-ff'sssslllzssfflnenta
414 1770 519 1812 (quae
564 1767 693 1800 realiter
733 1767 967 1809 exhibeantur)

23 1805 210 1878 Ξὲἶωῐιιιξῖῗῖἷῗῖἧιὲ
224 1822 403 1856 eonstiterit
416 1821 670 1865 appellationem
686 1832 703 1853 a
717 1820 875 1853 sententia
889 1820 969 1853 deti-

33 1863 103 1884 em‘ss'
116 1864 148 1879 π’
223 1876 334 1917 111111111,
350 1876 399 1909 vel
416 1876 589 1909 habentem
609 1875 673 1907 vim
695 1874 889 1915 definitivae,
914 1879 968 1907 aut

225 1941 242 1963 a
263 1929 459 1973 gravamine,
477 1929 564 1973 quod
581 1939 639 1972 per
660 1927 856 1961 definitivam
875 1938 969 1970 repa-

225 1983 289 2017 rari
315 1993 380 2016 non
412 1982 514 2026 possit
539 1982 571 2014 in
602 1981 728 2014 casibus
760 1992 777 2013 a
807 1980 875 2013 iure
905 1991 969 2013 non

226 2036 408 2080 prohibitis,
443 2046 500 2079 per
521 2035 699 2077 legitimam
726 2044 919 2078 personam,
941 2039 969 2066 01

227 2089 311 2134 intra
331 2089 477 2133 legitima
507 2094 656 2132 tempora
681 2087 776 2120 fuisse
798 2087 971 2130 interposi-

229 2148 292 2176 tam
313 2148 367 2176 aut
386 2147 630 2187 prosequutam.

272 2199 288 2239 ξ
310 2196 340 2229 5.
364 2197 496 2236 Quarto,
519 2196 605 2239 quod
627 2195 702 2228 dum
726 2205 841 2227 causae
862 2204 971 2227 eoram

45 2256 92 2278 Lito
107 2256 213 2283 ponticulo
228 2249 433 2283 inferioribus
453 2249 613 2282 iudicibus
634 2248 787 2292 pendent,
802 2252 875 2280 ante
888 2246 973 2279 defi-

29 2283 214 2304 coramordinario
254 2303 259 2309 ,
280 2303 285 2309 ,
466 2302 470 2308 ,
612 2302 617 2306 ,
638 2302 644 2306 ,

29 2311 176 2340 metropolitae
188 2310 213 2330 1¹0
228 2309 360 2336 nitivam
383 2304 430 2336 rel
444 2313 505 2335 vun
522 2302 704 2335 definitivae
727 2301 912 2339 habentem,
935 2300 973 2332 (10

31 2341 214 2410 Ξσὲἷληῖἷιῖῧυὲἳιῗ
230 2356 414 2399 gravamine
450 2356 537 2389 illato
567 2355 750 2399 superiores
779 2364 974 2397 cognoscere

230 2421 295 2444 non
310 2410 445 2451 valeant,
466 2409 542 2443 licet
555 2409 635 2443 citra
652 2408 885 2452 praeiudicium
905 2418 976 2440 eur-

230 2475 283 2497 sus
309 2474 479 2497 causarum
500 2474 533 2496 se
558 2463 589 2496 id
612 2463 716 2496 facere
741 2466 973 2501 contestentur,

230 2527 290 2549 nec
316 2516 357 2549 ad
377 2516 464 2549 hunc
483 2515 631 2549 effectum
651 2515 745 2548 liceat
765 2514 809 2547 eis
831 2513 977 2545 inhibere

233 2575 288 2603 aut
311 2569 502 2613 simpliciter
527 2569 701 2609 mandare,
730 2573 764 2600 ut
789 2566 864 2610 ipsis
886 2565 978 2608 copia

174 2621 184 2627 ⁸
233 2633 404 2667 processus
429 2622 683 2662 transmittatur,
715 2619 862 2665 expensis
882 2618 976 2652 etiam

213 2703 216 2707 .
233 2676 435 2721 appellantis.

229 2740 307 2768 Ruit.
324 2739 407 2767 Rom.
427 2738 487 2766 Vol.
505 2739 538 2766 X.

51 978 200 1005 Metropolitae

16 1011 59 1028 non
70 1005 167 1027 iudicent
181 1006 202 1025 in

17 1032 202 1063 stiffi-aganeosmh

17 1065 36 1080 Sl
57 1066 78 1080 ln
100 1064 170 1080 cuuslfi
190 1064 202 1078 a

17 1086 63 1107 iure
78 1085 189 1112 expressis.

40 1192 84 1212 Nee
98 1194 204 1218 metropo-

18 1219 77 1243 litae,
84 1225 124 1239 nec
134 1219 205 1239 nuncii

20 1245 205 1271 Sedtsapaeausas

20 1272 41 1292 in
50 1272 205 1292 ordinm-iorum

19 1298 121 1319 tribunali
155 1304 206 1324 pen-

13 1325 95 1346 *dentes
110 1325 138 1346 att
148 1331 170 1345 50
184 1331 206 1346 a·

20 1353 103 1372 vocent

755 2738 798 2764 111

827 276 973 301 CLEMENS
994 276 1051 299 vm
1072 277 1122 299 PP-

1641 262 1698 293 881

1031 323 1099 367 {tl
1131 323 1266 362 Quinto,
1303 322 1388 365 quod
1422 321 1630 354 inhibitiones
1659 323 1730 363 post

988 377 1248 420 appellationem,
1263 381 1293 408 ut
1309 375 1535 419 praemittitur,
1553 378 1727 416 receptam,

989 439 1052 462 non
1075 430 1304 469 concedantur,
1328 428 1386 460 nisi
1406 439 1476 460 cum
1498 426 1671 459 inser-itone
1686 431 1731 457 te-

989 482 1076 515 noris
1097 482 1276 515 sententiae
1289 487 1341 514 aut
1356 481 1475 513 decreti
1491 479 1657 519 desmitivi,
1679 483 1733 511 aut

989 536 1052 568 vim
1079 536 1235 569 delinitivi
1257 535 1416 573 habentis,
1441 535 1487 567 vel
1511 535 1663 567 damnum
1676 543 1734 576 per

991 590 1188 622 definitivam
1208 588 1419 631 irreparabile
1439 587 1641 625 continentis,
1657 586 1733 617 alias

992 642 1202 675 inhibitiones
1223 648 1251 674 et
1274 652 1443 685 processus
1457 646 1487 673 et.
1509 640 1581 673 inde
1600 644 1735 682 sequuta

991 706 1215 739 quaecumque
1235 695 1295 728 sint
1317 695 1384 738 ipso
1407 695 1474 727 iure
1498 694 1597 732 nulla,
1622 692 1731 735 eisque

992 749 1122 792 impune
1144 759 1208 781 non
1229 759 1343 791 parere
1364 748 1468 780 liceat.

1037 804 1053 844 ξ
1084 802 1112 835 7.
1137 803 1249 839 Sesto,
1274 801 1361 844 quod
1383 801 1406 832 si
1429 800 1595 843 appellans
1615 804 1735 832 asserat

993 856 1169 889 sententiae
1195 861 1245 887 aut
1288 853 1512 898 appellationis
1553 853 1733 895 exemplum

994 910 1088 952 eulpa
1109 908 1231 945 iudicis,
1253 919 1269 940 a
1290 918 1365 951 quo,
1389 907 1436 939 vel
1455 906 1598 943 actuarii,
1617 906 1736 938 habere

994 972 1176 1006 nonposse,
1207 972 1269 994 non
1296 961 1367 993 ideo
1389 960 1573 1003 recipienda
1596 960 1652 992 erit
1675 970 1734 1002 ap-

995 1015 1137 1059 pellatio,
1159 1020 1211 1047 aut
1232 1013 1501 1057 aliquainhibitio
1516 1013 1735 1049 concedenda,

996 1071 1050 1103 sed
1072 1069 1117 1102 eis
1138 1074 1272 1107 tantum,
1291 1068 1329 1100 ad
1347 1078 1427 1110 quos
1449 1066 1598 1110 pertinet,
1616 1065 1737 1108 iniungi

997 1122 1116 1166 poterit
1145 1127 1205 1159 ut,
1242 1122 1346 1154 soluta
1371 1120 1533 1161 (fondigna
1565 1120 1735 1159 mercede,

998 1181 1144 1208 aetorum
1171 1175 1352 1217 exemplum
1380 1173 1602 1206 authenticum
1628 1173 1740 1215 appel-

999 1229 1086 1267 lanti,
1105 1229 1187 1261 intra
1200 1228 1327 1260 brevem
1346 1227 1486 1270 ,11111110111
1503 1232 1739 1269 competentem

1000 1283 1186 1321 terminum,
1212 1282 1366 1314 tradatur.
1388 1281 1499 1313 Caveat
1520 1286 1625 1313 tamen
1646 1280 1740 1312 iudex

1000 1348 1017 1370 a
1038 1347 1113 1380 quo,
1138 1347 1177 1369 110
1198 1335 1222 1367 51
1249 1346 1321 1367 vere
1349 1334 1544 1377 appellatum
1568 1333 1682 1371 suerit,
1711 1332 1742 1364 in

1001 1402 1075 1423 casu
1097 1389 1281 1434 appellabili
1304 1388 1432 1421 interim
1455 1387 1576 1430 aliquid
1595 1387 1625 1418 in
1648 1397 1741 1430 prae-

1001 1444 1155 1477 iudicium
1183 1441 1374 1486 appellantis
1399 1446 1548 1481 attentet,
1579 1446 1609 1473 et
1637 1439 1661 1472 si
1687 1450 1744 1483 per

1001 1504 1106 1531 actum
1129 1496 1296 1541 publicum
1326 1501 1377 1527 aut
1406 1506 1464 1538 per
1490 1494 1616 1527 testium
1643 1494 1743 1536 depo-

1001 1552 1132 1585 sitiones
1153 1549 1332 1583 constiterit
1355 1554 1425 1581 aeta
1455 1547 1607 1589 denegari
1636 1547 1744 1590 appel-

1002 1604 1099 1643 lanti,
1125 1610 1199 1636 tunc
1226 1602 1320 1635 iudex
1348 1600 1573 1644 appellationis
1602 1600 1632 1631 in
1655 1610 1744 1631 man-

1003 1660 1077 1692 dato
1105 1656 1245 1689 habendi
1280 1661 1349 1688 aeta
1378 1654 1475 1697 possit
1505 1653 1652 1690 edicere,
1686 1664 1743 1685 nec

1003 1712 1130 1745 interim
1153 1709 1274 1753 aliquid
1295 1708 1368 1741 novi
1390 1713 1500 1740 contra
1528 1706 1743 1750 appellantem

1004 1770 1187 1798 attentetur.

1048 1820 1063 1863 ξ
1083 1818 1113 1851 8.
1138 1817 1292 1861 Septimo,
1317 1815 1404 1859 quod
1425 1825 1442 1847 a
1471 1813 1628 1847 sententia
1649 1813 1743 1845 etiam

1004 1872 1169 1907 definitiva
1185 1876 1295 1904 contra
1307 1879 1416 1902 verum
1432 1873 1655 1901 contumacem
1671 1876 1745 1909 pro-

1004 1928 1067 1960 lata
1088 1924 1260 1970 appellatio
1281 1933 1345 1956 non
1372 1922 1558 1966 recipiatur,
1582 1931 1641 1953 nee
1662 1919 1745 1951 inhi-

1005 1979 1082 2013 bitio
1109 1984 1164 2011 aut
1182 1977 1290 2020 aliqua
1310 1975 1439 2019 quaevis
1459 1973 1610 2018 provisio,
1635 1983 1747 2016 (11111111-

1006 2032 1060 2065 (1111
1081 2031 1247 2075 appellans
1270 2029 1302 2061 in
1328 2027 1517 2061 huiusmodi
1537 2037 1612 2059 vera
1633 2030 1746 2059 contu-

1006 2085 1109 2118 macia
1129 2082 1316 2128 perstiterit,
1346 2081 1553 2115 concedatur.

1051 2139 1065 2181 g
1086 2138 1116 2170 ts).
1140 2137 1268 2177 Octavo,
1293 2135 1379 2179 quod
1401 2135 1440 2167 ab
1460 2133 1672 2176 exequutione
1694 2132 1748 2164 de-

1007 2198 1169 2225 cretorum
1199 2190 1280 2223 sacri
1311 2187 1443 2222 Coneilii
1463 2185 1641 2219 Tridentini
1665 2213 1671 2225 ,
1695 2190 1746 2217 aut

1008 2244 1203 2279 Visitationis
1235 2242 1449 2287 Apostfflicae,
1479 2239 1711 2284 apl‘tellatioues
1732 2250 1749 2270 a
1771 2251 1776 2271 t

1010 2298 1265 2342 metropolitanis
1280 2307 1342 2329 non
1360 2295 1567 2339 recipiantur,
1581 2304 1639 2326 nee
1654 2293 1749 2325 etiam

1009 2353 1139 2396 quando
1159 2349 1336 2394 'epistt-opi,
1362 2348 1477 2380 virtute
1503 2347 1646 2379 eiusdem
1670 2345 1751 2378 sacri

1010 2404 1141 2439 Concilii
1168 2402 1363 2439 Tridentini,
1395 2400 1568 2444 procedant
1597 2399 1640 2431 uti
1662 2398 1752 2431 Sedis

1011 2457 1213 2502 Apostolicae
1235 2455 1370 2497 delegati
1393 2455 1422 2486 in
1445 2453 1562 2491 causis,
1587 2463 1668 2497 quae
1694 2452 1752 2484 sub

1011 2521 1124 2545 eorum
1146 2509 1368 2542 iurisdictione
1390 2518 1453 2540 uon
1469 2506 1752 2550 comprelwiulun-

1013 2572 1073 2605 tur,
1098 2564 1181 2596 salva
1211 2568 1337 2601 tamen,
1370 2561 1430 2593 hoc
1452 2571 1538 2601 casu,
1572 2560 1752 2601 legatorum

1013 2623 1040 2651 et
1057 2616 1250 2649 nunciorum
1272 2614 1523 2658 apostolicorum
1550 2612 1750 2646 auctoritate.

1058 2672 1074 2712 ξ
1101 2670 1147 2702 10.
1172 2669 1274 2709 Nono,
1296 2667 1383 2712 quod
1399 2667 1429 2700 in
1449 2666 1552 2700 causis
1564 2665 1755 2699 visitationis

1751 270 1799 296 An.
1818 269 1847 295 C.
1863 269 1930 295 teo-3

1792 330 1930 350 Inbilnlienes

1754 364 1785 376 11111
1898 363 1930 376 η..

1746 364 1750 377 l
1764 375 1768 377 t

1747 384 1800 403 tinet

1747 411 1795 430 Sct'll

1748 440 1798 457 llilt'.

1752 868 1792 887 11111)
1811 867 1850 886 app
1932 877 1936 882 ,

1751 891 1835 909 artuum
1845 887 1936 907 extradi-

1752 915 1842 935 rtionem
1869 914 1937 933 [lene-

1754 944 1795 961 eat.

1800 1817 1919 1843 Appellatio
1932 1823 1944 1837 a

1761 1850 1811 1864 rere
1820 1846 1945 1864 contumace

1761 1871 1886 1896 interposita
1905 1876 1946 1890 non

1762 1897 1899 1918 admittenda.

1790 2139 1862 2164 Neque
1878 2145 1889 2158 a
1901 2144 1948 2158 sen-

1764 2166 1835 2185 tentiis
1867 2165 1949 2190 opimi.

1764 2198 1837 2218 1141111111
1876 2197 1949 2217 proci*-

1764 2218 1857 2238 ‹luntium
1898 2220 1949 2238 tam-

1765 2251 1827 2265 iuatu
1856 2245 1948 2270 tlt-legati

1766 2272 1787 2292 S.
1803 2271 1872 2291 Sedis.
