2253 3195
249 261 300 288 An.
317 261 348 288 C.
366 261 434 289 ¹598

272 1006 298 1027 Et
308 1007 387 1027 dictum
397 1007 436 1027 du-

251 1036 320 1054 catum
329 1034 380 1054 ΟΛ.
391 1034 435 1055 unit

250 1060 379 1086 :ubiirizque
387 1066 435 1081 ron·

249 1088 352 1107 stitutum·
371 1088 402 1108 Pii
420 1088 434 1107 V

251 1115 277 1133 ute
289 1120 329 1134 non
340 1115 435 1135 alienan-

251 1142 290 1161 .ti=.

276 1921 331 1940 idam
343 1921 436 1942 Pontttn

255 1947 298 1967 uso
308 1951 350 1974 :igit
359 1951 438 1971 aratia»

253 1974 279 1994 ¹10
294 1978 437 2000 '‘superatio-

253 2001 437 2022 necti-tudunum.

280 2239 400 2266 iteratoque
412 2242 435 2260 11-

254 2265 350 2286 turntlnn
365 2269 434 2291 Ᾱῐιιιοῐ.

254 2297 308 2313 unll-
318 2300 350 2313 um
361 2299 409 2314 Ιυιι.

479 250 544 284 4⁶28

448 309 515 342 bris
533 315 563 341 et
583 308 653 341 aliis
673 307 805 340 annexis
829 312 859 340 et
880 305 1042 346 connexis,
1054 316 1112 350 per
1125 305 1196 338 obi-

451 368 517 394 tum
538 360 671 405 praefati
693 359 782 393 ducis
795 359 962 403 Alphonsi,
985 369 1042 392 seu
1062 358 1140 392 alias
1156 359 1197 391 ad

449 415 596 448 eamdem
624 413 740 447 Sedem
761 413 947 446 devolutum
974 418 1005 445 et
1033 412 1193 453 devoluta,

449 474 479 501 et
498 468 576 501 utile
605 468 734 500 illorum
761 467 942 500 dominium
971 476 1044 500 eum
1073 465 1195 499 directo

449 521 683 555 consolidatum
698 531 766 554 esse
775 521 959 562 declaravit,
969 527 1000 554 et
1009 520 1196 553 huiusmodi

448 574 678 614 reversionem,
702 573 942 607 devolutionem
964 578 995 606 et
1015 572 1103 606 utilis
1122 583 1195 606 eum

449 627 572 660 directo
590 626 735 660 dominio
749 625 1038 660 consolidationem
1051 631 1197 669 accepta-

448 680 502 721 vit,
525 680 631 724 ipsum
650 680 803 713 ducatum
823 684 856 713 et
880 684 997 712 statum
1017 678 1193 719 Ferrariae,

449 744 522 766 cum
543 733 696 767 omnibus
716 733 920 778 supradictis,
943 733 1017 767 Sedi
1037 732 1198 777 Apostoli-

449 798 505 820 cae
526 793 558 820 et
576 787 729 820 Gamerae
750 797 926 827 reversum,
946 787 1076 820 unitum
1097 792 1128 820 et
1147 786 1197 819 in-

450 846 658 884 corporatum
680 851 749 874 esse
780 851 817 874 ac
844 840 968 882 censeri
996 840 1139 874 decrevit
1168 845 1199 874 et

451 893 624 927 declaravit
645 893 734 927 omni
752 893 880 927 meliori
901 894 1010 927 modo.

495 948 512 988 S
530 945 560 979 3.
573 947 609 979 Et
626 953 784 991 quatenus
804 957 885 990 opus
898 946 948 986 sit,
969 947 1120 980 eumdem
1141 946 1198 979 du-

451 1005 557 1033 catum
577 1006 608 1033 et
629 1005 762 1041 statum,
786 1001 826 1034 de
845 1010 929 1033 novo
949 1000 1054 1033 eidem
1075 999 1148 1034 Sedi
1169 1005 1198 1033 et

451 1052 602 1086 Gamerae
618 1053 719 1086 univit
741 1059 772 1087 et
792 1053 1020 1098 incorporavit,
1042 1060 1073 1087 et
1092 1054 1199 1098 dispo-

451 1106 558 1140 sitioni
581 1107 818 1140 constitutionis
838 1107 1003 1151 praefatae
1022 1107 1104 1140 PiiV
1123 1107 1199 1141 sub-

451 1160 587 1193 iacuisse
615 1166 646 1193 et
682 1160 849 1194 subiacere
885 1160 1033 1194 similiter
1059 1161 1199 1194 decrevit

451 1219 482 1246 et
502 1213 687 1254 declaravit,
711 1214 840 1258 Deoque
860 1213 1090 1258 Omnipotenti,
1114 1214 1195 1247 Bea-

451 1272 501 1299 tae
509 1266 642 1309 Virgini,
655 1277 692 1300 ac
708 1267 754 1300 Ss.
766 1267 926 1310 Apostolis
941 1267 1037 1301 Petro
1051 1273 1082 1301 et
1098 1267 1197 1300 Paulo

450 1325 607 1364 perpetuo
627 1320 740 1353 tribuit
759 1325 791 1353 et
811 1320 981 1354 dedicavit.

494 1373 550 1406 Die
570 1383 620 1407 xix
641 1373 777 1407 ianuarii
801 1384 958 1414 unxcvm,
981 1374 1066 1418 apud
1086 1375 1116 1408 S.
1134 1375 1194 1408 Pe-

453 1433 550 1469 trum,
572 1426 603 1459 in
624 1427 820 1461 Consistorio
841 1433 976 1466 secreto,
999 1428 1132 1461 Romae.

488 1489 545 1516 Dat.
563 1488 606 1516 die
624 1490 656 1517 19
676 1489 790 1516 ianuarii
807 1490 885 1524 1598,
903 1490 1052 1526 pontis.an.
1070 1497 1116 1517 vu.

534 1591 691 1635 Sequitur
713 1591 784 1625 alia
808 1592 922 1626 itidem
945 1593 1123 1626 declaratio

707 1659 735 1687 et
752 1655 942 1698 applicatio.

496 1752 721 1786 Sanctissimus
743 1753 774 1785 in
794 1753 918 1787 Christo
938 1754 1031 1786 Pater
1051 1759 1081 1787 et
1101 1755 1135 1787 D.
1158 1755 1194 1787 N.

454 1807 486 1839 D.
499 1806 656 1845 Clemens,
674 1805 780 1838 diviua
798 1806 1009 1850 providentia,
1024 1807 1109 1851 Papa
1119 1807 1194 1841 Vlll.

497 1858 560 1902 54.
584 1858 665 1892 Dixit
684 1859 835 1892 ducatum
858 1865 885 1891 et
907 1865 1023 1892 statum
1034 1860 1199 1894 Ferrariae

454 1911 516 1944 iam
543 1911 639 1945 fuisse
668 1918 910 1955 recuperatum,
935 1912 1030 1956 idque
1057 1913 1125 1947 sola
1145 1914 1198 1947 Dei

453 1965 689 2009 Omnipotentis
718 1966 939 1999 misericordia
970 1967 1088 2000 sactum
1117 1978 1196 2007 esse,

453 2025 483 2052 et
496 2025 666 2063 propterea
680 2019 726 2052 llli
740 2019 884 2060 ingentes
894 2030 961 2052 esse
973 2020 1091 2062 gratias
1103 2031 1200 2063 agen-

453 2073 519 2111 das,
537 2072 724 2116 praesertim
748 2083 820 2105 rum
843 2073 886 2112 id,
907 2073 1028 2117 absque
1046 2075 1110 2107 ulla
1127 2085 1199 2107 san-

452 2126 557 2166 guinis
577 2126 744 2165 effusione,
769 2126 951 2167 contigerit.

497 2182 512 2221 g
534 2179 563 2212 ἴ»,
596 2180 631 2212 Et
657 2179 790 2218 iterato,
821 2186 855 2212 ut
884 2180 984 2220 magis
1011 2180 1136 2213 enixam
1169 2187 1199 2215 et

452 2233 649 2276 exploratam
665 2233 733 2266 eius
747 2233 940 2265 voluntatem
956 2234 1114 2274 ostendat,
1129 2234 1197 2267 iura

453 2286 575 2319 iuribus
593 2286 753 2323 addendo,
768 2286 919 2318 duratum
934 2292 964 2319 et
977 2293 1093 2319 statum
1107 2298 1199 2331 prae-

453 2342 563 2379 l'atuui,
588 2350 766 2383 onmesque
788 2339 916 2372 illorum
950 2340 1112 2380 redditus,
1148 2341 1195 2373 ei-

453 2393 524 2425 dem
547 2393 619 2426 Sedi
641 2399 671 2425 et
700 2393 851 2425 Gamerae
872 2394 1074 2436 Apostoliczw,
1100 2394 1199 2427 univit

453 2453 480 2477 rt
504 2446 731 2490 itutorporavil,
755 2452 785 2478 el
806 2446 1006 2490 dispositioni
1039 2448 1194 2481 constitu-

454 2499 547 2531 tionis
568 2500 644 2532 t‘iiv
664 2500 768 2533 editae
789 2501 847 2533 sul»
869 2501 932 2533 dat.
951 2501 1198 2545 tvkalen.ap1·i-

455 2553 501 2590 lis,
527 2553 730 2596 pontificatus
751 2553 798 2586 sui
820 2564 904 2587 anno
923 2555 1077 2594 secundo,
1093 2554 1199 2587 subia-

454 2606 555 2637 ruissu·
567 2613 595 2638 vt
611 2607 777 2640 subiacere
791 2608 940 2641 simililer
954 2608 1104 2646 decrevit.
1119 2609 1198 2641 Deo-

454 2669 515 2701 qus:
547 2659 784 2703 omnipotenti,
818 2661 849 2694 ll.
878 2661 994 2694 Mariae
1017 2661 1136 2703 Virgini
1168 2666 1198 2694 et

1031 257 1216 282 nummum
1235 251 1391 282 Romnum

1229 306 1275 340 Ss.
1292 306 1453 350 Apostolis
1464 306 1559 339 Petro
1579 311 1610 339 et
1625 307 1740 347 Paulo,
1756 317 1895 351 quorum
1909 318 1971 352 ope

1231 360 1262 393 id
1283 359 1402 392 sactum
1422 359 1492 399 suit,
1515 365 1672 403 perpetuo
1699 359 1820 394 addixit
1838 366 1870 394 et
1887 371 1968 394 eon-

1230 412 1375 446 secravit.

1273 467 1395 500 Romae
1412 467 1498 511 apud
1517 467 1547 501 S.
1568 467 1709 508 Petrum,
1730 467 1782 501 die
1801 469 1973 502 undecima

1231 520 1396 561 februarii,
1410 520 1582 554 millesimo
1595 521 1854 564 quingentesimo
1873 532 1974 555 nona-

1230 573 1352 616 gesimo
1373 579 1496 607 octavo.

1266 636 1327 663 Dat.
1348 636 1391 663 die
1410 637 1441 663 11
1459 636 1589 663 februarii
1606 636 1684 672 1598,
1704 636 1801 672 pontif.
1818 645 1862 664 an.
1882 643 1930 664 v11.

1533 786 1670 820 CLXXX.

1234 884 1410 920 Cardinali
1419 885 1445 918 A
1453 884 1671 918 ldebrandino
1683 885 1721 918 in
1730 885 1860 918 civitate
1876 890 1905 918 et
1917 886 1976 918 du-

1277 953 1352 982 catu
1374 948 1584 982 Ferrariensi
1607 948 1645 981 de
1673 948 1773 981 latere
1801 942 1976 992 leyato,'ut

1275 1011 1410 1054 facilius
1429 1011 1594 1044 civitatem
1618 1014 1647 1043 et
1669 1011 1825 1044 ducatum
1845 1010 1978 1054 praedi-

1277 1078 1340 1107 ctos
1364 1085 1385 1106 α
1417 1074 1575 1117 qubernio
1599 1073 1728 1114 detenti,
1753 1073 1797 1106 ad
1826 1083 1977 1106 normam
2006 1073 2014 1078 “

1276 1136 1449 1180 reyiminis
1468 1136 1616 1169 aliarum
1627 1137 1876 1180 provinciarum
1897 1136 1974 1170 Sta—

1278 1202 1329 1231 tus
1348 1198 1567 1231 Ecclesiastici
1593 1198 1738 1241 redigere
1758 1199 1872 1242 possit,
1900 1208 1973 1231 am-

1275 1260 1446 1304 plissimae
1464 1260 1636 1304 facultates
1653 1260 1874 1294 conceduntur
1885 1259 1906 1293 ¹.

1232 1351 1347 1379 Dilecto
1366 1351 1427 1379 filio
1446 1354 1551 1379 nostro
1572 1352 1660 1379 Petro
1680 1352 1710 1379 S.
1731 1351 1846 1379 nicolai
1866 1351 1898 1379 in
1909 1352 1976 1384 Gar-

1267 1403 1335 1424 cere
1350 1396 1474 1424 diacono
1494 1395 1641 1423 cardinali
1661 1396 1880 1424 aldobrandino
1898 1403 1976 1424 nun-

1266 1443 1385 1474 cupato,
1402 1444 1505 1468 nostro
1520 1440 1684 1468 secundum
1695 1447 1814 1468 carnem
1830 1447 1866 1468 ex
1881 1440 1976 1468 tratre

1265 1492 1405 1520 germano
1424 1485 1536 1519 nepoti,
1556 1484 1587 1512 in
1605 1485 1750 1513 universa
1769 1485 1862 1513 ltalia
1890 1492 1926 1513 ao
1945 1485 1976 1513 in

1266 1530 1392 1558 civitate
1412 1533 1444 1558 et
1463 1530 1576 1558 ducatu
1600 1530 1715 1558 nostris
1733 1530 1977 1558 ferrariensibus

1266 1578 1369 1603 nostro
1389 1578 1420 1603 et
1438 1575 1630 1609 Apostoli-:ae
1649 1575 1735 1603 Sedis
1764 1575 1801 1603 de
1819 1576 1916 1603 latere
1935 1576 1978 1603 le-

1267 1623 1336 1655 gato

1403 1667 1560 1699 Clemens
1581 1668 1676 1709 Papa
1696 1668 1790 1698 VIII.

1453 1735 1568 1764 Dilecta
1584 1736 1629 1763 fili
1645 1738 1759 1768 noster,

1275 1791 1405 1818 satutem
1421 1792 1453 1817 et
1467 1789 1665 1824 apostolicam
1684 1788 1934 1817 benedictionem.

1277 1863 1294 1904 g
1316 1861 1345 1894 l.
1369 1860 1527 1900 Quoniam
1560 1860 1592 1892 in
1612 1859 1770 1902 regimine
1791 1859 1927 1894 civitatis
1947 1866 1977 1894 et

1233 1915 1367 1948 ducatus
1378 1919 1561 1947 nostrorum
1572 1912 1839 1960 Ferrariensium,
1852 1923 1910 1957 per
1919 1923 1977 1947 nos

1233 1967 1386 2010 singulari
1409 1973 1480 2000 tuae
1498 1966 1572 2000 fidei
1593 1972 1688 2010 atque
1709 1966 1898 2010 prudentiae
1918 1977 1978 2001 nu-

1233 2032 1290 2065 per
1310 2019 1494 2059 commisso,
1521 2025 1654 2064 propter
1675 2019 1891 2053 diversitatem
1912 2030 1974 2063 gu-

1233 2074 1335 2108 bernii
1357 2073 1489 2111 (lunatis,
1512 2072 1571 2105 sub
1592 2083 1656 2116 quo
1685 2072 1768 2106 dicta
1793 2073 1902 2107 civitas
1922 2073 1978 2107 ha-

1233 2135 1343 2162 cteuus
1363 2134 1449 2161 recta
1468 2127 1535 2166 suit,
1552 2133 1583 2160 et
1599 2127 1816 2168 ecclesiastici,
1837 2127 1896 2160 sub
1913 2138 1977 2171 quo

1233 2181 1384 2225 deinceps
1404 2180 1474 2221 erit,
1499 2181 1599 2213 multa
1619 2179 1806 2222 contingere,
1830 2185 1974 2224 possunt,

1233 2245 1314 2279 quae
1339 2235 1368 2267 in
1391 2233 1595 2267 facultatibus
1615 2233 1784 2275 legationis
1795 2233 1931 2266 civitatis
1948 2239 1979 2266 et

1233 2290 1367 2322 ducatus
1395 2288 1648 2332 praedictorum,
1672 2298 1708 2320 ae
1730 2287 1760 2320 in
1781 2286 1852 2320 aliis
1873 2287 1975 2320 sacul-

1233 2342 1350 2376 tatibus
1379 2341 1504 2386 pridem
1535 2341 1590 2374 tihi
1627 2352 1685 2385 per
1714 2351 1773 2374 nos
1804 2340 1974 2380 concessis,

1232 2406 1295 2428 non
1316 2401 1389 2428 suut
1407 2405 1566 2439 expressa,
1581 2405 1617 2427 ac
1634 2393 1764 2438 speciali
1786 2399 1861 2427 nota
1882 2393 1978 2436 digna

1233 2454 1353 2485 essen12
1371 2459 1428 2481 nos
1448 2459 1487 2481 ne
1508 2454 1679 2492 propterea
1701 2448 1834 2480 ducatus
1854 2453 1885 2481 et
1904 2446 1978 2480 civi-

1234 2508 1278 2534 tas
1297 2501 1451 2546 praedicti
1472 2501 1602 2545 aliquod
1622 2500 1784 2544 patiantur
1804 2499 1978 2533 detrimen-

1233 2561 1311 2593 tum,
1339 2555 1394 2587 sed
1416 2560 1450 2587 ut
1479 2560 1510 2587 tu
1532 2554 1651 2592 omnia,
1676 2564 1758 2598 quae
1779 2553 1818 2586 ad
1847 2563 1977 2597 prospe-

1234 2618 1304 2640 rum
1333 2619 1369 2640 ae
1390 2607 1461 2640 felix
1483 2607 1626 2647 regimen
1653 2607 1780 2640 illorum
1803 2605 1973 2650 pertinent,

1271 2671 1280 2695 t
1301 2669 1336 2695 lix
1354 2669 1461 2705 lle-gest.
1479 2668 1504 2695 iu
1516 2669 1618 2696 Secret.
1636 2668 1770 2695 lli-ovium.

1983 259 2037 286 An.
2054 259 2084 287 C.
2101 259 2170 288 1598

2005 1865 2112 1887 Cardinalt
2119 1866 2175 1893 ¹⁰⁶¹·

1992 1894 2012 1912 tn
2037 1893 2176 1919 amplissimas

1992 1919 2103 1967 affiliatu-
2124 1924 2176 1941 con·
