2253 3195
242 241 291 269 An.
312 242 342 269 c.
360 242 428 269 ¹602
474 233 536 267 782

265 670 425 691 Aitministrator

241 698 346 717 ecch-siae
382 697 424 716 llil-

240 724 354 744 deeeimen.
368 722 424 743 ordi-

240 756 277 770 nes
291 751 424 775 presbytera—

240 779 273 796 tus
288 779 308 797 et
323 777 423 796 diacona·

240 806 272 823 tux
289 803 308 823 in
329 803 423 828 capitulo

239 829 367 849 cathedralis
394 829 422 849 in-

239 856 297 876 stitui
313 858 380 876 curat.

252 1783 320 1804 'suin-u

254 1817 278 1830 ai·
307 1817 369 1836 supet

238 1837 297 1856 οιΙιΙι.

330 1792 348 1804 ιιι
364 1785 422 1805 nitati

400 1817 422 1832 ΓΒ

440 291 647 331 thedralium,
676 292 824 324 decorem
846 301 905 335 per
924 291 1111 324 earumdem
1134 301 1184 323 ec-

440 345 609 378 clesiarum
645 345 808 388 praesules
838 344 972 388 provide
1003 349 1122 377 statuta
1154 348 1202 377 et*

440 397 588 430 ordinata
618 408 686 430 esse
717 397 958 440 comperimus,
984 407 1037 436 ea,
1061 407 1133 431 cum
1166 401 1201 430 a³

440 451 533 483 nobis
556 451 688 494 petitur,
711 450 907 494 apostolicae
928 449 1201 495 confirmationisg

439 503 556 536 robore
586 503 725 537 libenter
751 503 1010 543 communimus,
1033 508 1130 547 prout
1150 503 1201 535 in⁴

439 556 575 589 Domino
592 556 764 589 salubriter
780 555 996 600 conspicimus
1017 555 1178 599 expedire.

485 611 501 651 ἓ
523 609 552 642 1.
576 609 654 643 Cum
673 609 793 653 itaque,
814 609 897 642 sicut
917 602 1201 642 rene1·ahilissra-³

440 661 495 694 tris
520 661 666 695 IIernesti
705 661 940 705 archiepiscopi
966 661 1179 702 Coloniensis‚

439 714 526 748 Sacri
540 714 676 748 Romani
696 714 828 758 Imperii
843 714 1000 758 principis
1020 714 1179 755 electoris,

439 774 469 801 ct
489 768 641 802 ecclesiae
661 768 938 808 Hildeseimensis,
961 780 998 802 ex
1019 768 1182 812 dispensa-

440 821 525 855 tione
544 822 733 866 apostolica,
747 821 1017 855 administratoris
1035 821 1180 862 nomine,

437 875 530 908 uobis
550 885 655 919 nuper
679 875 858 919 expositum
881 875 950 915 suit,
972 875 1040 918 ipse
1059 875 1182 908 Herne-

437 935 504 962 stus
521 928 786 973 archiepiscopus
803 934 833 962 et
853 929 1096 963 administrator
1115 929 1180 962 ani-

439 983 641 1016 madvertens
664 983 696 1015 in
724 982 888 1026 pra'edicta
913 983 1048 1016 ecclesia
1068 983 1180 1016 Hilde-

437 1035 587 1069 seimensi
601 1063 608 1076 ,
640 1046 677 1068 ex
705 1035 904 1078 obligatione
936 1036 1091 1078 singulari
1129 1042 1183 1069 aut

437 1096 567 1130 statuto,
599 1090 801 1134 praebendas
821 1090 927 1123 nullas
958 1099 1038 1129 esse,
1065 1089 1183 1133 quibus

438 1143 677 1187 presbyteratus
690 1142 755 1176 sive
773 1142 962 1176 diaconatus
979 1142 1110 1176 ordines
1127 1153 1184 1176 an-

438 1195 510 1228 nexi
520 1201 636 1236 essent,
649 1201 748 1240 atque
759 1195 834 1229 inde
847 1195 990 1229 evenisse
1003 1196 1095 1229 uthis
1105 1202 1184 1229 tem-

1026 243 1211 267 nummum
1230 243 1384 267 nomnen

1199 290 1416 333 ‘obligatione
1435 291 1590 334 singulari
1621 297 1678 325 aut
1704 297 1834 334 statuto,
1867 304 1959 337 prae-

1218 343 1338 377 bendas
1358 344 1462 377 nullas
1475 355 1555 392 ⁴esse
1579 350 1719 386 constet,
1736 345 1859 389 vquibus
1878 347 1959 380 ordo

1217 397 1407 441 presbyterii
1434 397 1499 431 sive
1529 397 1717 431 diaconatus
1745 408 1887 432 annexus
1905 398 1956 440 sit,

1217 455 1313 494 atque
1334 450 1408 484 inde
1433 451 1597 492 evenerit,
1620 457 1655 484 ut
1676 451 1960 486 turbulentissimis

1217 503 1304 537 hisce
1327 504 1542 548 temporibus,
1563 509 1594 537 et
1613 505 1686 538 loco
1707 504 1960 549 circumquaque

1200 556 1387 598 ,haereticis
1417 557 1591 601 provinciis
1615 557 1733 598 cincto,
1766 557 1960 592 sufficientes

1217 609 1395 653 presbyteri
1417 615 1447 643 et
1475 610 1603 644 diaconi
1623 611 1663 644 ad
1683 611 1834 644 obeunda
1854 610 1962 645 divina

1217 662 1322 695 officia
1341 673 1405 696 non
1427 662 1628 704 habeantur,
1657 670 1711 697 aut
1736 663 1830 698 facile
1848 663 1961 698 haberi

1218 721 1357 759 queant;
1377 725 1437 749 nos
1460 726 1626 750 sacrorum
1653 727 1826 758 canonum,
1850 723 1881 750 et
1904 718 1962 751 oe-

1217 769 1375 802 cumenici
1397 769 1574 802 Tridentini
1587 770 1719 803 Concilii
1739 770 1960 804 reformationi

1217 832 1293 856 sess.
1316 833 1402 863 xxw,
1426 833 1496 866 cap.
1520 833 1581 863 xu,
1605 834 1641 856 ac
1666 823 1764 867 ipsius
1788 823 1872 857 sedis
1891 834 1960 858 me-

1218 875 1432 919 tropolitanae
1449 876 1712 919 Maguntinensis,
1724 868 1782 910 cui
1796 877 1961 920 praedicta

1217 935 1327 962 nostra
1368 929 1503 962 ecelesia
1545 934 1711 974 tamquam
1759 929 1960 973 suffraganea

1216 982 1346 1023 subest,
1373 982 1514 1025 vestigiis
1544 982 1738 1024 insistentes,
1763 982 1840 1016 huic
1875 983 1961 1017 malo

1216 1045 1400 1076 occurrere,
1424 1041 1455 1068 et
1475 1035 1656 1069 remedium
1676 1046 1833 1080 quaerere
1852 1036 1961 1070 volen-

1217 1094 1273 1129 tes,
1297 1089 1336 1122 de
1353 1088 1499 1122 unanimi
1519 1098 1677 1122 consensu
1691 1088 1792 1122 nostri
1813 1089 1956 1133 capituli,

1216 1142 1421 1175 statuendum
1456 1147 1487 1175 et
1512 1141 1730 1175 ordinandum
1758 1152 1826 1175 esse
1861 1141 1961 1186 duxi-

1217 1206 1306 1236 mus,
1329 1201 1426 1240 prout
1450 1202 1481 1229 et
1506 1195 1677 1229 statuimus
1696 1201 1727 1229 et
1755 1195 1956 1236 ordinamus,

438 1249 584 1293 poribus,
612 1255 643 1283 et
664 1249 694 1282 in
722 1249 777 1282 illo
802 1249 874 1283 loco
901 1250 1072 1283 haereticis
1101 1260 1180 1293 pro—
1199 1270 1201 1298 Ι
1217 1249 1304 1293 quod
1317 1255 1389 1282 octo
1402 1249 1606 1293 praebendae
1627 1249 1663 1282 in'
1675 1249 1836 1292 saepefata
1855 1249 1960 1283 eccle-

437 1302 549 1336 vinciis
570 1302 824 1346 circumquaque
845 1302 962 1343 cincto,
989 1302 1201 1337 sufficientes

438 1355 617 1400 presbyteri
639 1361 669 1388 et
690 1355 817 1388 diaconi
842 1355 882 1388 ad
906 1356 1057 1389 obeunda
1077 1356 1184 1389 divina

438 1408 544 1442 officia
564 1418 629 1442 non
651 1408 860 1449 haberentur,
884 1414 938 1441 aut
959 1408 1051 1442 facile
1071 1408 1183 1442 haberi

438 1468 589 1505 possent;
613 1461 686 1494 ideo
707 1461 746 1494 de
775 1461 919 1494 unanimi
940 1461 1072 1505 capituli
1093 1461 1179 1495 eius-

439 1516 510 1548 dem
539 1514 695 1548 ecclesiae
724 1525 882 1548 consensu
909 1515 1019 1548 statuit
1047 1521 1078 1549 et
1097 1515 1184 1549 ordi-

438 1569 536 1610 navit,
560 1575 594 1602 ut
614 1574 688 1602 octo
708 1569 814 1613 primo
837 1575 1006 1603 vacaturae
1024 1569 1183 1613 praeben-

439 1623 509 1662 dae,
530 1622 773 1667 presbyteratus
794 1621 930 1655 vicissim
946 1627 974 1655 ct
994 1622 1183 1656 diaconatus

439 1676 570 1709 ordines
595 1686 736 1709 annexos
756 1675 876 1709 habere
896 1676 1069 1716 deberent,
1093 1676 1183 1709 cuius

437 1729 544 1763 statuti
585 1740 641 1762 seu
679 1729 893 1763 ordinationis
930 1729 1094 1773 exemplar
1135 1735 1183 1763 est

437 1784 524 1827 quod
549 1783 703 1827 sequitur,
721 1782 887 1816 videlicet:
912 1783 1104 1823 llernestus,
1127 1783 1181 1816 Dei

437 1837 538 1877 gratia
553 1864 560 1877 ,
584 1836 704 1870 electus
733 1841 762 1869 et
787 1835 996 1869 confirmatus
1016 1835 1178 1880 archiepi-

437 1901 553 1934 scopus
566 1889 775 1929 Colonicnsis,
790 1889 876 1923 Sacri
896 1889 1031 1922 [tomani
1052 1889 1181 1933 Imperii

438 1954 495 1987 per
512 1943 635 1976 ltaliam
656 1942 962 1976 archicancellarius
982 1948 1013 1975 et
1032 1942 1182 1987 princeps

437 1997 567 2037 elector,
583 1996 753 2040 episcopus
770 1995 1181 2035 Leodiensis,administra-

439 2056 488 2082 tor
500 2049 771 2088 llildeseimensis,
782 2049 1038 2082 monasteriensis
1049 2054 1078 2083 et
1093 2049 1181 2082 Frei-

437 2102 617 2143 singensis,
646 2102 795 2146 princeps
825 2101 1046 2142 Staliulensis,
1074 2112 1182 2135 comes

438 2155 609 2198 palatinus,
630 2155 742 2195 Rheni,
764 2154 932 2198 utriusque
946 2154 1106 2194 Bavariae,
1121 2155 1183 2187 An-

439 2208 568 2248 cariae,
601 2207 817 2252 Westplialiae
846 2214 876 2240 et
910 2207 1063 2241 llullionis
1094 2208 1178 2246 dux,

439 2261 583 2294 marchio
614 2260 919 2294 Trancimoutensis.
962 2259 1121 2292 l'niversis
1153 2266 1181 2293 et

438 2314 573 2353 siugulis
594 2319 778 2358 praesentes
799 2319 924 2346 nostras
943 2312 1158 2346 ordinationis
1172 2340 1179 2353 ‚

439 2366 559 2404 statuti,
574 2366 804 2407 designationis
824 2373 852 2398 et
876 2365 1111 2399 distributionis
1132 2365 1181 2399 lit-

440 2426 522 2451 tvi-as
550 2419 684 2458 visuris,
708 2419 838 2453 lec-turis
870 2425 898 2452 et
932 2419 992 2461 legi
1025 2419 1182 2452 audituris

439 2472 574 2504 saluta-iu
608 2472 638 2504 iu
670 2472 816 2505 ltouiino.
840 2473 916 2505 Cum
951 2472 980 2505 iu
1007 2472 1181 2505 cathedrali

440 2524 573 2557 ercli-sia
592 2524 859 2562 llildeseiiuonsi,
884 2524 933 2557 vui
955 2535 990 2557 ev
1012 2524 1180 2568 dispensa-

441 2577 526 2609 tione
544 2578 678 2610 Sanctia»
698 2577 787 2610 Sedis
809 2577 1009 2621 Apostolicae
1031 2583 1182 2621 tauquam

441 2636 614 2674 perpetuus
644 2630 887 2665 :uluuinistrator
919 2642 1119 2675 praesumus,
1147 2642 1181 2664 ex

1217 1302 1263 1335 sia
1289 1303 1382 1346 (quas
1402 1313 1475 1335 cum
1503 1301 1638 1335 consilio
1663 1302 1806 1336 eiusdem
1827 1302 1960 1347 capituli

1217 1355 1370 1389 oneribus
1389 1354 1574 1388 huiusmodi
1603 1354 1867 1388 commodissime
1885 1365 1960 1398 gra-

1217 1408 1283 1441 vari
1314 1417 1408 1452 posse
1436 1407 1705 1448 iudicaverimus,
1727 1407 1793 1441 sive
1822 1399 1961 1442 illae'de

1216 1461 1268 1495 SS.
1291 1461 1325 1494 D.
1347 1461 1383 1494 N.
1413 1460 1586 1494 collatione
1613 1460 1695 1501 sint,
1718 1460 1783 1494 sive
1811 1470 1849 1494 ex
1874 1460 1961 1495 illius

1217 1513 1342 1547 indulto
1351 1523 1462 1547 earum
1475 1513 1655 1546 nominatio
1668 1513 1708 1546 ad
1722 1523 1792 1554 nos,
1802 1513 1851 1548 vel
1863 1513 1960 1547 etiam

1206 1567 1392 1612 'capitulum
1406 1566 1569 1611 pertinere
1582 1566 1767 1610 contigerit)
1781 1567 1959 1612 presbyteri

1217 1627 1248 1655 et
1267 1621 1457 1654 'diaconatus
1474 1620 1622 1654 ordinem
1643 1630 1804 1654 annexum
1824 1620 1957 1662 habere,

1217 1681 1246 1708 et
1267 1675 1298 1707 in
1324 1679 1514 1718 perpetuum
1534 1673 1674 1707 retinere
1691 1673 1842 1715 debeant,
1864 1679 1962 1718 prout

1216 1728 1345 1761 eosdem
1367 1726 1501 1761 Ordines
1526 1726 1603 1767 illis,
1627 1738 1663 1760 ex
1684 1737 1770 1760 nunc
1799 1732 1896 1771 prout
1923 1737 1960 1760 ex

1217 1787 1303 1821 tunc,
1327 1786 1354 1814 et
1377 1791 1413 1814 ex
1443 1786 1518 1813 tnnc
1537 1786 1634 1824 prout
1653 1790 1689 1813 ex
1710 1790 1796 1813 nune
1815 1779 1847 1813 in
1869 1780 1957 1813 sutu-

1217 1844 1300 1874 rum,
1323 1833 1524 1866 annectimus
1551 1838 1582 1866 et
1613 1832 1824 1875 assignamus,
1847 1831 1890 1866 ita
1909 1831 1957 1866 vi-

1216 1887 1342 1928 delicet,
1371 1887 1458 1931 quod
1480 1886 1585 1930 prima
1609 1886 1768 1920 eiusmodi
1795 1891 1956 1926 vacatura,

1216 1939 1416 1985 presbyterii,
1425 1940 1566 1973 secunda
1575 1939 1775 1979 diaconatus,
1789 1938 1882 1972 tertia
1890 1948 1960 1972 rur-

1215 2006 1268 2028 sus
1280 1993 1482 2038 presbyterii,
1498 1999 1613 2037 quarta
1633 1993 1833 2034 diaconatus,
1848 1992 1960 2036 quinta

1216 2047 1426 2092 presbyterii,
1460 2052 1546 2080 sexta
1583 2046 1794 2086 diaconatus,
1823 2045 1960 2090 septima

1216 2099 1426 2145 presbyterii,
1456 2105 1567 2133 octava
1596 2099 1785 2132 diaconatus
1811 2097 1959 2132 ordinem

1216 2154 1335 2186 habere
1368 2153 1527 2192 debeant,
1563 2163 1668 2196 neque
1700 2151 1773 2185 ullis
1809 2150 1961 2195 deinceps

1215 2206 1353 2239 conferri
1381 2206 1504 2239 valeant
1518 2232 1525 2246 ,
1550 2205 1609 2238 uisi
1636 2205 1704 2249 ipso
1724 2210 1797 2238 actu
1817 2204 1864 2237 vel
1885 2214 1959 2248 pre-

1199 2260 1342 2305 ¹sbyter,
1369 2260 1416 2292 vel
1437 2259 1592 2292 diaconus
1622 2257 1795 2302 respective
1821 2256 1957 2298 suerint,

1217 2313 1263 2346 vcl
1289 2312 1372 2356 inl'ra
1396 2323 1515 2346 :lunum
1537 2312 1576 2345 ad
1598 2310 1783 2345 huiusmodi
1810 2309 1959 2344 ordinem

1217 2365 1400 2410 promoveri
1431 2365 1553 2409 possint
1583 2370 1613 2398 et
1643 2363 1761 2404 velint,
1796 2363 1892 2408 idque
1926 2373 1960 2397 so

1217 2419 1427 2464 praestituros
1439 2418 1546 2451 medio
1561 2417 1742 2451 iuramento
1751 2416 1956 2455 confirment.

1216 2478 1244 2505 et
1268 2472 1326 2505 nisi
1349 2472 1402 2505 illo
1420 2482 1505 2505 anno
1523 2471 1632 2515 elapso
1650 2470 1743 2504 nobis
1754 2469 1960 2514 capituloque

1218 2532 1328 2559 nostro
1348 2526 1387 2558 de
1408 2535 1445 2557 eo
1465 2523 1677 2558 sufficientem
1697 2523 1793 2556 fidem
1813 2521 1956 2561 fecerint,

1218 2578 1411 2621 missamque
1444 2577 1474 2610 in
1503 2575 1679 2610 cathedrali
1711 2573 1844 2609 ecelesia
1875 2573 1959 2608 ccle-

1217 2630 1390 2670 lwaverint,
1407 2640 1462 2663 seu
1483 2628 1683 2671 evangelium
1705 2625 1955 2666 decantaverint,
