2253 3195
287 244 339 270 An.
357 244 384 270 t).
409 243 476 271 {GOO

307 675 409 695 Pras-sens
424 680 447 694 ca

288 702 361 721 cur-liu
389 702 472 722 minime

288 728 431 753 praecedenti.
447 730 472 748 ,ἕο

289 761 330 779 qua
339 755 379 776 tur,
389 756 472 780 praeiu-

288 782 352 801 dit-at.

522 234 585 268 578

488 293 595 326 minus
615 293 793 337 prioratum
817 293 941 336 Capuae
961 292 1146 325 huiusmodi
1160 297 1231 336 post

486 347 687 390 praedictum
698 345 933 379 Bernardinum
944 346 1042 379 modo
1054 346 1232 389 praemisso

488 400 697 433 effectualiter
717 405 953 443 consequatur,
977 399 1155 443 impedire,
1179 405 1233 431 aut

487 464 520 485 se
545 452 589 484 illi
610 462 792 496 opponere,
816 463 923 497 neque
950 463 1009 496 per
1039 463 1072 486 se
1102 458 1156 485 aut
1176 463 1234 496 per

487 506 584 538 alium
606 506 830 549 praesentibus
848 506 1041 539 concordiae
1062 512 1093 539 et
1112 512 1234 539 transa-

488 558 585 591 ctioni
613 559 835 592 contravenire
855 559 979 603 possint
999 564 1054 592 aut
1074 559 1230 599 debeant,

488 622 592 656 neque
605 613 870 657 intelligaturper
881 613 1088 646 concordiam
1104 619 1132 646 et
1149 618 1234 645 tran-

465 666 663 699 -sactionem
693 666 897 707 huiusmodi;
924 667 966 700 ita
994 673 1027 700 ut
1051 667 1130 700 haec
1159 677 1233 699 con-

489 719 599 752 cordia
623 719 654 752 in
679 725 769 764 parte
792 720 900 764 aliqua
922 720 1121 764 praeiudicet
1134 720 1233 764 priori

489 773 682 806 concordiae
714 781 744 807 et
764 774 969 807 conventioni
990 773 1068 806 alias
1096 785 1155 817 per
1173 774 1231 806 Mi-

489 826 634 859 chaelem
648 827 885 860 etVineentium
898 827 1083 871 praedictos
1094 838 1154 871 per
1165 833 1234 860 aeta

489 880 596 913 dilecti
622 880 680 913 filii
707 881 833 914 Ascanii
865 881 1009 923 Scagliae
1039 880 1155 914 notarii
1176 892 1235 925 pu-

487 933 562 966 blici
583 934 642 967 sub
661 934 712 968 die
732 934 847 968 ultima
868 935 979 979 aprilis
996 945 1117 969 ninxctx
1134 935 1230 968 sacta:

488 987 543 1019 sed
564 987 651 1030 quod
673 987 727 1020 illa
758 987 790 1020 in
821 987 887 1031 suis
918 988 1036 1021 robore
1064 993 1093 1021 et
1124 988 1235 1030 vigore

489 1046 688 1083 permaneat,
712 1041 894 1085 quinimmo
915 1051 1011 1074 omne
1029 1041 1072 1081 id,
1097 1042 1183 1085 quod
1203 1041 1233 1074 in

489 1093 646 1127 ambabus
682 1094 953 1127 conventionibus
987 1099 1018 1127 et
1053 1095 1235 1128 concordiis

489 1153 633 1190 apparet,
649 1159 742 1181 suum
764 1148 908 1191 vigorem
931 1153 961 1181 ct
981 1148 1156 1181 efficaciam
1179 1148 1235 1181 ob-

488 1200 586 1233 tineat
600 1201 639 1234 ad
653 1202 793 1234 savorem
809 1201 909 1245 ipsius
922 1202 1094 1243 Michaelis,
1109 1202 1234 1235 omnia-

490 1266 553 1298 que
586 1261 614 1288 et
647 1255 775 1298 singula
807 1255 838 1288 in
864 1255 1021 1288 ambabus
1053 1255 1235 1289 concordiis

491 1313 641 1341 contenta
671 1308 900 1342 inviolabiliter
920 1309 1141 1342 observentur.
1166 1309 1234 1342 Non

490 1362 691 1395 obstantibus
720 1373 925 1407 quacumque
955 1363 1231 1403 contradictione,

491 1416 695 1459 oppositione
714 1416 761 1449 vel
783 1417 848 1457 lite,
869 1427 952 1460 quae
970 1416 1136 1459 insurgere
1161 1427 1235 1460 pos-

491 1470 548 1502 setss
584 1469 620 1503 Et
653 1471 862 1514 postmodum
893 1471 997 1503 dietus
1026 1470 1232 1509 Vincentius,

491 1534 588 1557 manu
610 1535 708 1568 super
728 1524 796 1557 eius
818 1535 934 1567 magna
955 1534 1050 1557 eruce
1071 1524 1233 1568 apposita,

491 1577 599 1610 omnia
620 1584 649 1611 et
666 1578 793 1621 singula
814 1578 843 1611 in
870 1578 1012 1612 articulis
1044 1577 1237 1612 concordiae

491 1636 521 1663 et
544 1631 769 1664 transacti0nis
790 1632 976 1665 huiusmodi
1003 1637 1154 1665 contenta
1184 1631 1234 1664 in-

490 1684 683 1718 violabiliter
706 1685 884 1728 adimplere
909 1691 939 1718 et
960 1685 1135 1718 observare
1154 1685 1238 1718 iura-

491 1738 571 1771 verit
591 1744 619 1771 et
642 1737 837 1782 promiserit,
862 1749 899 1772 ac
921 1744 983 1771 tam
1007 1738 1116 1771 ltaliae
1137 1749 1238 1783 usque

491 1792 529 1823 ad
555 1802 727 1825 numerum
756 1802 877 1826 Lxxvut
906 1792 1115 1834 congregati,
1141 1804 1236 1836 quam

492 1845 689 1888 (specialiter
704 1845 734 1884 in
750 1845 809 1885 liis,
827 1856 908 1889 quae
923 1846 1043 1879 dictum
1058 1845 1236 1889 prioratum

493 1898 674 1939 {tungrii-iae
706 1899 919 1940 concernunt)
951 1909 1081 1940 omnes,
1110 1899 1237 1933 nemine

493 1951 712 1995 discrepante,
738 1952 904 1985 Alemanni
923 1952 1119 1993 Linguarum
1143 1964 1237 1996 prae-

493 2006 652 2038 dictarum
676 2006 789 2039 fratres
809 2006 861 2039 illa
882 2006 1095 2050 acceptarint,
1121 2006 1235 2039 lauda-

493 2059 594 2092 verint
616 2064 647 2092 et
667 2059 915 2103 approbaverint
933 2086 939 2099 ‚
960 2060 1047 2091 salvo
1078 2065 1185 2092 tamen
1209 2065 1235 2092 et

494 2119 655 2146 reservato
674 2113 777 2145 dictae
790 2113 880 2146 Sedis
900 2113 1119 2157 beneplacito,
1135 2113 1238 2145 omni-

495 2167 554 2200 bus
573 2167 726 2210 impensis
744 2167 818 2199 dieti
843 2166 1000 2199 Vim-eutii
1021 2167 1235 2210 impetrando,

495 2231 530 2253 ac
552 2232 588 2253 ea
615 2220 799 2252 conditione
829 2231 885 2263 per
917 2220 1033 2253 milites
1065 2227 1092 2252 et
1127 2221 1239 2253 fratres

496 2274 634 2313 Linguae
667 2273 874 2306 Alemauuiae
907 2273 1094 2317 interposita
1112 2301 1117 2311 ,
1150 2275 1237 2317 quod

497 2327 660 2359 rac-atione
682 2327 842 2370 prioratus
859 2328 984 2370 Capuae
1005 2338 1062 2370 per
1083 2327 1238 2360 Yiuecutii

497 2380 542 2411 rel
567 2380 755 2412 tmiutixams
777 2380 892 2423 l'apiae
915 2380 1098 2411 huiusmodi
1114 2392 1171 2423 per
1184 2381 1240 2413 Fa-

497 2433 584 2465 britii
603 2433 839 2477 praedictorum
855 2444 978 2465 ress-mu
1001 2439 1051 2465 aut
1073 2433 1237 2465 dei-essum

497 2487 714 2525 contingenti»,
731 2497 768 2517 eo
782 2497 856 2518 casu
871 2486 972 2523 miles.
990 2486 1043 2528 qui
1065 2492 1139 2517 um«-
1155 2492 1236 2518 tem-

498 2539 583 2581 potis·
598 2539 791 2582 ‹t=·p1·i‹·=·.·=m
808 2539 988 2578 thiagni-ia«-
1009 2539 1152 2582 prorisus
1167 2539 1235 2574 erit.

1074 244 1257 268 m'LL-tnttut
1275 244 1428 268 nosiANmt

1265 293 1321 325 sed
1342 293 1456 325 debeat
1476 298 1507 326 et
1527 292 1660 326 omnino
1681 298 1828 326 teneatur
1850 304 1921 327 eam
1946 304 2006 337 pc-

1267 351 1334 378 tere
1355 351 1386 378 et
1411 346 1557 390 accipere
1572 374 1579 386 ,
1604 347 1826 380 renuneiando
1851 347 2008 391 prioratui

1266 398 1448 441 Hungariae
1469 399 1509 432 ad
1530 399 1680 432 effectum
1697 406 1743 440 ut,
1756 400 1842 433 iuxta
1863 406 2007 434 tenorem

1267 451 1482 495 capitulorum
1519 453 1714 486 concordiae
1744 453 1946 493 huiusmodi,
1977 454 2009 486 in

1266 505 1389 547 Lingua
1414 506 1623 540 Alemanniae
1647 506 1838 547 smutiatur,
1862 513 1958 550 prout
1979 507 2009 540 in

1268 558 1402 592 diversis
1440 559 1578 603 publicis
1614 560 1836 593 instrumentiS
1874 561 2011 604 desuper

1268 612 1419 645 consectis
1439 613 1564 656 plenius
1582 613 1700 646 dicitur
1716 613 1885 647 contineri.

1313 666 1330 707 ἓ
1351 664 1381 698 3.
1405 666 1468 698 Nos
1495 666 1702 699 concordiam
1717 666 2010 699 eltransactionem

1269 718 1470 760 huiusmodi,
1487 730 1546 763 pro
1567 720 1692 753 illarum
1712 720 1929 761 subsistentia,
1953 731 2010 764 ap-

1268 772 1471 816 probationis
1480 779 1607 806 nostrae
1617 773 1779 817 praesidio
1794 774 2007 815 communire,

1269 831 1299 859 et
1319 826 1452 859 sublatis
1481 827 1676 869 quibuslibet
1699 827 1938 871 impedimentis
1955 839 2011 861 seu

1269 879 1448 920 obstantiis,
1465 890 1558 913 suum
1573 881 1754 924 plenarium
1776 881 1925 914 effectum
1942 892 2011 914 sor-

1270 932 1320 965 tiri
1342 933 1529 977 cupientes,
1554 944 1681 967 necnon
1706 935 1884 968 litterarum
1906 941 1937 968 et
1957 935 2009 968 iu-

1269 992 1546 1028 strumentorum‚
1575 987 1781 1032 aliorumque
1810 988 2012 1032 praemisso—

1268 1051 1340 1072 rum
1362 1040 1506 1074 omnium
1522 1046 1551 1074 et
1572 1041 1772 1084 singulorum
1794 1047 1932 1081 tenores
1950 1042 2013 1075 sor-

1269 1104 1348 1134 mas,
1372 1094 1462 1127 datas
1482 1100 1510 1128 et
1533 1095 1800 1134 circumstantias,
1824 1105 1860 1128 ac
1881 1095 2009 1139 priora-

1270 1153 1372 1188 tuum,
1389 1147 1636 1189 baiulivatuum,
1650 1148 2014 1192 praeceptoriarunihu-

1269 1201 1408 1235 iusmodi
1427 1201 1608 1245 qualitates,
1633 1212 1813 1246 corumque
1833 1203 2008 1243 fructuum,

1269 1255 1431 1288 redituum
1462 1262 1492 1289 et
1519 1262 1734 1300 proventuum
1763 1266 1855 1289 veros
1888 1266 2013 1289 annuos

1268 1309 1394 1343 valeres
1424 1310 1646 1353 praesentibus
1677 1320 1736 1353 pro
1761 1309 1918 1353 expressis
1955 1310 2014 1343 ha-

1269 1363 1392 1403 bentesy
1417 1369 1506 1396 motu
1527 1364 1661 1407 proprio
1683 1369 1714 1397 ct
1734 1374 1770 1396 ex
1781 1370 1866 1397 certa
1880 1363 2014 1397 scientia

1270 1423 1390 1457 nostra,
1414 1427 1450 1450 ae
1470 1417 1508 1450 de
1530 1417 1726 1461 apostolicae
1750 1417 1916 1461 potestatis
1939 1418 2011 1461 ple-

1271 1471 1436 1511 nitudine,
1470 1470 1679 1504 concordiam
1702 1476 1732 1504 et
1765 1471 2013 1504 transactionem

1271 1524 1462 1568 praedictas,
1490 1535 1527 1558 ac
1547 1524 1659 1558 omnia
1680 1530 1711 1558 et
1735 1524 1863 1567 singula
1884 1524 1916 1557 in
1937 1524 2011 1566 illis,

1271 1588 1308 1610 ae
1326 1577 1548 1611 instrumentis
1575 1577 1713 1621 desuper
1745 1577 1899 1611 consectis
1931 1588 2011 1611 eon-

1273 1637 1359 1664 tenta
1378 1637 1407 1664 ct
1421 1642 1580 1676 expressa,
1595 1631 1802 1674 licitatamen
1822 1637 1852 1665 ct
1866 1632 2011 1673 honesta,

1272 1685 1449 1729 apostoliea
1459 1685 2011 1729 auctoritate,tenorepraesentium,

1274 1744 1430 1783 perpetuo
1444 1738 1662 1783 approbamus
1675 1744 1705 1771 ct
1718 1738 1961 1778 confirmamus,
1978 1749 2015 1771 ae.

1274 1793 1334 1825 illis
1366 1798 1541 1836 perpetuae
1569 1798 1599 1825 et
1632 1791 1824 1825 inviolabilis
1853 1791 2014 1824 firmitatis

1274 1846 1373 1879 rolmr
1396 1845 1584 1885 adiit-imus,
1613 1855 1790 1889 omnesque
1817 1851 1847 1878 et
1871 1844 2016 1886 singulos

1274 1906 1336 1932 tam
1359 1899 1436 1932 iuris
1456 1910 1552 1943 quam
1573 1898 1657 1938 sacti,
1678 1910 1714 1932 ac
1735 1908 2015 1942 (piarumcumque

1272 1952 1512 1985 solemnitatum
1540 1952 1635 1985 etiam
1668 1951 1954 1991 substantialium,
1985 1957 2015 1984 et

1273 2016 1494 2049 quoscumque
1515 2005 1594 2038 alios
1619 2005 1778 2045 desectus,
1801 2005 1826 2037 si
1849 2006 1901 2048 qui
1918 2004 2016 2037 iuter-

1273 2059 1417 2092 venerint
1442 2059 1472 2092 in
1487 2059 1620 2097 eisdem,
1643 2058 1767 2092 etiamsi
1790 2058 1867 2091 tales
1891 2058 1951 2091 siut
1968 2058 2015 2092 rel

1275 2113 1415 2153 suerint,
1454 2112 1508 2156 qui
1539 2112 1570 2145 in
1602 2111 1743 2154 generali
1772 2122 1920 2145 sermone
1951 2121 2016 2145 non

1274 2166 1609 2210 rompreliendantur,
1642 2166 1697 2199 scd
1730 2165 1861 2209 speciali
1894 2171 1968 2199 uota
1986 2170 2017 2198 et

1274 2219 1478 2263 expressione
1501 2219 1676 2261 indigeant,
1700 2219 1901 2262 supplemus.

1319 2275 1334 2315 ᾗ
1356 2272 1385 2305 Δί’,
1408 2273 1621 2305 Dererncntes
1643 2283 1678 2304 ea
1702 2271 1810 2305 omnia
1832 2277 1858 2305 et
1891 2271 2015 2313 singula

1274 2326 1376 2359 valida
1398 2332 1425 2359 et
1448 2326 1589 2358 elliraria
1603 2326 1669 2358 sore
1691 2331 1718 2357 et
1740 2336 1818 2363 esse,
1843 2336 1879 2359 ac
1900 2336 2015 2369 perpe-

1276 2387 1326 2413 tua
1349 2381 1474 2413 roboris
1495 2380 1647 2413 firmitate
1664 2379 1849 2418 subsistere,
1876 2390 2015 2423 suosque

1275 2435 1435 2478 plenarios
1457 2440 1484 2466 et
1509 2434 1649 2475 integros
1669 2433 1801 2465 effectus
1822 2433 1940 2471 sortiri,
1958 2443 2015 2465 uec

1275 2488 1340 2520 ullo
1365 2498 1517 2531 umquam
1542 2493 1697 2530 tempore,
1725 2486 1839 2530 quovis
1869 2486 2015 2530 quaesito

1273 2541 1380 2572 colore
1396 2541 1441 2572 vel
1463 2540 1602 2580 iugi-uio,
1622 2539 1801 2578 retraetari,
1819 2540 1873 2571 sed
1895 2539 2014 2571 abom-

498 2593 586 2624 nullo
601 2599 692 2635 parto
708 2593 805 2636 possit
821 2592 1077 2636 praetermittere
1093 2593 1137 2624 vet
1156 2598 1239 2624 trau·
1274 2593 1366 2626 uibus
1387 2599 1414 2625 et
1438 2593 1583 2633 singulis,
1607 2593 1646 2625 ad
1668 2603 1748 2636 quos
1766 2597 1884 2636 spectat
1909 2596 1936 2624 et
1956 2601 2014 2634 pro

499 2647 1031 2690 sire,:uitrelinquerediuinitatem
1047 2647 1234 2682 admiratus,
1275 2652 1418 2689 tempore
1450 2646 1616 2688 spectabit.
1647 2644 1874 2678 iuviolabiliter
1898 2644 2011 2677 obscr-

2025 246 2072 270 Λη.
2089 243 2116 270 Γ..
2143 244 2208 273 16ὒο

2065 677 2122 698 illam
2137 677 2211 699 contii·-

2025 707 2067 724 mat
2083 704 2184 725 Clemens.

2057 2270 2176 2292 clausulae.
