2253 3195
267 284 321 312 An.
336 283 365 312 C.
384 283 454 312 1598

305 823 450 850 Quascumque

266 850 382 867 sententias
403 853 451 868 en·-

267 874 351 900 quen-ti.

317 1405 411 1425 tiuriales
433 1407 453 1424 et

268 1433 369 1453 nint-natet
394 1438 453 1452 ''uer-

265 1460 333 1480 rendi.

500 274 564 308 442
1044 282 1227 308 Burmanni
1246 281 1400 307 ROMANUM
2002 284 2056 312 An.
2072 283 2100 312 c.
2116 284 2185 314 1598

468 333 630 374 connexis,
646 343 705 377 per
725 338 765 373 te,
781 332 828 365 vel
849 332 959 372 alium,
983 341 1038 365 seu
1059 331 1139 364 alios
1151 342 1209 364 au-
1225 338 1227 374 ζ
1244 331 1317 363 dem
1337 331 1501 364 Romanae
1518 329 1678 365 Ecclesiae
1697 331 1821 372 hostes,
1842 333 1984 366 censuris
2016 346 2185 377 ‚nebunesban-

468 388 596 428 diendi,
621 386 858 429 cognoscendi,
889 385 985 419 etiam
1013 385 1205 422 summarie,
1225 388 1273 417 'et
1293 383 1406 428 poenis
1437 389 1500 416 tam
1530 384 1752 418 ecclesiasticis
1766 412 1773 425 ,
1797 396 1894 430 quam
1915 386 1984 419 aliis
1999 376 2134 430 ἷῖζῖἶῖῗιςῗῖἓέἓθ
2147 374 2185 426 3ῧῖ

467 440 656 484 simpliciter
676 446 703 473 ct
726 439 765 473 de
786 440 894 483 plano,
917 439 986 473 sine
1005 438 1152 483 strepitu,
1175 444 1211 471 ut
1226 478 1227 483 Ἰ
1244 437 1339 470 etiam
1367 436 1562 481 pecuniariis
1591 443 1622 472 et
1651 438 1797 482 corporis
1830 439 1985 473 afflietivis
2000 427 2078 448 ''md''

466 493 657 536 praefertur,
681 498 712 526 et
732 503 805 526 etun
827 491 1034 526 reiteratione
1054 492 1209 525 termino·
1226 486 1227 490 ¹
1243 491 1414 524 coercendi
1441 497 1469 524 et
1492 491 1695 534 corrigendi,
1723 502 1760 525 ae
1779 492 1820 525 ad
1840 498 1981 526 nostram

465 557 537 580 rum
558 557 595 580 ex
613 547 694 590 stylo
715 546 843 587 euriae,
866 557 923 580 seu
947 552 1063 579 natura
1092 546 1206 579 obser·
1225 549 1227 582 ἔ

465 601 530 633 vari
545 606 785 641 consuetorum,
809 612 844 633 ac
866 600 961 633 etiam
984 611 1057 634 cum
1078 590 1227 634 illorum?

466 653 656 689 omissione.
681 654 815 697 illasque.
843 654 1013 687 decidendi
1029 660 1066 687 .ct
1098 654 1208 687 termi-

466 706 577 740 nandi.
1226 698 1227 701 ¹

511 761 527 802 ξ
548 760 579 793 li.
603 760 637 793 Et
652 771 870 805 quascumque
891 761 1066 794 sententias
1086 772 1144 805 per
1165 767 1205 802 te,
1225 774 1227 789 =

465 823 521 847 seu
539 814 635 847 etiam
649 814 728 847 alios
742 815 863 848 iudices
880 825 1102 859 quoscumque
1116 816 1206 857 latas,
1225 825 1227 859 t

468 873 530 900 tam
551 867 583 900 in
604 868 749 901 Romana
768 868 861 902 Curia
889 879 986 912 quam
1008 874 1096 902 extra
1116 879 1185 902 eam
1198 896 1205 909 ‚
1225 862 1227 899 ἶ

466 922 590 955 etiamsi
619 922 651 955 in
677 933 744 955 rem
776 922 983 956 transiverint
1009 923 1182 956 iudicatam
1198 904 1229 963 ,i

1244 550 1274 577 et
1293 544 1397 578 dictae
1413 544 1577 578 Romanae
1593 545 1754 578 Ecclesiae
1767 544 1922 579 unitatem
1936 557 1985 580 re-

1243 598 1392 632 ducendi.
1405 600 1449 631 Ae
1468 605 1635 643 praeterea
1652 609 1711 643 pro
1731 599 1939 632 bannitorum
1955 605 1987 633 et,

1242 651 1444 695 perditorum
1480 652 1648 685 hominum
1685 652 1913 696 profligatione
1956 658 1985 685 et

1243 704 1469 749 extirpatione,
1492 705 1548 738 tibi
1569 716 1635 739 non
1655 706 1759 739 solum
1788 706 1820 738 in
1844 704 1933 747 ‚U'rbe
1957 711 1985 739 et

1243 759 1388 792 districtu
1407 760 1592 803 praedictis,
1608 761 1663 793 sed
1689 760 1784 794 etiam
1805 760 1838 794 in
1858 761 1988 804 provin-

1244 811 1301 845 ciis
1313 812 1429 846 nostris
1449 813 1669 847 adiacentibus
1680 813 1880 854 Patriinonii‚
1896 814 1987 848 Cam-

1243 865 1357 909 paniae
1377 871 1409 899 et
1428 865 1617 905 Maritimae,
1638 877 1675 899 ae
1694 866 1822 900 illarum
1848 867 1984 900 civitati-

1244 918 1314 960 bus,
1333 919 1424 952 terris
1442 925 1470 952 et
1488 919 1568 953 locis
1587 919 1846 964 quibuscumque
1863 926 1988 954 nostras

1225 972 1328 1018 ,vices
1355 978 1386 1006 et
1414 983 1522 1010 voees,
1547 983 1582 1006 ae
1603 973 1824 1007 omnimodam
1856 974 1988 1007 faculta-

467 1039 575 1062 rarum
594 1029 897 1072 exequutorialium,
915 1040 970 1062 scu
985 1029 1127 1063 mandati
1139 1039 1210 1063 exe·
1226 1064 1228 1076 ‚
1245 1032 1307 1060 tem
1322 1054 1329 1066 ‚
1352 1032 1543 1071 potestatem
1558 1055 1565 1069 ,
1589 1028 1811 1062 auctoritatem
1841 1034 1871 1062 ct
1903 1028 1988 1061 arbi-

466 1082 602 1126 quutivi‚
626 1088 655 1115 et
677 1093 749 1115 eum
770 1082 970 1116 invocatione
990 1082 1114 1116 brachii
1135 1093 1207 1116 sae-
1226 1080 1228 1085 “
1245 1080 1341 1113 trium
1367 1086 1480 1114 contra
1500 1091 1722 1126 quoscumque
1746 1081 1916 1121 bannitos‚
1941 1082 1988 1115 sa-

466 1135 584 1168 cularis
602 1136 830 1169 demandandi.
854 1136 1018 1170 Dictarum
1040 1147 1208 1170 causarum
1245 1134 1422 1174 cinorosos,
1439 1144 1618 1178 eorumque
1636 1140 1862 1179 receptatores,
1887 1135 1990 1168 fauto-

466 1189 705 1231 eognitionem‚
726 1189 988 1223 terminationem
1013 1196 1045 1223 et
1064 1200 1207 1234 exequu-
1226 1196 1229 1218 t
1246 1199 1306 1229 reS‚
1328 1188 1502 1232 complices
1519 1194 1546 1221 et
1577 1200 1741 1233 sequaces,
1764 1199 1891 1236 necnon
1913 1199 1989 1222 cou-

466 1242 586 1276 tionem
609 1243 641 1276 in
662 1243 790 1276 casibus
811 1253 970 1283 recursus⁷
993 1249 1087 1287 prout
1110 1253 1207 1287 expe-
1227 1260 1229 1280 1
1247 1248 1293 1275 tra
1310 1242 1569 1283 communitates,
1592 1243 1825 1284 universitates,
1848 1253 1884 1276 ac
1906 1242 1986 1276 civi-

467 1295 535 1328 dire
555 1296 756 1335 indicaveris,
777 1296 1006 1340 suspendendi.
1227 1307 1229 1317 ¹
1248 1301 1335 1332 tates.
1358 1301 1457 1329 terras
1477 1302 1508 1329 et
1521 1301 1622 1329 castra
1646 1296 1729 1330 inter
1749 1296 1904 1330 terminos
1918 1302 1990 1330 tuae

513 1350 529 1391 ξ
549 1349 579 1382 ἶ).
603 1350 647 1383 Ac
668 1350 764 1382 etiam
787 1350 818 1382 in
843 1350 911 1394 ipsa
935 1350 1030 1386 Urbe,
1056 1350 1209 1394 quamdiu
1227 1344 1230 1386 i
1245 1349 1415 1392 legationis
1428 1354 1457 1382 et
1471 1349 1851 1389 vicariatushuiusmodi,
1868 1355 1898 1383 et
1911 1349 1991 1383 alios

469 1402 508 1434 ab
527 1412 563 1435 ea
580 1403 726 1435 absentes
747 1402 914 1443 fuerimus,
938 1402 968 1435 iu
990 1413 1212 1447 quoscumque
1228 1408 1229 1420 ³
1247 1402 1478 1446 cuiuscumque
1500 1402 1786 1446 praeeminentiae,
1809 1403 1860 1436 vel
1880 1403 1987 1445 digni-

470 1456 617 1497 curiales,
641 1463 668 1489 et
693 1456 792 1500 ipsam
822 1456 947 1489 Curiam
977 1462 1159 1500 sequentes,
1183 1463 1211 1490 ct
1228 1489 1231 1515 1
1248 1455 1318 1488 tatis
1339 1455 1485 1492 existant,
1509 1456 1658 1494 barones,
1681 1456 1898 1497 feudatarios,
1926 1457 1987 1490 du-

469 1509 621 1542 ossiciales
647 1520 870 1553 quoscumque
892 1509 991 1553 ipsius
1011 1510 1124 1543 Curiae
1150 1521 1209 1543 no-
1229 1518 1231 1544 ε
1248 1520 1299 1542 ces
1319 1515 1349 1542 et
1369 1509 1479 1553 quavis
1493 1510 1682 1543 auctoritate
1697 1510 1876 1553 fungentes
1893 1510 1988 1544 etiam

467 1570 562 1603 strae,
587 1575 623 1597 ac
655 1574 880 1607 quaecumque
900 1564 993 1597 Urbis
1015 1564 1187 1597 trilmnalia
1202 1591 1209 1605 ,
1228 1562 1548 1599 textraiudieialiter.
1573 1574 1608 1596 ac
1629 1574 1727 1596 manu
1747 1563 1854 1605 regia,
1878 1569 1909 1597 et
1935 1574 1986 1597 se-

468 1623 497 1649 et
510 1617 652 1661 ipsorum
663 1617 842 1650 officiorum
858 1623 888 1650 et
901 1617 1109 1650 tribunalium
1121 1628 1213 1661 prae-
1229 1619 1231 1651 ἔ
1249 1616 1390 1649 cundum
1418 1616 1627 1656 voluntatem,
1651 1616 1889 1660 beneplacitum
1904 1643 1911 1657 ‚
1935 1616 1986 1650 di-

467 1671 607 1704 sidentes
635 1671 867 1714 cuiuscumque
888 1671 1070 1714 dignitatis,
1090 1676 1209 1707 status,
1229 1660 1458 1713 {spositionem
1480 1679 1517 1702 ac
1541 1669 1710 1702 arbitrium
1738 1674 1828 1702 tuum
1842 1696 1850 1710 ,
1874 1669 1987 1713 appel—

467 1724 589 1757 ordinis
610 1730 637 1757 et
661 1724 855 1758 conditionis
882 1724 996 1757 suerint
1015 1751 1021 1763 ,
1046 1724 1209 1757 omnimo·
1228 1713 1232 1763 ἱ
1248 1721 1367 1755 latione
1383 1749 1390 1761 ,
1425 1732 1560 1755 recursu
1595 1727 1622 1755 et
1665 1721 1894 1756 reclamatione
1913 1722 1987 1766 qui-

467 1778 540 1810 dam
578 1778 832 1811 iurisdictionem
850 1805 856 1814 ,
892 1783 918 1811 et
954 1778 1139 1818 generalem
1177 1788 1213 1811 ae
1228 1771 1231 1800 l
1248 1775 1448 1819 buscnmque
1476 1775 1608 1809 remotis
1639 1781 1669 1809 et
1700 1775 1838 1816 reiectis,
1869 1785 1986 1820 proce-

467 975 673 1020 exequutioni
696 976 842 1015 debitae,
871 987 944 1009 cum
969 977 1099 1010 decreto
1120 977 1206 1010 litte-
1225 991 1227 1004 ‹

423 1944 439 1958 ¹⁵¹
469 1938 617 1977 barones,
641 1944 669 1969 et
693 1938 820 1977 milites,
843 1938 993 1971 dominos
1019 1939 1213 1982 temporales

468 1831 639 1875 specialem
661 1831 992 1875 superintendentiam
1012 1831 1191 1865 exercendi.

514 1886 529 1926 ξ
551 1886 581 1917 ti.
606 1885 734 1918 Necnon
757 1885 853 1917 etiam
887 1884 970 1917 inter
998 1885 1154 1922 comites,
1183 1891 1214 1918 ct

1248 1829 1343 1862 dendi
1358 1829 1397 1861 ad
1412 1835 1589 1873 capturam,
1608 1834 1777 1867 torturam,
1792 1828 1887 1862 etiam
1902 1828 1990 1861 nulla

1248 1881 1440 1915 indiciorum
1459 1882 1586 1915 decret-‚1
1600 1882 1682 1926 capi,
1696 1887 1751 1914 aut
1768 1881 1877 1926 aliquo
1898 1892 1990 1926 prae-

1248 1935 1310 1968 fixo
1325 1935 1462 1968 termino
1483 1936 1522 1969 ad
1543 1936 1747 1969 defensiones
1765 1935 1938 1976 faciendas,
1954 1935 1991 1968 il-

468 1998 495 2025 ct
519 1992 654 2030 nobiles,
683 1997 709 2023 et
741 2002 891 2035 personas
923 1991 1001 2024 alias
1032 1989 1358 2046 saeculares.los-que
1385 1999 1497 2021 onmes
1518 1995 1547 2022 ct
1568 1989 1712 2030 singulos
1732 1989 1900 2033 puniendi,
1926 1994 1989 2021 tam

469 2052 496 2078 et
519 2045 766 2081 ecclesiasticas.
791 2055 916 2077 necnon
939 2045 1208 2081 comnumitates,
1228 2049 1230 2071 !
1249 2042 1278 2074 in
1294 2043 1387 2075 rebus
1402 2048 1428 2075 et
1448 2043 1551 2084 bonis,
1567 2054 1662 2087 quam
1678 2043 1709 2076 in
1724 2043 1879 2087 personis,
1894 2042 1989 2076 etiam

468 2105 497 2131 et
523 2098 762 2137 universitates,
790 2104 816 2129 et
848 2098 1005 2141 populos.
1036 2108 1071 2130 ac
1101 2109 1212 2130 (nunes
1246 2097 1403 2139 usquead
1424 2107 1561 2140 poenam
1583 2096 1687 2129 ultimi
1707 2095 1857 2140 supplicii
1879 2096 1985 2129 inclu-

467 2152 547 2185 alios
572 2152 751 2184 saeculares
778 2151 942 2184 discordes
970 2157 996 2183 et
1028 2151 1212 2184 diflert-mes
1228 2179 1229 2186 ,
1246 2149 1321 2182 sive.
1337 2150 1381 2182 Ae
1398 2149 1572 2182 sententias
1592 2160 1814 2193 quascumque
1835 2159 1989 2193 corpora-

470 2206 581 2245 l'rbis,
608 2211 787 2241 tei-rarum.
817 2205 961 2237 locorum
991 2211 1017 2236 ei
1050 2205 1211 2237 districtus

468 2259 708 2301 praedictoriun
739 2269 850 2302 pacem
874 2263 901 2290 et
931 2258 1137 2290 concordiam
1161 2260 1208 2290 t'a-

467 2312 584 2350 ciendi,
606 2318 633 2345 et
657 2312 740 2344 inter
760 2323 813 2343 eos
843 2322 900 2355 pro
927 2311 1110 2343 huiusmodi
1133 2323 1210 2355 pace

467 2372 493 2396 et
517 2365 689 2397 enm-ordia
709 2364 854 2397 inducias·
870 2364 1043 2401 indit-endi,
1063 2364 1210 2408 ipsosque

1247 2203 1291 2235 les
1322 2209 1351 2236 et
1380 2202 1482 2236 ultimi
1504 2202 1664 2246 supplicii,
1688 2203 1783 2236 etiam
1814 2203 1844 2236 in
1876 2208 1990 2237 contu-

1247 2256 1394 2295 maciam,
1418 2256 1569 2297 legitimis
1599 2256 1725 2290 indiciis
1757 2266 1820 2290 non
1851 2266 1986 2300 praece-

1247 2309 1407 2347 dentibus,
1428 2320 1446 2342 a
1461 2309 1625 2353 quibusvis
1645 2309 1804 2343 iudicibus
1826 2310 1904 2342 latas
1921 2314 1987 2343 sta-

1248 2362 1302 2395 tim
1333 2362 1522 2406 exequendi.
1547 2363 1682 2400 nomos,
1711 2363 1840 2401 vineas,
1865 2373 1989 2406 posscs-

467 2419 505 2450 ad
524 2429 575 2450 eas
594 2424 623 2450 et
645 2418 785 2461 ipsarum
801 2417 1049 2454 ‹›t‚s‹·1·v.·uni.·nn,
1074 2418 1208 2461 quibus·
1245 2416 1371 2455 siones,
1391 2427 1481 2449 arces
1495 2443 1502 2456 ,
1529 2415 1700 2454 fortalitia,
1725 2416 1852 2449 moenia
1874 2421 1905 2449 et
1929 2415 1990 2449 alia

467 2483 604 2514 sinuque
627 2471 749 2515 poenis,
774 2471 1028 2503 districtiouiluis
1049 2477 1076 2502 et
1100 2482 1211 2503 ceusu-

469 2525 531 2561 ris,
560 2530 652 2568 prout
689 2525 742 2557 tibi
777 2524 957 2564 videbitur,
982 2524 1207 2567 compellendi.

1246 2470 1377 2513 quaevis
1390 2469 1473 2502 bona
1487 2468 1657 2502 rebellium
1679 2474 1706 2501 et
1731 2468 1987 2513 delinquentium

1247 2523 1454 2560 devastandi,
1492 2522 1689 2555 demoliendi
1722 2533 1757 2555 ac.
1788 2521 1985 2566 publicandi.

466 2578 645 2610 tionem-«trs
679 2578 708 2610 iu
742 2589 829 2621 pat-e,
845 2583 872 2609 et
895 2577 1057 2610 charitatis
1086 2577 1212 2610 viuculo
1246 2575 1451 2614 Conium-tos.
1475 2575 1585 2609 aflines
1606 2581 1637 2608 et
1657 2575 1911 2616 consanguineos
1929 2574 1986 2607 de-

468 2630 655 2662 venitm-udi
675 2637 704 2662 et
727 2630 953 2663 rontiriuamli.

512 2688 527 2720 *ἦ
547 2682 564 2714 ’ἶ
599 2683 743 2714 {tela-tte<
765 2690 791 2714 νΙ
813 2683 1047 2726 delinquit-mv„
1073 2695 1107 2713 :u-
1129 2683 1210 2714 eius-

1247 2629 1460 2673 limpientium
1483 2634 1513 2661 et
1533 2629 1670 2662 aliorum
1692 2627 1930 2672 praedictorum
1949 2627 1988 2659 ad

1248 2682 1374 2715 illorum
1397 2683 1652 2724 redemptionem
1684 2681 1829 2720 coucndi.
1855 2680 1985 2714 Praeci-
