2253 3195
845 254 944 279 nnmx
968 254 1076 278 nanum
1626 242 1690 276 919

953 369 976 401 O

184 474 303 508 Orandi
329 474 463 508 varietas
491 474 521 507 in
547 474 689 508 Ecclesia
712 475 765 508 Dei
785 475 913 507 vitanda
934 481 990 514 est,
1021 474 1083 507 788
1109 486 1138 506 α.

187 528 322 561 Ordines
343 529 527 570 Regulares.
546 529 671 561 Fratres
684 528 778 561 Tertii
799 528 926 561 Ordinis
939 528 1044 561 Sancti
1064 527 1222 561 Francisci
1241 529 1279 561 de
1294 528 1503 568 Poenitentia,
1525 527 1555 560 in
1575 527 1737 560 communi

277 581 335 614 sub
356 581 451 613 trium
471 588 616 614 votorum
639 582 895 614 substantialium
919 581 1117 625 professione
1142 582 1293 622 viventes,
1316 581 1346 613 in
1364 581 1512 624 capitulis
1537 581 1740 622 generalibus

278 635 396 667 electos
429 634 625 668 visitatorem
663 636 845 676 generalem
881 641 910 667 et
940 635 1126 668 delinitores
1152 635 1335 678 accipiunt,
1363 633 1426 666 206
1453 634 1480 666 b.
1509 634 1739 678 Dispositiones

279 688 387 731 quoad
408 688 548 731 capitula
568 688 787 731 provincialia,
813 687 875 720 ⁹207
897 700 935 727 (13
960 694 989 721 et.
1014 689 1150 721 sormam
1181 688 1278 721 dandi
1300 694 1391 728 rota,
1416 698 1543 720 necnon
1568 688 1741 721 electiones

280 741 527 784 provincialium
550 746 581 774 et
606 741 763 785 priorum,
790 741 829 774 ib.

192 794 319 827 Ordinis
344 795 376 827 B.
405 794 442 827 M.
472 794 510 827 de
535 795 638 827 Monte
659 795 803 827 Carmelo
830 796 942 828 fratres
967 795 1132 838 disputant
1157 796 1196 828 de
1222 794 1447 838 praecedentia
1472 794 1502 826 in
1531 794 1653 827 actibus
1685 805 1742 837 pu-

281 847 372 880 blicis
393 858 466 880 00111
489 847 641 880 fratribus
662 848 694 881 B.
720 849 756 880 M.
782 849 820 881 110
842 849 986 881 Mercede
1006 848 1249 891 Redemptionis
1273 847 1490 891 Captivorui‘n,
1513 846 1576 879 877
1602 859 1632 880 α.
1662 847 1741 880 Visi-

283 906 400 933 tatores
418 901 586 944 apostolici
608 901 805 934 definierunt
830 902 935 935 favore
961 902 1217 939 Carmelitarum,
1246 901 1305 940 ih.;
1334 911 1429 944 quam
1460 901 1651 934 sententiam
1688 912 1742 944 ap-

281 954 397 997 probat
422 954 517 997 Papa,
547 954 586 987 il».
617 955 644 987 l».
673 954 882 988 111-1111101001
908 955 1137 994 controversia,
1166 954 1311 987 Pontifex
1331 954 1463 997 ampliat
1484 955 1590 987 datam
1616 960 1743 987 senten-

284 1006 374 1047 tiam,
396 1006 459 1039 878
484 1018 502 1041 11
524 1014 554 1040 01
574 1007 600 1040 l).
626 1008 865 1051 Areliiepiscopi
887 1014 916 1041 et
937 1008 1078 1052 episcopi
1097 1009 1203 1041 oleum
1225 1013 1368 1041 sanetum
1385 1008 1452 1040 dari
1467 1013 1581 1040 curent.
1594 1008 1744 1040 fratribus

286 1059 380 1092 huius
400 1060 528 1093 Ordinis
549 1071 607 1103 pro
630 1061 841 1093 ministranda
861 1061 1008 1094 Extrema
1026 1061 1183 1094 l'nctione
1209 1060 1346 1093 infirmis
1368 1061 1535 1103 religiosis,
1562 1060 1628 1093 484
1646 1062 1673 1094 b.

196 1111 324 1145 Ordinis
348 1113 492 1146 Fratrum
519 1114 676 1147 Minorum
703 1114 859 1155 regularis
881 1114 1118 1154 Oliservantiae,
1147 1114 1224 1147 alias
1251 1115 1280 1147 S.
1309 1114 1417 1147 Clarae
1442 1120 1472 1147 et
1496 1114 1591 1147 Tertii
1616 1114 1745 1147 Ordinis

286 1166 325 1199 de
343 1166 542 1199 Poenitentia
559 1167 809 1206 commendatio,
833 1167 896 1199 386
918 1168 945 1200 IJ.
967 1168 1124 1200 Plurimas
1141 1168 1257 1209 gratias
1275 1173 1304 1201 et
1326 1168 1448 1200 indulta
1470 1167 1496 1199 ei
1518 1173 1746 1200 concesserunt

286 1219 421 1251 Romani
447 1219 634 1260 Pontifices,
660 1219 723 1252 :387
752 1231 781 1253 α.
812 1221 958 1254 Clemens
983 1221 1046 1253 VIII
1072 1220 1181 1253 omnia
1212 1221 1371 1264 approbat
1395 1226 1423 1254 et
1450 1226 1517 1253 rata
1543 1220 1639 1253 liabet
1663 1231 1744 1264 quae

287 1272 419 1306 Concilii
444 1272 621 1307 Tridentini
647 1273 783 1307 decretis
807 1274 855 1307 vel
881 1274 1011 1316 regulae
1036 1274 1184 1306 Fratrum
1211 1274 1468 1307 Reformatorum
1489 1284 1554 1306 non
1575 1274 1745 1307 adversan-

286 1331 348 1366 tur,
373 1325 416 1358 ib.
447 1326 475 1359 b.

200 1378 330 1412 Ordinis
354 1379 512 1412 Minorum
534 1381 641 1414 Sancti
666 1381 826 1414 Francisci
844 1381 883 1414 de
907 1380 1115 1415 Observantia
1135 1380 1399 1414 reformationem
1420 1381 1646 1414 concernentia
1667 1391 1747 1414 non-

290 1432 378 1465 nulla
396 1433 523 1466 decreta
548 1434 618 1467 fieri
639 1435 719 1478 petit
743 1435 885 1468 Minister
908 1434 1084 1477 generalis,
1108 1433 1172 1467 182
1196 1445 1226 1466 α.
1250 1434 1396 1467 Pontifex
1421 1434 1562 1467 declarat
1590 1434 1747 1468 ministris

289 1486 540 1529 provincialibus
560 1487 656 1521 licere
674 1499 893 1532 quascumque
910 1488 1171 1521 Reformatorum
1192 1488 1306 1521 domos
1327 1487 1465 1527 visitare,
1489 1488 1532 1520 ib.
1562 1488 1599 1528 b;
1628 1488 1748 1521 exami-

290 1545 418 1573 natores
439 1540 567 1583 eligere,
588 1542 783 1583 guardianos
803 1541 1022 1575 custodiarum
1048 1552 1065 1574 a
1090 1541 1273 1575 definitorio
1291 1540 1477 1585 provinciali
1497 1541 1657 1583 designari
1669 1552 1749 1574 non-

293 1593 447 1637 nullaque
468 1594 541 1635 alia,
566 1594 630 1627 v185]
654 1607 673 1627 a
698 1601 728 1628 et
749 1596 777 1628 b.
801 1595 977 1629 Cardinalis
1002 1595 1200 1635 Matthaeius,
1229 1600 1393 1638 protector
1418 1595 1564 1628 Fratrum
1590 1595 1748 1628 Minorum

292 1646 322 1679 S.
352 1640 511 1681 Francisci
538 1649 576 1681 de
601 1649 818 1689 observantia,
836 1649 944 1682 statuit
966 1649 996 1681 in
1022 1649 1167 1692 partibus
1192 1648 1353 1682 Indiarum
1380 1659 1444 1681 non
1471 1659 1563 1692 posse
1580 1649 1619 1681 ad
1645 1648 1750 1682 officia

293 1700 418 1733 admitti
440 1702 500 1734 nisi
519 1702 646 1735 illarum
667 1703 906 1746 proviimiarum
926 1703 1020 1743 filios,
1040 1709 1094 1736 1101
1114 1703 1175 1735 illis
1189 1702 1423 1746 incorporatos,
1446 1701 1504 1734 571
1530 1714 1559 1735 a.
1581 1703 1749 1735 Decretum

294 1753 356 1787 hoc
376 1760 480 1787 ratum
507 1755 603 1788 habet
628 1756 781 1796 Pontifex,
809 1756 872 1789 572
894 1767 923 1789 α.

205 1807 332 1840 Ordinis
356 1808 528 1841 Servorum
547 1810 661 1842 Beatae
686 1810 801 1843 Mariae
823 1809 961 1852 Virginis
982 1811 1107 1843 Fratres
1132 1810 1289 1854 appellari
1303 1812 1379 1843 'non
1405 1816 1538 1853 possunt
1563 1820 1580 1842 a
1605 1810 1750 1853 superio-

293 1860 381 1894 ribus
407 1862 550 1895 eiusdem
569 1862 696 1896 Ordinis
714 1864 753 1896 ad
779 1863 951 1896 tribunalia
971 1863 1171 1903 saecularia;
1200 1864 1255 1896 sed
1280 1874 1445 1896 recursum
1474 1863 1592 1895 liabere
1617 1869 1747 1906 possunt

294 1915 334 1947 ad
353 1915 496 1958 priorem
523 1921 552 1948 et
573 1917 768 1959 generalem,
792 1922 1009 1960 protectorem
1034 1928 1090 1950 seu
1116 1917 1414 1961 vieeproteetorem,
1442 1916 1552 1949 autad
1573 1917 1752 1949 Romanum

295 1967 495 2008 Pontificem,
516 1969 553 2001 21
579 1970 595 2002 b
621 1975 651 2003 et
670 1981 754 2013 sequ,
778 1981 860 2014 quae
881 1970 1049 2014 dispositio
1067 1971 1171 2014 Papae
1192 1976 1341 2014 promota
1362 1970 1454 2003 suita
1474 1969 1627 2013 magistro
1647 1970 1754 2003 Laelio

296 2021 440 2055 Balliono
466 2023 505 2055 de
529 2023 692 2057 Florentia
717 2023 824 2067 priore
850 2024 992 2066 generali
1017 2023 1147 2057 Ordinis
1176 2024 1324 2057 Fratrum
1350 2024 1522 2057 Servorum
1547 2023 1751 2067 supradicto-

297 2085 381 2115 rum,
405 2075 445 2108 ib.
474 2076 531 2109 Ilic
556 2077 636 2109 ordo
662 2087 678 2109 a
702 2077 865 2111 Clemente
886 2078 950 2111 VIII
972 2078 1177 2115 reformatur,
1207 2077 1269 2110 657
1292 2078 1318 2118 b,
1342 2088 1443 2121 usque
1468 2078 1507 2110 ad
1533 2077 1596 2109 673
1617 2088 1646 2109 α.

210 2127 295 2161 Ordo
316 2128 562 2162 Mendieantium
580 2130 786 2164 missionibus
804 2131 985 2175 deputatus.
1010 2131 1184 2173 Gregorius
1195 2131 1260 2164 XIII
1275 2131 1441 2173 religiosos
1451 2130 1617 2164 Societatis
1630 2130 1710 2171 Iesu,
1727 2135 1757 2164 et

298 2192 362 2214 non
377 2182 467 2223 alios,
483 2184 522 2216 ad
535 2184 717 2227 provincias
731 2185 896 2229 laponieas
909 2184 1069 2229 proficisci
1087 2184 1187 2225 iussit,
1201 2184 1408 2228 praedicandi
1425 2190 1479 2217 aut
1497 2183 1633 2217 docendi
1647 2194 1753 2223 causa,

299 2234 358 2268 631
380 2246 409 2268 α.
438 2236 499 2269 Sed
517 2248 589 2269 cum
607 2238 804 2281 populorum
826 2238 1023 2271 multitudini
1046 2238 1185 2282 impares
1203 2244 1320 2278 essent,
1344 2237 1510 2280 religiosos
1531 2237 1677 2270 omnium
1699 2237 1757 2270 Or-

299 2289 411 2322 dinum
433 2290 685 2324 mendicantium
705 2291 781 2325 illuc
798 2292 958 2335 proficisci
976 2302 1069 2336 posse
1090 2293 1236 2325 Clemens
1261 2292 1417 2333 indulget,
1442 2291 1549 2323 habita
1574 2301 1591 2323 a
1611 2290 1758 2334 superio·

297 2342 387 2376 ribus
406 2343 471 2376 suis
489 2344 628 2385 licentia,
649 2345 689 2378 il).
714 2345 740 2378 b.
765 2346 918 2379 Hortatur
938 2346 1122 2389 superiores
1148 2351 1182 2378 ut
1206 2345 1375 2378 missiones
1399 2344 1493 2377 utiles
1524 2353 1592 2377 esse
1621 2350 1755 2382 curent,

298 2395 362 2430 632
388 2407 418 2430 α.
442 2397 524 2430 Missi
550 2408 624 2431 vero
656 2399 967 2442 praescriptionilms
992 2399 1162 2438 obediant,
1184 2399 1227 2431 ih.
1256 2397 1501 2430 Controversiae
1533 2397 1572 2430 ab
1598 2396 1758 2441 episcopis

298 2451 551 2491 cognoscendae,
572 2457 603 2484 et
622 2452 769 2494 graviora
782 2453 886 2496 Papae
904 2452 1126 2495 significanda,
1156 2452 1197 2484 ib.
1228 2452 1255 2483 b.
1282 2450 1419 2483 Vetituni
1442 2460 1478 2482 ex
1501 2450 1610 2482 insulis
1634 2449 1758 2494 Philip-

300 2503 383 2546 pinis
403 2509 434 2536 et
450 2504 557 2548 aliqua
573 2510 663 2548 parte
684 2506 847 2539 Indiarum
866 2506 1115 2539 occidentalium
1143 2504 1277 2538 transire
1296 2503 1326 2536 in
1348 2503 1467 2536 insulas
1489 2503 1666 2547 laponieas,
1690 2504 1734 2537 ib.

213 2555 298 2589 Ordo
316 2556 348 2589 B.
365 2557 481 2590 Mariae
501 2558 540 2591 de
553 2559 709 2599 Mercede,
731 2560 854 2593 ratione
869 2558 974 2603 quarti
992 2559 1067 2599 voti,
1092 2558 1234 2591 strictior
1248 2557 1318 2590 aliis
1332 2557 1553 2600 reputabatur,
1569 2556 1633 2589 319
1650 2567 1680 2589 11.
1695 2556 1762 2591 Cle-

304 2619 394 2643 mens
406 2610 467 2644 VIII
483 2612 678 2645 contrarium
698 2613 853 2651 decernit,
868 2613 909 2645 111.
931 2612 965 2651 t;
994 2623 1065 2645 eum
1093 2611 1153 2644 alia
1175 2611 1298 2644 ratione
1323 2621 1418 2654 quam
1442 2610 1545 2654 quarti
1567 2610 1630 2643 voti
1652 2611 1761 2651 regula

303 2663 444 2697 strictior
468 2664 508 2698 sit
539 2665 724 2706 iudicanda,
747 2667 788 2700 ib.
818 2667 850 2699 [ιι
878 2666 1018 2710 capitulo
1050 2665 1190 2707 generali
1221 2664 1296 2698 anni
1321 2674 1441 2698 unxcix
1478 2664 1652 2698 nonnullae
1679 2673 1758 2697 con-
