2253 3195
49 242 98 270 An.
117 241 145 268 C.
163 241 230 268 4597

84 1356 106 1377 ln
121 1361 174 1377 casn
189 1357 239 1378 resi-

55 1383 159 1408 gnationis
178 1389 239 1409 prae-

54 1409 162 1438 positurae
173 1425 177 1432 .
192 1416 240 1436 pro-

57 1436 108 1456 visio
120 1438 203 1462 spectat
218 1443 240 1457 0-

55 1462 125 1482 mnino
144 1462 171 1483 ad
187 1463 239 1484 Pon-

55 1488 137 1509 tisscem.

868 238 1014 263 CLEMENS
1034 238 1091 262 VIII
1112 237 1151 261 ΓΡ
1158 254 1163 260 .

247 289 503 333 praedecessoris
528 288 641 328 nostri,
662 289 701 322 de
721 299 795 328 una,
813 293 842 321 et
864 287 895 319 in
916 297 991 320 con-

248 342 322 375 eilio
343 342 485 384 generali
514 342 600 375 edita
629 343 667 375 de
696 341 822 374 duabus
854 340 988 379 diaetis,

248 396 426 429 dummodo
443 396 527 429 ultra
547 402 610 429 tres
631 396 751 428 diaetas
771 394 886 438 aliquis
906 399 993 427 extra

247 460 337 482 suam
359 450 519 484 civitatem
539 450 588 483 vel
609 450 781 482 dioecesim
804 448 993 481 auctoritate

247 503 466 546 praesentium
496 504 535 536 ad
563 503 719 535 indicium
740 512 805 534 non
827 501 989 538 trahatur,

248 556 383 599 aliisque
403 555 586 600 apostolicis
607 554 889 588 constitutionibus
900 558 992 585 etor-

249 608 479 649 dinationibus,
491 619 550 641 nec
563 618 628 641 non
642 607 795 640 eeclesiae
808 605 992 650 praedictae

249 663 344 696 etiam
370 663 570 702 iuramento,
592 661 838 695 confirmatione
858 665 990 703 aposto-

249 715 321 756 lica,
333 716 380 748 vel
391 715 501 759 quavis
511 714 663 747 firmitate
672 714 735 747 alia
748 713 918 751 roboratis,
929 718 992 746 sta-

251 768 325 801 tutis
342 768 390 801 vel
411 768 710 806 consuetudinibus,
722 766 897 810 privilegiis
914 776 993 809 quo-

249 832 323 864 que,
333 821 502 854 indultiset.
510 821 624 854 litteris
633 820 816 864 apostolicis
826 818 990 857 ecelesiae,

248 874 388 917 praesuli
418 880 448 907 et
476 873 622 917 Capitulo
648 872 837 917 praedictis,
861 883 897 905 ac
924 871 994 904 aliis

249 927 510 970 quibuscumque
530 927 563 959 in
583 927 782 960 contrarium
798 925 993 969 praemisso-

248 990 321 1013 rum
341 980 588 1024 quomodolibet
605 980 774 1020 concessis,
796 978 994 1013 confirmatis

250 1039 280 1066 et
299 1033 496 1077 approbatis.
512 1033 633 1074 Quibus
651 1033 801 1066 omnihus
819 1037 849 1065 et
861 1031 995 1073 singulis

250 1098 362 1120 eorum
385 1093 512 1121 tenores
532 1087 755 1131 praesentibus
766 1096 825 1130 pro
839 1084 995 1129 expressis

250 1140 415 1181 habentes,
440 1141 500 1174 hac
529 1141 596 1174 vice
623 1141 788 1173 dumtaxat
812 1139 996 1183 specialiter

251 1199 282 1226 et
301 1204 448 1237 expresse
469 1194 674 1236 derogamus,
698 1193 900 1236 caeterisque
920 1202 996 1225 con-

252 1247 358 1280 trariis
378 1247 647 1291 quibuscumque.

298 1301 315 1342 5
336 1299 366 1333 8.
390 1300 544 1333 Volumus
561 1305 680 1339 autem,
701 1305 732 1333 et
753 1298 929 1343 apostolica
941 1308 997 1331 au-

254 1353 401 1387 ctoritate
421 1353 641 1394 decernimus,
666 1353 753 1397 quod
777 1352 996 1396 quotiescum-

254 1418 317 1451 que
337 1407 561 1451 praepositura
581 1407 755 1450 praedicta,
772 1416 830 1449 per
848 1405 994 1447 resigna-

254 1460 375 1493 tionem
396 1460 429 1492 in
449 1460 598 1493 manibus
618 1459 746 1499 nostris,
770 1469 826 1492 seu
846 1468 905 1502 pro
919 1463 999 1491 tem-

254 1523 333 1556 pore
351 1513 513 1546 existentis
534 1512 670 1546 Romani
695 1512 861 1545 Pontificis
885 1521 998 1544 vacare

254 1566 444 1608 contigerit,
465 1565 665 1609 Capitulum¹
687 1565 843 1609 praedicti
869 1565 908 1597 al)
929 1565 995 1597 ele-

254 1618 359 1652 ctione
390 1619 464 1652 novi
496 1619 671 1662 praepositi
707 1618 887 1652 abstineant
903 1645 909 1655 ‚
944 1618 999 1650 sed

254 1673 368 1706 eadem
389 1673 614 1717 praepositura
633 1683 691 1716 per
710 1673 826 1707 Sedem
840 1671 1000 1716 Apostoli-

254 1736 325 1758 cam
347 1726 511 1759 dumtaxat
528 1726 668 1759 conferri
681 1731 712 1758 et
725 1726 764 1758 de
783 1735 820 1758 ea
835 1724 999 1768 provideri

253 1778 355 1811 libere
383 1779 504 1822 possit;
534 1779 686 1822 quodque
713 1778 916 1822 praepositus
939 1787 1000 1821 pro

256 1836 403 1875 tempore
437 1832 573 1865 existens
602 1832 634 1865 in
666 1832 794 1865 civitate
819 1831 999 1865 Hildcshci-

256 1885 359 1918 mensi
379 1886 533 1919 continuo
551 1886 704 1925 residere,
725 1896 761 1918 ac
781 1885 998 1918 iuramentum

256 1948 314 1982 per
326 1939 527 1982 praepositos
547 1939 650 1972 dictae
671 1939 824 1972 ccclesiae
844 1938 999 1982 praestari

257 1992 399 2032 solitum,
419 1998 583 2036 praestare
604 1998 760 2026 teneatur.

301 2046 415 2079 Datum
435 2047 556 2079 Romae
569 2047 654 2090 apud
671 2047 701 2080 S.
718 2046 860 2079 Marcum
874 2046 932 2079 sub
945 2056 1000 2079 an-

258 2099 335 2132 nulo
354 2099 534 2140 piscatoris,
550 2094 601 2132 die
621 2110 687 2133 xxn
707 2099 833 2141 augusti
853 2109 998 2137 mnxcvn,

257 2152 463 2195 pontificatus
488 2153 589 2185 nostri
611 2163 695 2185 anno
714 2163 758 2186 v1.

294 2215 352 2242 Dat.
369 2215 412 2242 die
432 2215 466 2242 2⁶2
482 2214 589 2250 augusti
608 2215 685 2247 1597,
702 2214 799 2250 pontIf.
822 2222 866 2241 an.
884 2220 920 2240 vt.

563 2375 688 2408 CLXIII.

262 2472 486 2506 Committe'tur
510 2472 654 2514 episcopo
678 2470 944 2509 Monasceriensi,
968 2474 1004 2502 ut

305 2525 534 2557 canonicatum
557 2529 587 2557 et
608 2523 826 2567 praebendam
845 2522 1000 2565 colleqia-

307 2581 356 2610 tae
384 2577 532 2610 ecclesiae
551 2577 583 2610 S.
597 2576 752 2609 Mauritii
770 2579 863 2608 eoetra
896 2585 1004 2607 muros

298 2642 310 2667 1
332 2639 493 2668 Addendum
508 2639 620 2667 forsitan
635 2641 662 2667 ec
683 2637 823 2666 Canonici
838 2637 925 2673 (nnn).

1070 286 1336 318 monasterienses
1357 289 1504 317 vacantes
1528 284 1714 327 supprimat
1739 288 1768 316 et

1070 340 1165 372 mn‘at
1186 339 1360 372 decimatae*
1380 338 1523 371 eiusdem
1543 337 1720 370 ecclesiae&

1172 409 1340 438 Venerabili
1360 409 1448 436 fratri
1468 409 1623 443 episcopo,

1068 472 1121 492 seu
1142 464 1252 491 dilecto
1272 464 1334 490 filio
1354 463 1478 491 officiali
1499 462 1728 490 Monasteriensi

1166 517 1361 547 Clemens
1389 516 1502 556 Papa
1523 516 1616 545 vm.

1025 589 1212 616 Venerabilis
1232 589 1336 622 frater,
1358 595 1412 615 seu
1432 589 1542 616 dilecte
1561 588 1616 621 fili,
1638 588 1769 615 salutem

1137 644 1168 669 et
1192 630 1387 675 apostolicam
1412 641 1663 669 benedictionem.

1072 714 1088 754 ξ
1110 712 1139 745 1.
1164 712 1349 755 Expositum
1376 711 1469 744 nobis
1489 722 1592 755 nuper
1611 711 1666 744 fuit
1680 738 1687 751 ,
1710 721 1770 755 pro
1810 722 1878 743 eausa
1894 722 1971 744 sacien-

1787 751 1826 771 ὼε
1844 756 1933 770 numnis.

1028 772 1119 810 parte
1140 766 1332 799 dilectorum
1354 766 1495 798 filiorum
1517 765 1651 808 Capituli
1670 771 1701 797 et>
1720 775 1772 798 ca-

1027 819 1220 852 nonicorum
1242 819 1431 861 collegiatae
1453 818 1606 851 ecelesiae
1626 819 1656 851 S.
1678 819 1769 851 Mau-

1027 872 1091 905 ritii
1106 883 1206 916 prope
1220 877 1250 905 et
1264 877 1351 905 extra
1366 882 1475 904 muros
1493 871 1769 911 Monasterienses,

1028 926 1115 968 quod
1136 925 1168 958 in
1189 925 1274 958 dicta
1295 924 1441 965 ecclesia,
1468 925 1554 957 ultra
1570 924 1774 967 praepositu-

1029 990 1097 1011 ram
1119 984 1150 1011 et
1167 979 1372 1016 decanatum,
1394 977 1544 1010 undecim
1566 976 1774 1010 canonicatus

1029 1038 1059 1065 et
1076 1032 1291 1076 praebendae,
1306 1042 1342 1064 ac
1363 1031 1454 1074 plura
1468 1031 1529 1063 alia
1549 1029 1708 1063 beneficia
1725 1040 1774 1062 re-

1030 1085 1209 1129 periuntur,
1233 1084 1350 1127 quibus
1371 1084 1532 1123 omnihus,
1559 1089 1691 1126 excepto
1713 1083 1772 1116 de-

1030 1143 1157 1177 canatu⁷
1172 1138 1212 1170 de
1233 1136 1401 1179 condignis
1418 1136 1598 1169 redditibus
1615 1146 1674 1179 pro
1695 1146 1775 1179 qua-

1030 1192 1119 1224 litate
1140 1190 1201 1223 loci
1218 1190 1382 1234 provisum
1404 1195 1467 1227 est3
1492 1189 1666 1222 decanatus
1687 1198 1772 1226 vero,

1031 1244 1084 1288 qui
1106 1243 1185 1276 inibi
1207 1243 1349 1276 secunda
1374 1242 1513 1284 dignitas
1533 1241 1647 1281 existit,
1675 1247 1706 1274 et
1725 1240 1775 1274 cui

1031 1308 1108 1330 cura
1130 1295 1392 1330 iurisdictionalis
1413 1294 1558 1328 imminet
1581 1294 1773 1333 animarum,

1032 1352 1153 1384 fructus
1170 1351 1251 1384 adeo
1275 1355 1385 1383 tenues
1406 1354 1490 1389 sunt,
1508 1354 1542 1381 ut
1562 1348 1703 1381 valorem
1725 1348 1779 1380 de-

1033 1415 1102 1438 cem
1124 1405 1314 1438 ducatorum
1336 1403 1405 1436 auri
1427 1403 1466 1435 de
1486 1402 1619 1435 Camera
1650 1411 1775 1433 annua-

1034 1457 1089 1490 tim
1110 1468 1175 1490 non
1202 1457 1376 1496 excedant;
1399 1455 1539 1498 hincque
1559 1453 1722 1497 provenit,
1746 1459 1781 1486 ut

1033 1512 1176 1544 decanus
1186 1510 1342 1543 hactenus
1360 1507 1561 1551 frequentius
1574 1508 1660 1550 apud
1678 1507 1780 1539 eccle-

1033 1564 1113 1597 siam
1133 1563 1332 1607 praedictam
1365 1562 1507 1595 residere
1528 1571 1593 1593 non
1624 1560 1776 1604 potuerit,

1033 1618 1088 1651 sed
1100 1617 1176 1650 alibi
1186 1615 1387 1650 domicilium
1403 1625 1560 1658 quaerere
1572 1619 1701 1646 coactus
1711 1613 1780 1646 sue-

1035 1671 1086 1711 rit,
1107 1670 1195 1714 quod
1216 1669 1326 1702 decori
1340 1668 1484 1701 eiusdem
1506 1666 1659 1700 eeclesiae
1679 1666 1782 1709 pluri-

1035 1734 1122 1756 mum
1135 1722 1287 1756 detrahit.
1304 1721 1359 1755 Cui
1378 1720 1587 1753 incommodo
1599 1719 1780 1762 Capitulum

1034 1783 1065 1810 et
1085 1774 1232 1810 canonici
1253 1774 1410 1819 praedicti
1432 1773 1559 1807 occurri
1580 1783 1674 1816 posse
1705 1782 1781 1805 cen-

1034 1836 1150 1870 sentes,
1170 1830 1196 1862 si
1214 1828 1421 1862 canonicatus
1442 1833 1473 1860 et
1493 1827 1679 1870 praebenda
1699 1825 1783 1858 eius-

1035 1885 1108 1917 dem
1130 1882 1284 1916 ccclesiae
1298 1892 1384 1914 nunc
1403 1892 1461 1925 per
1474 1880 1598 1913 obitum
1617 1879 1781 1922 quondam

1035 1937 1187 1971 Bernardi
1196 1935 1399 1977 Schencking
1414 1936 1491 1968 dnm
1505 1934 1626 1967 viveret
1637 1933 1780 1966 eiusdem

1035 1991 1190 2025 ecclesiae
1207 1989 1354 2023 canonici
1369 1994 1457 2022 extra
1465 1989 1645 2021 Romanam
1655 1986 1781 2020 Curiam

1035 2045 1074 2078 de
1096 2055 1205 2077 mense
1236 2043 1346 2087 aprilis
1367 2042 1514 2086 proxime
1532 2040 1705 2085 praeterito
1726 2040 1781 2072 de-

1036 2096 1136 2130 functi
1157 2096 1311 2139 (quorum
1333 2093 1462 2127 collatio
1483 2094 1523 2126 ad
1549 2093 1634 2136 ipsos
1655 2091 1783 2134 Capitu-

1036 2151 1102 2183 lum
1124 2155 1155 2182 ct
1175 2148 1349 2181 canonicos
1369 2158 1407 2180 ex
1427 2146 1559 2189 antiqua
1580 2151 1610 2178 et
1629 2145 1783 2177 hactenus

1018 2219 1019 2224 =
1036 2201 1264 2235 inviolabiliter
1284 2201 1452 2233 observata
1473 2197 1725 2237 consuetudine,
1749 2202 1783 2229 ut

1036 2254 1200 2293 asseritur,
1217 2257 1366 2297 spectat),
1379 2257 1526 2285 vacantes
1540 2255 1697 2294 perpetuo
1709 2260 1784 2292 sup-

1036 2307 1266 2350 primerentur,
1284 2315 1462 2348 eorumque
1484 2304 1606 2336 fructus
1624 2302 1709 2335 dicto
1730 2302 1784 2334 de-

1037 2359 1165 2392 canatui
1185 2359 1374 2398 unirentur,
1401 2357 1494 2390 nobis
1514 2356 1682 2388 humiliter
1710 2365 1785 2398 sup-

1037 2412 1149 2456 plicari
1169 2412 1325 2451 fecerunt,
1350 2416 1384 2444 ut.
1404 2421 1501 2454 super
1521 2410 1582 2442 lioc
1603 2413 1784 2451 opportune

1037 2466 1208 2510 providere
1222 2466 1260 2498 de
1273 2464 1470 2507 benignitate
1485 2463 1661 2507 apostoliea
1673 2462 1785 2505 digna-

1038 2531 1158 2554 remur.

1083 2573 1097 2616 ἓ
1117 2573 1147 2605 9,.
1172 2572 1234 2606 Nos
1255 2572 1362 2614 igitur,
1386 2571 1440 2614 qui
1474 2570 1597 2603 dudum
1620 2569 1703 2602 inter
1724 2568 1786 2601 alia

1075 2635 1083 2660 1
1109 2634 1145 2661 Ex
1160 2634 1266 2669 Regest.
1288 2633 1316 2660 in
1330 2633 1435 2660 Secret.
1453 2631 1588 2658 Brevium.

1670 225 1750 259 367⁷
1781 235 1830 262 An.
1848 235 1875 262 e.
1897 236 1964 263 1597
