2253 3195
43 203 91 232 An.
113 203 140 231 C.
162 203 225 232 1601

76 743 225 769 Paupertatem

42 771 86 791 toto
137 771 225 795 pectore

42 796 149 823 amplexus
159 797 197 817 est.

66 1274 225 1296 Amantissimus

40 1301 144 1324 castitatis
159 1301 203 1322 suit.

53 1647 92 1669 Dei
99 1649 186 1669 Matrem
194 1650 224 1669 in-

41 1676 165 1697 temeratam
178 1675 224 1695 Vir-

39 1701 107 1726 gtnem
135 1702 224 1722 Mariam

39 1728 124 1776 ἒ55111110
141 1729 224 1749 iuvoca-

55 1756 82 1776 at.

862 205 1009 229 CLEMENS
1026 205 1084 230 VIII
1101 206 1151 230 PP.

238 252 282 286 ris
301 253 427 287 Domini
448 254 550 288 nostri
570 255 640 287 lesu
659 253 784 293 Christi,
801 253 860 297 qui
873 253 982 286 Immi-

240 306 334 339 lictvit
353 307 563 350 semetipsum
581 307 685 349 factus
706 306 854 339 obediens
882 317 984 350 usquc

238 359 280 393 acl
300 363 447 400 mortem,
470 359 517 392 vir
538 360 641 393 iustus
661 359 713 393 die
733 371 769 393 ac
794 366 888 393 nocte
910 370 979 393 me-

239 412 401 446 ditabatur
429 413 647 446 obedientiam
664 441 671 453 ,
696 424 732 446 ac
757 414 882 457 sepulto
903 424 980 457 pro·

238 465 327 510 priae
351 465 522 499 voluntatis
543 466 701 506 arbitrio,
731 472 878 499 mortuus
910 467 985 500 huic

239 519 380 559 saeculo,
404 519 501 552 vitam
522 529 596 552 011111
627 519 751 553 Christo
780 519 812 552 in
832 520 898 553 Deo
922 520 981 552 ab-

238 572 421 606 sconderat.
445 582 481 605 ac
509 577 593 605 totus
621 583 638 605 a
668 572 874 616 superiorum
904 578 982 606 nutu

240 625 412 669 pendebat.

284 680 301 721 g
319 678 372 712 14.
396 679 525 712 Beatam
546 684 773 723 paupertatem
795 680 886 722 regni
905 690 981 713 eoe-

240 733 346 766 lorum
378 732 524 776 praemio
556 732 687 775 dignam
703 760 711 773 ‚
736 738 767 766 et
791 733 904 766 Christi
929 744 985 767 ore

239 787 414 828 laudatam,
439 793 505 821 toto
526 793 657 831 pectore
681 789 847 832 amplexus
868 794 926 830 est,
949 800 985 822 ac

239 851 309 874 eam
330 841 426 874 veluti
439 841 600 874 fraternae
614 842 702 886 pacis
723 842 981 884 fundamentum,

238 894 431 927 munditiam
453 894 548 935 vitae,
577 906 729 928 curarum
751 895 846 929 huius
873 896 983 929 mundi

238 947 677 992 abdicationem,proximam
693 949 833 993 denique
846 954 877 982 et
894 950 984 993 quasi

239 1001 516 1045 compendiariam
537 1002 578 1035 ad
591 1002 692 1036 Deum
713 1002 795 1035 viam
816 1003 984 1036 studiosis-

239 1054 320 1088 sime
340 1065 468 1098 semper
486 1055 594 1095 coluit,
616 1066 653 1089 ac
673 1055 880 1100 semetipsum
903 1062 984 1089 tam--

239 1119 335 1152 quam
354 1119 469 1142 aurum
495 1109 568 1151 igne
596 1109 780 1152 probatum,
805 1110 836 1142 in
857 1110 984 1143 camino

239 1162 439 1206 paupertatis
460 1162 670 1206 expurgabat.

284 1216 299 1260 ξ
318 1215 369 1249 15.
386 1215 555 1257 Castitatis,
572 1227 655 1260 quae
669 1216 816 1250 coelestis
836 1223 867 1250 et
887 1228 984 1259 ange-

241 1269 320 1303 licus
341 1269 509 1303 thesaurus
529 1275 586 1310 est,
607 1269 847 1303 amantissimus
868 1270 985 1311 fuit,ac

239 1324 443 1368 praecinctus
472 1323 621 1364 lumbos,
650 1330 679 1356 ct
712 1324 877 1356 lucernam
907 1325 985 1358 boni

239 1377 347 1421 operis
367 1377 399 1410 in
422 1376 571 1410 manibus
592 1377 726 1418 habens,
750 1388 820 1410 cam
842 1377 874 1410 111
895 1378 984 1411 1101111

240 1430 388 1474 corporis
408 1441 480 1464 vase
501 1430 532 1463 in
554 1430 791 1464 santificatione
811 1437 841 1464 et
861 1431 985 1465 honore

238 1490 389 1528 portans,
410 1484 631 1528 incorruptam
653 1490 684 1517 ct
704 1484 861 1527 integram
883 1496 984 1529 usque

240 1538 279 1571 ad
301 1543 481 1571 extremum
504 1537 586 1570 vitae
611 1537 697 1570 diem
717 1539 924 1572 conservavit.

285 1592 301 1633 ξ
323 1590 374 1623 16.
389 1591 426 1624 Et
446 1602 510 1634 qua
531 1596 599 1624 crat
618 1590 649 1623 in
671 1591 726 1624 Dei
747 1592 877 1625 Matrem
891 1598 919 1626 ct
936 1593 984 1626 in-

241 1650 427 1678 temeratam
454 1645 616 1687 Virginem
640 1645 769 1677 Mariam
792 1645 909 1689 pietate
924 1675 931 1687 ,
953 1647 983 1680 in

240 1699 331 1732 cuius
351 1698 448 1732 fidem
471 1704 502 1732 01
521 1699 702 1732 clientelam
722 1710 755 1732 se
776 1699 897 1733 iamdiu
912 1707 984 1734 ante

240 1753 432 1793 contulerat,
460 1753 585 1785 nullum
608 1752 732 1786 firmius
756 1754 797 1787 ad
818 1753 985 1787 daemonis

239 1806 321 1839 vires
342 1806 566 1846 conterendas,
591 1817 688 1849 quam
711 1806 855 1840 eiusdem
876 1808 980 1850 Virgi-

239 1859 287 1893 nis
307 1859 505 1903 praesidium
527 1859 662 1892 inveniri
680 1871 774 1903 posse
793 1867 914 1893 certum
934 1872 985 1894 ex-

239 1913 466 1957 ploratumque
495 1913 639 1953 habens,
668 1913 735 1946 eius
767 1914 983 1957 patrocinium

239 1965 366 1999 assidue
386 1966 564 2006 invocabat,
589 1977 625 1999 ac
648 1972 754 1999 tantus
775 1973 840 1999 erat
863 1967 932 2000 01115
952 1968 983 2000 in

239 2019 385 2053 oratione
414 2020 520 2053 servor
546 2026 572 2053 et
603 2021 862 2063 perseverantia,
894 2027 928 2054 ut
949 2032 984 2054 ex

241 2073 334 2106 variis
358 2073 624 2117 occupationibus
643 2086 676 2107 se
702 2074 768 2118 ipse
799 2075 985 2118 frequenter

240 2127 394 2170 colligens
414 2127 541 2160 sederet
561 2126 741 2168 solitarias,
765 2133 796 2161 et
824 2129 930 2161 levans
951 2139 984 2162 se

240 2191 336 2224 super
356 2191 400 2221 50,
416 2180 542 2214 divinae
560 2181 824 2224 contemplationi
843 2188 981 2223 vacaret,

239 2234 271 2266 in
286 2245 350 2277 qua
367 2235 520 2268 coelestes
539 2235 635 2278 plane
649 2234 780 2278 spiritus
800 2235 981 2277 hauriebat,

240 2287 323 2320 etde
338 2287 479 2320 fontibus
500 2287 672 2321 Salvatoris
693 2298 792 2331 aquas
809 2289 985 2333 sapientiae

239 2340 389 2375 salutaris
414 2340 594 2385 accipiens,
620 2348 706 2374 tanto
727 2342 904 2384 gratiarum
926 2343 985 2376 im-

239 2394 297 2427 bre
317 2404 431 2427 omnes
448 2394 531 2427 vitae
551 2405 627 2428 suae
646 2395 788 2428 actiones
813 2395 980 2438 irrigabat,

241 2452 274 2480 ut
294 2447 429 2480 flumina
446 2458 548 2490 aquae
568 2447 656 2481 vivae
676 2448 716 2481 de
737 2454 845 2482 ventre
864 2449 930 2490 eius
953 2449 984 2482 in

240 2500 377 2534 aliorum
400 2501 569 2535 utilitatem
591 2509 831 2545 promanarent.

286 2555 302 2596 ξ
325 2554 377 2587 17.
401 2555 435 2588 ln
460 2566 629 2599 pauperes,
653 2567 688 2589 ac
721 2556 894 2600 praecipue
926 2568 980 2590 ca-

241 2607 344 2650 ptivos
359 2608 438 2642 dura
455 2608 605 2642 servitute
617 2609 655 2642 ab
668 2608 852 2643 infidelibus
873 2610 983 2643 1101011·-

1667 193 1726 227 691
1747 181 1750 184 ’
1778 202 1874 229 Aac.
1898 201 1961 229 1601

1018 258 1065 286 105
1083 253 1354 297 propensissimus
1364 258 1442 292 erat,
1462 252 1653 296 nullumque
1664 253 1760 286 officii
1808 264 1929 289 rauperum
1944 263 1965 283 et

1017 317 1117 350 genus
1139 318 1283 351 unquam
1305 306 1521 351 praetermisit
1549 317 1613 350 quo
1643 317 1697 341 eos
1718 307 1759 340 li-
1778 293 1964 354 ἷὲιῖζιωῖἷῖἒὲῗηῗὲζ

1018 361 1123 394 berari
1155 371 1247 405 posse
1281 360 1499 401 existimaret,
1533 371 1672 404 quorum
1703 361 1765 395 hoc
1780 343 1875 369 “mm

1018 414 1113 447 etiam
1136 414 1292 448 maiorem
1315 425 1425 447 curam
1455 420 1485 447 et
1511 413 1762 448 sollicitudinem

1018 468 1194 509 gerendam
1216 478 1283 501 esse
1304 468 1464 508 censebat,
1485 478 1549 511 quo
1571 467 1602 500 in
1624 468 1763 511 graviori

1018 519 1163 563 periculo
1184 520 1380 554 Christianae
1401 520 1475 553 fidei
1497 520 1708 562 abiuraiidae,
1732 527 1764 555 et

1019 573 1216 607 amittendae
1238 574 1350 607 salutis
1370 579 1521 607 aeternae
1545 580 1760 608 versarentur.

1018 627 1094 661 Cum
1114 627 1223 671 itaque
1245 628 1312 661 eius
1326 628 1455 661 hortatu
1473 628 1586 661 Petrus
1598 628 1761 669 Nolascus,

1019 680 1148 714 natione
1167 682 1286 719 Gallus,
1311 681 1402 715 cuius
1422 681 1641 715 consessiones
1653 682 1765 715 beatus

1018 735 1225 778 Raymundus
1250 734 1413 775 audiebat,
1436 735 1485 768 vir
1510 735 1625 779 opibus
1646 735 1765 769 ssorens

1019 793 1049 820 et
1077 787 1194 830 insigni
1224 788 1342 831 pietate
1376 788 1562 831 praeditus,
1585 788 1625 821 ad
1652 789 1766 833 inopes

1019 838 1163 881 alendos,
1188 847 1219 875 01
1244 842 1382 874 maxime
1403 842 1443 875 ad
1469 842 1613 886 captivos
1633 852 1671 875 ex
1690 843 1764 876 Bar-

1019 895 1172 928 barorum
1200 895 1334 928 vinculis
1360 895 1587 936 redimendos,
1615 906 1688 929 suas
1712 905 1764 929 οο-

1019 948 1088 992 pias
1115 954 1143 981 et
1177 959 1254 992 opes
1285 960 1357 981 cum
1389 949 1556 982 alacritate
1583 960 1621 983 ac
1652 949 1764 983 libenti

1019 1002 1128 1035 animo
1157 1004 1340 1044 conferret,
1364 1003 1530 1046 egregium
1552 1003 1597 1047 pii
1622 1004 1761 1037 0011110-

1020 1055 1095 1087 ralis
1116 1055 1214 1088 animi
1233 1055 1387 1097 officium,
1404 1067 1464 1100 pro
1482 1067 1539 1090 sua
1558 1056 1686 1090 infinita
1706 1057 1763 1091 bo-

1020 1108 1129 1147 nitate,
1147 1114 1272 1151 gratum
1287 1109 1368 1142 Deus
1382 1109 1504 1142 habuit.
1522 1110 1599 1142 Nam
1618 1110 1765 1153 proxima

1019 1167 1113 1195 nocte
1138 1162 1328 1206 insequente
1343 1190 1350 1203 ‚
1375 1162 1562 1195 Beatissima
1587 1163 1682 1206 Virgo
1708 1164 1764 1197 Dei

1019 1215 1117 1248 Mater
1137 1215 1241 1248 eidem
1263 1216 1356 1249 Petro
1386 1215 1454 1259 (qui
1480 1216 1597 1249 sanctis
1623 1217 1761 1250 medita-

1020 1268 1160 1301 tionibus
1179 1275 1209 1301 et,
1229 1269 1369 1302 orationi
1388 1279 1513 1310 vacans,
1530 1269 1691 1312 cogitabat
1701 1281 1765 1314 qua

1020 1322 1143 1356 ratione
1155 1322 1390 1356 calamitatibus
1406 1322 1655 1356 christianorum
1669 1323 1700 1356 in
1715 1335 1765 1357 ca-

1020 1375 1162 1419 ptivitate
1183 1376 1368 1418 degentium
1393 1376 1539 1409 succurri
1565 1378 1693 1420 posset)
1714 1387 1764 1411 50-

1021 1439 1096 1462 101111
1127 1430 1232 1462 fronte
1259 1440 1292 1463 50
1322 1429 1586 1473 conspiciendam
1607 1430 1714 1471 dedit,
1735 1436 1764 1464 et

1019 1483 1276 1527 acceptissimum
1295 1483 1356 1517 sibi
1377 1494 1413 1516 ac
1431 1483 1597 1526 unigenito
1615 1494 1672 1517 suo
1684 1484 1764 1518 Filio

1019 1538 1087 1570 sore
1108 1537 1197 1577 dixit,
1220 1537 1246 1570 si
1267 1548 1359 1570 suum
1379 1537 1410 1569 in
1431 1537 1590 1570 honorem
1612 1537 1761 1571 1115111110-

1020 1596 1107 1623 retur
1136 1590 1221 1623 Ordo
1254 1590 1514 1632 Religiosorum,
1539 1590 1655 1634 quibus
1688 1602 1763 1624 cura

1020 1645 1220 1677 incumberet
1246 1644 1386 1688 captivos
1415 1656 1430 1677 e
1462 1644 1628 1688 tyrannide
1647 1645 1764 1678 Turca-

1019 1709 1089 1731 rum
1111 1698 1282 1737 liberandi,
1307 1708 1342 1730 ac
1363 1698 1418 1730 illa
1438 1698 1506 1741 ipsa
1530 1703 1624 1731 nocte
1650 1698 1762 1732 eadem

1020 1752 1114 1794 Virgo
1140 1752 1347 1786 sanctissima
1374 1752 1469 1784 Beato
1499 1752 1710 1796 Raymundo,
1734 1758 1765 1786 et

1019 1806 1133 1839 Iacobo
1154 1806 1261 1850 primo
1282 1805 1461 1848 Aragoniae
1485 1805 1563 1847 Regi
1592 1806 1760 1850 apparuit,

1020 1860 1050 1893 id
1072 1860 1177 1903 ipsum
1199 1860 1237 1892 de
1259 1859 1428 1901 Religiosis
1448 1859 1638 1892 admonens.

1064 1915 1080 1955 ἓ
1103 1912 1154 1945 18.
1178 1912 1282 1952 Quare
1303 1912 1334 1944 hi
1351 1940 1358 1953 ,
1383 1912 1507 1946 collatis
1527 1912 1610 1946 inter
1634 1924 1667 1946 50
1687 1923 1763 1946 0011-
1779 1918 1963 1971 steinfitissiiisssgss]

1018 1967 1109 2007 siliis,
1122 1973 1153 2000 et
1173 1966 1448 1999 consentientibus
1468 1966 1595 2007 animis,
1610 1966 1762 2000 Ordinem
1778 1972 1882 1997 [uirorum
1897 1973 1963 1991 statu·

1019 2022 1132 2055 Beatae
1161 2020 1277 2054 Mariae
1313 2020 1352 2053 de
1383 2019 1602 2053 Misericordia
1636 2031 1691 2053 seu
1724 2021 1763 2054 de
1779 2000 1800 2045 11
1815 2000 1964 2050 ffsstssssssfiss¹2533

1018 2074 1174 2115 Mercede,
1189 2073 1433 2117 Redemptionis
1453 2073 1670 2117 Captivorum,
1694 2073 1764 2106 sun·
1779 2054 1962 2099 fgitiniissagiiffm'

1020 2128 1192 2167 (laverunt,
1221 2127 1271 2160 cui
1293 2126 1405 2159 beatus
1430 2126 1638 2170 Raymundus
1660 2132 1764 2160 certas

1020 2180 1143 2213 vivendi
1163 2181 1247 2222 leges
1268 2179 1474 2223 praescripsit
1494 2180 1532 2212 ad
1555 2179 1645 2213 istius
1666 2179 1761 2213 Ordi-

1019 2234 1067 2268 nis
1086 2234 1286 2268 vocationem
1305 2233 1659 2267 accommodatissimas
1668 2234 1764 2278 <qua-

1019 2300 1089 2321 rum
1111 2287 1379 2331 approbationem
1402 2287 1525 2330 aliquot
1535 2293 1607 2330 post
1624 2297 1726 2321 annos
1746 2299 1763 2321 a

1018 2341 1118 2375 felicis
1141 2340 1372 2374 recordationis
1386 2340 1542 2382 Gregorio
1555 2350 1654 2381 nono,
1671 2351 1764 2385 prae-

1019 2396 1188 2429 decessore
1209 2400 1330 2434 nostro,
1352 2394 1558 2438 impetravit),
1583 2400 1614 2428 et
1642 2394 1763 2429 dictum

1018 2450 1164 2487 Petrum,
1200 2448 1254 2491 qui
1287 2448 1391 2481 01110111
1421 2447 1531 2481 01111111
1563 2448 1674 2482 omnia
1707 2460 1764 2483 sna

1018 2508 1168 2547 prompte
1190 2503 1333 2543 dederat,
1351 2502 1493 2545 primum
1512 2502 1607 2535 ctiam
1630 2513 1764 2546 gencra-

1020 2556 1080 2589 lem
1097 2555 1297 2597 magistrum,
1312 2555 1377 2588 suis
1398 2555 1465 2599 ipse
1487 2555 1635 2589 manibus
1652 2556 1763 2590 habitu

1019 2609 1131 2642 00110111
1157 2608 1317 2648 indutum,
1342 2609 1470 2642 creavit.
