2253 3195
281 250 330 279 An.
348 249 376 278 et
400 250 468 278 ⁴599
513 236 578 274 504

326 1752 388 1774 Fiden
403 1750 474 1772 danda

289 1782 434 1806 transumptis.

334 2181 451 2202 Unumlu.

1066 231 1252 270 nummum
1268 244 1423 270 nomnen

481 300 721 342 divulgent‚nec
734 303 793 340 per
806 305 840 329 se
850 294 898 328 vel
909 293 1008 328 alium
1022 294 1221 338 praedicent,
1260 292 1519 337 quingentesimo
1543 292 1752 336 nonagesimo
1772 303 1859 328 nono
1874 321 1881 335 ,
1904 293 1999 327 nonis

480 352 648 397 privilegia
679 361 737 384 sua
761 360 827 382 non
847 354 1030 389 ostentent,
1053 347 1221 391 reliquias,
1260 347 1346 388 maii,
1369 352 1459 391 pont.
1483 347 1585 380 nostri
1605 357 1689 380 anno
1702 357 1770 381 v111.

482 413 596 446 cartas,
625 404 793 447 imagines,
816 402 917 436 aliave
936 402 1056 436 similia
1075 401 1116 435 ad
1133 401 1222 434 chri-

481 459 632 493 stifideles
646 457 842 497 excitandos,
857 455 984 489 autulla
999 454 1222 494 instrumenta,

481 512 529 545 vel
555 519 837 555 quorumcumque
857 515 1066 553 quaestorum
1088 507 1226 550 insignia

482 576 547 599 non
573 564 812 604 circumferant,
840 563 945 596 minas
964 568 995 596 et
1020 561 1245 611 imprecatio-l

482 631 538 654 nes
565 620 606 652 ad
631 618 870 662 extorquendas
896 616 1050 661 pecunias
1081 621 1136 649 aut
1164 615 1226 648 alia

482 675 568 707 bona
583 684 649 707 non
671 673 840 713 intentent,
867 671 948 704 nihil
968 670 1058 715 quasi
1079 669 1224 703 debitum

483 733 513 761 et
533 732 723 761 consuetum
743 731 863 770 petant,
884 725 973 758 nulla
992 729 1059 757 arte
1079 728 1222 762 utantur,

482 780 538 814 sed
555 779 756 824 simpliciter,
776 778 829 823 pie
849 783 879 811 et
901 778 1046 811 modeste
1065 786 1124 820 pro
1144 775 1222 808 sul)-

483 833 633 867 ventione
645 832 721 866 dieti
735 831 903 876 hospitalis
915 831 1068 875 petendo,
1084 829 1117 862 id
1138 828 1225 872 quod

483 892 598 930 sponte
626 886 761 919 offertur
794 890 918 918 tantum
944 883 1123 928 accipiant,
1146 882 1222 914 nul-

484 941 614 984 lamque
635 951 733 984 super
753 939 846 973 dictis
874 937 1086 982 eleemosynis
1114 934 1226 980 quovis

484 994 617 1027 nomine
637 993 883 1027 conventionem
906 991 1001 1024 etiam
1027 990 1058 1023 in
1074 989 1148 1023 dicti
1167 989 1225 1021 lio-

484 1047 606 1092 spitalis
616 1046 784 1080 utilitatem
797 1045 925 1078 saciant.
946 1042 1106 1078 Ordinarii
1120 1047 1226 1075 autem

487 1102 634 1135 locorum
653 1111 712 1145 pro
733 1098 986 1144 praemissorum
1007 1096 1152 1141 praecisa
1172 1095 1228 1128 ob-

486 1154 683 1195 servatione,
706 1164 772 1187 non
792 1153 896 1187 solum
918 1163 954 1185 ex
975 1151 1113 1184 aliorum
1134 1149 1225 1182 dela-

487 1209 585 1248 tione,
608 1207 664 1241 sed
685 1218 720 1240 ex
741 1217 799 1240 suo
818 1206 914 1239 etiam
935 1204 1041 1238 officio
1065 1203 1230 1247 inquirant

486 1261 512 1295 si
534 1272 597 1306 qua
616 1262 702 1294 fraus
723 1260 762 1294 ab
784 1260 860 1304 ipsis
880 1257 1106 1292 collectoribus
1130 1266 1226 1300 prae-

486 1315 597 1350 sertim
633 1315 786 1348 advcrsus
820 1314 906 1356 leges
937 1312 982 1346 eis
1015 1310 1230 1356 praescriptas

488 1369 718 1408 committatur,
732 1377 812 1412 quos
824 1367 849 1400 si
867 1376 940 1399 reos
951 1376 1024 1398 vere
1036 1363 1226 1408 repererint,

488 1434 547 1467 pro
573 1423 670 1456 modo
688 1421 802 1464 culpae
833 1419 969 1453 arbitrio
997 1429 1056 1452 suo
1081 1417 1226 1461 puniant,

489 1477 685 1519 eosdemque
705 1473 811 1508 statim
834 1484 851 1506 a
871 1472 1060 1506 collectione
1086 1471 1227 1504 eleemo-

489 1540 638 1574 synarum
661 1526 847 1561 huiusmodi
868 1530 1057 1563 amoveant,
1081 1535 1117 1557 ac
1137 1523 1228 1563 alios,

489 1582 543 1626 qui
569 1581 644 1615 boni
667 1586 697 1614 ct
718 1579 825 1613 idonei
847 1579 920 1619 sint,
945 1579 984 1611 ab
1005 1577 1125 1611 eisdem
1138 1586 1231 1620 supe-

491 1636 631 1669 rioribus
649 1640 761 1668 curent
779 1632 995 1667 sufficiendos.

535 1691 551 1732 5
572 1688 624 1722 ‘1:3.
641 1688 798 1731 Quodque
809 1686 997 1721 earumdem
1012 1684 1232 1730 praesentium

491 1742 700 1786 transumptis
720 1742 815 1775 etiam
837 1739 1022 1784 impressis,
1050 1749 1147 1772 manu
1168 1748 1229 1770 no-

491 1797 562 1831 tarii
583 1796 703 1841 publici
729 1795 928 1839 subscriptis,
948 1799 979 1827 et
1000 1788 1135 1826 alicuius
1154 1802 1230 1835 per-

490 1862 588 1885 sonae
599 1851 628 1884 in
639 1850 792 1893 dignitate
813 1848 1028 1883 ecclesiastiea
1044 1846 1234 1880 constitutae

491 1902 597 1945 sigillo
619 1901 762 1942 munitis,
779 1912 816 1934 ea
834 1911 966 1945 prorsus
986 1899 1106 1942 ubique
1127 1897 1158 1930 iu
1180 1897 1230 1930 iu-

492 1956 576 1990 dicio
591 1962 620 1990 ct
632 1961 721 1989 extra
735 1955 814 1988 tides
834 1953 1036 1993 adhibeatur,
1060 1962 1142 1996 quac
1159 1951 1234 1995 ipsis

492 2009 705 2052 originalibus
725 2008 944 2048 adhiberetur,
969 2006 993 2040 si
1015 2006 1120 2039 forent
1140 2003 1230 2037 exbi-

493 2063 578 2096 bitae
599 2063 645 2095 rel
668 2067 825 2095 ostensae.

538 2118 554 2159 ξ
578 2115 628 2149 lli.
654 2115 737 2149 Nulli
760 2125 836 2155 ergo
851 2113 984 2146 omnino
1005 2111 1172 2145 bominum
1195 2110 1233 2143 li-

494 2175 563 2203 reat
586 2169 667 2202 lianc
689 2168 838 2213 paginam
861 2172 989 2200 nostrae
1009 2164 1231 2204 absolutionis,

495 2222 752 2268 approbationis,
787 2219 1058 2259 confirmationis,
1083 2218 1234 2251 adiectio-

495 2279 554 2319 nis,
575 2276 746 2310 voluntatis
767 2281 797 2309 et
818 2276 1020 2308 decretorum
1048 2263 1231 2315 infringere,

495 2334 541 2365 vel
563 2332 590 2364 ei
613 2342 691 2364 ausu
714 2329 884 2363 temerario
906 2327 1087 2366 contraire,
1117 2327 1141 2358 si
1164 2326 1235 2370 quis

495 2393 600 2419 autem
624 2386 684 2418 lior,
705 2389 861 2417 attentare
875 2380 1136 2426 praesumpserit,
1155 2379 1236 2412 indi—

495 2440 678 2479 gnationem
695 2435 998 2481 oinuipotentislwi,
1012 2445 1047 2466 ac
1067 2434 1233 2466 beatorum

497 2492 578 2525 l'etri
601 2498 630 2524 et
656 2491 742 2524 l'auli
775 2489 995 2534 apostolorum
1024 2487 1096 2521 Eius
1117 2498 1150 2519 se
1172 2497 1231 2519 no-

497 2546 574 2579 verit
597 2546 810 2579 incursui-um.

542 2600 653 2633 Datum
670 2600 789 2632 llomac
807 2597 891 2642 apud
911 2596 1063 2629 Sanctum
1080 2594 1232 2634 Marcum,

498 2663 582 2686 anno
603 2653 833 2687 lucan-nationis
857 2649 1042 2684 ltoiiiinirae
1064 2649 1235 2683 millesimo

1295 410 1356 437 Dat.
1373 409 1416 437 die
1432 411 1446 438 7
1463 410 1525 437 maii
1539 410 1620 444 1599,
1636 410 1734 446 pontif.
1751 418 1795 437 an.
1812 416 1870 437 vm.

1583 559 1676 594 CCVI.

1258 657 1401 692 Indictio
1410 657 1608 690 universalis
1615 656 1821 700 Iubilaeipro
1828 664 2004 697 annosum,

1304 732 1366 765 quo
1387 720 1572 754 conceditur
1588 720 1744 764 plenaria
1766 719 1914 753 remissio
1923 730 2000 763 pec-

1304 789 1451 818 catorum
1469 785 1681 818 visitantibus
1700 783 1852 818 basilicas
1871 783 1919 817 Ss.
1944 784 2004 817 Pe—

1306 847 1350 879 tri
1372 851 1401 879 et
1421 846 1525 879 Pauli
1539 846 1781 890 Apostolorum,
1804 854 1842 878 ac
1860 845 1892 878 S.
1907 844 2005 878 Ioan-

1304 910 1356 942 nis
1393 909 1624 942 Lateranensis
1662 912 1692 941 et
1724 908 1844 941 Beatae
1878 907 2006 941 Mariae

1305 971 1442 1004 Maioris
1453 970 1491 1004 de
1507 971 1603 1011 Urbe,
1619 974 1648 1003 et
1661 970 1748 1003 aliae
1764 969 2002 1013 indulqentiae,

1305 1033 1445 1067 durante
1468 1032 1553 1066 dicto
1572 1043 1677 1073 atino,
1701 1042 1874 1076 suspensae
1894 1031 2006 1065 decla-

1306 1100 1425 1129 rantur
1445 1096 1464 1129 ¹.
1727 1093 1735 1100 '

1280 1186 1414 1213 Clemens
1432 1185 1603 1220 episcopus,
1624 1191 1730 1212 servus
1755 1191 1911 1212 servorum
1926 1184 1989 1219 Dei,

1262 1239 1415 1266 univorsis
1433 1238 1681 1266 christifidelibus
1695 1240 1872 1272 praesentes
1887 1237 2008 1265 litteras

1537 1291 1722 1325 inspecturis

1307 1347 1438 1373 salutem
1454 1349 1485 1373 et
1505 1345 1704 1379 apostolicam
1717 1344 1969 1372 benedictionem.

1308 1419 1418 1451 Annus
1431 1417 1558 1451 Domini
1579 1417 1756 1462 placabilis,
1773 1427 1875 1450 annus
1895 1416 2008 1450 remis-

1266 1470 1365 1503 sionis
1385 1476 1415 1503 et
1435 1470 1546 1503 veniae
1561 1497 1568 1511 ‚
1592 1470 1649 1502 filii
1670 1469 1701 1502 in
1721 1469 1845 1504 Christo
1866 1469 2006 1503 dilectis-

1265 1521 1350 1563 simi,
1367 1522 1430 1555 iam
1448 1521 1502 1555 Dei
1517 1531 1650 1554 munere
1671 1520 1928 1565 appropinquat;
1943 1520 2006 1554 iarn

1268 1580 1394 1619 tempus
1415 1574 1611 1619 acceptabile
1641 1580 1671 1608 et
1691 1575 1759 1608 dies
1783 1580 1932 1608 aeternae
1952 1585 2005 1608 sa-

1268 1629 1340 1663 lutis
1361 1629 1558 1669 adveniunt,
1582 1629 1622 1661 ad
1642 1628 1831 1662 redimenda
1857 1634 2006 1672 peecata,

1267 1684 1306 1717 ad
1337 1684 1504 1717 salvandas
1532 1683 1665 1716 animas.
1695 1683 1805 1716 Annus
1834 1681 2009 1716 christiano

1267 1737 1388 1781 populo
1413 1737 1444 1770 in
1472 1737 1584 1781 primis
1613 1736 1764 1780 optabilis
1793 1741 1824 1770 et
1851 1735 2011 1769 iucundus

1268 1791 1459 1825 sanctissimi
1480 1791 1614 1824 lubilaei
1636 1790 1698 1824 iam
1718 1801 1818 1834 prope
1839 1790 1939 1830 adest,
1954 1789 2009 1833 qui

1269 1855 1286 1877 a
1309 1844 1473 1878 salutifero
1494 1850 1588 1888 partu
1618 1845 1732 1878 Beatae
1759 1843 1813 1877 Dei
1841 1842 2010 1877 Genitricis

1269 1903 1299 1931 et
1322 1909 1450 1942 semper
1470 1897 1607 1940 Virginis
1627 1897 1742 1930 Mariae
1762 1895 2012 1930 sexcentesimus

1268 1962 1365 1995 supra
1387 1951 1592 1984 millesimum
1615 1956 1814 1991 numeratur,
1838 1955 1926 1983 tanto
1945 1960 2011 1983 ma-

1269 2005 1327 2038 iori
1342 2005 1485 2039 fidelium
1501 2005 1618 2047 gaudio
1637 2010 1666 2038 et
1688 2004 1868 2048 frequentia
1882 2003 1913 2037 in
1927 2003 2012 2037 alma

1269 2059 1327 2091 bac
1351 2059 1435 2093 Urbe
1464 2060 1503 2092 dc
1528 2069 1617 2092 more
1637 2058 1868 2097 celebrandus,
1891 2062 2012 2101 quanto

1269 2112 1447 2156 expressius
1467 2118 1562 2156 atque
1590 2111 1751 2145 ellit-acius
1779 2121 1869 2144 suam
1890 2110 2011 2155 prima-

1270 2166 1349 2199 riam
1371 2166 1527 2209 originem
1555 2170 1784 2210 repraesentat.
1808 2165 1904 2205 Nam,
1927 2175 2008 2208 que--

1270 2221 1479 2253 madmodum
1499 2220 1596 2253 veteri
1611 2219 1782 2252 traditione
1800 2224 1830 2251 et
1851 2217 2011 2251 maiorum

1271 2274 1488 2307 monumentis
1517 2279 1666 2306 testatum
1699 2278 1763 2312 est,
1787 2271 2012 2315 antiquissimo

1309 2347 1315 2373 l
1343 2346 1486 2382 Antiquum
1499 2345 1610 2372 lubilaei
1627 2344 1708 2371 ritum
1724 2343 1842 2371 restituit
1858 2342 2013 2370 nontsncius

1271 2390 1325 2417 vttt
1342 2399 1388 2425 pro
1397 2390 1517 2425 quolibet
1528 2388 1674 2416 centesimo
1689 2396 1759 2415 anno
1775 2387 1800 2414 iu
1815 2396 1863 2414 sua
1873 2391 2010 2414 const..w5

1271 2436 1476 2470 :lntiquorwm
1494 2439 1557 2461 tom.
1575 2441 1610 2465 tv,
1630 2442 1689 2470 pag.
1714 2433 1771 2461 1511.
1789 2432 1839 2459 Sed
1859 2432 1892 2459 ad
1913 2439 2012 2458 anuum

1269 2479 1520 2515 quinquagesimum
1531 2477 1635 2505 reduxit
1646 2478 1770 2505 Clemens
1778 2477 1820 2511 Vl,
1833 2481 1861 2504 ut
1873 2477 1898 2503 in
1910 2476 2013 2504 listra-

1272 2534 1332 2558 vay.
1346 2531 1373 2556 ιι,
1390 2525 1428 2551 lte
1445 2525 1554 2551 Poenit.
1572 2527 1598 2551 v!
1617 2523 1748 2555 Ile-miss„
1762 2526 1787 2549 ⁴·t
1798 2521 1831 2549 ad
1843 2521 2011 2556 trigesimum

1271 2569 1396 2595 Urbanus
1406 2568 1436 2595 Vl
1449 2577 1454 2600 ;
1469 2568 1576 2595 tandem
1592 2568 1624 2594 ml
1647 2566 1929 2601 vigesiinumquintuin
1946 2564 2010 2590 l'uu-

1271 2613 1311 2640 lus
1327 2613 1347 2640 ll
1365 2614 1390 2640 in
1405 2621 1454 2641 sun
1465 2614 1601 2640 constitut.
1621 2619 1661 2640 ix:
1679 2610 1848 2646 [neffabili⁸,
1861 2609 1921 2638 eod.
1933 2613 2010 2644 tom„

1272 2667 1331 2694 pag.
1353 2658 1413 2684 200.

2016 244 2065 272 Ant
2082 244 2111 272 C.
2131 243 2202 272 1599

2049 1424 2118 1444 Annus
2137 1424 2208 1444 conto·
2248 1422 2250 1425 '

2119 1449 2208 1471 lubilaei

2023 1483 2047 1498 ex
2062 1477 2151 1503 antiquo
2165 1476 2208 1497 ritu

2023 1503 2140 1525 institutus.

2022 1451 2087 1471 simun
