2253 3195
1694 245 1757 279 387
1805 253 1987 281 An.c.1597

1047 309 1254 351 indulgentiis
1274 314 1301 342 et
1335 307 1477 346 indultis,
1502 316 1561 350 pro
1582 305 1710 338 illorum
1733 304 1791 337 ob-

30 263 31 266 ’
69 265 117 293 An.
140 260 168 288 c.
187 261 254 288 1597
886 262 1032 286 CLEMENS
1052 262 1109 285 vm
1131 262 1180 285 Pt‘.

68 321 251 343 ‹initorumamui-
266 310 385 343 neralis
409 310 440 343 in
473 311 618 344 Romana
638 312 731 345 Curia
751 311 1022 344 ultramontanae*

98 2226 267 2247 Generaliscmn-

84 2252 174 2274 missarii
184 2258 222 2278 pro
234 2258 268 2273 co·

85 2285 130 2299 rinn
158 2279 268 2299 confirma-

85 2305 141 2326 tione
156 2306 238 2332 petitio.

28 354 29 365 i
67 348 94 369 tis
105 348 163 370 Rom.
174 348 250 369 Pontis.
337 364 342 369 .
361 363 367 368 .
525 364 531 371 .
569 365 574 370 .
664 367 668 371 ,
699 366 704 370 .
970 364 975 369 .

28 374 31 410 ζ
68 375 186 396 concessio.
268 364 407 397 familiae
422 365 576 408 praedicti
594 365 722 399 Ordinis
737 366 775 398 de
790 365 1008 401 Observatum,

268 416 360 449 nobis
380 417 559 460 expositum
589 417 705 457 fuerit,
738 428 774 450 ex
804 417 902 460 ipsius
922 416 1012 448 Sedis

267 469 406 511 benigna
428 469 613 511 dignatione
635 470 819 513 provenire,
843 474 877 501 ut
896 469 1013 501 Roma-

269 533 328 555 nus
349 523 492 555 Pontifex
514 523 707 566 quandoque
727 523 1012 566 praedecessorum

269 586 400 608 suorum
415 576 634 617 Romanorum
648 575 840 608 Pontificum
863 580 949 616 gesta
967 574 1014 605 in-

270 634 379 668 novet,
403 639 439 662 ac
459 628 634 672 apostolica
654 628 844 661 auctoritaie
866 628 1015 660 innovata

271 688 299 715 et
320 687 497 714 restaurata
518 681 640 713 muniat
662 687 693 714 et
706 681 826 719 fulciat,
848 687 878 713 et
899 681 929 713 in
951 680 1015 724 pri-

271 734 388 767 stinum
410 739 526 767 statum
558 741 693 778 reponat
720 745 756 767 ac
785 734 932 770 reducat,
956 744 1015 766 nec

271 797 336 820 non
356 793 527 831 propterea
548 787 695 820 nonnulli
722 787 857 820 Romani
885 786 1017 819 Pontifi-

272 851 323 874 ces
342 841 608 884 praedecessores
628 840 730 873 nostri
760 840 914 884 quasdam
944 850 1016 882 gra-

272 894 341 933 tias,
366 890 601 933 concessiones,
617 893 833 935 indulgentias
854 900 884 926 et
904 903 1018 937 pecca-

274 953 381 981 torum
412 947 617 980 remissiones
634 975 639 986 ,
671 947 890 980 absolutiones
922 947 1016 979 etiam

273 1001 443 1044 plenarias,
464 1000 639 1040 libertates,
663 1000 911 1044 praerogativas,
935 1000 1019 1032 faxo-

273 1065 334 1094 res,
358 1053 595 1093 immunitates,
620 1054 850 1097 exemptiones,
874 1054 1018 1086 declara-

275 1107 389 1146 tiones,
414 1107 590 1146 facultates,
615 1107 779 1150 multaque
803 1107 865 1139 alia
885 1106 1015 1150 privile-

274 1159 326 1202 gia
357 1165 388 1192 et
416 1159 563 1200 indulta,
589 1165 652 1192 tam
679 1159 852 1203 praedictis
871 1160 1018 1192 Fratrum

273 1212 461 1252 Minoribus,
486 1223 583 1256 quam
603 1213 737 1246 Sanctae
757 1213 865 1246 Clarae
883 1223 918 1245 ac
938 1214 1017 1246 Ter-

276 1265 319 1298 tio
340 1265 379 1298 de
398 1265 600 1299 Poenitentia
620 1266 813 1309 nuncupatis
833 1266 1016 1306 Ordinibus,

275 1319 470 1362 illorumque
501 1319 738 1362 superioribus,
763 1319 925 1359 fratribus,
950 1330 1020 1352 mo-

275 1372 412 1406 nialibus
433 1377 461 1405 et
483 1372 661 1410 sororibus,
685 1383 721 1405 ac
741 1373 908 1416 utriusque
929 1384 1021 1406 sexus

275 1425 422 1470 personis
442 1430 475 1458 et
501 1425 715 1463 monasteriis,
737 1425 897 1465 domibus,
922 1427 1022 1460 cccle-

276 1479 330 1512 siis
347 1485 378 1512 et
397 1478 475 1511 Iocis
502 1478 761 1522 quibuscumque
781 1479 941 1512 dictorum
963 1480 1021 1513 Or-

276 1532 388 1565 dinum
410 1543 495 1565 nunc
516 1538 546 1565 et
565 1542 624 1575 pro
644 1538 788 1575 tempore
802 1531 1019 1573 existentibus,

277 1586 309 1618 in
327 1596 443 1628 genere
461 1587 509 1620 vel
531 1586 563 1618 in
577 1585 693 1629 specie,
711 1585 807 1618 etiam
820 1596 879 1629 per
889 1586 1021 1619 modum

277 1639 596 1677 communicationis,
620 1638 684 1671 sive
705 1638 898 1672 extensionis
928 1639 1023 1682 prix-i-

277 1693 437 1735 legiorum
460 1692 530 1725 aliis
551 1692 735 1731 Ordinibus,
768 1702 947 1735 eorumque
968 1693 1024 1725 do-

278 1746 383 1779 mibus
395 1752 425 1779 et
440 1745 592 1783 ecclesiis,
610 1751 641 1778 et
661 1745 829 1788 utriusque
847 1756 939 1778 sexus
953 1756 1025 1789 per-

278 1799 364 1833 sonis
383 1799 539 1833 Ordinum
553 1798 802 1832 Mendicantium
817 1803 846 1831 ct
864 1808 929 1831 non
940 1799 1025 1831 Men-

279 1853 454 1887 dicantium
469 1853 676 1886 existentibus
694 1863 932 1892 concessorum,
950 1863 1025 1885 con-

280 1912 456 1947 cesserunt,
470 1912 525 1939 aut
545 1906 608 1938 iam
626 1915 776 1939 concessa
791 1905 1026 1938 confirmarunt

279 1966 311 1993 et
330 1960 563 2004 approbarunt,
579 1965 675 2003 prout
697 1960 730 1992 in
750 1959 883 2002 singulis
897 1969 1027 1993 conces-

280 2014 444 2055 sionibus,
468 2007 740 2047 declarationibus
772 2019 803 2046 et
831 2013 944 2046 litteris
974 2024 1028 2046 eo-

282 2067 431 2100 rumdem
461 2067 746 2110 praedecessorum
768 2066 923 2110 expeditis
954 2067 1025 2110 ple-

282 2120 354 2153 nius
368 2119 485 2153 dicitur
505 2119 673 2153 contineri.

328 2173 386 2217 §2
404 2174 480 2207 Cum
502 2179 620 2213 autem,
636 2173 719 2206 sicut
738 2173 850 2206 cadem
872 2173 1028 2216 expositio

283 2227 508 2269 subiungebat,
533 2227 586 2259 illa
607 2237 688 2270 quac
707 2226 833 2270 saepius
854 2226 1030 2269 apostolica

284 2281 473 2314 auctoritate
486 2280 652 2324 praedicta
663 2279 786 2312 munita
800 2279 947 2318 existunt,
964 2290 1031 2311 ma-

284 2335 387 2367 iorem
409 2333 577 2367 obtineant
597 2332 724 2365 roboris
745 2332 948 2372 firmitatem,
973 2342 1030 2375 pro

285 2392 375 2430 parte
407 2386 563 2430 praedicti
595 2385 722 2419 loannis
742 2385 900 2428 Baptistae
920 2385 1028 2425 Moles,

285 2440 378 2473 nobis
390 2440 449 2473 fuit
468 2439 636 2472 humiliter
647 2439 873 2482 supplicatum,
890 2443 925 2470 ut
937 2449 1031 2481 prae-

286 2493 379 2527 dictis
409 2493 603 2537 privilegiis,
627 2491 895 2532 immunitatibus,
921 2502 1029 2525 exem-

285 2546 471 2590 ptionibus,
496 2546 718 2582 libertatibus,
749 2545 930 2585 favoribus,
955 2556 1032 2578 con-

286 2599 479 2640 servatoriis,
512 2599 793 2639 declarationibus,
817 2599 1030 2640 facultatibus,

288 2652 591 2697 dispensationibus,
615 2652 735 2695 gratiis,
756 2651 1030 2694 concessionibus,

1047 362 1204 395 serrantia
1242 367 1370 394 nostrae
1412 358 1654 404 approbationis
1691 357 1792 390 robur

1047 415 1206 451 adiicere,
1231 414 1373 457 aliasque
1402 413 1434 446 in
1457 411 1640 456 praemissis
1672 420 1792 454 oppor-

1048 473 1122 500 tune
1143 467 1312 510 providere
1334 467 1372 499 de
1393 465 1590 507 benignitate
1616 463 1793 507 apostolica

1048 521 1265 561 dignaremur.

1093 572 1150 616 gd.
1166 574 1228 605 Nos
1242 573 1349 613 igitur,
1366 572 1420 616 qui
1436 572 1581 605 omnium
1594 570 1686 611 votis,
1702 580 1795 613 prae-

1049 626 1224 669 sertimque
1245 625 1386 664 illorum,
1407 625 1459 668 qui
1479 624 1537 657 sub
1558 623 1645 657 suavi
1666 622 1795 665 religio-

1050 679 1097 711 nis
1118 679 1204 721 iugo,
1237 678 1351 711 divinis
1380 677 1530 710 laudibus
1551 683 1581 709 et
1601 676 1795 709 christianae

1051 731 1216 773 religionis
1237 736 1411 773 augmento
1433 730 1689 763 incumbentium
1721 739 1795 772 per-

1050 795 1203 818 sonarum
1243 783 1466 827 tranquillitati
1505 789 1535 816 et
1575 782 1797 816 commoditati

1052 839 1234 878 consulunt,
1258 838 1397 870 libenter
1417 837 1607 877 annuimus,
1631 847 1733 880 eaque
1754 837 1798 868 fa-

1051 892 1183 925 voribus
1202 892 1433 935 prosequimur
1453 890 1644 934 opportunis
1660 917 1666 930 ,
1689 889 1799 922 huius-

1053 946 1139 979 modi
1154 944 1608 989 supplicationibusinclinati,
1626 954 1800 987 quaecum-

1053 1010 1114 1042 que
1145 998 1322 1042 praemissa
1341 1008 1378 1030 ac
1398 997 1508 1030 omnia
1533 1002 1561 1029 et
1584 996 1711 1038 singula
1738 996 1800 1028 alia

1052 1052 1230 1096 privilegia,
1255 1050 1486 1091 immunitates,
1507 1049 1740 1094 exemptiones,
1764 1049 1801 1081 li—

1053 1106 1202 1145 bertates,
1234 1104 1484 1147 praerogativas,
1509 1104 1644 1143 favores,
1672 1108 1802 1135 conser-

1053 1157 1201 1197 vatorias,
1217 1156 1462 1193 declarationes,
1478 1156 1655 1195 facultates,
1674 1155 1803 1199 dispen-

1054 1212 1203 1251 sationes,
1224 1210 1353 1253 gratias,
1378 1209 1612 1249 concessiones,
1633 1209 1803 1251 indulgen-

1055 1265 1114 1298 tias
1135 1271 1165 1297 et
1186 1264 1310 1297 indulta
1330 1263 1509 1307 spiritualia
1536 1268 1567 1295 et
1596 1262 1799 1306 temporalia,

1055 1319 1152 1351 etiam
1179 1328 1237 1361 per
1268 1317 1402 1350 modum
1434 1315 1740 1349 communicationis
1773 1321 1804 1348 et

1055 1371 1248 1405 extensionis
1269 1370 1352 1403 inter
1371 1380 1415 1411 se,
1440 1375 1470 1403 et
1493 1379 1565 1402 cum
1584 1369 1653 1402 aliis
1674 1368 1802 1402 Ordini-

1055 1427 1115 1459 bus
1134 1424 1388 1458 Mendicantibus
1409 1430 1437 1456 et
1459 1434 1523 1456 non
1535 1422 1800 1463 Mendicantibus,

1057 1480 1199 1513 eiusdem
1219 1479 1366 1511 Fratrum
1378 1478 1536 1511 Minorum
1557 1476 1726 1519 Regularis
1739 1476 1803 1510 Oh-

1056 1532 1235 1566 scrvantiae
1260 1537 1290 1564 ct
1310 1531 1339 1564 S.
1361 1531 1470 1564 Clarae
1491 1536 1521 1563 et
1542 1531 1580 1563 de
1600 1529 1804 1563 Poenitentia

1056 1586 1161 1619 Tertio
1182 1585 1365 1623 Ordinibus,
1387 1584 1484 1616 etiam
1505 1584 1537 1616 in
1548 1583 1804 1625 Congregatione

1057 1639 1115 1672 sub
1136 1639 1233 1671 trium
1264 1643 1412 1670 votorum
1441 1636 1700 1670 substantialium
1729 1646 1804 1679 pro-

1058 1692 1206 1729 fessione,
1224 1697 1255 1724 et
1272 1691 1462 1724 eorumdem
1484 1690 1688 1734 superiorum
1709 1689 1804 1723 Ordi-

1058 1746 1107 1778 nis
1127 1746 1285 1778 Minorum
1303 1744 1471 1786 Regularis
1491 1743 1718 1777 Observantiae
1747 1743 1806 1775 hu-

1058 1798 1198 1831 iusmodi
1220 1797 1404 1831 obedientia
1425 1796 1627 1839 degentibus,
1646 1796 1805 1840 ipsorum-

1059 1863 1121 1896 que
1150 1852 1352 1896 superiorum
1386 1851 1557 1890 fratribus,
1594 1849 1804 1889 monialibus,

1059 1906 1235 1945 sororibus,
1259 1916 1295 1937 ac
1325 1904 1495 1947 utriusque
1515 1914 1607 1936 sexus
1628 1903 1724 1936 etiam
1744 1902 1808 1935 sin-

1060 1959 1225 2001 gularibus
1245 1958 1402 2002 personis,
1426 1968 1484 1991 nec
1504 1967 1570 1990 non
1592 1955 1805 1995 monasteriis,

1061 2012 1222 2052 domibus,
1246 2011 1390 2045 ecclesiis
1407 2016 1439 2044 et
1454 2010 1533 2043 locis
1551 2009 1809 2053 quibuscumque

1062 2066 1093 2098 in
1114 2076 1231 2108 genere
1252 2071 1281 2098 et
1302 2065 1334 2097 in
1363 2064 1490 2108 specie,
1515 2063 1609 2096 etiam
1631 2073 1689 2106 per
1708 2063 1808 2095 solam

1062 2119 1282 2161 signaturam,
1307 2118 1402 2151 etiam
1424 2118 1511 2150 vivae
1537 2117 1623 2150 vocis
1651 2116 1785 2149 oraculo
1799 2143 1807 2155 ‚

1062 2178 1095 2205 ut
1116 2172 1308 2216 praefertur,
1341 2177 1394 2204 aut
1415 2171 1493 2203 alias
1513 2180 1571 2213 per
1591 2170 1721 2202 eosdem
1742 2169 1808 2202 Ro-

1064 2236 1176 2258 manos
1194 2224 1366 2258 Pontifices
1386 2224 1650 2268 praedecessores
1670 2228 1808 2262 nostros,

1064 2289 1100 2311 ac
1120 2288 1178 2311 nos
1199 2283 1229 2310 et
1243 2278 1356 2311 Sedem
1371 2277 1569 2321 praedictam
1584 2276 1642 2309 sub
1657 2286 1813 2319 quacum-

1065 2342 1126 2375 que
1144 2332 1248 2364 forma
1265 2337 1295 2364 et
1316 2330 1521 2374 expressione
1538 2329 1711 2362 verborum
1733 2339 1811 2362 con-

1066 2395 1164 2422 cessa,
1185 2395 1221 2416 ac
1235 2384 1331 2417 ctiam
1351 2383 1471 2416 iteratis
1485 2383 1607 2415 vicibus
1620 2382 1809 2426 approbata,

1065 2448 1124 2470 nec
1145 2447 1209 2470 non
1228 2437 1379 2470 omnibus
1393 2442 1424 2469 et
1442 2436 1576 2477 singulis
1593 2435 1625 2468 in
1646 2435 1691 2468 cis
1706 2436 1813 2468 forsan

1067 2491 1224 2524 contentis
1255 2490 1421 2529 clausulis,
1445 2489 1583 2522 decretis
1612 2495 1641 2522 ct
1672 2489 1813 2522 declara-

1068 2544 1208 2577 tionibus
1237 2543 1510 2587 quibuscumque,
1534 2554 1569 2575 ac
1597 2542 1739 2584 singulas
1759 2543 1814 2575 de-

1067 2609 1163 2642 super
1183 2598 1278 2631 etiam
1297 2593 1444 2641 pluribus
1458 2596 1580 2630 vicibus
1592 2597 1751 2630 confectas
1765 2596 1814 2629 lit-

1068 2657 1169 2693 teras,
1190 2657 1221 2685 ct
1247 2651 1278 2684 in
1300 2650 1344 2685 cis
1365 2656 1515 2685 contenta
1535 2656 1566 2684 et
1585 2650 1659 2684 indc
1679 2655 1815 2695 sequuta

1831 580 1897 601 Huius
1908 580 1993 601 Pontifi-

1809 607 1839 628 cis
1861 607 1995 633 approbatio,

1809 634 1829 654 in
1838 634 1870 654 liis
1879 639 1933 660 quae
1943 633 1995 654 Con-

1810 661 1852 681 cilii
1877 660 1994 681 Tridentini

1811 688 1842 708 vel
1851 687 1946 708 Fratrum
1955 687 1995 707 Ro-

1812 714 1947 734 formatoruin
1960 714 1995 734 de-

1812 741 1875 761 cretis
1897 746 1937 760 non
1959 740 1995 761 ad-

1813 769 1929 787 versantur.
