2253 3195
239 228 289 254 An.
311 226 339 254 c.
357 226 426 254 1595
471 214 537 250 ⁶232

267 498 337 518 Sixtus
346 496 362 516 V
371 496 425 516 alirs

239 525 304 545 libros
319 521 368 544 a‘ttdi
384 524 425 542 iu<-

240 552 274 573 sit..
288 551 325 570 sed
342 556 363 570 re
375 549 424 569 insi*-

241 580 275 597 cta
284 577 344 596 obiit.
355 579 374 595 et
386 578 424 595 iste

240 604 335 624 Pontifex
357 602 424 629 perse-

241 631 277 654 cit,

272 1824 296 1845 Et
312 1823 374 1845 murlo
392 1829 430 1850 ap·

245 1852 327 1877 [arvia-1¹.

439 280 536 319 atque
556 275 596 308 ad
611 272 741 316 regulas
761 271 893 306 adiectis
918 271 1108 308 necessariis
1127 281 1182 304 re-

439 329 517 366 bus,
541 327 704 360 mandarit
729 332 764 359 ut
792 325 940 358 nonnulli
966 325 1020 357 alii
1041 324 1185 358 eiusdem

439 381 566 424 generis
586 380 660 412 libri
680 379 784 412 eidem
806 378 904 411 indici
925 378 1131 412 adderentur.

484 435 499 477 g
520 434 550 466 3.
577 433 694 466 Verum
717 443 790 465 cum
811 432 897 465 idem
924 431 1048 472 Sixtus,
1070 442 1104 464 re
1125 431 1185 463 mi-

440 488 526 521 nime
553 487 717 525 absoluta,
741 485 781 518 ab
811 485 962 518 humanis
992 484 1182 524 excesserit3

441 551 498 573 nos
519 540 699 572 animarum
719 539 826 578 saluti,
847 544 1003 582 quantum
1024 549 1097 571 cum
1117 538 1182 571 Do-

440 593 529 626 mino
550 602 731 636 possumuS,
759 591 973 632 consulentes,
997 592 1085 635 quod
1105 591 1184 624 iam-

439 646 567 690 pridem
587 645 708 678 utiliter
732 650 903 690 coeptum,
916 650 947 678 et
965 655 983 677 a
1002 644 1110 678 multis
1131 644 1186 677 diu

440 699 657 732 desideratum
679 704 758 739 erat,
782 698 844 731 hoc
873 704 1020 741 tempore
1051 697 1185 730 omnino

438 751 684 796 perficiendum,
708 757 804 795 atque
834 751 866 784 in
897 752 1003 785 lucem
1023 751 1184 784 edendum

440 805 598 838 duximus.
622 804 803 838 Venerabili
830 804 927 847 igitur
956 804 1044 837 fratri
1074 809 1185 837 nostro

439 859 544 892 Marco
566 857 706 891 Antonio
737 858 890 902 episcopo
918 857 1126 891 PraeneStino
1146 857 1185 890 de

439 912 605 953 Columna,
629 918 659 945 et
681 912 806 945 dilectis
825 912 900 945 filiis
929 911 1048 945 nostris
1079 913 1186 953 Augu-

439 967 523 1000 stino
543 967 572 1001 S.
588 967 683 1000 Marci
697 967 735 1000 de
747 967 884 1006 Verona,
899 966 1041 1000 Simeoni
1055 966 1085 999 S.
1101 969 1185 998 Ana-

439 1020 555 1054 stasiae
575 1020 615 1053 de
634 1020 826 1059 Terranom,
847 1019 1043 1063 llieronymo
1065 1019 1095 1052 S.
1116 1019 1183 1051 Ma-

442 1075 508 1107 riae
528 1066 624 1118 super
645 1073 816 1107 Minervam
836 1073 1011 1112 Asculano,
1032 1073 1186 1106 Federico

442 1127 473 1161 S.
497 1128 612 1161 Mariae
636 1127 832 1169 Angelorum
856 1127 886 1159 in
906 1126 1052 1160 Thermis
1068 1127 1186 1160 Borro-

442 1191 547 1220 maeo,
575 1181 746 1214 Francisco
773 1180 803 1214 S.
838 1180 955 1213 Mariae
980 1179 1184 1223 Transponti-

442 1245 501 1267 nae
514 1234 635 1273 Toleto,
654 1233 818 1267 titulorum
840 1233 1044 1277 presbyteris,
1061 1242 1186 1265 necnon

443 1287 578 1321 Ascanio
598 1287 628 1321 S.
653 1286 770 1320 Mariae
791 1287 821 1319 in
839 1286 1187 1325 Cosmedin,Columna

443 1340 580 1374 diacono
610 1340 848 1379 cardinalibus,
879 1350 977 1383 super
1002 1339 1186 1371 huiusmodi

443 1392 548 1427 indice
569 1404 626 1436 per
646 1403 703 1426 nos
732 1392 902 1436 deputatis,
926 1392 1060 1435 aliisque
1078 1391 1138 1435 piis
1158 1397 1189 1424 et

444 1446 576 1480 cruditis
597 1446 670 1479 viris
695 1446 726 1478 in
758 1445 927 1479 consilium
958 1445 1130 1485 adhibitis,
1151 1456 1187 1477 ea

443 1500 553 1533 onmia
574 1511 611 1533 ac
635 1500 772 1542 singula,
790 1510 872 1543 quae
893 1510 911 1540 a
931 1499 1017 1532 Sixto
1038 1499 1071 1539 V,
1088 1504 1187 1531 utsu-

443 1564 501 1597 pra
530 1553 688 1593 diximus,
713 1552 856 1585 instituta
882 1558 993 1591 erant,
1018 1552 1189 1595 diligenter

444 1607 656 1641 examinanda
676 1606 908 1645 commisimus,
924 1616 1007 1650 quae
1025 1616 1098 1639 cum
1120 1616 1188 1638 ma-

443 1672 507 1703 gno
527 1661 634 1694 studio
655 1660 730 1700 visa,
754 1671 791 1693 ac
815 1661 878 1694 Deo
900 1660 1033 1699 favente,
1057 1660 1187 1693 demum

444 1715 590 1748 absoluta
613 1715 752 1747 suerunt.

491 1770 506 1809 ξ
528 1767 559 1800 lt.
580 1767 642 1800 Nos
664 1773 726 1800 tam
753 1767 901 1799 eamdem
923 1766 968 1799 Pii
992 1767 1185 1810 praedeces-

446 1821 526 1853 soris
539 1819 814 1858 constitutionem,
831 1826 861 1852 et
877 1819 1027 1857 indicem,
1048 1830 1084 1852 ac
1096 1830 1189 1861 regu—

447 1875 493 1907 las
512 1876 664 1918 (quorum
685 1874 830 1907 omnium
854 1879 980 1906 tenores
998 1873 1108 1906 baberi
1136 1884 1189 1906 ro-

447 1928 554 1960 lumus
574 1938 632 1971 pro
653 1927 834 1971 expressis),
848 1937 944 1970 quam
960 1927 1037 1960 haec
1052 1926 1190 1970 ipsaillis

447 1981 566 2016 addita.
591 1986 686 2024 prout
705 1980 837 2013 inferius
858 1980 1018 2024 descripta
1038 1986 1122 2018 sunt,
1148 1990 1186 2012 o-

448 2034 533 2066 nmia
554 2040 583 2067 et
604 2034 742 2073 singula,
767 2033 958 2066 auctoritate
989 2033 1185 2076 apostolica,

1023 222 1208 247 BULLARIUM
1224 221 1378 247 Romanum

1222 270 1399 304 memoriae
1428 270 1503 304 Pius
1527 270 1553 304 V
1572 270 1726 314 magistro
1750 270 1831 305 sacri
1851 271 1961 316 palatii

1221 324 1375 368 primum,
1386 324 1503 357 deinde
1516 324 1690 367 Gregorius
1700 325 1769 358 Xlll
1781 331 1814 358 et
1825 325 1963 359 SixtusV

1220 377 1439 410 cardinalibus
1479 377 1738 420 congregationis
1778 377 1964 421 praedictae

1220 437 1460 471 concesserunt,
1493 440 1632 475 quorum
1653 436 1783 464 tenores
1802 431 1856 464 hic
1873 431 1964 465 volu-

1221 495 1292 518 mus
1312 484 1424 517 haberi
1444 495 1504 528 pro
1526 484 1694 528 expressis,
1719 483 1960 525 confirmamus,

1220 543 1250 577 et
1270 543 1428 581 quatenus
1448 548 1530 581 opus
1554 543 1611 578 est,
1638 537 1830 571 innovamus
1855 537 1887 569 in
1914 536 1965 570 his
2013 557 2017 561 -

1220 591 1382 632 omnibus,
1406 601 1490 635 quae
1507 591 1624 625 additis
1641 591 1674 623 in
1693 591 1756 624 hoc
1769 590 1875 623 indice
1894 600 1962 623 non

1221 644 1443 677 adversantur.

1265 698 1282 738 ἓ
1307 696 1338 730 5.
1361 697 1581 741 Volumusque
1604 703 1777 741 propterea·
1796 707 1834 730 ac
1850 696 1963 730 decer-

1220 749 1338 790 nimus,
1362 755 1397 783 ut
1416 750 1527 794 siquae
1545 751 1576 783 in
1597 756 1763 794 posterum
1784 749 1961 784 dubitatio-

1220 813 1277 836 nes
1303 809 1358 837 aut
1383 804 1624 837 controversiae
1643 803 1730 837 eirca
1749 803 1854 848 ipsum
1877 803 1963 837 iudi-

1220 867 1290 889 cem
1313 856 1463 901 illiusque
1483 856 1843 900 rogutasyatiaqueittis
1855 856 1965 890 addita

1221 911 1422 951 emerserint,
1446 911 1485 944 ad
1505 911 1790 954 congregationem
1816 910 1966 955 supradi-

1221 969 1347 996 ctorum
1377 965 1609 1004 cardinalium,
1638 975 1695 998 seu
1730 965 1879 1003 aliorum,
1909 963 1964 1008 qui

1221 1028 1279 1062 pro
1299 1024 1445 1062 tempore
1465 1029 1562 1062 super
1586 1018 1692 1051 indice
1705 1017 1891 1051 huiusmodi
1911 1017 1966 1050 de-

1222 1071 1321 1114 putati
1341 1071 1470 1111 suerint,
1498 1071 1690 1112 reserantur,
1707 1077 1787 1104 etex
1807 1070 1966 1104 sententia

1221 1125 1411 1158 eorumdem
1441 1125 1655 1158 cardinalium
1672 1152 1679 1165 ,
1703 1125 1796 1158 nobis
1820 1131 1876 1158 aut.
1894 1135 1966 1158 suc-

1222 1178 1402 1212 cessoribus
1430 1178 1558 1217 nostris,
1586 1178 1611 1211 si
1630 1178 1676 1211 rei
1697 1178 1836 1221 gravitas
1855 1178 1888 1211 id
1908 1189 1963 1222 po-

1222 1233 1396 1273 stulaverit,
1422 1233 1578 1266 consultis
1592 1261 1599 1272 ,
1628 1233 1834 1267 declarentur
1854 1238 1885 1266 et
1908 1232 1965 1266 de-

1223 1286 1381 1326 cidantur;
1405 1297 1544 1330 quorum
1567 1287 1791 1320 auctoritatem
1810 1292 1876 1320 tum
1891 1297 1966 1330 per-

1223 1339 1398 1380 mittendis,
1422 1345 1488 1372 tum
1508 1339 1730 1383 prohibendis,
1751 1339 1966 1383 expurgandis

1223 1397 1253 1425 et
1273 1392 1499 1435 imprimendis
1530 1393 1641 1433 libris,
1670 1393 1805 1437 aliisque
1830 1393 1869 1426 ad
1895 1404 1965 1427 eam

1223 1455 1290 1478 rem
1313 1445 1547 1489 pertinentibus
1570 1446 1768 1490 explicandis
1783 1473 1790 1486 ‚
1817 1446 1967 1480 volumus

1223 1509 1291 1532 esse
1322 1499 1550 1542 praecipuam,
1577 1505 1674 1542 atque
1705 1499 1748 1532 ita
1776 1499 1968 1533 mandamus

1223 1551 1263 1584 ab
1288 1551 1439 1585 omnibus
1462 1552 1700 1586 venerabilibus
1733 1552 1883 1585 fratribus
1902 1562 1963 1586 no-

1223 1605 1297 1638 stris
1317 1605 1524 1649 patriarchis,
1548 1605 1811 1650 archiepiscopis,
1834 1605 1963 1649 episco-

1225 1658 1272 1702 pis
1289 1658 1424 1702 aliisque
1442 1659 1588 1692 locorum
1609 1658 1787 1692 Ordinariis
1800 1664 1831 1692 et
1844 1658 1968 1692 dilectis

1225 1712 1298 1745 tiliis
1319 1712 1574 1756 inquisitoribus,
1602 1712 1874 1753 universitatibus,
1898 1722 1967 1746 ma-

1224 1766 1341 1809 gistris,
1369 1767 1566 1806 doctoribus,
1602 1767 1797 1811 bibliopolis,
1832 1766 1968 1810 impres-

1224 1820 1366 1859 soribus,
1395 1820 1647 1859 mercatoribus,
1675 1819 1859 1863 gabellariis
1889 1830 1965 1853 cae-

1226 1872 1365 1916 terisque
1390 1873 1540 1906 omnibus
1569 1873 1803 1916 cuiuscumque
1831 1872 1989 1915 gradus,·

1225 1925 1359 1963 ordinis,
1384 1931 1437 1959 aut
1458 1925 1631 1967 dignitatis,
1654 1932 1716 1958 tam
1745 1925 1968 1960 ecclesiasticis

1224 1979 1442 2012 saecularibus
1462 1980 1508 2012 vel
1531 1979 1745 2019 regularibus,
1766 1989 1863 2023 quam
1879 1978 1983 2012 laicis

1225 2044 1430 2077 quocumque
1452 2033 1574 2066 honore
1599 2033 1646 2066 vel
1668 2032 1822 2075 dignitate
1841 2031 1968 2076 praedi-

448 2094 558 2121 tenore
572 2087 799 2131 praesentium,
813 2087 1082 2131 appi·obautus,et
1100 2098 1189 2131 prae·
1227 2087 1274 2122 tis,
1299 2086 1526 2119 iuviolabiliter
1546 2086 1720 2119 observari.

447 2142 545 2174 sentis
576 2141 686 2184 scripti
710 2140 891 2184 patim-inin
920 2141 1186 2181 communimus,

447 2199 543 2238 atque
563 2195 603 2227 ab
629 2194 792 2232 omnibus,
818 2200 880 2226 taut
914 2194 1186 2231 universitatibus,
1227 2192 1480 2232 universalibus,
1505 2192 1755 2236 provincialibus
1775 2197 1803 2225 et
1827 2191 1966 2236 synoda-

1270 2141 1286 2181 ξ
1312 2139 1341 2172 ti.
1364 2140 1432 2172 Non
1454 2139 1655 2172 obstantibus
1673 2138 1868 2182 apostolicis,
1885 2138 1965 2173 acin

447 2259 543 2293 quam
564 2248 781 2287 singularibus
799 2248 944 2291 personis
964 2248 1083 2291 ubique.
1104 2248 1191 2280 loro-
1226 2247 1308 2281 libus
1328 2247 1473 2280 conciliis
1490 2246 1594 2287 editis,
1617 2245 1821 2288 generalibus
1831 2246 1878 2279 vel
1896 2256 1968 2290 spe-

449 2314 518 2335 rum
541 2302 770 2339 oxistvniitius,
795 2302 855 2334 sub
875 2301 997 2334 eisdem
1025 2301 1136 2344 poenis
1159 2301 1188 2334 in
1206 2301 1360 2333 :cialibus
1389 2299 1672 2333 constitutionibus
1701 2304 1729 2332 et
1753 2298 1968 2332 ordinationi-

448 2356 531 2387 ‹livta
551 2355 594 2388 Pii
617 2354 846 2387 constitutione
864 2355 1042 2392 ‹toiri-ntis,
1074 2355 1186 2386 obser·
1206 2338 1209 2363 Ι

449 2409 513 2440 vari
537 2408 752 2451 pram-ipimus
774 2414 801 2440 et
826 2408 1026 2440 mandamus
1046 2408 1115 2446 Ouo
1135 2418 1190 2440 att·

450 2468 510 2494 tuin
537 2462 847 2501 taciliusnegotiiun,
866 2468 930 2494 tum
951 2461 1187 2506 prohibitionis.
1207 2473 1209 2502 ,ζ

1227 2355 1295 2392 bus,
1319 2365 1355 2387 ac
1379 2354 1543 2398 quibusvis
1567 2351 1691 2386 statutis
1712 2358 1738 2385 et
1761 2350 1968 2386 cousuetudi-

1227 2408 1330 2443 uibus,
1363 2407 1457 2440 etiam
1489 2406 1690 2445 iuramento,
1720 2405 1968 2438 confirmatione

1225 2460 1412 2504 apostolica,
1431 2459 1476 2492 vel
1495 2459 1605 2502 quavis
1620 2458 1770 2490 firmitate
1791 2457 1852 2491 alia
1874 2457 1968 2491 robo-

451 2522 515 2547 tuiu
537 2515 776 2558 «expurgationis
797 2522 824 2548 et
850 2515 1071 2560 impressionis
1093 2515 1191 2547 libro·
1207 2514 1311 2559 tratis,
1335 2513 1508 2557 privilegiis
1523 2523 1665 2556 quoque,
1684 2510 1815 2545 indultis
1834 2516 1866 2545 ct
1884 2511 1968 2545 titte-

452 2580 521 2602 rum
555 2578 745 2612 peraga'ttr,
774 2580 827 2603 eas
858 2580 970 2602 ornnes
1002 2564 1209 2613 facultatem}

1227 2568 1268 2600 ris
1282 2566 1466 2611 apostolicis
1486 2566 1544 2599 sub
1565 2565 1826 2609 quibuscumque
1849 2562 1968 2598 tenori-

451 2622 615 2668 privilegia
647 2631 676 2656 et
707 2622 849 2662 indulta,
882 2634 964 2667 quae
1000 2621 1284 2664 recoteiidae2bus
1297 2628 1327 2655 et
1344 2622 1447 2655 forma
1460 2620 1489 2654 in
1504 2619 1701 2655 contrarium
1716 2618 1966 2664 praemissorum

1981 2171 2048 2197 reflat.

1975 220 2026 250 An.
2045 221 2074 250 C.
2091 224 2101 251 t
2133 231 2167 267 ³2⁴.-

2014 707 2084 729 ouian
2100 706 2106 711 *
2128 718 2130 720 ψ
2150 699 2152 701 ’

1979 739 2004 755 eo
2026 725 2152 761 emet-flul

1978 761 2081 782 decisioni
2118 772 2144 784 v«,

1979 787 2107 813 grenationis
2114 791 2122 803 ἱ
2129 787 2149 811 ³,

1978 814 2048 846 inittit.
2120 815 2121 819 ¹
