2253 3195
15 247 17 257 =
60 272 109 298 An.
125 270 153 297 C.
178 269 244 297 ¹599

93 807 238 834 Exequutorus

56 834 116 855 liuius
138 835 238 855 eonstitu-

14 868 15 873 *
55 861 116 882 nonis
127 861 223 887 deputat.

65 2555 176 2586 Durugatio
185 2565 233 2580 con>

52 2584 167 2606 [rariorum.

880 269 1025 293 CLEMENS
1043 269 1099 292 Vll!
1119 269 1167 292 ΙΨ.

257 324 286 351 et
307 328 418 350 eorum
439 318 571 351 cuilibet
590 319 700 362 quavis
721 318 813 351 aliter
834 318 995 351 iudicandi

256 377 287 404 et
307 372 539 414 interpretandi
561 372 709 405 facultate
730 377 760 405 et
781 371 991 408 auctoritate⁸

256 425 374 468 ubique
396 425 532 458 iudicari
559 431 589 458 et
610 425 736 458 definiri
758 425 894 463 debere,
919 435 993 456 nee-

255 488 318 510 non
341 478 465 511 irritum
494 484 524 511 et
545 479 638 511 inane
659 478 683 511 si
708 488 799 510 scens
827 488 923 520 super
947 477 995 509 liis

254 542 272 563 a
290 542 464 574 quoquam,
486 531 596 574 quavis
625 531 831 569 auctoritate,
855 530 995 562 scienter

255 585 302 616 rel
330 584 525 626 ignoranter,
551 584 721 625 contigerit
743 583 902 616 attentari.

299 639 315 678 ξ
341 637 388 669 16.
413 637 567 675 Quocirca
589 637 714 669 dilectis
736 636 810 669 siliis
831 642 942 669 nostro
964 642 994 669 et

254 690 455 734 Apostolicao
475 690 565 723 Sedis
585 690 617 722 in
639 690 746 731 regnis
767 690 992 733 Hispaniarum

254 744 383 783 nuncio,
406 754 492 775 nunc
517 748 548 776 et
569 754 627 786 pro
654 748 799 786 tempore
824 743 990 781 existenti,

254 802 285 829 et
305 808 473 830 causarum
494 797 607 830 Curiae
625 797 775 830 Camerae
793 797 994 839 Apostolieae

253 850 396 892 generali
422 850 572 890 auditori,
600 860 727 882 necnon
756 850 898 891 generali
920 850 994 883 Car-

252 903 435 936 melitarum
461 903 748 942 Discalceatorum,
772 914 858 936 nunc
878 909 906 936 et
936 914 994 946 pro

254 962 397 999 tempore
416 956 562 989 existenti
583 967 640 1000 per
661 962 845 1000 praesentes
863 957 995 989 manda-

253 1020 343 1049 mus,
367 1016 525 1053 quatenus
553 1010 632 1053 ipsi,
657 1012 704 1044 vel
726 1011 812 1049 duo,
834 1016 887 1042 aut
913 1021 994 1042 unus

253 1073 365 1095 eorum
387 1074 444 1106 per
464 1074 507 1101 se,
525 1064 572 1096 vel
594 1064 705 1101 alium,
721 1074 777 1096 seu
795 1064 885 1100 alios,
903 1074 995 1106 prae-

253 1121 359 1148 sentes
379 1116 500 1149 litteras
532 1122 562 1148 ct
593 1116 625 1148 in
647 1116 692 1149 eis
723 1122 873 1149 contenta
899 1127 996 1159 quae-

255 1179 413 1211 cumque,
438 1169 492 1201 ubi
514 1174 543 1201 et
567 1170 696 1212 quando
715 1180 795 1212 opus
816 1169 920 1207 suerit,
942 1174 996 1201 aut

255 1221 380 1264 quoties
400 1232 459 1265 pro
473 1227 563 1265 parte
578 1222 712 1255 fratrum
734 1223 994 1255 Rel'ormatorum

252 1275 493 1317 praedictorum
519 1276 658 1318 desuper
678 1275 797 1308 suerint
824 1275 992 1318 requisiti,

251 1328 439 1361 solemniter
462 1329 674 1371 publicantes,
699 1328 825 1372 illisque
844 1329 875 1360 in
896 1339 992 1372 prae-

251 1381 355 1415 missis
373 1382 510 1415 efficacis
536 1382 730 1415 defensionis
759 1382 919 1426 praesidio
940 1392 992 1414 as-

250 1434 411 1475 sistentes,
440 1435 559 1468 saeiant
578 1446 643 1476 eos,
666 1436 855 1469 auctoritate
872 1441 991 1475 nostra,

249 1489 436 1532 praemissis
472 1489 622 1522 omnibus
654 1495 684 1522 et
715 1490 868 1532 singulis,
909 1490 995 1522 iuxta

249 1542 467 1585 praesentium
481 1542 709 1575 continentiam
726 1549 753 1576 et
769 1549 923 1583 tenorem,
941 1554 996 1586 pa-

251 1595 341 1628 cifice
362 1596 423 1628 t'rui
442 1601 471 1629 ot
492 1597 654 1639 gaudere,
676 1608 741 1630 non
773 1597 995 1640 permittentes

250 1659 305 1682 eos
332 1649 469 1693 desuper
492 1661 551 1693 per
579 1650 762 1683 ministrum
789 1651 992 1692 generalem,

250 1702 394 1749 aliosque
422 1703 604 1746 praedictos
633 1704 880 1747 quomodolibet
906 1704 995 1736 inde—

250 1755 316 1788 bite
329 1757 509 1796 molestari;
527 1758 780 1790 contradictores
793 1757 951 1800 quoslibet
965 1763 994 1790 et

250 1808 396 1849 rebelles,
418 1820 454 1842 ac
475 1810 661 1853 praemissis
679 1820 743 1843 non
765 1816 915 1853 parentes
938 1821 996 1854 per

249 1862 441 1902 sententias,
465 1873 617 1896 censuras
641 1869 671 1896 et
699 1873 818 1906 poenas
846 1864 995 1897 ecclesia-

249 1917 359 1957 sticas,
383 1917 510 1961 aliaque
541 1923 724 1961 opportuna
752 1918 830 1951 iuris
862 1924 893 1951 et
921 1918 993 1951 sacti

248 1969 403 2010 remedia,
426 1970 642 2013 appellatione
662 1971 839 2014 postposita
865 1981 994 2014 compe-

249 2023 378 2055 scendo.
402 2016 532 2056 Necnon
554 2023 705 2065 legitimis
731 2034 828 2067 super
856 2024 905 2056 liis
936 2024 993 2056 ba-

248 2075 362 2109 bendis
382 2076 514 2109 servatis
530 2077 751 2120 processibus,
773 2077 844 2110 illos
862 2083 991 2110 senten-

250 2129 319 2169 tias,
338 2140 490 2162 censuras
504 2135 534 2162 et
547 2140 667 2173 poenas
686 2131 867 2173 praedictas
887 2131 994 2163 incur-

250 2183 328 2216 risse
353 2183 568 2222 declarando,
593 2183 727 2226 illasque
754 2184 850 2216 etiam
873 2184 995 2217 iteratis

250 2236 371 2270 vicibus
402 2237 621 2279 aggravando,
650 2236 796 2270 invocato
828 2237 923 2270 etiam
955 2238 994 2270 ad

248 2289 320 2329 hoc,
344 2290 369 2322 si
390 2300 470 2333 opus
494 2290 607 2329 suerit,
631 2290 749 2322 auxilio
776 2290 898 2322 bracliii
919 2301 991 2323 sae-

249 2343 378 2376 cularis.

294 2398 309 2438 g
331 2396 383 2429 117.
408 2397 477 2430 Non
498 2397 699 2430 obstantibus
729 2397 913 2440 praeimssis
928 2425 935 2436 ,
959 2408 995 2430 ac

248 2450 318 2483 aliis
331 2450 527 2493 apostolicis,
542 2461 668 2483 necnon
691 2451 720 2483 in
743 2450 1012 2494 provincialibus

248 2508 278 2537 el
298 2503 504 2548 synodalibus
522 2504 667 2537 conciliis
682 2504 774 2536 editis
792 2504 996 2545 generalibus

248 2557 296 2589 vel
328 2557 522 2600 specialibus
549 2557 831 2590 constitutionibus
851 2562 881 2589 et
902 2557 992 2590 ordi-
1011 2566 1012 2588 i

248 2611 433 2644 nationibus
448 2638 455 2651 ,
477 2622 514 2644 ac
532 2611 628 2644 etiam
650 2611 832 2644 iuramento
848 2638 854 2651 ,
876 2612 994 2644 contir-

250 2665 391 2698 matione
423 2664 623 2709 apostoliea,
648 2670 678 2697 ct
707 2665 817 2708 quavis
843 2665 995 2698 firmitate

1675 255 1738 288 ’533

1032 317 1093 350 alia
1118 316 1278 349 roboratis
1307 315 1432 349 statutis
1463 321 1491 348 ct
1524 313 1769 347 consuetudini-

1031 371 1099 409 bus,
1118 370 1293 413 privilegiis
1307 380 1447 413 quoque,
1466 368 1597 401 indultis
1615 373 1645 400 et
1660 367 1772 399 litteris

1029 423 1227 465 apostolicis,
1257 422 1423 466 praefatis,
1444 422 1491 454 vel
1517 420 1680 464 quibusvis
1703 419 1773 452 aliis

1029 476 1174 519 personis
1195 477 1254 508 sub
1277 476 1535 518 quibuscumque
1557 474 1723 507 tenoribus
1744 479 1773 505 et

1030 529 1155 569 t'oriuis,
1177 540 1213 561 ac
1239 540 1310 561 cum
1333 528 1497 572 quibusvis
1518 527 1613 560 ctiam
1636 527 1772 568 deroga-

1030 582 1184 614 toriarum
1212 582 1434 623 derogatoriis,
1459 582 1592 624 aliisque
1615 580 1772 613 efficacio-

1030 635 1117 667 ribus
1147 641 1178 667 et
1203 635 1337 668 insolitis
1359 635 1532 675 clausulis,
1558 634 1773 667 irritantibus-

1029 698 1090 730 que
1123 693 1153 720 et.
1183 688 1253 720 aliis
1286 689 1440 728 decretis,
1472 688 1502 720 in
1534 699 1651 729 genere
1671 688 1719 720 vel
1741 687 1771 719 in

1029 740 1144 783 specie,
1169 741 1263 773 etiam
1284 747 1372 774 motu
1391 742 1534 785 proprio,
1552 747 1583 774 ct
1596 742 1673 774 alias
1686 752 1769 785 quo-

1030 795 1208 827 modolibet
1229 795 1400 834 concessis,
1424 795 1610 838 approbatis
1631 801 1661 827 et
1681 795 1773 828 inno-

1029 848 1117 881 vatis.
1142 849 1263 887 Quibus
1281 849 1445 888 omnibus,
1470 849 1594 881 etiamsi
1616 859 1674 892 pro
1696 849 1770 881 illo-

1031 913 1100 934 rum
1129 902 1299 935 sufficienti
1330 902 1553 943 derogatione,
1579 903 1617 934 de
1639 902 1700 934 illis
1721 913 1774 934 eo-

1030 966 1167 998 rumque
1186 955 1260 987 totis
1282 955 1458 991 tenoribus=
1483 954 1640 998 specialis,
1665 955 1770 998 speei-

1031 1009 1089 1041 fiea
1105 1036 1111 1047 ,
1130 1019 1278 1052 expressa
1307 1014 1337 1041 et
1368 1008 1549 1048 individua,
1574 1019 1638 1041 non
1665 1014 1772 1041 autem

1031 1072 1087 1104 pei·
1116 1062 1275 1095 clausulas
1295 1063 1459 1103 generales
1487 1062 1571 1094 idem
1597 1062 1774 1105 importan-

1031 1121 1086 1154 tes,
1111 1116 1254 1155 mentio,
1277 1127 1332 1149 seu
1360 1116 1489 1159 quaeris
1520 1116 1581 1148 alia
1613 1116 1774 1159 expressio

1030 1169 1195 1207 habenda,
1217 1175 1271 1201 aut
1290 1169 1398 1212 aliqua
1418 1169 1479 1201 alia
1497 1169 1653 1212 exquisita
1673 1172 1775 1202 forma

1030 1221 1152 1254 adhoc
1182 1223 1338 1255 servanda
1371 1223 1473 1261 soret,
1502 1232 1616 1255 eorum
1647 1228 1775 1255 tenores

1030 1276 1254 1318 praesentibus
1282 1286 1342 1319 pro
1370 1276 1526 1319 expressis
1548 1276 1714 1314 habentes,
1739 1276 1775 1308 il-

1031 1328 1067 1361 lis
1087 1329 1164 1361 alias
1186 1329 1217 1360 in
1238 1339 1295 1361 suo
1318 1329 1435 1361 robore
1461 1328 1695 1372 permansuris,
1716 1329 1776 1361 bac

1030 1381 1097 1415 vice
1119 1383 1284 1415 dumtaxat
1300 1382 1482 1426 specialiter
1503 1388 1533 1415 et
1553 1392 1700 1425 expresse
1721 1383 1776 1415 de-

1030 1446 1181 1478 rogamus
1196 1464 1204 1476 ,
1226 1437 1423 1480 caeterisque
1452 1436 1621 1469 contrariis
1641 1436 1775 1479 quibus-

1030 1500 1179 1533 cumque.
1197 1491 1259 1523 Aut
1279 1490 1303 1522 si
1322 1489 1483 1533 aliquibus
1498 1489 1714 1522 communiter
1727 1489 1775 1522 vel

1030 1542 1155 1576 divisim
1188 1543 1227 1575 ab
1259 1543 1372 1575 eadent
1402 1542 1441 1575 sit
1472 1543 1552 1575 Sede
1587 1542 1771 1582 indultum,

1030 1598 1117 1640 quod
1138 1596 1297 1636 interdici,
1322 1596 1490 1640 suspendi,
1514 1597 1563 1629 vel
1585 1606 1772 1629 excommu-

1030 1650 1130 1683 nicari
1144 1660 1208 1683 non
1222 1650 1346 1693 possint
1364 1660 1422 1693 per
1441 1650 1563 1682 litteras
1584 1650 1775 1693 apostolicas

1030 1714 1094 1736 non
1126 1703 1279 1737 facientes
1304 1704 1433 1746 plenam
1465 1709 1495 1736 et
1522 1714 1703 1747 expressam
1736 1704 1774 1736 de

1030 1758 1156 1791 indulto
1177 1757 1363 1790 huiusmodi
1385 1757 1593 1790 mentionem.

1074 1813 1090 1852 ξ
1112 1810 1164 1843 18.
1188 1811 1367 1849 Caeterum,
1383 1810 1458 1854 quia
1480 1810 1609 1843 difficile
1630 1810 1775 1843 soretea-

1030 1865 1178 1897 rumdem
1200 1863 1420 1907 praesentium
1433 1863 1612 1896 litterarum
1626 1864 1773 1897 notitiam

1029 1918 1067 1950 ad
1080 1927 1301 1960 quascumque
1311 1927 1465 1960 personas
1473 1917 1654 1960 pervenire,
1664 1923 1691 1949 et
1704 1917 1775 1949 ubi-

1029 1981 1090 2014 que
1112 1971 1181 2003 illas
1202 1975 1418 2013 praesentare,
1436 1970 1547 2003 eadem
1570 1970 1771 2009 auctoritate,

1028 2024 1177 2057 volumus
1202 2028 1233 2056 et
1258 2023 1479 2063 decernimus,
1504 2029 1662 2066 quatenus
1689 2029 1775 2055 tran-

1028 2077 1164 2121 sumptis
1184 2077 1372 2110 earumdem
1403 2076 1621 2120 praesentium
1654 2076 1775 2109 littera-

1030 2142 1100 2164 rum
1124 2141 1221 2163 manu
1245 2130 1381 2163 alicuius
1402 2130 1517 2163 notarii
1545 2129 1665 2173 publici
1698 2130 1774 2162 sub-

1029 2184 1176 2228 scriptis,
1205 2189 1235 2216 et
1266 2183 1372 2225 sigillo
1398 2183 1533 2215 alicuius
1560 2193 1716 2226 personae
1743 2183 1775 2215 in

1030 2238 1185 2280 dignitate
1206 2237 1422 2270 ecclesiastica
1443 2237 1636 2270 constitutae
1657 2236 1775 2278 sigilla-

1031 2292 1080 2331 tis,
1104 2292 1216 2324 eadem
1238 2291 1318 2324 fides
1339 2291 1459 2334 ubique
1483 2296 1545 2323 tam
1574 2291 1605 2323 in
1638 2290 1771 2331 iudicio,

1030 2356 1125 2388 quam
1145 2350 1231 2378 extra
1252 2344 1329 2377 illud
1350 2344 1551 2384 adhibeatur,
1576 2354 1658 2387 quae
1684 2354 1776 2387 prae-

1029 2397 1172 2431 sentibus
1205 2397 1414 2430 adhiberetur
1434 2397 1458 2429 si
1482 2398 1586 2430 forent
1614 2397 1773 2430 exhibitae

1029 2451 1077 2483 vel
1103 2456 1260 2483 ostensae.

1074 2504 1187 2536 Datum
1206 2504 1326 2536 Romae
1340 2504 1425 2547 apud
1439 2505 1469 2536 S.
1486 2504 1628 2543 l'etrutn,
1646 2504 1704 2537 sub
1720 2515 1775 2536 au-

1030 2558 1106 2590 nulo
1134 2557 1304 2590 Piscatoris
1319 2584 1326 2596 ,
1348 2557 1398 2589 die
1423 2568 1462 2590 xx
1484 2557 1609 2599 augusti
1630 2568 1770 2599 unxctx,

1031 2611 1237 2655 pontificatus
1258 2610 1359 2643 nostri
1384 2621 1469 2643 anno
1491 2621 1559 2644 vni.

1067 2673 1123 2700 llat.
1140 2672 1182 2699 die
1202 2673 1237 2701 321)
1253 2673 1359 2709 augusti
1377 2674 1453 2705 1599,
1470 2673 1563 2709 pomis.
1585 2681 1629 2701 an.
1643 2681 1701 2700 x'in.

1785 264 1834 290 An.
1851 264 1880 290 C.
1904 264 1972 291 ¹599

1825 1925 1887 1945 Fides
1903 1923 1974 1944 i‘lntitla

1790 1951 1932 1977 transumptis.
