2253 3195
265 240 315 265 Λη.
332 239 361 266 c.
383 239 451 266 1597
496 229 562 262 402

291 820 349 840 Aliae
367 826 447 845 paenae

264 849 338 867 contra
376 850 448 867 vontu-

266 878 342 892 Ιηΐιῐῗῡέ.

464 287 560 319 missa
587 287 691 320 facere
721 285 923 324 distulerint,
946 285 1030 318 ultra
1059 285 1206 328 supradi-

463 345 529 372 ctas
549 349 669 382 poenas
689 338 801 377 sciant,
825 347 884 370 nos
904 347 1017 370 eorum
1038 337 1206 371 cathedra-

463 393 508 425 les
528 392 677 425 ecclesias
696 390 890 434 pontificalis
904 391 1068 433 dignitatis
1082 392 1206 424 honore

463 448 652 491 privaturOS,
669 453 700 480 et
718 447 801 490 ipsas
815 447 886 487 aliis
899 447 1054 487 ecclesiis,
1072 447 1205 480 arbitrio

462 506 572 533 nostro
593 499 748 542 eligendis
769 506 799 532 et
818 500 1044 540 nominandis,
1073 501 1206 533 omnino

461 553 675 592 subiecturos,
688 562 725 585 ae
743 553 783 585 ad
800 552 963 594 graviores
983 553 1061 585 alias
1072 563 1203 596 poenas,

463 611 526 637 tam
547 604 729 648 spirituales
749 615 846 648 quam
869 606 1074 648 temporales,
1095 611 1206 638 eontra

461 668 574 691 eorum
592 658 735 700 singulos
747 658 924 701 respective
945 658 1208 692 irremissibiliter

461 720 681 754 processuros.

507 763 522 806 5
542 763 594 796 21.
615 763 800 803 Praeterea,
821 769 855 796 ut
875 774 956 807 quos
981 764 1058 797 iuris
1082 764 1164 797 ratio
1189 775 1207 797 a

463 816 549 849 malo
569 826 635 849 non
653 821 792 856 revocat,
815 816 925 849 iudicii
946 817 1098 850 severitas
1114 827 1206 850 coer-

464 874 543 909 ceat,
569 869 773 912 supradictos
798 868 956 909 monitos,
985 869 1207 902 exeommuni-

463 927 562 961 eatOS‚
583 927 782 963 aggravatos,
806 928 1042 964 reaggravatos,
1070 922 1204 955 anathe-

465 974 630 1007 matizatos
647 980 678 1007 et
695 974 894 1015 maledictos,
911 975 971 1007 nisi
989 975 1116 1008 saniora
1133 985 1209 1008 con-

464 1026 535 1059 silia
555 1026 766 1070 susceperint,
783 1033 812 1060 et
827 1027 983 1070 quamdiu
998 1028 1030 1059 in
1044 1027 1128 1060 dicta
1142 1038 1209 1060 ma-

465 1078 533 1111 litia
553 1079 810 1122 perduraverint,
827 1079 924 1112 simili
945 1080 1043 1112 modo
1064 1080 1210 1112 decerni-

466 1143 536 1165 mus
551 1159 558 1172 ,
589 1133 725 1166 infames
749 1143 817 1166 esse
833 1160 840 1173 ,
864 1143 923 1167 nee
947 1133 988 1166 ad
1015 1133 1206 1175 dignitates,

466 1185 605 1218 honores
622 1191 654 1219 et
668 1185 774 1219 officia
787 1186 941 1229 aspirare,
956 1191 1010 1218 aut
1021 1186 1206 1226 ascendere,

466 1238 685 1271 testimonium
726 1238 900 1282 perhibere
913 1266 920 1278 ,
955 1243 1145 1272 testamenta
1180 1244 1211 1271 et,

466 1291 632 1324 codicillos
652 1291 803 1328 condere,
819 1291 953 1324 alieuius
973 1292 1209 1325 successionem

467 1354 503 1375 ex
525 1349 726 1383 testamento,
743 1344 791 1377 vel
805 1344 844 1376 ab
859 1344 1007 1377 intestato
1027 1344 1207 1388 acquirere,

467 1396 570 1437 legata
595 1396 642 1428 vel
672 1395 862 1429 donationes
893 1406 1026 1439 capere,
1055 1406 1207 1439 compro-

469 1447 601 1480 missum
623 1447 654 1480 in
674 1458 708 1480 se
727 1448 901 1491 suscipere,
916 1449 955 1481 de
975 1448 1207 1489 instrumentis,

467 1501 491 1533 si
510 1500 626 1533 notarii
648 1501 787 1541 fuerint,
808 1502 931 1544 rogari,
960 1512 1065 1545 neque
1089 1502 1211 1535 eredita

468 1553 507 1585 ab
528 1563 640 1586 eorum
660 1553 860 1587 debitoribus
880 1554 1006 1597 exigere
1026 1555 1093 1587 ullo
1114 1555 1211 1588 modo

469 1616 580 1649 posse,
608 1607 714 1639 nullos
739 1606 784 1640 eis
810 1607 841 1639 in
866 1617 1074 1651 quocumque
1106 1618 1208 1650 nego-

468 1659 518 1691 cio
540 1659 748 1702 respondere,
771 1660 826 1693 sed
847 1659 933 1703 ipsos
953 1660 993 1693 ad
1014 1662 1212 1704 responden-

468 1712 544 1744 dum
567 1711 636 1744 aliis
651 1712 762 1752 teneri,
780 1723 884 1756 neque
905 1723 1016 1746 causas
1037 1714 1076 1746 ad
1097 1724 1210 1747 eorum

467 1764 613 1797 notitiam
643 1765 776 1808 perferri
808 1765 944 1804 debere,
975 1766 1060 1809 ipsos
1086 1777 1144 1800 nee
1172 1767 1211 1799 ad

468 1817 610 1858 regimen
626 1843 633 1856 ,
657 1827 716 1850 nec
747 1817 785 1850 ad
808 1818 961 1850 indicium
987 1819 1128 1858 assumi,
1155 1829 1211 1852 nec

468 1869 564 1902 aliam
591 1869 846 1902 iurisdictiomnn
877 1881 1024 1905 exercere
1047 1883 1158 1915 posse,
1182 1878 1213 1905 ct

467 1922 491 1954 si
517 1922 728 1961 exercuerint,
753 1922 881 1955 illorum
906 1924 1082 1956 sententias
1105 1924 1212 1957 irritas

468 1985 548 2014 csse,
569 1975 740 2018 nullosque
761 1986 929 2018 processus
951 1976 1094 2015 existere,
1112 1977 1220 2009 nerui-⁴

467 2037 540 2059 nem
562 2027 608 2059 cis
630 2027 661 2060 in
681 2038 888 2071 quocumque
918 2028 1036 2061 iudicio
1067 2030 1208 2072 patroci-

468 2079 556 2112 nium
576 2085 751 2122 praestare,
766 2091 825 2113 nce
847 2080 932 2124 ipsos
949 2081 987 2113 ad
1009 2073 1229 2124 patrocinanss

467 2133 543 2164 ‹lum
563 2144 621 2176 pro
641 2133 712 2165 aliis
729 2133 866 2173 admitti,
883 2139 1068 2167 contractus
1083 2134 1112 2166 in
1129 2134 1212 2177 ipso-

468 2196 538 2217 rum
562 2186 700 2218 tax-orem
723 2185 819 2218 initos
840 2185 959 2218 nullius
986 2197 1054 2219 csse
1087 2186 1229 2231 roboris}

469 2238 514 2270 vel
541 2238 718 2276 momenti,
742 2238 831 2271 nullo
853 2238 937 2281 ipsos
963 2239 1143 2272 iuramento
1164 2239 1210 2272 vel

469 2296 562 2332 pac-,to
582 2290 730 2331 obligari,
756 2290 840 2333 ipsos
861 2302 935 2323 vero
960 2292 1111 2324 erunibus
1132 2292 1212 2324 obli-

1049 237 1235 262 BULLARIUM
1251 237 1407 262 ROMANUM

1228 2239 1230 2268 ἰ
1247 2250 1374 2272 tunnam
1387 2239 1571 2276 Ecclesiam,
1586 2240 1766 2282 Sedemque
1780 2244 1810 2271 et
1826 2239 1991 2272 Cameram

468 2343 534 2383 gari
557 2354 660 2386 posse,
681 2349 711 2376 et
731 2354 804 2375 cum
827 2343 911 2376 licite
932 2355 964 2376 st·
985 2344 1211 2385 obligaverint,
1229 2386 1230 2396 η

469 2396 507 2428 :ul
534 2407 570 2428 va
594 2407 676 2438 qliae
702 2396 920 2439 promiserint,
944 2397 1077 2430 omuino
1097 2397 1209 2435 teneri,
1229 2397 1230 2404 ¹

470 2448 552 2479 lilios
579 2459 730 2491 quoque,
763 2454 895 2492 nepotes
927 2456 957 2482 et
983 2440 1231 2482 ιΙικψιειιᾰυιιΙῐῑε1

469 2510 581 2532 ιευιῚιιιι
604 2512 703 2543 usque
729 2502 767 2534 act
796 2507 943 2544 ‹pmrtam
970 2493 1231 2542 geum-ationem*

472 2557 534 2583 tam
556 2553 708 2589 vvctesiis,
734 2554 958 2593 taunasim-iis,
980 2555 1209 2595 dignitatibus,
1230 2583 1231 2590 ,

471 2605 711 2637 eunome-:uibus
728 2612 754 2638 ct
774 2607 977 2650 praebendis,
1002 2607 1135 2650 aliisque
1161 2594 1232 2644 lui-i

1998 240 2048 267 An.
2064 240 2094 268 C.
2113 240 2183 269 1597

1238 285 1361 318 neficiis
1377 285 1598 319 ecelesiasticis
1611 288 1838 328 saecularibus,
1855 294 1886 321 et
1902 299 1982 332 quo-

1240 338 1360 371 rumvis
1372 337 1528 371 Ordinum
1545 340 1759 381 regularibus,
1770 351 1867 384 quam
1885 341 1981 374 etiam

1238 390 1428 430 honoribus,
1451 390 1662 433 dignitatibus
1682 398 1714 425 et
1733 392 1845 426 officiis
1864 404 1979 439 saecu-

1239 443 1370 481 laribus,
1394 443 1419 476 si
1439 454 1523 487 quae
1543 444 1699 484 obtinent,
1720 445 1789 489 ipso
1811 446 1881 480 iure
1911 447 1979 490 pri-

1239 501 1344 536 vatos,
1368 502 1399 528 et
1424 497 1463 529 de
1483 502 1612 530 caetere
1633 498 1672 530 ad
1692 498 1810 539 similia
1832 505 1864 531 et
1884 500 1984 532 eccle-

1239 549 1382 582 siasticos
1405 549 1535 583 ordines
1562 550 1721 583 inhabiles
1752 552 1881 594 penitus
1913 553 1981 585 exi-

1239 606 1334 634 stere.

1284 653 1299 696 g
1317 653 1370 686 22.
1398 654 1568 687 Praeterea
1589 655 1796 689 charissimos
1813 656 1845 689 in
1859 657 1985 690 Christo
2014 667 2185 698 tjrincipeschrt·

1239 705 1324 739 filios
1341 707 1562 739 Romanorum
1576 713 1684 750 regem
1699 708 1857 742 illustrem
1878 709 1910 742 in
1930 709 1987 743 im·
2000 694 2185 755 {322¹'ciyiiffiiiii2

1240 764 1423 802 peratorem
1454 759 1605 799 electum,
1637 766 1669 793 et
1696 761 1775 794 alios
1796 762 1986 796 christianos
2000 748 2186 806 ffiupltfflr‘ssffl

1241 822 1342 854 reges,
1367 812 1462 845 etiam
1480 813 1610 856 speciali
1630 819 1707 847 nota
1726 814 1857 857 dignos,
1873 826 1986 859 respu-
2001 805 2048 855 iiii}
2058 800 2187 855 ‘22³1iffssssn1‘13

1241 865 1352 905 blieas,
1377 865 1577 909 principatus
1608 876 1644 899 ae
1665 866 1799 900 dilectos
1819 868 1902 901 filios
1922 879 1984 902 no·
2001 853 2091 908 {iiimssis
2107 853 2187 898 12⁰1?ssssss

1241 917 1322 951 biles
1343 918 1428 951 viros
1445 918 1553 958 duces,
1577 919 1751 962 principes,
1769 921 1984 963 marchiones,
2001 907 2050 926 ω’

1242 971 1386 1011 comites,
1410 971 1548 1004 barones
1568 977 1600 1005 et
1619 972 1730 1015 quavis
1747 973 1809 1006 alia
1824 975 1989 1007 mundana

1243 1023 1398 1065 dignitate
1418 1028 1449 1056 et
1477 1029 1634 1067 potestate
1654 1025 1835 1068 fungentes,
1859 1026 1891 1059 in
1911 1026 1990 1070 quir

1243 1077 1444 1123 buseumque
1480 1077 1592 1110 mundi
1624 1078 1769 1121 partibus
1800 1079 1985 1120 existentes,

1243 1129 1449 1172 quantumvis
1463 1129 1581 1162 liberos
1594 1136 1625 1163 et
1645 1137 1811 1174 exemptos
1829 1133 1925 1176 (quos
1938 1143 1989 1166 ee-

1244 1181 1440 1215 clesiasticae
1460 1182 1616 1215 libertatis
1647 1183 1789 1217 vindices
1821 1190 1852 1218 et
1872 1185 1990 1218 iurium

1244 1235 1408 1275 ecclesiae,
1443 1235 1633 1279 praesertim
1665 1237 1840 1278 Romanae,
1864 1248 1988 1282 propu-

1244 1295 1394 1331 gnatores
1414 1299 1491 1322 esse·
1509 1289 1614 1332 decet)
1634 1300 1693 1333 per
1723 1290 1843 1324 viscera
1864 1291 1991 1325 Domini

1245 1341 1345 1375 nostri
1366 1342 1436 1374 Iesu
1456 1341 1570 1375 Christi
1592 1348 1725 1385 paterne
1753 1343 1933 1385 hortamur,
1961 1351 1992 1378 et

1245 1395 1277 1427 in
1291 1395 1428 1428 Domino
1448 1405 1630 1435 monemus,
1647 1406 1684 1428 ae
1701 1395 1822 1430 eisdem
1841 1397 1992 1431 omnibus

1245 1453 1276 1479 et
1295 1447 1441 1490 singulis,
1465 1457 1523 1480 nec
1552 1458 1617 1481 non
1643 1449 1931 1484 communitatibus
1955 1460 1992 1483 ac

1245 1499 1520 1541 universitatibus,
1545 1511 1784 1547 quamcumque
1815 1503 1990 1546 potentiam

1246 1559 1277 1586 et
1290 1553 1469 1586 dominium
1485 1553 1720 1596 obtinentibus,
1738 1566 1796 1599 per
1808 1561 1993 1599 praesentes

1246 1605 1444 1647 iniungimus
1464 1612 1494 1639 et
1515 1606 1710 1648 inhibemus,
1737 1619 1778 1642 ne
1799 1618 1871 1641 cum
1892 1618 1989 1652 prae-

1247 1657 1332 1690 dicto
1351 1658 1495 1697 Caesare,
1518 1658 1652 1702 aliisque
1672 1659 1864 1704 supradietis
1881 1660 1989 1693 moni-

1248 1711 1296 1750 tis,
1321 1710 1618 1749 exconununicatis‚
1643 1713 1832 1754 aggravatis,
1844 1723 1993 1756 reaggra-

1248 1764 1336 1802 vatis,
1353 1763 1628 1797 anathematizatis
1641 1770 1672 1798 et
1692 1765 1881 1805 maledictis,
1894 1766 1992 1798 maxi-

1248 1827 1298 1849 me
1318 1817 1357 1849 ad
1380 1816 1620 1859 impediendam
1639 1817 1920 1861 recuperationem
1941 1818 1988 1850 ci-

1247 1869 1350 1902 vitatis
1382 1875 1412 1902 et
1440 1869 1574 1902 ducatus
1595 1870 1830 1911 Ferrariensis,
1859 1871 1992 1914 eiusque

1246 1922 1416 1955 comitatus
1434 1927 1461 1955 et
1485 1922 1658 1962 districtus,
1675 1933 1710 1956 ac
1729 1923 1864 1956 aliarum
1883 1923 1992 1957 civita-

1247 1981 1332 2013 tum,
1356 1980 1526 2011 terrarum,
1562 1981 1751 2015 castrorum,
1784 1976 1989 2020 oppidorum,

1247 2028 1392 2060 locorum
1429 2038 1606 2071 eorumque
1644 2028 1899 2068 territoriorum,
1937 2028 1988 2061 di-

1246 2080 1426 2121 strictuum,
1451 2080 1725 2119 iurisdictionum,
1751 2080 1989 2121 fortalitiorum,

1248 2133 1483 2170 meinbrormn,
1512 2133 1631 2167 iuriam
1658 2139 1689 2166 et
1709 2133 1989 2177 pertinentiarum,

1246 2186 1452 2229 aliorumque
1473 2186 1726 2229 praedictorum,
1747 2187 1787 2219 ad
1805 2195 1863 2219 nos
1881 2191 1911 2219 et
1931 2186 1992 2219 Ro-

1248 2292 1427 2335 praedictas
1453 2292 1690 2328 (levolutorum,
1714 2297 1745 2323 et
1765 2301 1822 2334 per
1841 2291 1991 2324 eumdem

1246 2345 1411 2377 Caesarum
1433 2350 1685 2387 occupatorum,
1715 2343 1828 2386 quovis
1848 2342 1993 2386 quaesito

1247 2397 1367 2435 colore,
1390 2396 1518 2437 ing-vnio
1536 2396 1583 2428 vel
1606 2400 1782 2439 praetextu,
1803 2394 1931 2438 publice
1944 2395 1992 2428 vel

1248 2449 1382 2488 oct-ulte,
1407 2448 1527 2481 directe
1547 2458 1602 2480 seu
1625 2447 1793 2483 indirecte,
1810 2457 1868 2490 per
1887 2457 1920 2479 se
1944 2446 1992 2480 vel

1248 2502 1344 2540 alios,
1369 2501 1498 2534 foedera
1519 2501 1566 2534 vel
1594 2500 1763 2533 societates
1791 2499 1992 2543 pactionesve

1248 2565 1454 2598 ‹pun-utrique
1465 2554 1561 2586 inodo
1577 2553 1695 2589 ineant,
1708 2558 1763 2585 aut
1774 2552 1901 2585 illorum
1918 2562 1993 2595 pro-

1251 2606 1432 2643 tectionem.
1457 2605 1685 2645 defensionem,
1710 2603 1923 2649 patrocinium
1944 2602 1991 2636 vel
