2253 3195
266 179 314 205 An.
331 179 361 206 c.
380 178 448 205 1593
494 169 535 203 88

266 237 395 266 aqum-arum
428 238 449 256 et
464 228 581 261 rissimi
602 228 633 260 in
655 228 778 261 Clu-isto
805 228 859 260 filii
888 228 1008 267 nostri,
1033 234 1108 261 tune
1133 228 1200 267 sui,

265 264 449 342 Ξτὲἕὲιὲξέἔὲῖ
463 281 602 325 Philippi
623 281 846 325 Hispaniarum
869 281 951 323 regis
972 281 1119 314 catholici
1131 292 1205 325 sup·
1223 278 1225 293 ¹

283 1944 415 1964 [nnec-*mnu
427 1943 451 1964 ΙΧ

270 1971 388 1991 ῐιυιαιηιωὶι
403 1975 452 1990 cun-

271 1998 361 2016 firmant
384 2002 450 2016 vtetu-

271 2026 376 2048 pttonem,
392 2029 416 2041 ιιι
432 2029 451 2041 r-

271 2053 321 2069 ham
345 2056 405 2072 ε’(ιιιιρι

271 2080 339 2096 nemu
380 2076 391 2093 l·
403 2081 439 2095 ιηιι
448 2092 452 2098 ,

271 2108 334 2127 ‚nuper
344 2104 420 2127 quibu«
429 2102 453 2121 Ιιι

271 2130 341 2153 ,ιΙιιμυ
377 2129 437 2153 penu·
448 2139 452 2142 —

464 335 690 379 plicatiouibus
705 335 884 370 inclinatus,
910 335 1016 367 omnia
1038 341 1065 368 et
1080 335 1206 377 singula

464 389 700 432 possessiones,
729 388 881 431 praedia,
906 388 1077 429 animalia,
1103 399 1152 421 res
1177 394 1225 421 (Ἰ4

465 441 559 479 bona,
585 441 714 473 mobilia
736 447 764 473 et
787 441 965 474 immobilia
987 452 1022 474 ac
1040 434 1225 475 semema-³

466 494 518 528 tia.
539 504 596 527 nec.
617 504 680 526 non
702 504 826 526 annuos
847 494 991 527 redditus
1021 494 1205 528 monasterii
1223 502 1226 540 ς

464 549 493 581 S.
518 547 676 580 Laurentii
697 548 726 580 el
747 547 825 581 Real
847 548 1022 592 nuncupati
1037 559 1137 592 prope
1151 559 1207 592 op-

464 601 575 644 pidum
588 601 639 633 dec
651 602 814 641 Escurial,
829 602 957 636 Ordinis
969 602 999 636 S.
1008 602 1204 646 Hieronymi,

463 654 521 687 sub
539 654 658 696 Regula
679 655 710 688 S.
732 655 898 697 Augustini
926 656 1044 689 nullius
1074 656 1204 689 dioeee-
1224 664 1225 670 ¹

463 707 514 746 εἰς,
537 708 625 750 regni
646 709 802 744 Toletani.
818 709 857 742 ab
880 708 949 752 ipso
970 709 1207 752 Pliilipporege

464 761 584 793 fundati
606 767 637 794 et
657 762 778 800 dotati,
806 769 879 796 tunc
900 762 1082 807 praesentia
1108 768 1138 795 et
1160 762 1207 795 su-

463 820 543 853 tura,
560 814 624 847 sive
645 814 698 847 illst
719 816 858 859 propriis
879 816 1027 849 manibus
1047 822 1099 849 aut
1121 826 1207 848 sum-

463 867 568 911 ptibus
588 868 652 901 sive
673 879 732 912 per
751 869 830 902 alios
851 869 1097 913 quomodolibet
1116 880 1207 903 exeo-

463 921 616 961 lerentur,
638 921 702 954 sive
720 922 759 954 ab
779 922 879 965 ipsius
901 922 1086 955 monasterii
1101 923 1207 966 priore

463 980 492 1006 et
521 980 678 1007 conventu
708 985 765 1018 pro
786 985 899 1008 eorum
921 986 980 1008 usu
1005 976 1045 1008 ab
1067 975 1137 1008 aliis
1157 987 1208 1008 ar-

464 1028 694 1064 rendarentur.
725 1038 783 1061 nee
809 1038 873 1061 uon
903 1028 1018 1066 silvas,
1053 1028 1204 1069 arbores,

464 1081 572 1119 saltus,
595 1081 738 1125 praedia,
767 1081 863 1114 etiam
885 1082 924 1114 ab
942 1082 1013 1114 aliis
1034 1081 1204 1122 conducta,

464 1145 641 1178 eorumque
670 1135 816 1176 colonos,
840 1141 984 1180 pastores
1015 1135 1209 1178 singulares-

465 1198 526 1231 que
552 1188 638 1221 illius
659 1199 812 1232 personas
833 1200 849 1221 a
875 1189 1035 1222 solutione
1055 1200 1208 1233 quarum-

465 1252 602 1285 cumque
624 1241 844 1279 decimarum,
869 1248 932 1275 tam
954 1243 1089 1275 realium
1111 1254 1208 1287 quam

465 1295 694 1338 personalium,
711 1301 844 1339 quartae
862 1295 1015 1329 dimidiae
1031 1302 1058 1329 et
1073 1296 1210 1330 cuiusvis

465 1349 595 1381 alterius
621 1349 740 1382 fructus
761 1349 859 1393 partis
881 1356 1036 1394 perpetuo
1056 1350 1211 1384 exemerit

466 1408 495 1434 et
507 1402 700 1443 liberaverit,
715 1414 750 1435 as·
764 1403 875 1441 libera,
891 1403 1046 1436 immunia
1060 1409 1088 1436 et
1104 1414 1210 1437 exem-

465 1462 518 1499 pta
540 1456 607 1489 sore
625 1461 655 1488 et
676 1466 754 1496 esse,
779 1466 837 1489 nec
858 1467 876 1489 a
897 1467 1076 1500 quoquam,
1098 1457 1210 1501 quovis

466 1515 631 1553 praetextu
656 1521 711 1543 seu
733 1521 839 1548 eausa,
865 1511 1004 1555 desuper
1022 1511 1206 1551 molestari,

465 1563 646 1606 perturbari
668 1574 723 1597 seu
739 1564 921 1608 inquietari,
936 1571 989 1598 aut
1010 1565 1049 1597 ad
1071 1564 1211 1597 deeima-

466 1628 536 1649 rum
558 1622 587 1650 et
608 1627 742 1650 onerum
766 1617 961 1652 huiusmodi.
984 1624 1046 1651 tam
1076 1618 1210 1651 realium

466 1681 562 1713 quam
584 1671 814 1714 personalium,
842 1671 1035 1704 solutionem
1061 1671 1131 1713 rogi
1153 1682 1211 1704 seu

467 1724 628 1767 compelli,
645 1730 696 1756 aut
711 1724 872 1768 aliquibus
892 1725 1036 1758 censuris
1055 1725 1208 1758 eeclesia-

467 1776 552 1809 stieis
572 1783 743 1820 propterea
771 1777 929 1812 innodari.
956 1778 1043 1810 nullo
1069 1789 1210 1822 unquam

1046 181 1227 204 BULLARHJM
1248 180 1400 205 uomxt'it

470 1837 613 1873 tempore
635 1841 726 1874 posse
748 1831 893 1863 voluerit.

512 1883 577 1925 §⁵2.
603 1885 644 1916 Ae
674 1883 789 1916 deinde
818 1884 886 1927 piae
909 1885 1083 1918 memoriae
1112 1886 1209 1918 lnno-

469 1936 575 1969 centio
594 1936 630 1969 lX
651 1948 707 1980 pro
729 1936 871 1970 eiusdem
903 1938 986 1977 regis
1007 1944 1095 1982 parte
1117 1948 1213 1981 expo-

467 1990 538 2027 sito,
556 1990 595 2022 ab
614 1990 774 2034 aliquibus
795 1991 833 2023 (le
856 1991 1016 2024 validitate
1037 1991 1213 2035 exemptio-

419 2056 451 2068 ων
469 2044 516 2076 nis
535 2043 718 2076 huiusmodi
741 2044 878 2076 dubitari
902 2055 1005 2088 posse,
1023 2055 1060 2078 eo
1081 2046 1167 2088 quod
1182 2045 1211 2078 in

469 2097 588 2130 eisdem
609 2097 720 2130 litteris
735 2098 821 2131 nulla
840 2098 878 2131 do·
900 2098 1008 2131 litibus
1030 2099 1112 2131 intm'
1130 2099 1214 2143 ipsos

471 2151 623 2195 priorem,
648 2152 878 2185 monasterium
901 2158 927 2184 vt
959 2159 1151 2185 roureutum
1177 2165 1212 2185 vx

472 2216 543 2243 una,
568 2211 595 2236 vt
619 2216 840 2248 quoscumque
869 2205 947 2237 alios
968 2217 1063 2249 supet·
1081 2206 1215 2238 dix-ersis

471 2258 539 2291 aliis
571 2270 682 2291 vorum
716 2259 972 2303 exemptionibus
1001 2259 1214 2303 pendentibus

472 2312 590 2344 uteutio
625 2315 703 2345 tarta
739 2313 856 2346 suisset.
881 2315 984 2352 Quart·
1012 2313 1095 2345 idem
1123 2306 1234 2367 luno-2

471 2365 615 2403 sentius,
640 2366 782 2398 eiusdem
813 2366 896 2406 retiis
926 2366 1233 2410 supplicationibus=

471 2418 651 2455 iurlmatus.
669 2430 704 2450 a«-
724 2420 902 2452 litto-rarum
917 2418 1154 2462 praa-dictarum
1171 2425 1233 2452 teu

472 2482 582 2503 uorem
600 2484 656 2515 pro
672 2484 820 2516 rxprvsso
840 2473 971 2510 batn-ns,
990 2473 1109 2506 litteras
1124 2484 1214 2517 prae-

470 2525 586 2563 stit-tas,
610 2537 682 2557 cum
709 2527 858 2558 omuibus
891 2533 919 2559 et
950 2527 1084 2567 singulis
1112 2526 1141 2559 in
1169 2526 1214 2559 eis

470 2579 627 2610 enutritus
656 2579 805 2611 vluit-ulis
831 2586 858 2610 vt
1080 2555 1233 2622 perinde!

893 2579 1047 2615 «torretis,

1239 229 1343 262 valere
1361 229 1470 269 voluit,
1495 229 1686 273 firmamque
1698 229 1830 263 'roboris
1852 230 1985 263 firmita-

1239 287 1308 314 tem
1325 282 1471 316 obtinere
1497 283 1528 315 in
1554 283 1704 316 omnibus
1725 289 1755 316 et
1776 294 1834 327 per
1861 284 1982 324 omnia,

1241 400 1349 422 coram
1378 390 1637 433 quibuscumque
1669 389 1840 429 iudicibus,
1865 396 1929 423 tam
1955 391 1986 422 in

1241 442 1384 475 Romana
1398 443 1491 476 Curia
1512 449 1540 476 et
1561 443 1658 476 Sacro
1673 443 1772 475 Rotae
1786 449 1914 477 nostrae
1925 445 1988 476 Au-

1242 496 1360 529 ditorio
1399 508 1495 540 quam
1537 503 1625 530 extra
1666 507 1736 530 eam
1775 497 1989 540 pendentibus

1241 550 1399 594 specialis,
1414 551 1574 594 specifica⁷
1597 561 1745 594 expressa
1765 562 1800 583 ac
1823 550 1988 584 individua

1243 604 1363 636 mentio
1385 605 1465 637 saeta
1480 604 1600 642 fuisset,
1615 615 1753 648 quarum
1769 604 1873 638 litium
1888 610 1989 637 status

1241 663 1271 690 et
1293 657 1425 697 merita,
1449 657 1646 702 nominaque
1667 664 1696 692 et
1718 658 1913 701 cognomina
1935 658 1985 691 iu-

1242 710 1348 743 dicum
1363 716 1391 744 et
1405 711 1665 754 colliti‘gantium,
1682 723 1861 756 eorumque
1874 712 1945 745 iura
1958 717 1988 745 et

1243 763 1350 796 titulos
1364 774 1422 807 pro
1436 764 1593 807 expressis
1607 764 1726 797 habere
1739 765 1850 803 voluit,
1864 765 1989 798 omnia-

1241 828 1303 861 que
1325 823 1353 850 et
1375 817 1501 860 singula
1523 818 1553 850 in
1575 818 1695 851 eisdem
1713 818 1827 852 litteris
1839 824 1989 852 contenta

1241 871 1361 904 eisdem
1383 871 1483 915 priori
1505 877 1536 904 et
1553 871 1723 905 conventui
1745 872 1784 905 de
1805 882 1888 905 novo
1913 882 1990 905 oon-

1242 923 1333 957 cessit
1362 930 1390 957 et
1422 923 1571 962 indulsit,
1595 925 1793 969 eosdemque
1819 936 1856 958 ac
1876 935 1989 958 eorum

1243 988 1293 1010 res
1313 982 1343 1010 et
1363 978 1458 1014 bona,
1476 988 1535 1011 nee
1548 988 1613 1011 non
1634 988 1788 1022 personas
1808 978 1839 1011 in
1867 978 1988 1012 eisdem

1243 1029 1355 1063 litteris
1376 1037 1543 1064 contentas
1568 1037 1595 1063 et
1623 1031 1875 1075 comprehensas
1895 1031 1935 1064 ab
1955 1042 1990 1064 o-

1243 1083 1371 1116 mnibus
1391 1089 1421 1116 et
1440 1083 1576 1126 singulis
1597 1084 1732 1117 decimis
1752 1084 1888 1128 aliisque
1908 1094 1988 1117 one-

1242 1137 1331 1170 ribus
1351 1137 1382 1170 in
1403 1137 1523 1170 eisdem
1546 1137 1660 1171 litteris
1678 1137 1845 1182 expressis,
1862 1143 1990 1182 aposto-

1243 1189 1303 1222 lica
1323 1190 1524 1232 auctoritate,
1547 1197 1704 1234 perpetuo
1726 1191 1883 1232 liberavit,
1897 1191 1988 1224 acli-

1243 1245 1338 1278 beros
1358 1251 1387 1278 et
1409 1245 1520 1283 libera,
1537 1255 1573 1277 ae
1585 1244 1712 1288 penitus
1733 1250 1900 1288 exemptos
1920 1244 1989 1278 sore

1244 1305 1273 1332 et
1291 1309 1360 1332 esse
1378 1297 1622 1342 pronunciavit;
1646 1309 1705 1332 nee
1718 1308 1783 1331 non
1796 1304 1871 1332 tunc
1888 1303 1919 1332 et
1930 1308 1991 1342 pro

1245 1357 1390 1395 tempore
1411 1351 1580 1385 existentes
1601 1351 1677 1385 dieti
1700 1351 1886 1385 monasterii
1900 1351 1989 1396 prio-

1244 1416 1311 1439 rem
1324 1412 1353 1438 et
1365 1411 1558 1439 conventum
1572 1405 1715 1449 aliasque
1729 1416 1882 1449 personas
1894 1416 1990 1449 prae-

1245 1459 1345 1493 dictas
1365 1470 1422 1503 per
1443 1460 1586 1492 locorum
1605 1458 1793 1492 Ordinarios
1813 1469 1868 1492 seu
1888 1469 1988 1503 quos·
2005 1476 2008 1480 ·

1246 1524 1384 1556 eumque
1406 1513 1486 1547 alios
1503 1513 1616 1557 quovis
1634 1518 1801 1556 praetextu
1821 1523 1878 1546 seu
1897 1523 1994 1546 causa

1246 1566 1385 1610 desuper
1399 1565 1575 1605 molestari,
1589 1565 1772 1609 perturbari
1793 1576 1848 1599 seu
1866 1565 1993 1610 inquie-

1248 1619 1318 1657 tari,
1342 1625 1394 1652 aut
1417 1620 1456 1652 ad
1478 1619 1676 1652 deeimarum
1706 1625 1734 1652 et
1765 1629 1902 1653 onerum
1928 1619 1990 1653 hu-

1247 1673 1384 1706 iusmodi
1399 1673 1593 1707 solutionem
1606 1673 1677 1716 cogi
1690 1684 1746 1706 seu
1758 1673 1920 1718 compelli,
1940 1679 1994 1707 aut

1247 1727 1409 1770 aliquibus
1427 1726 1570 1760 censuris
1583 1726 1808 1760 ecelesiasticis
1821 1719 1994 1771 propterea

1249 1780 1398 1813 innodari
1427 1780 1516 1813 nullo
1547 1790 1690 1823 unquam
1724 1785 1869 1824 tempore
1900 1790 1994 1824 posse

1248 1833 1368 1872 voluit;
1396 1833 1505 1877 sieque
1538 1843 1594 1876 per
1625 1843 1848 1877 quoscumque
1869 1832 1992 1867 iudices

1247 1892 1276 1920 et
1297 1885 1548 1926 commissarios,
1569 1886 1681 1930 quavis
1701 1886 1892 1920 auctoritate
1913 1886 1988 1919 sun-

1247 1946 1369 1982 gentes,
1384 1939 1479 1973 etiam
1500 1950 1669 1973 causarum
1692 1939 1801 1983 palatii
1823 1938 1993 1983 apostolici

1247 1993 1410 2027 auditores
1430 2004 1466 2026 ac
1486 1993 1515 2025 S.
1541 1993 1575 2026 R.
1601 1993 1633 2025 E.
1659 1992 1849 2032 cardinales,
1864 1992 1895 2025 in
1915 2002 1994 2036 qua-

1249 2047 1293 2079 vis
1313 2057 1407 2080 eausa
1432 2052 1463 2079 et
1488 2046 1647 2086 instantia,
1672 2046 1796 2079 sublata
1821 2045 1866 2079 eis
1887 2051 1918 2078 et
1941 2055 1995 2078 eo-

1248 2111 1319 2133 rum
1353 2099 1482 2133 cuilibet
1514 2099 1624 2143 quavis
1653 2099 1746 2132 aliter
1778 2098 1940 2132 iudicandi
1965 2103 1996 2131 et

1250 2153 1482 2197 int‹.·rpretaudi
1506 2153 1653 2186 facultate
1675 2159 1702 2185 et
1725 2151 1924 2192 auctoritate,
1949 2151 1996 2184 iu-

1249 2206 1348 2239 ‹lieari
1362 2212 1389 2239 et
1405 2206 1530 2239 deliniri
1550 2206 1688 2241 debere:
1712 2216 1749 2238 ac
1769 2203 1928 2248 quidquid
1946 2214 1994 2238 se-

1249 2270 1304 2291 rus
1321 2270 1419 2303 super
1439 2259 1487 2293 bis¹
1507 2270 1523 2291 a
1545 2269 1724 2302 quoquam,
1749 2257 1861 2302 quavis
1885 2263 1995 2291 aucto-

1249 2312 1357 2351 ritate,
1382 2312 1520 2345 scio-uter
1545 2312 1590 2344 vel
1619 2311 1822 2354 ignoranter,
1846 2310 1992 2353 eontige-

1250 2370 1294 2397 ret
1316 2365 1484 2403 attentari,
1510 2364 1634 2398 irritum
1661 2369 1690 2396 et
1717 2363 1811 2397 inane
1837 2362 1990 2407 decrevit,

1248 2418 1372 2452 etiamsi
1391 2429 1489 2462 super
1504 2417 1564 2450 illis
1582 2417 1652 2450 lites
1671 2416 1753 2449 ints-r
1772 2417 1898 2461 aliquos
1918 2426 1995 2461 pen-

1248 2473 1356 2504 ‹lereut
1382 2471 1552 2507 indecisae,
1573 2481 1708 2514 quarum
1731 2476 1848 2504 statum
1870 2475 1901 2504 et.
1921 2480 1991 2504 tne-

1248 2524 1318 2563 rita,
1333 2535 1369 2557 ac
1390 2523 1522 2557 uomina
1541 2530 1571 2556 et
1592 2523 1787 2566 cognomina
1805 2523 1948 2557 iudicum
1962 2528 1993 2557 et.

1247 2577 1468 2617 colligantium
1491 2577 1600 2610 baberi
1623 2578 1718 2610 voluit
1742 2588 1800 2620 pro
1822 2577 1990 2620 expressis.

2001 180 2049 207 An.
2067 180 2096 207 C.
2116 181 2189 223 &¹25¹
2238 191 2239 214 ξ

2051 294 2172 321 opportuna
2184 297 2189 312 ³

1240 345 1277 368 ac
1293 335 1317 368 si
1340 336 1379 368 de
1401 336 1552 368 omuibus
1565 342 1592 368 et
1609 335 1866 380 quibuscumque
1879 336 1987 370 litibus
2001 321 2082 369 3122?
2090 321 2160 343 ‘mh‘
2182 331 2188 337 ”
