<?xml version="1.0" encoding="UTF-8"?>
<!DOCTYPE html PUBLIC "-//W3C//DTD XHTML 1.0 Transitional//EN"
    "http://www.w3.org/TR/xhtml1/DTD/xhtml1-transitional.dtd">
<html xmlns="http://www.w3.org/1999/xhtml" xml:lang="en" lang="en">
 <head>
  <title>
</title>
<meta http-equiv="Content-Type" content="text/html;charset=utf-8" />
  <meta name='ocr-system' content='tesseract 3.04.00' />
  <meta name='ocr-capabilities' content='ocr_page ocr_carea ocr_par ocr_line ocrx_word'/>
</head>
<body>
  <div class='ocr_page' id='page_1' title='image "./bullarumdiplomat10cath_0240.png"; bbox 0 0 2253 3195; ppageno 0'>
   <div class='ocr_carea' id='block_1_1' title="bbox 932 207 1337 250">
    <p class='ocr_par' dir='ltr' id='par_1_1' title="bbox 932 207 1337 250">
     <span class='ocr_line' id='line_1_1' title="bbox 932 207 1337 250; baseline -0.002 0"><span class='ocrx_word' id='word_1_1' title='bbox 932 207 934 209; x_wconf 42' lang='grc'><strong><em>’</em></strong></span> <span class='ocrx_word' id='word_1_2' title='bbox 981 225 1164 250; x_wconf 66' lang='lat' dir='ltr'>nontamen</span> <span class='ocrx_word' id='word_1_3' title='bbox 1183 225 1337 249; x_wconf 68' lang='lat' dir='ltr'>ammaon</span> 
     </span>
    </p>
   </div>
   <div class='ocr_carea' id='block_1_2' title="bbox 405 273 1961 638">
    <p class='ocr_par' dir='ltr' id='par_1_2' title="bbox 1162 273 1928 319">
     <span class='ocr_line' id='line_1_2' title="bbox 1162 273 1928 319; baseline 0.005 -14"><span class='ocrx_word' id='word_1_4' title='bbox 1162 273 1290 314; x_wconf 71' lang='lat' dir='ltr'>{rarum</span> <span class='ocrx_word' id='word_1_5' title='bbox 1310 273 1551 317; x_wconf 87' lang='lat' dir='ltr'>praedictarum</span> <span class='ocrx_word' id='word_1_6' title='bbox 1579 279 1727 315; x_wconf 80' lang='lat' dir='ltr'><strong>tenores,</strong></span> <span class='ocrx_word' id='word_1_7' title='bbox 1750 275 1928 319; x_wconf 87' lang='lat' dir='ltr'>praesenti-</span> 
     </span>
    </p>

    <p class='ocr_par' dir='ltr' id='par_1_3' title="bbox 880 318 1927 378">
     <span class='ocr_line' id='line_1_3' title="bbox 880 318 1927 373; baseline 0.005 -16"><span class='ocrx_word' id='word_1_8' title='bbox 880 365 886 370; x_wconf 43' lang='lat'>·</span> <span class='ocrx_word' id='word_1_9' title='bbox 1163 318 1165 366; x_wconf 72' lang='lat' dir='ltr'>i</span> <span class='ocrx_word' id='word_1_10' title='bbox 1181 326 1241 359; x_wconf 91' lang='lat' dir='ltr'>bus</span> <span class='ocrx_word' id='word_1_11' title='bbox 1257 337 1316 370; x_wconf 90' lang='lat' dir='ltr'>pro</span> <span class='ocrx_word' id='word_1_12' title='bbox 1334 326 1491 372; x_wconf 81' lang='lat' dir='ltr'>expressis</span> <span class='ocrx_word' id='word_1_13' title='bbox 1510 326 1678 368; x_wconf 85' lang='lat' dir='ltr'>habentes,</span> <span class='ocrx_word' id='word_1_14' title='bbox 1690 338 1811 372; x_wconf 84' lang='lat' dir='ltr'>vosque</span> <span class='ocrx_word' id='word_1_15' title='bbox 1824 339 1842 362; x_wconf 89' lang='lat' dir='ltr'>a</span> <span class='ocrx_word' id='word_1_16' title='bbox 1855 328 1927 373; x_wconf 85' lang='lat' dir='ltr'>qui-</span> 
     </span>
    </p>

    <p class='ocr_par' dir='ltr' id='par_1_4' title="bbox 407 377 1928 486">
     <span class='ocr_line' id='line_1_4' title="bbox 407 377 1928 425; baseline 0.001 -12"><span class='ocrx_word' id='word_1_17' title='bbox 407 379 618 423; x_wconf 81' lang='lat' dir='ltr'>Confirmatio</span> <span class='ocrx_word' id='word_1_18' title='bbox 638 378 875 412; x_wconf 75' lang='lat' dir='ltr'>nomzullorwn</span> <span class='ocrx_word' id='word_1_19' title='bbox 897 377 1288 425; x_wconf 58' lang='lat' dir='ltr'>prii-v&#39;leqioruwbusvis</span> <span class='ocrx_word' id='word_1_20' title='bbox 1318 380 1681 421; x_wconf 77' lang='lat' dir='ltr'>excommunicationis,</span> <span class='ocrx_word' id='word_1_21' title='bbox 1709 381 1928 425; x_wconf 80' lang='lat' dir='ltr'>suspensionis</span> 
     </span>
     <span class='ocr_line' id='line_1_5' title="bbox 449 427 1928 486; baseline 0.006 -27"><span class='ocrx_word' id='word_1_22' title='bbox 449 453 536 475; x_wconf 65' lang='lat' dir='ltr'><strong><em>nunc</em></strong></span> <span class='ocrx_word' id='word_1_23' title='bbox 555 446 584 475; x_wconf 56' lang='lat' dir='ltr'>et</span> <span class='ocrx_word' id='word_1_24' title='bbox 600 452 660 485; x_wconf 60' lang='lat' dir='ltr'>pro</span> <span class='ocrx_word' id='word_1_25' title='bbox 685 446 824 485; x_wconf 54' lang='lat' dir='ltr'>tempore</span> <span class='ocrx_word' id='word_1_26' title='bbox 849 441 1060 486; x_wconf 55' lang='lat' dir='ltr'>¹existentimn</span> <span class='ocrx_word' id='word_1_27' title='bbox 1089 441 1145 473; x_wconf 65' lang='grc' dir='ltr'>ῖη-</span> <span class='ocrx_word' id='word_1_28' title='bbox 1163 428 1166 485; x_wconf 54' lang='lat' dir='ltr'>i</span> <span class='ocrx_word' id='word_1_29' title='bbox 1183 438 1212 466; x_wconf 89' lang='lat' dir='ltr'>et</span> <span class='ocrx_word' id='word_1_30' title='bbox 1245 433 1430 474; x_wconf 89' lang='lat' dir='ltr'>interdicti,</span> <span class='ocrx_word' id='word_1_31' title='bbox 1454 433 1590 478; x_wconf 87' lang='lat' dir='ltr'>aliisque</span> <span class='ocrx_word' id='word_1_32' title='bbox 1615 427 1841 471; x_wconf 77' lang='lat' dir='ltr'>ecclesiasticis</span> <span class='ocrx_word' id='word_1_33' title='bbox 1857 445 1928 468; x_wconf 90' lang='lat' dir='ltr'>sen-</span> 
     </span>
    </p>

    <p class='ocr_par' dir='ltr' id='par_1_5' title="bbox 1164 487 1961 532">
     <span class='ocr_line' id='line_1_6' title="bbox 1164 487 1961 532; baseline 0.003 -13"><span class='ocrx_word' id='word_1_34' title='bbox 1164 493 1166 529; x_wconf 65' lang='grc' dir='ltr'>Ῑ,</span> <span class='ocrx_word' id='word_1_35' title='bbox 1184 487 1307 528; x_wconf 91' lang='lat' dir='ltr'>tentiis,</span> <span class='ocrx_word' id='word_1_36' title='bbox 1332 488 1476 521; x_wconf 69' lang='lat' dir='ltr'>cfflsuris</span> <span class='ocrx_word' id='word_1_37' title='bbox 1497 493 1528 521; x_wconf 88' lang='lat' dir='ltr'>et</span> <span class='ocrx_word' id='word_1_38' title='bbox 1556 487 1669 532; x_wconf 90' lang='lat' dir='ltr'>poenis</span> <span class='ocrx_word' id='word_1_39' title='bbox 1689 498 1708 521; x_wconf 85' lang='lat' dir='ltr'>a</span> <span class='ocrx_word' id='word_1_40' title='bbox 1726 487 1796 521; x_wconf 91' lang='lat' dir='ltr'>iure</span> <span class='ocrx_word' id='word_1_41' title='bbox 1816 488 1865 521; x_wconf 88' lang='lat' dir='ltr'>vel</span> <span class='ocrx_word' id='word_1_42' title='bbox 1887 488 1928 521; x_wconf 86' lang='lat' dir='ltr'>ab</span> <span class='ocrx_word' id='word_1_43' title='bbox 1955 509 1961 514; x_wconf 93' lang='lat'><em>-</em></span> 
     </span>
    </p>

    <p class='ocr_par' dir='ltr' id='par_1_6' title="bbox 1164 535 1926 584">
     <span class='ocr_line' id='line_1_7' title="bbox 1183 540 1926 584; baseline 0.001 -10.975"><span class='ocrx_word' id='word_1_44' title='bbox 1183 540 1326 581; x_wconf 89' lang='lat' dir='ltr'>homine,</span> <span class='ocrx_word' id='word_1_45' title='bbox 1344 540 1454 584; x_wconf 84' lang='lat' dir='ltr'>quavis</span> <span class='ocrx_word' id='word_1_46' title='bbox 1474 541 1643 574; x_wconf 80' lang='lat' dir='ltr'>occasione</span> <span class='ocrx_word' id='word_1_47' title='bbox 1659 541 1709 574; x_wconf 82' lang='lat' dir='ltr'>vel</span> <span class='ocrx_word' id='word_1_48' title='bbox 1728 551 1824 574; x_wconf 86' lang='lat' dir='ltr'>causa</span> <span class='ocrx_word' id='word_1_49' title='bbox 1842 541 1926 582; x_wconf 87' lang='lat' dir='ltr'>latis,</span> 
     </span>
    </p>

    <p class='ocr_par' dir='ltr' id='par_1_7' title="bbox 405 588 1926 638">
     <span class='ocr_line' id='line_1_8' title="bbox 405 588 1926 638; baseline 0.001 -16"><span class='ocrx_word' id='word_1_50' title='bbox 405 595 528 623; x_wconf 77' lang='lat' dir='ltr'>Dilectis</span> <span class='ocrx_word' id='word_1_51' title='bbox 542 593 613 621; x_wconf 87' lang='lat' dir='ltr'>filiis</span> <span class='ocrx_word' id='word_1_52' title='bbox 627 593 800 627; x_wconf 83' lang='lat' dir='ltr'>inquisitori</span> <span class='ocrx_word' id='word_1_53' title='bbox 815 593 948 629; x_wconf 67' lang='lat' dir='ltr'>generali</span> <span class='ocrx_word' id='word_1_54' title='bbox 959 593 1149 627; x_wconf 76' lang='lat' dir='ltr'>caeterisque</span> <span class='ocrx_word' id='word_1_55' title='bbox 1164 588 1167 619; x_wconf 73' lang='lat' dir='ltr'>l</span> <span class='ocrx_word' id='word_1_56' title='bbox 1183 593 1207 626; x_wconf 76' lang='lat' dir='ltr'>si</span> <span class='ocrx_word' id='word_1_57' title='bbox 1230 593 1347 637; x_wconf 77' lang='lat' dir='ltr'>quihus</span> <span class='ocrx_word' id='word_1_58' title='bbox 1360 593 1606 638; x_wconf 78' lang='lat' dir='ltr'>quomodolibet</span> <span class='ocrx_word' id='word_1_59' title='bbox 1618 593 1765 627; x_wconf 84' lang='lat' dir='ltr'>innodati</span> <span class='ocrx_word' id='word_1_60' title='bbox 1784 593 1926 635; x_wconf 77' lang='lat' dir='ltr'>existitis,</span> 
     </span>
    </p>
   </div>
   <div class='ocr_carea' id='block_1_3' title="bbox 441 637 1928 691">
    <p class='ocr_par' dir='ltr' id='par_1_8' title="bbox 441 637 1928 691">
     <span class='ocr_line' id='line_1_9' title="bbox 441 637 1928 691; baseline -0.001 -24"><span class='ocrx_word' id='word_1_61' title='bbox 441 639 532 667; x_wconf 82' lang='lat' dir='ltr'>officii</span> <span class='ocrx_word' id='word_1_62' title='bbox 556 639 763 673; x_wconf 85' lang='lat' dir='ltr'>inquisitionis</span> <span class='ocrx_word' id='word_1_63' title='bbox 791 638 966 666; x_wconf 81' lang='lat' dir='ltr'>haereticae</span> <span class='ocrx_word' id='word_1_64' title='bbox 986 637 1167 672; x_wconf 83' lang='lat' dir='ltr'>pravitatis</span> <span class='ocrx_word' id='word_1_65' title='bbox 1184 647 1224 679; x_wconf 76' lang='lat' dir='ltr'>ad</span> <span class='ocrx_word' id='word_1_66' title='bbox 1244 646 1395 680; x_wconf 50' lang='lat' dir='ltr'>effectum</span> <span class='ocrx_word' id='word_1_67' title='bbox 1415 647 1634 691; x_wconf 62' lang='lat' dir='ltr'>praesentium</span> <span class='ocrx_word' id='word_1_68' title='bbox 1661 647 1827 680; x_wconf 55' lang='lat' dir='ltr'>dumtaxat</span> <span class='ocrx_word' id='word_1_69' title='bbox 1846 657 1928 681; x_wconf 69' lang='lat' dir='ltr'>Gon„</span> 
     </span>
    </p>
   </div>
   <div class='ocr_carea' id='block_1_4' title="bbox 441 681 1167 717">
    <p class='ocr_par' dir='ltr' id='par_1_9' title="bbox 441 681 1167 717">
     <span class='ocr_line' id='line_1_10' title="bbox 441 681 1167 717; baseline -0.003 -6"><span class='ocrx_word' id='word_1_70' title='bbox 441 683 472 711; x_wconf 87' lang='lat' dir='ltr'>in</span> <span class='ocrx_word' id='word_1_71' title='bbox 488 683 692 717; x_wconf 74' lang='lat' dir='ltr'>Portuqatliae</span> <span class='ocrx_word' id='word_1_72' title='bbox 708 687 739 710; x_wconf 84' lang='lat' dir='ltr'>et.</span> <span class='ocrx_word' id='word_1_73' title='bbox 747 683 952 717; x_wconf 76' lang='lat' dir='ltr'>Alqahriorum</span> <span class='ocrx_word' id='word_1_74' title='bbox 962 681 1064 717; x_wconf 74' lang='lat' dir='ltr'>regnis</span> <span class='ocrx_word' id='word_1_75' title='bbox 1079 689 1149 716; x_wconf 80' lang='lat' dir='ltr'>apo-</span> <span class='ocrx_word' id='word_1_76' title='bbox 1166 692 1167 712; x_wconf 63' lang='lat' dir='ltr'>i</span> 
     </span>
    </p>
   </div>
   <div class='ocr_carea' id='block_1_5' title="bbox 442 700 1932 761">
    <p class='ocr_par' dir='ltr' id='par_1_10' title="bbox 442 700 1932 761">
     <span class='ocr_line' id='line_1_11' title="bbox 442 700 1932 761; baseline 0.001 -6"><span class='ocrx_word' id='word_1_77' title='bbox 442 728 550 755; x_wconf 83' lang='lat' dir='ltr'>stolica</span> <span class='ocrx_word' id='word_1_78' title='bbox 574 727 756 755; x_wconf 81' lang='lat' dir='ltr'>auctoritate</span> <span class='ocrx_word' id='word_1_79' title='bbox 783 727 921 755; x_wconf 81' lang='lat' dir='ltr'>instituti</span> <span class='ocrx_word' id='word_1_80' title='bbox 948 728 1092 761; x_wconf 75' lang='lat' dir='ltr'>mInistris</span> <span class='ocrx_word' id='word_1_81' title='bbox 1121 718 1167 755; x_wconf 50' lang='lat' dir='ltr'>et*</span> <span class='ocrx_word' id='word_1_82' title='bbox 1184 700 1398 744; x_wconf 63' lang='lat' dir='ltr'>sequendum&#39;</span> <span class='ocrx_word' id='word_1_83' title='bbox 1421 700 1537 734; x_wconf 63' lang='lat' dir='ltr'>harum</span> <span class='ocrx_word' id='word_1_84' title='bbox 1556 711 1638 735; x_wconf 65' lang='lat' dir='ltr'>seme</span> <span class='ocrx_word' id='word_1_85' title='bbox 1655 701 1876 741; x_wconf 69' lang='lat' dir='ltr'><strong>abSOlvemes’</strong></span> <span class='ocrx_word' id='word_1_86' title='bbox 1899 705 1932 734; x_wconf 67' lang='lat' dir='ltr'>et</span> 
     </span>
    </p>
   </div>
   <div class='ocr_carea' id='block_1_6' title="bbox 205 212 2112 262">
    <p class='ocr_par' dir='ltr' id='par_1_11' title="bbox 205 212 2113 262">
     <span class='ocr_line' id='line_1_12' title="bbox 205 212 2112 262; baseline 0.003 -14"><span class='ocrx_word' id='word_1_87' title='bbox 205 222 258 250; x_wconf 72' lang='lat' dir='ltr'>An.</span> <span class='ocrx_word' id='word_1_88' title='bbox 273 221 302 249; x_wconf 91' lang='lat' dir='ltr'>c.</span> <span class='ocrx_word' id='word_1_89' title='bbox 322 222 393 251; x_wconf 87' lang='lat'>1595</span> <span class='ocrx_word' id='word_1_90' title='bbox 437 213 502 248; x_wconf 68' lang='lat'>204</span> <span class='ocrx_word' id='word_1_91' title='bbox 1942 227 1995 254; x_wconf 73' lang='lat' dir='ltr'>An.</span> <span class='ocrx_word' id='word_1_92' title='bbox 2011 227 2040 256; x_wconf 86' lang='lat' dir='ltr'>c.</span> <span class='ocrx_word' id='word_1_93' title='bbox 2056 229 2066 256; x_wconf 78' lang='lat' dir='ltr'>i</span> <span class='ocrx_word' id='word_1_94' title='bbox 2081 212 2112 262; x_wconf 71' lang='lat' dir='ltr'>J</span> 
     </span>
    </p>
   </div>
   <div class='ocr_carea' id='block_1_7' title="bbox 721 272 820 307">
    <p class='ocr_par' dir='ltr' id='par_1_12' title="bbox 721 272 820 307">
     <span class='ocr_line' id='line_1_13' title="bbox 721 272 820 307; baseline -0.01 0"><span class='ocrx_word' id='word_1_95' title='bbox 721 272 820 307; x_wconf 82' lang='lat' dir='ltr'>CVIII.</span> 
     </span>
    </p>
   </div>
   <div class='ocr_carea' id='block_1_8' title="bbox 449 502 1126 549">
    <p class='ocr_par' dir='ltr' id='par_1_13' title="bbox 449 502 1126 549">
     <span class='ocr_line' id='line_1_14' title="bbox 449 502 1126 549; baseline -0.003 -12"><span class='ocrx_word' id='word_1_96' title='bbox 449 505 648 549; x_wconf 76' lang='lat' dir='ltr'>quisitorum</span> <span class='ocrx_word' id='word_1_97' title='bbox 666 514 841 547; x_wconf 74' lang='lat' dir='ltr'>reynerum</span> <span class='ocrx_word' id='word_1_98' title='bbox 861 503 1090 547; x_wconf 75' lang='lat' dir='ltr'>Porluyalliae</span> <span class='ocrx_word' id='word_1_99' title='bbox 1107 502 1126 535; x_wconf 85' lang='lat'>¹.</span> 
     </span>
    </p>
   </div>
   <div class='ocr_carea' id='block_1_9' title="bbox 441 772 1151 851">
    <p class='ocr_par' dir='ltr' id='par_1_14' title="bbox 441 772 1151 851">
     <span class='ocr_line' id='line_1_15' title="bbox 441 772 1151 807; baseline -0.001 -7"><span class='ocrx_word' id='word_1_100' title='bbox 441 772 621 800; x_wconf 77' lang='lat' dir='ltr'>officialibus</span> <span class='ocrx_word' id='word_1_101' title='bbox 640 779 719 799; x_wconf 88' lang='lat' dir='ltr'>nunc</span> <span class='ocrx_word' id='word_1_102' title='bbox 741 775 772 800; x_wconf 79' lang='lat' dir='ltr'>et</span> <span class='ocrx_word' id='word_1_103' title='bbox 793 780 846 806; x_wconf 86' lang='lat' dir='ltr'>pro</span> <span class='ocrx_word' id='word_1_104' title='bbox 861 775 995 807; x_wconf 78' lang='lat' dir='ltr'>tempore</span> <span class='ocrx_word' id='word_1_105' title='bbox 1019 772 1151 799; x_wconf 82' lang='lat' dir='ltr'>existen-</span> 
     </span>
     <span class='ocr_line' id='line_1_16' title="bbox 442 817 534 851; baseline 0 -7"><span class='ocrx_word' id='word_1_106' title='bbox 442 817 534 851; x_wconf 77' lang='lat' dir='ltr'>tibus,</span> 
     </span>
    </p>
   </div>
   <div class='ocr_carea' id='block_1_10' title="bbox 451 868 1109 1032">
    <p class='ocr_par' dir='ltr' id='par_1_15' title="bbox 451 868 1109 1032">
     <span class='ocr_line' id='line_1_17' title="bbox 547 868 998 911; baseline 0 -12"><span class='ocrx_word' id='word_1_107' title='bbox 547 868 743 900; x_wconf 81' lang='lat' dir='ltr'>Clemens</span> <span class='ocrx_word' id='word_1_108' title='bbox 770 869 885 911; x_wconf 79' lang='lat' dir='ltr'>Papa</span> <span class='ocrx_word' id='word_1_109' title='bbox 905 869 998 899; x_wconf 87' lang='lat' dir='ltr'>VIII.</span> 
     </span>
     <span class='ocr_line' id='line_1_18' title="bbox 686 942 874 976; baseline 0 -6"><span class='ocrx_word' id='word_1_110' title='bbox 686 942 794 971; x_wconf 74' lang='lat' dir='ltr'>nitenti</span> <span class='ocrx_word' id='word_1_111' title='bbox 808 942 874 976; x_wconf 85' lang='lat' dir='ltr'>filii,</span> 
     </span>
     <span class='ocr_line' id='line_1_19' title="bbox 451 997 1109 1032; baseline -0.002 -7"><span class='ocrx_word' id='word_1_112' title='bbox 451 998 580 1025; x_wconf 76' lang='lat' dir='ltr'>salntem</span> <span class='ocrx_word' id='word_1_113' title='bbox 596 1000 628 1025; x_wconf 81' lang='lat' dir='ltr'>et</span> <span class='ocrx_word' id='word_1_114' title='bbox 642 998 840 1032; x_wconf 82' lang='lat' dir='ltr'>apostolicam</span> <span class='ocrx_word' id='word_1_115' title='bbox 859 997 1109 1026; x_wconf 77' lang='lat' dir='ltr'>benedictionem.</span> 
     </span>
    </p>
   </div>
   <div class='ocr_carea' id='block_1_11' title="bbox 454 1069 1154 1112">
    <p class='ocr_par' dir='ltr' id='par_1_16' title="bbox 454 1069 1154 1112">
     <span class='ocr_line' id='line_1_20' title="bbox 454 1069 1154 1112; baseline 0 -10"><span class='ocrx_word' id='word_1_116' title='bbox 454 1071 470 1112; x_wconf 67' lang='grc' dir='ltr'>ξ</span> <span class='ocrx_word' id='word_1_117' title='bbox 500 1069 530 1102; x_wconf 86' lang='grc'>1.</span> <span class='ocrx_word' id='word_1_118' title='bbox 565 1069 644 1103; x_wconf 90' lang='lat' dir='ltr'>Cum</span> <span class='ocrx_word' id='word_1_119' title='bbox 680 1069 757 1103; x_wconf 85' lang='lat' dir='ltr'>alias</span> <span class='ocrx_word' id='word_1_120' title='bbox 788 1069 888 1103; x_wconf 76' lang='lat' dir='ltr'>felicis</span> <span class='ocrx_word' id='word_1_121' title='bbox 919 1069 1154 1103; x_wconf 85' lang='lat' dir='ltr'>reeordationis</span> 
     </span>
    </p>
   </div>
   <div class='ocr_carea' id='block_1_12' title="bbox 1166 753 1933 1120">
    <p class='ocr_par' dir='ltr' id='par_1_17' title="bbox 1166 753 1933 1120">
     <span class='ocr_line' id='line_1_21' title="bbox 1166 753 1932 806; baseline 0.001 -20"><span class='ocrx_word' id='word_1_122' title='bbox 1166 772 1169 806; x_wconf 41' lang='grc' dir='ltr'><em>ξ</em></span> <span class='ocrx_word' id='word_1_123' title='bbox 1185 753 1351 786; x_wconf 86' lang='lat' dir='ltr'>absolutos</span> <span class='ocrx_word' id='word_1_124' title='bbox 1372 753 1441 786; x_wconf 85' lang='lat' dir='ltr'>sore</span> <span class='ocrx_word' id='word_1_125' title='bbox 1461 759 1643 796; x_wconf 84' lang='lat' dir='ltr'>censentes,</span> <span class='ocrx_word' id='word_1_126' title='bbox 1663 754 1754 788; x_wconf 81' lang='lat' dir='ltr'>vobis</span> <span class='ocrx_word' id='word_1_127' title='bbox 1773 753 1932 787; x_wconf 89' lang='lat' dir='ltr'>universis</span> 
     </span>
     <span class='ocr_line' id='line_1_22' title="bbox 1166 806 1931 852; baseline 0.001 -13"><span class='ocrx_word' id='word_1_128' title='bbox 1166 808 1218 844; x_wconf 73' lang='lat' dir='ltr'>{et</span> <span class='ocrx_word' id='word_1_129' title='bbox 1243 806 1377 850; x_wconf 85' lang='lat' dir='ltr'>singulis</span> <span class='ocrx_word' id='word_1_130' title='bbox 1402 807 1625 852; x_wconf 84' lang='lat' dir='ltr'>praesentibus</span> <span class='ocrx_word' id='word_1_131' title='bbox 1655 813 1687 841; x_wconf 85' lang='lat' dir='ltr'>et</span> <span class='ocrx_word' id='word_1_132' title='bbox 1713 807 1846 848; x_wconf 87' lang='lat' dir='ltr'>suturis,</span> <span class='ocrx_word' id='word_1_133' title='bbox 1875 807 1931 851; x_wconf 91' lang='lat' dir='ltr'>qui</span> 
     </span>
     <span class='ocr_line' id='line_1_23' title="bbox 1167 860 1930 905; baseline 0 -11"><span class='ocrx_word' id='word_1_134' title='bbox 1167 860 1323 894; x_wconf 71' lang='lat' dir='ltr'>&lt;durante</span> <span class='ocrx_word' id='word_1_135' title='bbox 1354 861 1578 904; x_wconf 90' lang='lat' dir='ltr'>quinquennio</span> <span class='ocrx_word' id='word_1_136' title='bbox 1599 871 1617 894; x_wconf 88' lang='lat' dir='ltr'>a</span> <span class='ocrx_word' id='word_1_137' title='bbox 1642 861 1707 894; x_wconf 87' lang='lat' dir='ltr'>fine</span> <span class='ocrx_word' id='word_1_138' title='bbox 1738 860 1930 905; x_wconf 88' lang='lat' dir='ltr'>quinquenii</span> 
     </span>
     <span class='ocr_line' id='line_1_24' title="bbox 1167 899 1929 958; baseline 0.001 -11"><span class='ocrx_word' id='word_1_139' title='bbox 1167 899 1244 958; x_wconf 57' lang='lat' dir='ltr'>iper</span> <span class='ocrx_word' id='word_1_140' title='bbox 1264 914 1385 947; x_wconf 90' lang='lat' dir='ltr'>dictum</span> <span class='ocrx_word' id='word_1_141' title='bbox 1405 913 1598 957; x_wconf 80' lang='lat' dir='ltr'>Gregorium</span> <span class='ocrx_word' id='word_1_142' title='bbox 1618 914 1684 947; x_wconf 89' lang='lat' dir='ltr'>XIV</span> <span class='ocrx_word' id='word_1_143' title='bbox 1707 914 1823 947; x_wconf 88' lang='lat' dir='ltr'>ultimo</span> <span class='ocrx_word' id='word_1_144' title='bbox 1847 924 1929 948; x_wconf 86' lang='lat' dir='ltr'>con-</span> 
     </span>
     <span class='ocr_line' id='line_1_25' title="bbox 1168 966 1933 1011; baseline -0.001 -10"><span class='ocrx_word' id='word_1_145' title='bbox 1168 966 1170 990; x_wconf 65' lang='lat'>?</span> <span class='ocrx_word' id='word_1_146' title='bbox 1187 967 1266 1001; x_wconf 89' lang='lat' dir='ltr'>cessi</span> <span class='ocrx_word' id='word_1_147' title='bbox 1294 968 1497 1001; x_wconf 86' lang='lat' dir='ltr'>numerando</span> <span class='ocrx_word' id='word_1_148' title='bbox 1526 968 1559 1000; x_wconf 91' lang='lat' dir='ltr'>in</span> <span class='ocrx_word' id='word_1_149' title='bbox 1578 967 1686 1011; x_wconf 81' lang='lat' dir='ltr'>regnis</span> <span class='ocrx_word' id='word_1_150' title='bbox 1699 995 1706 1009; x_wconf 92' lang='lat'>‚</span> <span class='ocrx_word' id='word_1_151' title='bbox 1730 967 1882 1001; x_wconf 88' lang='lat' dir='ltr'>dominiis</span> <span class='ocrx_word' id='word_1_152' title='bbox 1901 972 1933 1001; x_wconf 89' lang='lat' dir='ltr'>et</span> 
     </span>
     <span class='ocr_line' id='line_1_26' title="bbox 1168 1010 1933 1068; baseline 0 -14"><span class='ocrx_word' id='word_1_153' title='bbox 1168 1010 1266 1068; x_wconf 51' lang='lat' dir='ltr'>:locis</span> <span class='ocrx_word' id='word_1_154' title='bbox 1286 1021 1400 1054; x_wconf 91' lang='lat' dir='ltr'>ditioni</span> <span class='ocrx_word' id='word_1_155' title='bbox 1430 1031 1489 1065; x_wconf 87' lang='lat' dir='ltr'>pro</span> <span class='ocrx_word' id='word_1_156' title='bbox 1519 1027 1665 1065; x_wconf 86' lang='lat' dir='ltr'>ternpore</span> <span class='ocrx_word' id='word_1_157' title='bbox 1685 1021 1832 1054; x_wconf 79' lang='lat' dir='ltr'>existenti</span> <span class='ocrx_word' id='word_1_158' title='bbox 1854 1021 1933 1054; x_wconf 90' lang='lat' dir='ltr'>Por-</span> 
     </span>
     <span class='ocr_line' id='line_1_27' title="bbox 1170 1073 1928 1120; baseline 0 -13"><span class='ocrx_word' id='word_1_159' title='bbox 1170 1086 1171 1120; x_wconf 73' lang='lat' dir='ltr'><strong>j</strong></span> <span class='ocrx_word' id='word_1_160' title='bbox 1189 1074 1340 1117; x_wconf 85' lang='lat' dir='ltr'>tugalliae</span> <span class='ocrx_word' id='word_1_161' title='bbox 1361 1080 1392 1107; x_wconf 91' lang='lat' dir='ltr'>et</span> <span class='ocrx_word' id='word_1_162' title='bbox 1411 1074 1638 1117; x_wconf 79' lang='lat' dir='ltr'>Algarbiorum</span> <span class='ocrx_word' id='word_1_163' title='bbox 1666 1074 1734 1117; x_wconf 80' lang='lat' dir='ltr'>regi</span> <span class='ocrx_word' id='word_1_164' title='bbox 1757 1073 1928 1114; x_wconf 85' lang='lat' dir='ltr'>subiectis,</span> 
     </span>
    </p>
   </div>
   <div class='ocr_carea' id='block_1_13' title="bbox 222 1123 1929 1172">
    <p class='ocr_par' dir='ltr' id='par_1_18' title="bbox 222 1123 1929 1172">
     <span class='ocr_line' id='line_1_28' title="bbox 222 1123 1929 1172; baseline 0.002 -15"><span class='ocrx_word' id='word_1_165' title='bbox 222 1133 396 1157; x_wconf 59' lang='lat' dir='ltr'>Nonnuuinouu-</span> <span class='ocrx_word' id='word_1_166' title='bbox 409 1123 483 1158; x_wconf 91' lang='lat' dir='ltr'>Pius</span> <span class='ocrx_word' id='word_1_167' title='bbox 500 1123 524 1156; x_wconf 89' lang='lat' dir='ltr'><strong>V</strong></span> <span class='ocrx_word' id='word_1_168' title='bbox 537 1151 544 1164; x_wconf 91' lang='lat'>,</span> <span class='ocrx_word' id='word_1_169' title='bbox 565 1124 740 1167; x_wconf 83' lang='lat' dir='ltr'>Gregorius</span> <span class='ocrx_word' id='word_1_170' title='bbox 759 1124 846 1165; x_wconf 85' lang='lat' dir='ltr'>XIII,</span> <span class='ocrx_word' id='word_1_171' title='bbox 870 1123 975 1158; x_wconf 84' lang='lat' dir='ltr'>Sixtus</span> <span class='ocrx_word' id='word_1_172' title='bbox 995 1123 1021 1157; x_wconf 90' lang='lat' dir='ltr'>V</span> <span class='ocrx_word' id='word_1_173' title='bbox 1039 1129 1069 1157; x_wconf 88' lang='lat' dir='ltr'>et</span> <span class='ocrx_word' id='word_1_174' title='bbox 1089 1134 1150 1157; x_wconf 90' lang='lat' dir='ltr'>no·</span> <span class='ocrx_word' id='word_1_175' title='bbox 1188 1128 1333 1162; x_wconf 90' lang='lat' dir='ltr'>eiusdem</span> <span class='ocrx_word' id='word_1_176' title='bbox 1361 1128 1544 1161; x_wconf 82' lang='lat' dir='ltr'>haereticae</span> <span class='ocrx_word' id='word_1_177' title='bbox 1562 1128 1728 1172; x_wconf 84' lang='lat' dir='ltr'>pravitatis</span> <span class='ocrx_word' id='word_1_178' title='bbox 1748 1127 1907 1171; x_wconf 83' lang='lat' dir='ltr'>generalis</span> <span class='ocrx_word' id='word_1_179' title='bbox 1921 1154 1929 1168; x_wconf 91' lang='lat'>,</span> 
     </span>
    </p>
   </div>
   <div class='ocr_carea' id='block_1_14' title="bbox 209 1160 438 1185">
    <p class='ocr_par' dir='ltr' id='par_1_19' title="bbox 209 1160 438 1185">
     <span class='ocr_line' id='line_1_29' title="bbox 209 1160 438 1185; baseline -0.009 -5"><span class='ocrx_word' id='word_1_180' title='bbox 209 1160 259 1180; x_wconf 79' lang='lat' dir='ltr'>tices</span> <span class='ocrx_word' id='word_1_181' title='bbox 277 1162 395 1185; x_wconf 72' lang='lat' dir='ltr'>inquisitio·</span> <span class='ocrx_word' id='word_1_182' title='bbox 432 1177 438 1182; x_wconf 82' lang='grc'><strong>,</strong></span> 
     </span>
    </p>
   </div>
   <div class='ocr_carea' id='block_1_15' title="bbox 209 1176 1171 1220">
    <p class='ocr_par' dir='ltr' id='par_1_20' title="bbox 209 1176 1171 1220">
     <span class='ocr_line' id='line_1_30' title="bbox 209 1176 1171 1220; baseline 0.003 -13"><span class='ocrx_word' id='word_1_183' title='bbox 209 1186 395 1215; x_wconf 56' lang='grc' dir='ltr'>ηῑςροηυὲριιωε</span> <span class='ocrx_word' id='word_1_184' title='bbox 410 1177 538 1210; x_wconf 79' lang='lat' dir='ltr'>vissime</span> <span class='ocrx_word' id='word_1_185' title='bbox 564 1177 739 1220; x_wconf 80' lang='lat' dir='ltr'>Gregorius</span> <span class='ocrx_word' id='word_1_186' title='bbox 759 1177 836 1217; x_wconf 85' lang='lat' dir='ltr'>XIV,</span> <span class='ocrx_word' id='word_1_187' title='bbox 858 1177 995 1210; x_wconf 85' lang='lat' dir='ltr'>Romani</span> <span class='ocrx_word' id='word_1_188' title='bbox 1015 1176 1151 1210; x_wconf 80' lang='lat' dir='ltr'>Ponttfi-</span> <span class='ocrx_word' id='word_1_189' title='bbox 1170 1185 1171 1199; x_wconf 49' lang='lat' dir='ltr'>l</span> 
     </span>
    </p>
   </div>
   <div class='ocr_carea' id='block_1_16' title="bbox 209 1212 396 1372">
    <p class='ocr_par' dir='ltr' id='par_1_21' title="bbox 209 1212 396 1372">
     <span class='ocr_line' id='line_1_31' title="bbox 209 1212 396 1234; baseline -0.011 0"><span class='ocrx_word' id='word_1_190' title='bbox 209 1213 310 1234; x_wconf 75' lang='lat' dir='ltr'>ministris</span> <span class='ocrx_word' id='word_1_191' title='bbox 329 1212 396 1233; x_wconf 69' lang='lat' dir='ltr'>indul-</span> 
     </span>
     <span class='ocr_line' id='line_1_32' title="bbox 211 1242 394 1260; baseline -0.005 -1"><span class='ocrx_word' id='word_1_192' title='bbox 211 1242 252 1260; x_wconf 78' lang='lat' dir='ltr'>turn</span> <span class='ocrx_word' id='word_1_193' title='bbox 267 1245 394 1260; x_wconf 74' lang='lat' dir='ltr'>concessere</span> 
     </span>
     <span class='ocr_line' id='line_1_33' title="bbox 209 1265 395 1287; baseline -0.005 0"><span class='ocrx_word' id='word_1_194' title='bbox 209 1271 250 1287; x_wconf 85' lang='lat' dir='ltr'>non</span> <span class='ocrx_word' id='word_1_195' title='bbox 259 1265 395 1286; x_wconf 75' lang='lat' dir='ltr'>residendiin</span> 
     </span>
     <span class='ocr_line' id='line_1_34' title="bbox 210 1292 395 1315; baseline -0.005 -3"><span class='ocrx_word' id='word_1_196' title='bbox 210 1293 252 1313; x_wconf 76' lang='lat' dir='ltr'>suis</span> <span class='ocrx_word' id='word_1_197' title='bbox 271 1292 395 1315; x_wconf 67' lang='lat' dir='ltr'>betleficits,</span> 
     </span>
     <span class='ocr_line' id='line_1_35' title="bbox 210 1318 395 1344; baseline 0 -5"><span class='ocrx_word' id='word_1_198' title='bbox 210 1324 325 1344; x_wconf 72' lang='lat' dir='ltr'>eorumque</span> <span class='ocrx_word' id='word_1_199' title='bbox 354 1318 395 1339; x_wconf 44' lang='lat' dir='ltr'>siu-</span> 
     </span>
     <span class='ocr_line' id='line_1_36' title="bbox 210 1346 394 1372; baseline -0.005 -6"><span class='ocrx_word' id='word_1_200' title='bbox 210 1348 255 1366; x_wconf 78' lang='lat' dir='ltr'>ctus</span> <span class='ocrx_word' id='word_1_201' title='bbox 263 1346 394 1372; x_wconf 68' lang='lat' dir='ltr'>percipiendi</span> 
     </span>
    </p>
   </div>
   <div class='ocr_carea' id='block_1_17' title="bbox 215 2492 388 2514">
    <p class='ocr_par' dir='ltr' id='par_1_22' title="bbox 215 2492 388 2514">
     <span class='ocr_line' id='line_1_37' title="bbox 215 2492 388 2514; baseline -0.012 -6"><span class='ocrx_word' id='word_1_202' title='bbox 215 2495 272 2509; x_wconf 70' lang='grc' dir='ltr'>ιιινιιι</span> <span class='ocrx_word' id='word_1_203' title='bbox 290 2495 366 2514; x_wconf 51' lang='grc' dir='ltr'>μαῖ’-ς</span> <span class='ocrx_word' id='word_1_204' title='bbox 376 2492 388 2507; x_wconf 71' lang='grc'>,1</span> 
     </span>
    </p>
   </div>
   <div class='ocr_carea' id='block_1_18' title="bbox 411 1230 1171 1274">
    <p class='ocr_par' dir='ltr' id='par_1_23' title="bbox 411 1230 1171 1274">
     <span class='ocr_line' id='line_1_38' title="bbox 411 1230 1171 1274; baseline -0.001 -10"><span class='ocrx_word' id='word_1_205' title='bbox 411 1241 463 1264; x_wconf 88' lang='lat' dir='ltr'>ces</span> <span class='ocrx_word' id='word_1_206' title='bbox 482 1231 746 1274; x_wconf 83' lang='lat' dir='ltr'>praedecessores</span> <span class='ocrx_word' id='word_1_207' title='bbox 766 1230 883 1270; x_wconf 84' lang='lat' dir='ltr'>nostri,</span> <span class='ocrx_word' id='word_1_208' title='bbox 907 1241 944 1264; x_wconf 75' lang='lat' dir='ltr'>ex</span> <span class='ocrx_word' id='word_1_209' title='bbox 964 1230 1058 1263; x_wconf 87' lang='lat' dir='ltr'>certis</span> <span class='ocrx_word' id='word_1_210' title='bbox 1079 1235 1171 1263; x_wconf 58' lang='lat' dir='ltr'>tunc}</span> 
     </span>
    </p>
   </div>
   <div class='ocr_carea' id='block_1_19' title="bbox 410 1284 1155 1328">
    <p class='ocr_par' dir='ltr' id='par_1_24' title="bbox 410 1284 1155 1328">
     <span class='ocr_line' id='line_1_39' title="bbox 410 1284 1155 1328; baseline -0.001 -11"><span class='ocrx_word' id='word_1_211' title='bbox 410 1284 566 1328; x_wconf 81' lang='lat' dir='ltr'>expressis</span> <span class='ocrx_word' id='word_1_212' title='bbox 586 1284 689 1317; x_wconf 88' lang='lat' dir='ltr'>causis</span> <span class='ocrx_word' id='word_1_213' title='bbox 702 1311 709 1324; x_wconf 92' lang='lat'>‚</span> <span class='ocrx_word' id='word_1_214' title='bbox 734 1284 927 1317; x_wconf 77' lang='lat' dir='ltr'>indulserint</span> <span class='ocrx_word' id='word_1_215' title='bbox 953 1284 1104 1317; x_wconf 90' lang='lat' dir='ltr'>omnibus</span> <span class='ocrx_word' id='word_1_216' title='bbox 1124 1289 1155 1316; x_wconf 92' lang='lat' dir='ltr'>et</span> 
     </span>
    </p>
   </div>
   <div class='ocr_carea' id='block_1_20' title="bbox 409 1335 1172 1489">
    <p class='ocr_par' dir='ltr' id='par_1_25' title="bbox 409 1335 1172 1489">
     <span class='ocr_line' id='line_1_40' title="bbox 409 1335 1171 1380; baseline 0 -10"><span class='ocrx_word' id='word_1_217' title='bbox 409 1337 544 1380; x_wconf 79' lang='lat' dir='ltr'>singulis</span> <span class='ocrx_word' id='word_1_218' title='bbox 558 1337 712 1370; x_wconf 80' lang='lat' dir='ltr'>ministris</span> <span class='ocrx_word' id='word_1_219' title='bbox 733 1337 829 1370; x_wconf 81' lang='lat' dir='ltr'>officii</span> <span class='ocrx_word' id='word_1_220' title='bbox 852 1337 1067 1380; x_wconf 76' lang='lat' dir='ltr'>inquisitionis</span> <span class='ocrx_word' id='word_1_221' title='bbox 1080 1337 1154 1370; x_wconf 86' lang='lat' dir='ltr'>hae·</span> <span class='ocrx_word' id='word_1_222' title='bbox 1170 1335 1171 1342; x_wconf 55' lang='lat'>¹</span> 
     </span>
     <span class='ocr_line' id='line_1_41' title="bbox 410 1390 1172 1434; baseline 0 -10"><span class='ocrx_word' id='word_1_223' title='bbox 410 1391 529 1430; x_wconf 77' lang='lat' dir='ltr'>reticae</span> <span class='ocrx_word' id='word_1_224' title='bbox 558 1390 724 1434; x_wconf 75' lang='lat' dir='ltr'>pravitatis</span> <span class='ocrx_word' id='word_1_225' title='bbox 752 1391 782 1423; x_wconf 95' lang='lat' dir='ltr'>in</span> <span class='ocrx_word' id='word_1_226' title='bbox 814 1391 1032 1434; x_wconf 78' lang='lat' dir='ltr'>Portugalliae</span> <span class='ocrx_word' id='word_1_227' title='bbox 1053 1397 1082 1424; x_wconf 89' lang='lat' dir='ltr'>et</span> <span class='ocrx_word' id='word_1_228' title='bbox 1103 1391 1172 1424; x_wconf 39' lang='lat' dir='ltr'>At*</span> 
     </span>
     <span class='ocr_line' id='line_1_42' title="bbox 409 1445 1171 1489; baseline 0.003 -12"><span class='ocrx_word' id='word_1_229' title='bbox 409 1445 596 1488; x_wconf 74' lang='lat' dir='ltr'>gar-biorum</span> <span class='ocrx_word' id='word_1_230' title='bbox 619 1445 737 1487; x_wconf 79' lang='lat' dir='ltr'>regnis,</span> <span class='ocrx_word' id='word_1_231' title='bbox 761 1445 938 1489; x_wconf 84' lang='lat' dir='ltr'>apostolica</span> <span class='ocrx_word' id='word_1_232' title='bbox 964 1446 1171 1479; x_wconf 68' lang='lat' dir='ltr'>auctoritate</span> 
     </span>
    </p>
   </div>
   <div class='ocr_carea' id='block_1_21' title="bbox 409 1498 1156 1703">
    <p class='ocr_par' dir='ltr' id='par_1_26' title="bbox 409 1498 1156 1703">
     <span class='ocr_line' id='line_1_43' title="bbox 410 1498 1151 1544; baseline 0.001 -12"><span class='ocrx_word' id='word_1_233' title='bbox 410 1498 558 1538; x_wconf 89' lang='lat' dir='ltr'>instituti,</span> <span class='ocrx_word' id='word_1_234' title='bbox 583 1498 638 1543; x_wconf 90' lang='lat' dir='ltr'>qui</span> <span class='ocrx_word' id='word_1_235' title='bbox 660 1498 818 1532; x_wconf 85' lang='lat' dir='ltr'>beneficia</span> <span class='ocrx_word' id='word_1_236' title='bbox 839 1499 1055 1532; x_wconf 77' lang='lat' dir='ltr'>ecelesiastica</span> <span class='ocrx_word' id='word_1_237' title='bbox 1075 1510 1151 1544; x_wconf 83' lang='lat' dir='ltr'>per-</span> 
     </span>
     <span class='ocr_line' id='line_1_44' title="bbox 409 1551 1151 1596; baseline 0 -10"><span class='ocrx_word' id='word_1_238' title='bbox 409 1552 553 1586; x_wconf 87' lang='lat' dir='ltr'>sonalem</span> <span class='ocrx_word' id='word_1_239' title='bbox 576 1551 782 1585; x_wconf 77' lang='lat' dir='ltr'>residentiam</span> <span class='ocrx_word' id='word_1_240' title='bbox 806 1552 1004 1596; x_wconf 83' lang='lat' dir='ltr'>requirentia</span> <span class='ocrx_word' id='word_1_241' title='bbox 1022 1553 1151 1587; x_wconf 88' lang='lat' dir='ltr'>obtine-</span> 
     </span>
     <span class='ocr_line' id='line_1_45' title="bbox 409 1606 1151 1650; baseline 0 -11"><span class='ocrx_word' id='word_1_242' title='bbox 409 1612 490 1646; x_wconf 84' lang='lat' dir='ltr'>rent,</span> <span class='ocrx_word' id='word_1_243' title='bbox 508 1610 541 1638; x_wconf 89' lang='lat' dir='ltr'>ut</span> <span class='ocrx_word' id='word_1_244' title='bbox 561 1606 601 1638; x_wconf 88' lang='lat' dir='ltr'>ad</span> <span class='ocrx_word' id='word_1_245' title='bbox 622 1611 708 1638; x_wconf 81' lang='lat' dir='ltr'>certa</span> <span class='ocrx_word' id='word_1_246' title='bbox 730 1612 804 1639; x_wconf 86' lang='lat' dir='ltr'>tunc</span> <span class='ocrx_word' id='word_1_247' title='bbox 822 1617 970 1650; x_wconf 83' lang='lat' dir='ltr'>expressa</span> <span class='ocrx_word' id='word_1_248' title='bbox 992 1612 1151 1650; x_wconf 86' lang='lat' dir='ltr'>tempora,</span> 
     </span>
     <span class='ocr_line' id='line_1_46' title="bbox 410 1659 1156 1703; baseline 0.001 -11"><span class='ocrx_word' id='word_1_249' title='bbox 410 1669 548 1703; x_wconf 88' lang='lat' dir='ltr'>quorum</span> <span class='ocrx_word' id='word_1_250' title='bbox 567 1659 718 1692; x_wconf 89' lang='lat' dir='ltr'>ultimum</span> <span class='ocrx_word' id='word_1_251' title='bbox 733 1665 778 1692; x_wconf 88' lang='lat' dir='ltr'>est</span> <span class='ocrx_word' id='word_1_252' title='bbox 799 1660 1057 1703; x_wconf 81' lang='lat' dir='ltr'>quinquennium</span> <span class='ocrx_word' id='word_1_253' title='bbox 1075 1671 1156 1694; x_wconf 89' lang='lat' dir='ltr'>non-</span> 
     </span>
    </p>
   </div>
   <div class='ocr_carea' id='block_1_22' title="bbox 411 1712 1172 1757">
    <p class='ocr_par' dir='ltr' id='par_1_27' title="bbox 411 1712 1172 1757">
     <span class='ocr_line' id='line_1_47' title="bbox 411 1712 1172 1757; baseline 0 -10"><span class='ocrx_word' id='word_1_254' title='bbox 411 1713 488 1747; x_wconf 90' lang='lat' dir='ltr'>dum</span> <span class='ocrx_word' id='word_1_255' title='bbox 510 1713 654 1757; x_wconf 82' lang='lat' dir='ltr'>elapsum</span> <span class='ocrx_word' id='word_1_256' title='bbox 676 1723 693 1745; x_wconf 87' lang='lat' dir='ltr'>a</span> <span class='ocrx_word' id='word_1_257' title='bbox 713 1712 800 1746; x_wconf 87' lang='lat' dir='ltr'>dicto</span> <span class='ocrx_word' id='word_1_258' title='bbox 817 1713 973 1755; x_wconf 75' lang='lat' dir='ltr'>Gregorio</span> <span class='ocrx_word' id='word_1_259' title='bbox 993 1714 1059 1748; x_wconf 84' lang='lat' dir='ltr'>XIV</span> <span class='ocrx_word' id='word_1_260' title='bbox 1080 1724 1172 1747; x_wconf 57' lang='lat' dir='ltr'>con-v</span> 
     </span>
    </p>
   </div>
   <div class='ocr_carea' id='block_1_23' title="bbox 411 1766 1156 1811">
    <p class='ocr_par' dir='ltr' id='par_1_28' title="bbox 411 1766 1156 1811">
     <span class='ocr_line' id='line_1_48' title="bbox 411 1766 1156 1811; baseline 0.001 -11"><span class='ocrx_word' id='word_1_261' title='bbox 411 1777 547 1805; x_wconf 85' lang='lat' dir='ltr'>cessum,</span> <span class='ocrx_word' id='word_1_262' title='bbox 571 1777 630 1810; x_wconf 92' lang='lat' dir='ltr'>pro</span> <span class='ocrx_word' id='word_1_263' title='bbox 655 1766 791 1809; x_wconf 74' lang='lat' dir='ltr'>negotiis</span> <span class='ocrx_word' id='word_1_264' title='bbox 810 1767 909 1811; x_wconf 88' lang='lat' dir='ltr'>ipsius</span> <span class='ocrx_word' id='word_1_265' title='bbox 926 1767 1022 1800; x_wconf 78' lang='lat' dir='ltr'>oflicii</span> <span class='ocrx_word' id='word_1_266' title='bbox 1043 1768 1082 1800; x_wconf 88' lang='lat' dir='ltr'>ab</span> <span class='ocrx_word' id='word_1_267' title='bbox 1103 1778 1156 1801; x_wconf 90' lang='lat' dir='ltr'>eo-</span> 
     </span>
    </p>
   </div>
   <div class='ocr_carea' id='block_1_24' title="bbox 412 1820 1173 1861">
    <p class='ocr_par' dir='ltr' id='par_1_29' title="bbox 412 1820 1173 1861">
     <span class='ocr_line' id='line_1_49' title="bbox 412 1820 1173 1861; baseline -0.003 -8"><span class='ocrx_word' id='word_1_268' title='bbox 412 1831 484 1853; x_wconf 88' lang='lat' dir='ltr'>rum</span> <span class='ocrx_word' id='word_1_269' title='bbox 518 1820 692 1853; x_wconf 84' lang='lat' dir='ltr'>residentia</span> <span class='ocrx_word' id='word_1_270' title='bbox 722 1820 850 1861; x_wconf 87' lang='lat' dir='ltr'>abesse,</span> <span class='ocrx_word' id='word_1_271' title='bbox 883 1826 914 1854; x_wconf 89' lang='lat' dir='ltr'>et</span> <span class='ocrx_word' id='word_1_272' title='bbox 945 1821 1173 1854; x_wconf 78' lang='lat' dir='ltr'>nihilominus:</span> 
     </span>
    </p>
   </div>
   <div class='ocr_carea' id='block_1_25' title="bbox 413 1873 1156 1917">
    <p class='ocr_par' dir='ltr' id='par_1_30' title="bbox 413 1873 1156 1917">
     <span class='ocr_line' id='line_1_50' title="bbox 413 1873 1156 1917; baseline 0.001 -11"><span class='ocrx_word' id='word_1_273' title='bbox 413 1874 543 1913; x_wconf 76' lang='lat' dir='ltr'>fructus,</span> <span class='ocrx_word' id='word_1_274' title='bbox 567 1873 712 1906; x_wconf 84' lang='lat' dir='ltr'>redditus</span> <span class='ocrx_word' id='word_1_275' title='bbox 729 1879 757 1906; x_wconf 89' lang='lat' dir='ltr'>ct</span> <span class='ocrx_word' id='word_1_276' title='bbox 780 1880 955 1917; x_wconf 79' lang='lat' dir='ltr'>proventus</span> <span class='ocrx_word' id='word_1_277' title='bbox 972 1875 1156 1908; x_wconf 82' lang='lat' dir='ltr'>huiusmodi</span> 
     </span>
    </p>
   </div>
   <div class='ocr_carea' id='block_1_26' title="bbox 412 1926 1174 2020">
    <p class='ocr_par' dir='ltr' id='par_1_31' title="bbox 412 1926 1174 2020">
     <span class='ocr_line' id='line_1_51' title="bbox 413 1926 1173 1970; baseline 0 -11"><span class='ocrx_word' id='word_1_278' title='bbox 413 1926 645 1960; x_wconf 75' lang='lat' dir='ltr'>beneficiorum</span> <span class='ocrx_word' id='word_1_279' title='bbox 676 1938 734 1970; x_wconf 88' lang='lat' dir='ltr'>per</span> <span class='ocrx_word' id='word_1_280' title='bbox 760 1938 815 1960; x_wconf 86' lang='lat' dir='ltr'>eos</span> <span class='ocrx_word' id='word_1_281' title='bbox 844 1928 1074 1967; x_wconf 87' lang='lat' dir='ltr'>obtentorum,</span> <span class='ocrx_word' id='word_1_282' title='bbox 1098 1932 1173 1961; x_wconf 66' lang='lat' dir='ltr'>nec]</span> 
     </span>
     <span class='ocr_line' id='line_1_52' title="bbox 412 1980 1174 2020; baseline 0.001 -6"><span class='ocrx_word' id='word_1_283' title='bbox 412 1991 476 2014; x_wconf 90' lang='lat' dir='ltr'>non</span> <span class='ocrx_word' id='word_1_284' title='bbox 509 1980 599 2020; x_wconf 88' lang='lat' dir='ltr'>iura,</span> <span class='ocrx_word' id='word_1_285' title='bbox 632 1981 841 2014; x_wconf 78' lang='lat' dir='ltr'>obventiones</span> <span class='ocrx_word' id='word_1_286' title='bbox 876 1987 906 2014; x_wconf 88' lang='lat' dir='ltr'>et</span> <span class='ocrx_word' id='word_1_287' title='bbox 938 1983 1174 2015; x_wconf 84' lang='lat' dir='ltr'>emolumenta</span> 
     </span>
    </p>
   </div>
   <div class='ocr_carea' id='block_1_27' title="bbox 412 2034 1157 2079">
    <p class='ocr_par' dir='ltr' id='par_1_32' title="bbox 412 2034 1157 2079">
     <span class='ocr_line' id='line_1_53' title="bbox 412 2034 1157 2079; baseline 0.003 -12"><span class='ocrx_word' id='word_1_288' title='bbox 412 2044 647 2078; x_wconf 85' lang='lat' dir='ltr'>quaecumque,</span> <span class='ocrx_word' id='word_1_289' title='bbox 669 2040 700 2067; x_wconf 87' lang='lat' dir='ltr'>et</span> <span class='ocrx_word' id='word_1_290' title='bbox 721 2034 751 2067; x_wconf 90' lang='lat' dir='ltr'>in</span> <span class='ocrx_word' id='word_1_291' title='bbox 773 2034 1057 2069; x_wconf 78' lang='lat' dir='ltr'>distributionibus</span> <span class='ocrx_word' id='word_1_292' title='bbox 1077 2046 1157 2079; x_wconf 91' lang='lat' dir='ltr'>qno-</span> 
     </span>
    </p>
   </div>
   <div class='ocr_carea' id='block_1_28' title="bbox 414 2086 1174 2132">
    <p class='ocr_par' dir='ltr' id='par_1_33' title="bbox 414 2086 1174 2132">
     <span class='ocr_line' id='line_1_54' title="bbox 414 2086 1174 2132; baseline 0.003 -12"><span class='ocrx_word' id='word_1_293' title='bbox 414 2086 541 2120; x_wconf 84' lang='lat' dir='ltr'>tidianis</span> <span class='ocrx_word' id='word_1_294' title='bbox 561 2087 768 2121; x_wconf 78' lang='lat' dir='ltr'>consistentia</span> <span class='ocrx_word' id='word_1_295' title='bbox 791 2088 914 2128; x_wconf 61' lang='lat' dir='ltr'>integre</span> <span class='ocrx_word' id='word_1_296' title='bbox 935 2088 1153 2132; x_wconf 73' lang='lat' dir='ltr'>perciperent,</span> <span class='ocrx_word' id='word_1_297' title='bbox 1172 2090 1174 2106; x_wconf 76' lang='lat'><em>³</em></span> 
     </span>
    </p>
   </div>
   <div class='ocr_carea' id='block_1_29' title="bbox 413 2141 1155 2238">
    <p class='ocr_par' dir='ltr' id='par_1_34' title="bbox 413 2141 1155 2238">
     <span class='ocr_line' id='line_1_55' title="bbox 413 2141 1155 2185; baseline 0.004 -12"><span class='ocrx_word' id='word_1_298' title='bbox 413 2141 547 2185; x_wconf 81' lang='lat' dir='ltr'>perinde</span> <span class='ocrx_word' id='word_1_299' title='bbox 568 2152 604 2174; x_wconf 82' lang='lat' dir='ltr'>ac</span> <span class='ocrx_word' id='word_1_300' title='bbox 625 2141 649 2174; x_wconf 90' lang='lat' dir='ltr'>si</span> <span class='ocrx_word' id='word_1_301' title='bbox 682 2141 896 2185; x_wconf 72' lang='lat' dir='ltr'>personaliter</span> <span class='ocrx_word' id='word_1_302' title='bbox 929 2142 1106 2175; x_wconf 70' lang='lat' dir='ltr'>residerent</span> <span class='ocrx_word' id='word_1_303' title='bbox 1126 2149 1155 2176; x_wconf 90' lang='lat' dir='ltr'>et</span> 
     </span>
     <span class='ocr_line' id='line_1_56' title="bbox 413 2194 1155 2238; baseline 0.001 -11"><span class='ocrx_word' id='word_1_304' title='bbox 413 2194 622 2234; x_wconf 77' lang='lat' dir='ltr'>deservirent,</span> <span class='ocrx_word' id='word_1_305' title='bbox 646 2200 742 2238; x_wconf 90' lang='lat' dir='ltr'>prout</span> <span class='ocrx_word' id='word_1_306' title='bbox 762 2195 791 2227; x_wconf 88' lang='lat' dir='ltr'>in</span> <span class='ocrx_word' id='word_1_307' title='bbox 814 2195 946 2229; x_wconf 76' lang='lat' dir='ltr'>dirersis</span> <span class='ocrx_word' id='word_1_308' title='bbox 967 2197 1155 2229; x_wconf 75' lang='lat' dir='ltr'>eorumden}</span> 
     </span>
    </p>
   </div>
   <div class='ocr_carea' id='block_1_30' title="bbox 1170 1181 1936 2241">
    <p class='ocr_par' dir='ltr' id='par_1_35' title="bbox 1170 1181 1936 2241">
     <span class='ocr_line' id='line_1_57' title="bbox 1187 1181 1933 1225; baseline 0.001 -11"><span class='ocrx_word' id='word_1_309' title='bbox 1187 1182 1237 1214; x_wconf 85' lang='lat' dir='ltr'>vel</span> <span class='ocrx_word' id='word_1_310' title='bbox 1257 1181 1311 1214; x_wconf 85' lang='lat' dir='ltr'>alii</span> <span class='ocrx_word' id='word_1_311' title='bbox 1329 1181 1536 1225; x_wconf 87' lang='lat' dir='ltr'>inquisitores</span> <span class='ocrx_word' id='word_1_312' title='bbox 1555 1181 1673 1215; x_wconf 88' lang='lat' dir='ltr'>suerint</span> <span class='ocrx_word' id='word_1_313' title='bbox 1696 1181 1857 1225; x_wconf 88' lang='lat' dir='ltr'>deputati,</span> <span class='ocrx_word' id='word_1_314' title='bbox 1881 1191 1933 1215; x_wconf 84' lang='lat' dir='ltr'>ve-</span> 
     </span>
     <span class='ocr_line' id='line_1_58' title="bbox 1188 1234 1932 1278; baseline -0.001 -10"><span class='ocrx_word' id='word_1_315' title='bbox 1188 1234 1327 1278; x_wconf 87' lang='lat' dir='ltr'>strisque</span> <span class='ocrx_word' id='word_1_316' title='bbox 1351 1235 1481 1268; x_wconf 91' lang='lat' dir='ltr'>illorum</span> <span class='ocrx_word' id='word_1_317' title='bbox 1513 1234 1774 1275; x_wconf 89' lang='lat' dir='ltr'>consultoribus,</span> <span class='ocrx_word' id='word_1_318' title='bbox 1798 1244 1932 1278; x_wconf 88' lang='lat' dir='ltr'>promo-</span> 
     </span>
     <span class='ocr_line' id='line_1_59' title="bbox 1170 1287 1931 1329; baseline -0.001 -8"><span class='ocrx_word' id='word_1_319' title='bbox 1170 1324 1171 1328; x_wconf 43' lang='lat'>,</span> <span class='ocrx_word' id='word_1_320' title='bbox 1189 1288 1324 1329; x_wconf 85' lang='lat' dir='ltr'>toribus,</span> <span class='ocrx_word' id='word_1_321' title='bbox 1340 1298 1507 1322; x_wconf 86' lang='lat' dir='ltr'>carcerum</span> <span class='ocrx_word' id='word_1_322' title='bbox 1528 1287 1717 1321; x_wconf 84' lang='lat' dir='ltr'>custodibus</span> <span class='ocrx_word' id='word_1_323' title='bbox 1736 1292 1768 1320; x_wconf 89' lang='lat' dir='ltr'>et</span> <span class='ocrx_word' id='word_1_324' title='bbox 1787 1287 1857 1321; x_wconf 84' lang='lat' dir='ltr'>aliis</span> <span class='ocrx_word' id='word_1_325' title='bbox 1870 1287 1931 1320; x_wconf 90' lang='lat' dir='ltr'>mi-</span> 
     </span>
     <span class='ocr_line' id='line_1_60' title="bbox 1188 1340 1933 1385; baseline -0.001 -10"><span class='ocrx_word' id='word_1_326' title='bbox 1188 1342 1296 1375; x_wconf 91' lang='lat' dir='ltr'>nistris</span> <span class='ocrx_word' id='word_1_327' title='bbox 1316 1341 1412 1375; x_wconf 83' lang='lat' dir='ltr'>officii</span> <span class='ocrx_word' id='word_1_328' title='bbox 1430 1340 1647 1385; x_wconf 86' lang='lat' dir='ltr'>inquisitionis</span> <span class='ocrx_word' id='word_1_329' title='bbox 1666 1340 1852 1374; x_wconf 89' lang='lat' dir='ltr'>huiusmodi</span> <span class='ocrx_word' id='word_1_330' title='bbox 1864 1340 1933 1385; x_wconf 87' lang='lat' dir='ltr'>ipsa</span> 
     </span>
     <span class='ocr_line' id='line_1_61' title="bbox 1189 1393 1933 1435; baseline -0.003 -6"><span class='ocrx_word' id='word_1_331' title='bbox 1189 1395 1295 1429; x_wconf 85' lang='lat' dir='ltr'>officia</span> <span class='ocrx_word' id='word_1_332' title='bbox 1315 1401 1345 1428; x_wconf 89' lang='lat' dir='ltr'>et</span> <span class='ocrx_word' id='word_1_333' title='bbox 1366 1394 1544 1428; x_wconf 83' lang='lat' dir='ltr'>ministeria</span> <span class='ocrx_word' id='word_1_334' title='bbox 1563 1393 1798 1435; x_wconf 82' lang='lat' dir='ltr'>exercentibus,</span> <span class='ocrx_word' id='word_1_335' title='bbox 1822 1393 1933 1427; x_wconf 80' lang='lat' dir='ltr'>tamin</span> 
     </span>
     <span class='ocr_line' id='line_1_62' title="bbox 1189 1446 1932 1491; baseline -0.003 -9"><span class='ocrx_word' id='word_1_336' title='bbox 1189 1448 1310 1482; x_wconf 89' lang='lat' dir='ltr'>eisdem</span> <span class='ocrx_word' id='word_1_337' title='bbox 1332 1448 1439 1491; x_wconf 80' lang='lat' dir='ltr'>regnis</span> <span class='ocrx_word' id='word_1_338' title='bbox 1454 1475 1461 1488; x_wconf 91' lang='lat'>,</span> <span class='ocrx_word' id='word_1_339' title='bbox 1484 1447 1637 1481; x_wconf 88' lang='lat' dir='ltr'>dominiis</span> <span class='ocrx_word' id='word_1_340' title='bbox 1661 1452 1693 1480; x_wconf 91' lang='lat' dir='ltr'>et</span> <span class='ocrx_word' id='word_1_341' title='bbox 1712 1446 1790 1480; x_wconf 90' lang='lat' dir='ltr'>locis</span> <span class='ocrx_word' id='word_1_342' title='bbox 1804 1473 1812 1487; x_wconf 85' lang='lat'>,</span> <span class='ocrx_word' id='word_1_343' title='bbox 1835 1456 1932 1491; x_wconf 88' lang='lat' dir='ltr'>quam</span> 
     </span>
     <span class='ocr_line' id='line_1_63' title="bbox 1189 1500 1934 1546; baseline -0.001 -11"><span class='ocrx_word' id='word_1_344' title='bbox 1189 1502 1264 1536; x_wconf 89' lang='lat' dir='ltr'>alibi</span> <span class='ocrx_word' id='word_1_345' title='bbox 1284 1502 1482 1546; x_wconf 88' lang='lat' dir='ltr'>ubicumque</span> <span class='ocrx_word' id='word_1_346' title='bbox 1503 1507 1532 1534; x_wconf 89' lang='lat' dir='ltr'>et</span> <span class='ocrx_word' id='word_1_347' title='bbox 1554 1501 1585 1534; x_wconf 91' lang='lat' dir='ltr'>in</span> <span class='ocrx_word' id='word_1_348' title='bbox 1607 1501 1751 1534; x_wconf 85' lang='lat' dir='ltr'>Romana</span> <span class='ocrx_word' id='word_1_349' title='bbox 1770 1500 1864 1535; x_wconf 89' lang='lat' dir='ltr'>Curia</span> <span class='ocrx_word' id='word_1_350' title='bbox 1875 1510 1934 1545; x_wconf 88' lang='lat' dir='ltr'>per</span> 
     </span>
     <span class='ocr_line' id='line_1_64' title="bbox 1170 1550 1934 1600; baseline -0.003 -11"><span class='ocrx_word' id='word_1_351' title='bbox 1170 1567 1247 1600; x_wconf 51' lang='lat' dir='ltr'>¹pro</span> <span class='ocrx_word' id='word_1_352' title='bbox 1279 1562 1424 1600; x_wconf 88' lang='lat' dir='ltr'>tempore</span> <span class='ocrx_word' id='word_1_353' title='bbox 1453 1550 1641 1588; x_wconf 86' lang='lat' dir='ltr'>existentem</span> <span class='ocrx_word' id='word_1_354' title='bbox 1672 1554 1856 1597; x_wconf 81' lang='lat' dir='ltr'>generalem</span> <span class='ocrx_word' id='word_1_355' title='bbox 1885 1554 1934 1588; x_wconf 90' lang='lat' dir='ltr'>in-</span> 
     </span>
     <span class='ocr_line' id='line_1_65' title="bbox 1189 1607 1935 1653; baseline 0 -11"><span class='ocrx_word' id='word_1_356' title='bbox 1189 1609 1377 1653; x_wconf 87' lang='lat' dir='ltr'>quisitorem</span> <span class='ocrx_word' id='word_1_357' title='bbox 1403 1608 1576 1652; x_wconf 85' lang='lat' dir='ltr'>deputatis,</span> <span class='ocrx_word' id='word_1_358' title='bbox 1590 1619 1647 1641; x_wconf 89' lang='lat' dir='ltr'>seu</span> <span class='ocrx_word' id='word_1_359' title='bbox 1667 1607 1782 1649; x_wconf 87' lang='lat' dir='ltr'>missis,</span> <span class='ocrx_word' id='word_1_360' title='bbox 1806 1614 1837 1642; x_wconf 88' lang='lat' dir='ltr'>et</span> <span class='ocrx_word' id='word_1_361' title='bbox 1856 1608 1935 1642; x_wconf 87' lang='lat' dir='ltr'>alias</span> 
     </span>
     <span class='ocr_line' id='line_1_66' title="bbox 1189 1661 1934 1708; baseline -0.001 -12"><span class='ocrx_word' id='word_1_362' title='bbox 1189 1662 1435 1708; x_wconf 88' lang='lat' dir='ltr'>quomodolibet</span> <span class='ocrx_word' id='word_1_363' title='bbox 1444 1662 1628 1705; x_wconf 81' lang='lat' dir='ltr'>designatis,</span> <span class='ocrx_word' id='word_1_364' title='bbox 1638 1667 1668 1696; x_wconf 89' lang='lat' dir='ltr'>et</span> <span class='ocrx_word' id='word_1_365' title='bbox 1681 1662 1713 1694; x_wconf 90' lang='lat' dir='ltr'>in</span> <span class='ocrx_word' id='word_1_366' title='bbox 1727 1661 1833 1696; x_wconf 85' lang='lat' dir='ltr'>officio</span> <span class='ocrx_word' id='word_1_367' title='bbox 1841 1672 1934 1706; x_wconf 86' lang='lat' dir='ltr'>prae-</span> 
     </span>
     <span class='ocr_line' id='line_1_67' title="bbox 1190 1715 1933 1760; baseline -0.001 -10"><span class='ocrx_word' id='word_1_368' title='bbox 1190 1717 1276 1751; x_wconf 88' lang='lat' dir='ltr'>dicto</span> <span class='ocrx_word' id='word_1_369' title='bbox 1299 1716 1518 1757; x_wconf 81' lang='lat' dir='ltr'>versantibus,</span> <span class='ocrx_word' id='word_1_370' title='bbox 1542 1721 1574 1749; x_wconf 87' lang='lat' dir='ltr'>et</span> <span class='ocrx_word' id='word_1_371' title='bbox 1600 1715 1736 1759; x_wconf 72' lang='lat' dir='ltr'>negocia</span> <span class='ocrx_word' id='word_1_372' title='bbox 1761 1716 1802 1750; x_wconf 89' lang='lat' dir='ltr'>ad</span> <span class='ocrx_word' id='word_1_373' title='bbox 1828 1715 1933 1760; x_wconf 88' lang='lat' dir='ltr'>ipsum</span> 
     </span>
     <span class='ocr_line' id='line_1_68' title="bbox 1191 1769 1935 1814; baseline -0.003 -10"><span class='ocrx_word' id='word_1_374' title='bbox 1191 1769 1407 1814; x_wconf 87' lang='lat' dir='ltr'>inquisitionis</span> <span class='ocrx_word' id='word_1_375' title='bbox 1431 1769 1574 1803; x_wconf 82' lang='lat' dir='ltr'>officium</span> <span class='ocrx_word' id='word_1_376' title='bbox 1602 1769 1797 1813; x_wconf 88' lang='lat' dir='ltr'>pertinentia</span> <span class='ocrx_word' id='word_1_377' title='bbox 1816 1769 1935 1803; x_wconf 87' lang='lat' dir='ltr'>sollici-</span> 
     </span>
     <span class='ocr_line' id='line_1_69' title="bbox 1191 1821 1931 1866; baseline -0.001 -10"><span class='ocrx_word' id='word_1_378' title='bbox 1191 1823 1331 1857; x_wconf 89' lang='lat' dir='ltr'>tantibus</span> <span class='ocrx_word' id='word_1_379' title='bbox 1356 1828 1386 1856; x_wconf 89' lang='lat' dir='ltr'>et</span> <span class='ocrx_word' id='word_1_380' title='bbox 1406 1821 1671 1866; x_wconf 84' lang='lat' dir='ltr'>procurantibus,</span> <span class='ocrx_word' id='word_1_381' title='bbox 1695 1821 1820 1855; x_wconf 89' lang='lat' dir='ltr'>etiamsi</span> <span class='ocrx_word' id='word_1_382' title='bbox 1847 1831 1931 1866; x_wconf 90' lang='lat' dir='ltr'>pon-</span> 
     </span>
     <span class='ocr_line' id='line_1_70' title="bbox 1192 1874 1931 1920; baseline -0.001 -10"><span class='ocrx_word' id='word_1_383' title='bbox 1192 1877 1299 1910; x_wconf 83' lang='lat' dir='ltr'>tificali</span> <span class='ocrx_word' id='word_1_384' title='bbox 1314 1876 1480 1919; x_wconf 82' lang='lat' dir='ltr'>dignitate,</span> <span class='ocrx_word' id='word_1_385' title='bbox 1497 1876 1545 1909; x_wconf 87' lang='lat' dir='ltr'>vel</span> <span class='ocrx_word' id='word_1_386' title='bbox 1565 1875 1625 1908; x_wconf 86' lang='lat' dir='ltr'>alia</span> <span class='ocrx_word' id='word_1_387' title='bbox 1644 1874 1780 1920; x_wconf 84' lang='lat' dir='ltr'>praediti</span> <span class='ocrx_word' id='word_1_388' title='bbox 1801 1875 1931 1916; x_wconf 89' lang='lat' dir='ltr'>suerint,</span> 
     </span>
     <span class='ocr_line' id='line_1_71' title="bbox 1191 1928 1931 1975; baseline -0.003 -11"><span class='ocrx_word' id='word_1_389' title='bbox 1191 1930 1369 1975; x_wconf 86' lang='lat' dir='ltr'>quandium</span> <span class='ocrx_word' id='word_1_390' title='bbox 1403 1935 1510 1963; x_wconf 89' lang='lat' dir='ltr'>tamen</span> <span class='ocrx_word' id='word_1_391' title='bbox 1525 1957 1532 1969; x_wconf 93' lang='lat'>,</span> <span class='ocrx_word' id='word_1_392' title='bbox 1560 1929 1675 1962; x_wconf 90' lang='lat' dir='ltr'>ultimo</span> <span class='ocrx_word' id='word_1_393' title='bbox 1711 1928 1798 1962; x_wconf 90' lang='lat' dir='ltr'>dicto</span> <span class='ocrx_word' id='word_1_394' title='bbox 1833 1928 1931 1972; x_wconf 89' lang='lat' dir='ltr'>quin-</span> 
     </span>
     <span class='ocr_line' id='line_1_72' title="bbox 1191 1982 1935 2028; baseline 0 -11"><span class='ocrx_word' id='word_1_395' title='bbox 1191 1983 1333 2028; x_wconf 87' lang='lat' dir='ltr'>quennio</span> <span class='ocrx_word' id='word_1_396' title='bbox 1351 1984 1499 2023; x_wconf 84' lang='lat' dir='ltr'>durante,</span> <span class='ocrx_word' id='word_1_397' title='bbox 1516 1983 1592 2027; x_wconf 83' lang='lat' dir='ltr'>ipsis</span> <span class='ocrx_word' id='word_1_398' title='bbox 1612 1982 1726 2016; x_wconf 84' lang='lat' dir='ltr'>officiis</span> <span class='ocrx_word' id='word_1_399' title='bbox 1745 1988 1776 2016; x_wconf 88' lang='lat' dir='ltr'>et</span> <span class='ocrx_word' id='word_1_400' title='bbox 1794 1982 1935 2017; x_wconf 83' lang='lat' dir='ltr'>ministe-</span> 
     </span>
     <span class='ocr_line' id='line_1_73' title="bbox 1172 2036 1936 2081; baseline -0.001 -10"><span class='ocrx_word' id='word_1_401' title='bbox 1172 2049 1173 2072; x_wconf 63' lang='grc' dir='ltr'>ι</span> <span class='ocrx_word' id='word_1_402' title='bbox 1193 2038 1246 2070; x_wconf 88' lang='lat' dir='ltr'>riis</span> <span class='ocrx_word' id='word_1_403' title='bbox 1273 2047 1405 2081; x_wconf 86' lang='lat' dir='ltr'>operam</span> <span class='ocrx_word' id='word_1_404' title='bbox 1438 2036 1590 2070; x_wconf 86' lang='lat' dir='ltr'>dederitis</span> <span class='ocrx_word' id='word_1_405' title='bbox 1605 2064 1612 2077; x_wconf 91' lang='lat'>,</span> <span class='ocrx_word' id='word_1_406' title='bbox 1636 2041 1671 2069; x_wconf 91' lang='lat' dir='ltr'>ut</span> <span class='ocrx_word' id='word_1_407' title='bbox 1691 2046 1746 2069; x_wconf 80' lang='lat' dir='ltr'>vos</span> <span class='ocrx_word' id='word_1_408' title='bbox 1772 2045 1885 2070; x_wconf 86' lang='lat' dir='ltr'>omnes</span> <span class='ocrx_word' id='word_1_409' title='bbox 1904 2040 1936 2070; x_wconf 82' lang='lat' dir='ltr'>et</span> 
     </span>
     <span class='ocr_line' id='line_1_74' title="bbox 1191 2089 1936 2135; baseline 0 -12"><span class='ocrx_word' id='word_1_410' title='bbox 1191 2091 1323 2135; x_wconf 86' lang='lat' dir='ltr'>quilibet</span> <span class='ocrx_word' id='word_1_411' title='bbox 1346 2096 1497 2129; x_wconf 72' lang='lat' dir='ltr'>restrum,</span> <span class='ocrx_word' id='word_1_412' title='bbox 1521 2090 1569 2123; x_wconf 83' lang='lat' dir='ltr'>vel</span> <span class='ocrx_word' id='word_1_413' title='bbox 1591 2089 1729 2123; x_wconf 85' lang='lat' dir='ltr'>aliorum</span> <span class='ocrx_word' id='word_1_414' title='bbox 1754 2089 1936 2133; x_wconf 82' lang='lat' dir='ltr'>praedicto-</span> 
     </span>
     <span class='ocr_line' id='line_1_75' title="bbox 1192 2142 1934 2187; baseline 0 -10"><span class='ocrx_word' id='word_1_415' title='bbox 1192 2155 1262 2177; x_wconf 91' lang='lat' dir='ltr'>rum</span> <span class='ocrx_word' id='word_1_416' title='bbox 1285 2142 1419 2184; x_wconf 71' lang='lat' dir='ltr'>nucius,</span> <span class='ocrx_word' id='word_1_417' title='bbox 1442 2143 1587 2177; x_wconf 87' lang='lat' dir='ltr'>redditus</span> <span class='ocrx_word' id='word_1_418' title='bbox 1608 2149 1636 2177; x_wconf 91' lang='lat' dir='ltr'>et</span> <span class='ocrx_word' id='word_1_419' title='bbox 1659 2148 1832 2187; x_wconf 78' lang='lat' dir='ltr'>proventus</span> <span class='ocrx_word' id='word_1_420' title='bbox 1851 2152 1934 2187; x_wconf 85' lang='lat' dir='ltr'>quo-</span> 
     </span>
     <span class='ocr_line' id='line_1_76' title="bbox 1192 2194 1931 2241; baseline -0.001 -11"><span class='ocrx_word' id='word_1_421' title='bbox 1192 2208 1405 2241; x_wconf 87' lang='lat' dir='ltr'>rumcumque</span> <span class='ocrx_word' id='word_1_422' title='bbox 1437 2196 1670 2230; x_wconf 84' lang='lat' dir='ltr'>beneficiorum</span> <span class='ocrx_word' id='word_1_423' title='bbox 1695 2194 1931 2229; x_wconf 82' lang='lat' dir='ltr'>ecclesiastico-</span> 
     </span>
    </p>
   </div>
   <div class='ocr_carea' id='block_1_31' title="bbox 413 2243 1173 2397">
    <p class='ocr_par' dir='ltr' id='par_1_36' title="bbox 413 2243 1173 2397">
     <span class='ocr_line' id='line_1_77' title="bbox 413 2243 1173 2292; baseline 0.007 -12"><span class='ocrx_word' id='word_1_424' title='bbox 413 2249 696 2291; x_wconf 71' lang='lat' dir='ltr'>praealeoessoruin</span> <span class='ocrx_word' id='word_1_425' title='bbox 737 2248 849 2281; x_wconf 85' lang='lat' dir='ltr'>litteris</span> <span class='ocrx_word' id='word_1_426' title='bbox 889 2249 1014 2292; x_wconf 85' lang='lat' dir='ltr'>plenius</span> <span class='ocrx_word' id='word_1_427' title='bbox 1049 2249 1153 2282; x_wconf 82' lang='lat' dir='ltr'>eonti—</span> <span class='ocrx_word' id='word_1_428' title='bbox 1172 2243 1173 2285; x_wconf 65' lang='lat' dir='ltr'>i</span> 
     </span>
     <span class='ocr_line' id='line_1_78' title="bbox 414 2307 518 2335; baseline 0 -1"><span class='ocrx_word' id='word_1_429' title='bbox 414 2307 518 2335; x_wconf 86' lang='lat' dir='ltr'>netur.</span> 
     </span>
     <span class='ocr_line' id='line_1_79' title="bbox 459 2355 1156 2397; baseline 0.007 -11"><span class='ocrx_word' id='word_1_430' title='bbox 459 2356 474 2397; x_wconf 63' lang='lat' dir='ltr'>g</span> <span class='ocrx_word' id='word_1_431' title='bbox 498 2355 525 2387; x_wconf 85' lang='grc'><strong>2</strong></span> <span class='ocrx_word' id='word_1_432' title='bbox 548 2355 788 2394; x_wconf 77' lang='lat' dir='ltr'>Nos,siinilibns</span> <span class='ocrx_word' id='word_1_433' title='bbox 809 2362 838 2389; x_wconf 85' lang='lat' dir='ltr'>et</span> <span class='ocrx_word' id='word_1_434' title='bbox 860 2357 929 2390; x_wconf 68' lang='lat' dir='ltr'>aliis¹</span> <span class='ocrx_word' id='word_1_435' title='bbox 949 2358 988 2390; x_wconf 87' lang='lat' dir='ltr'>ad</span> <span class='ocrx_word' id='word_1_436' title='bbox 1014 2357 1074 2391; x_wconf 78' lang='lat' dir='ltr'>bor</span> <span class='ocrx_word' id='word_1_437' title='bbox 1099 2369 1156 2391; x_wconf 85' lang='lat' dir='ltr'>nos</span> 
     </span>
    </p>
   </div>
   <div class='ocr_carea' id='block_1_32' title="bbox 1172 2249 1936 2403">
    <p class='ocr_par' dir='ltr' id='par_1_37' title="bbox 1172 2249 1936 2403">
     <span class='ocr_line' id='line_1_80' title="bbox 1193 2249 1933 2301; baseline -0.003 -16"><span class='ocrx_word' id='word_1_438' title='bbox 1193 2263 1262 2285; x_wconf 89' lang='lat' dir='ltr'>rum</span> <span class='ocrx_word' id='word_1_439' title='bbox 1281 2251 1508 2291; x_wconf 86' lang='lat' dir='ltr'>saecularium,</span> <span class='ocrx_word' id='word_1_440' title='bbox 1523 2256 1554 2284; x_wconf 82' lang='lat' dir='ltr'>et</span> <span class='ocrx_word' id='word_1_441' title='bbox 1571 2250 1758 2295; x_wconf 86' lang='lat' dir='ltr'>quorumvis</span> <span class='ocrx_word' id='word_1_442' title='bbox 1777 2249 1933 2301; x_wconf 69' lang='lat' dir='ltr'>Ordinum</span> 
     </span>
     <span class='ocr_line' id='line_1_81' title="bbox 1172 2300 1932 2348; baseline -0.005 -8"><span class='ocrx_word' id='word_1_443' title='bbox 1172 2300 1173 2340; x_wconf 67' lang='grc' dir='ltr'>Ῐ</span> <span class='ocrx_word' id='word_1_444' title='bbox 1191 2305 1401 2346; x_wconf 64' lang='lat' dir='ltr'>regularium,</span> <span class='ocrx_word' id='word_1_445' title='bbox 1422 2304 1623 2348; x_wconf 80' lang='lat' dir='ltr'>personalem</span> <span class='ocrx_word' id='word_1_446' title='bbox 1652 2303 1856 2337; x_wconf 84' lang='lat' dir='ltr'>residentiam</span> <span class='ocrx_word' id='word_1_447' title='bbox 1878 2313 1932 2337; x_wconf 89' lang='lat' dir='ltr'>re-</span> 
     </span>
     <span class='ocr_line' id='line_1_82' title="bbox 1191 2356 1936 2403; baseline -0.001 -12"><span class='ocrx_word' id='word_1_448' title='bbox 1191 2358 1387 2403; x_wconf 86' lang='lat' dir='ltr'>quirentium</span> <span class='ocrx_word' id='word_1_449' title='bbox 1408 2357 1604 2401; x_wconf 85' lang='lat' dir='ltr'>(dummodo</span> <span class='ocrx_word' id='word_1_450' title='bbox 1631 2356 1685 2390; x_wconf 92' lang='lat' dir='ltr'>illa</span> <span class='ocrx_word' id='word_1_451' title='bbox 1710 2366 1774 2390; x_wconf 92' lang='lat' dir='ltr'>non</span> <span class='ocrx_word' id='word_1_452' title='bbox 1796 2356 1936 2390; x_wconf 81' lang='lat' dir='ltr'>habeant</span> 
     </span>
    </p>
   </div>
   <div class='ocr_carea' id='block_1_33' title="bbox 298 2409 1935 2508">
    <p class='ocr_par' dir='ltr' id='par_1_38' title="bbox 298 2409 1935 2508">
     <span class='ocr_line' id='line_1_83' title="bbox 304 2409 1934 2455; baseline 0.002 -15"><span class='ocrx_word' id='word_1_453' title='bbox 304 2415 322 2454; x_wconf 61' lang='lat' dir='ltr'>&#39;J&#39;</span> <span class='ocrx_word' id='word_1_454' title='bbox 371 2415 398 2453; x_wconf 45' lang='lat'>:2³3</span> <span class='ocrx_word' id='word_1_455' title='bbox 416 2409 617 2442; x_wconf 79' lang='lat' dir='ltr'>moventibus</span> <span class='ocrx_word' id='word_1_456' title='bbox 645 2410 749 2442; x_wconf 76' lang='lat' dir='ltr'>causis</span> <span class='ocrx_word' id='word_1_457' title='bbox 769 2410 918 2449; x_wconf 74' lang='lat' dir='ltr'>adducti,</span> <span class='ocrx_word' id='word_1_458' title='bbox 941 2421 976 2443; x_wconf 68' lang='lat' dir='ltr'>ar</span> <span class='ocrx_word' id='word_1_459' title='bbox 998 2411 1157 2455; x_wconf 69' lang='lat' dir='ltr'>snpplica—</span> <span class='ocrx_word' id='word_1_460' title='bbox 1172 2415 1173 2452; x_wconf 65' lang='lat' dir='ltr'>l</span> <span class='ocrx_word' id='word_1_461' title='bbox 1191 2423 1301 2446; x_wconf 87' lang='lat' dir='ltr'>curam</span> <span class='ocrx_word' id='word_1_462' title='bbox 1322 2411 1504 2445; x_wconf 84' lang='lat' dir='ltr'>animarum</span> <span class='ocrx_word' id='word_1_463' title='bbox 1526 2410 1828 2454; x_wconf 79' lang='lat' dir='ltr'>parochianorum).</span> <span class='ocrx_word' id='word_1_464' title='bbox 1851 2419 1934 2454; x_wconf 83' lang='lat' dir='ltr'>quae</span> 
     </span>
     <span class='ocr_line' id='line_1_84' title="bbox 298 2456 1935 2508; baseline 0.002 -15"><span class='ocrx_word' id='word_1_465' title='bbox 298 2470 330 2481; x_wconf 77' lang='lat'><strong>¹¹¹¹</strong></span> <span class='ocrx_word' id='word_1_466' title='bbox 416 2462 556 2494; x_wconf 70' lang='lat' dir='ltr'>tionibus</span> <span class='ocrx_word' id='word_1_467' title='bbox 578 2469 680 2496; x_wconf 73' lang='lat' dir='ltr'>vestro</span> <span class='ocrx_word' id='word_1_468' title='bbox 702 2463 831 2496; x_wconf 70' lang='lat' dir='ltr'>nominc¹</span> <span class='ocrx_word' id='word_1_469' title='bbox 862 2464 954 2496; x_wconf 82' lang='lat' dir='ltr'>nobis</span> <span class='ocrx_word' id='word_1_470' title='bbox 974 2475 1071 2508; x_wconf 73' lang='lat' dir='ltr'>super</span> <span class='ocrx_word' id='word_1_471' title='bbox 1096 2464 1156 2498; x_wconf 85' lang='lat' dir='ltr'>boc</span> <span class='ocrx_word' id='word_1_472' title='bbox 1172 2456 1174 2482; x_wconf 43' lang='grc' dir='ltr'><em>ἶ</em></span> <span class='ocrx_word' id='word_1_473' title='bbox 1191 2476 1277 2498; x_wconf 87' lang='lat' dir='ltr'>nunc</span> <span class='ocrx_word' id='word_1_474' title='bbox 1297 2475 1351 2498; x_wconf 78' lang='lat' dir='ltr'>vos</span> <span class='ocrx_word' id='word_1_475' title='bbox 1377 2470 1408 2498; x_wconf 89' lang='lat' dir='ltr'>ct</span> <span class='ocrx_word' id='word_1_476' title='bbox 1435 2463 1479 2497; x_wconf 88' lang='lat' dir='ltr'>illi</span> <span class='ocrx_word' id='word_1_477' title='bbox 1505 2462 1656 2496; x_wconf 87' lang='lat' dir='ltr'>obtinetis</span> <span class='ocrx_word' id='word_1_478' title='bbox 1687 2469 1714 2496; x_wconf 87' lang='lat' dir='ltr'>ct</span> <span class='ocrx_word' id='word_1_479' title='bbox 1748 2462 1935 2496; x_wconf 83' lang='lat' dir='ltr'>obtinebitis</span> 
     </span>
    </p>
   </div>
   <div class='ocr_carea' id='block_1_34' title="bbox 416 2510 1934 2667">
    <p class='ocr_par' dir='ltr' id='par_1_39' title="bbox 416 2510 1934 2667">
     <span class='ocr_line' id='line_1_85' title="bbox 416 2510 1933 2561; baseline 0.002 -15"><span class='ocrx_word' id='word_1_480' title='bbox 416 2516 568 2558; x_wconf 72' lang='lat' dir='ltr'>porrectis</span> <span class='ocrx_word' id='word_1_481' title='bbox 590 2516 743 2555; x_wconf 71' lang='lat' dir='ltr'>inrlinati,</span> <span class='ocrx_word' id='word_1_482' title='bbox 760 2517 1000 2550; x_wconf 69' lang='lat' dir='ltr'>necessitatibus</span> <span class='ocrx_word' id='word_1_483' title='bbox 1019 2523 1048 2551; x_wconf 85' lang='lat' dir='ltr'>et</span> <span class='ocrx_word' id='word_1_484' title='bbox 1069 2529 1157 2551; x_wconf 84' lang='lat' dir='ltr'>coin-</span> <span class='ocrx_word' id='word_1_485' title='bbox 1172 2527 1173 2533; x_wconf 62' lang='lat'>¹</span> <span class='ocrx_word' id='word_1_486' title='bbox 1191 2518 1413 2561; x_wconf 82' lang='lat' dir='ltr'>imposterum,</span> <span class='ocrx_word' id='word_1_487' title='bbox 1430 2516 1553 2549; x_wconf 83' lang='lat' dir='ltr'>etiamsi</span> <span class='ocrx_word' id='word_1_488' title='bbox 1569 2516 1779 2549; x_wconf 80' lang='lat' dir='ltr'>canonicatus</span> <span class='ocrx_word' id='word_1_489' title='bbox 1796 2521 1827 2549; x_wconf 88' lang='lat' dir='ltr'>ct</span> <span class='ocrx_word' id='word_1_490' title='bbox 1840 2510 1933 2559; x_wconf 65' lang='lat' dir='ltr'>przie-</span> 
     </span>
     <span class='ocr_line' id='line_1_86' title="bbox 416 2568 1934 2613; baseline 0.002 -13"><span class='ocrx_word' id='word_1_491' title='bbox 416 2568 518 2601; x_wconf 71' lang='lat' dir='ltr'>modis</span> <span class='ocrx_word' id='word_1_492' title='bbox 537 2569 645 2602; x_wconf 72' lang='lat' dir='ltr'>restris·</span> <span class='ocrx_word' id='word_1_493' title='bbox 663 2571 829 2603; x_wconf 69' lang='lat' dir='ltr'>consulere</span> <span class='ocrx_word' id='word_1_494' title='bbox 852 2571 1004 2611; x_wconf 75' lang='lat' dir='ltr'>volentes,</span> <span class='ocrx_word' id='word_1_495' title='bbox 1021 2583 1056 2604; x_wconf 84' lang='lat' dir='ltr'>ae</span> <span class='ocrx_word' id='word_1_496' title='bbox 1075 2571 1156 2604; x_wconf 85' lang='lat' dir='ltr'>litte·</span> <span class='ocrx_word' id='word_1_497' title='bbox 1192 2572 1314 2605; x_wconf 84' lang='lat' dir='ltr'>bendae</span> <span class='ocrx_word' id='word_1_498' title='bbox 1328 2571 1422 2604; x_wconf 87' lang='lat' dir='ltr'>ctiam</span> <span class='ocrx_word' id='word_1_499' title='bbox 1438 2570 1619 2604; x_wconf 81' lang='lat' dir='ltr'>doctorales</span> <span class='ocrx_word' id='word_1_500' title='bbox 1629 2571 1707 2613; x_wconf 90' lang='lat' dir='ltr'>(non</span> <span class='ocrx_word' id='word_1_501' title='bbox 1723 2575 1829 2603; x_wconf 89' lang='lat' dir='ltr'>tamen</span> <span class='ocrx_word' id='word_1_502' title='bbox 1843 2568 1934 2603; x_wconf 87' lang='lat' dir='ltr'>theo-</span> 
     </span>
     <span class='ocr_line' id='line_1_87' title="bbox 1191 2621 1932 2667; baseline 0 -10"><span class='ocrx_word' id='word_1_503' title='bbox 1191 2624 1333 2666; x_wconf 56' lang='lat' dir='ltr'>logales)</span> <span class='ocrx_word' id='word_1_504' title='bbox 1363 2629 1417 2657; x_wconf 88' lang='lat' dir='ltr'>aut</span> <span class='ocrx_word' id='word_1_505' title='bbox 1442 2622 1626 2666; x_wconf 79' lang='lat' dir='ltr'>dignitates,</span> <span class='ocrx_word' id='word_1_506' title='bbox 1650 2628 1851 2667; x_wconf 85' lang='lat' dir='ltr'>personatus,</span> <span class='ocrx_word' id='word_1_507' title='bbox 1875 2621 1932 2657; x_wconf 84' lang='lat' dir='ltr'>ad-</span> 
     </span>
    </p>
   </div>
   <div class='ocr_carea' id='block_1_35' title="bbox 1171 2593 1174 2662">
    <p class='ocr_par' dir='ltr' id='par_1_40' title="bbox 1171 2593 1174 2662">
     <span class='ocr_line' id='line_1_88' title="bbox 1171 2593 1174 2662; baseline 0 533"><span class='ocrx_word' id='word_1_508' title='bbox 1171 2593 1174 2662; x_wconf 95' lang='lat' dir='ltr'> </span> 
     </span>
    </p>
   </div>
   <div class='ocr_carea' id='block_1_36' title="bbox 456 2630 954 2666">
    <p class='ocr_par' dir='ltr' id='par_1_41' title="bbox 456 2630 954 2666">
     <span class='ocr_line' id='line_1_89' title="bbox 456 2630 954 2666; baseline 0.004 -8"><span class='ocrx_word' id='word_1_509' title='bbox 456 2633 464 2658; x_wconf 75' lang='lat' dir='ltr'>i</span> <span class='ocrx_word' id='word_1_510' title='bbox 488 2630 523 2657; x_wconf 58' lang='lat' dir='ltr'>tax</span> <span class='ocrx_word' id='word_1_511' title='bbox 546 2630 650 2666; x_wconf 72' lang='lat' dir='ltr'>llegest.</span> <span class='ocrx_word' id='word_1_512' title='bbox 670 2632 695 2658; x_wconf 89' lang='lat' dir='ltr'>in</span> <span class='ocrx_word' id='word_1_513' title='bbox 711 2633 810 2659; x_wconf 67' lang='lat' dir='ltr'>secret.</span> <span class='ocrx_word' id='word_1_514' title='bbox 823 2632 954 2660; x_wconf 56' lang='lat' dir='ltr'>tirellum.</span> 
     </span>
    </p>
   </div>
   <div class='ocr_carea' id='block_1_37' title="bbox 2063 0 2253 3195">
    <p class='ocr_par' dir='ltr' id='par_1_42' title="bbox 2063 0 2253 3195">
     <span class='ocr_line' id='line_1_90' title="bbox 2063 0 2253 3195; baseline 0 0"><span class='ocrx_word' id='word_1_515' title='bbox 2063 0 2253 3195; x_wconf 95' lang='lat' dir='ltr'> </span> 
     </span>
    </p>
   </div>
  </div>
 </body>
</html>
