2253 3195
7 297 9 312 ⁴,
24 274 72 303 An.
91 271 120 299 C.
138 271 207 298 1602

827 273 973 297 CLEMENS
994 273 1051 296 Vll!
1072 274 1122 296 PP.

219 321 258 354 de
278 320 323 353 eis
340 321 426 364 apud
443 326 513 354 acta
534 331 605 354 mea
625 320 758 361 conseci,
781 321 819 354 de
843 321 959 365 quibus

218 373 368 406 omnibus
393 373 489 406 ctiam
525 374 622 407 tidem
655 375 749 413 sacto,
774 379 805 407 et
825 380 860 407 ut
880 375 959 407 tides

218 427 337 470 ubique
352 427 384 460 in
405 427 523 461 iudicio
542 434 571 460 et
592 434 678 460 extra
699 434 785 461 certa
806 429 958 461 adhibea-

220 485 269 512 tur
287 490 337 512 me
355 480 542 524 subscripsi,
567 486 597 513 et
617 491 724 513 meum
736 481 866 514 solitum
885 481 960 514 artis

219 534 365 567 notariae
383 535 520 578 apposui
541 534 679 577 signum.

440 606 524 638 Loco
544 607 569 648 †
589 606 687 648 Signi.

439 660 524 692 Loco
544 660 569 702 -1·
588 659 703 701 sig-itti.

305 730 439 763 Iacobus
458 722 576 763 P'aulus
589 730 740 771 Pallares,
752 731 919 776 presbyter
932 738 962 765 et

394 781 539 814 notarius
559 781 772 825 supradictus.

254 880 452 923 Cathatoqus
472 891 593 919 eorum,
617 881 677 923 qui
696 881 917 914 contribuunt.

262 961 369 994 Mensa
401 961 602 1004 episcopalis,
625 972 735 994 mensa
754 963 959 1006 capitularis,

217 1014 361 1047 studium
395 1015 545 1056 generale
568 1015 810 1056 Valentiuense,
841 1017 963 1049 domini

220 1068 426 1112 temporales,
443 1068 666 1102 universitates
686 1069 893 1113 oppidorum,
912 1071 960 1103 sa-

218 1121 326 1155 bricae
342 1127 373 1154 et
393 1121 586 1161 beneficiati,
602 1122 724 1156 reditus
737 1123 963 1167 0111111110511111-

220 1180 290 1215 tae,
319 1174 522 1218 episcopatus
540 1174 714 1208 Oriolensis
742 1176 774 1208 111
799 1176 963 1210 dotatione

218 1228 453 1272 parochialium
472 1227 668 1271 oppidorum
690 1239 814 1270 eorum,
830 1230 885 1273 qui
898 1241 961 1263 nu-

219 1292 278 1325 per
304 1282 344 1314 ad
377 1281 474 1315 tidem
502 1282 633 1314 suerunt
653 1283 811 1321 conversi,
836 1289 900 1316 tam
927 1295 964 1317 ex

219 1335 352 1379 antiqua
371 1335 568 1378 obligatione
589 1347 686 1380 quam
712 1347 748 1369 ex
771 1347 854 1370 nora
872 1338 963 1371 dota-

221 1389 317 1430 tione,
340 1390 379 1422 de
400 1395 529 1422 0011111111
550 1389 641 1422 libris
666 1390 705 1422 de
725 1400 809 1423 anno
830 1402 960 1425 itnxcvt.

261 1443 367 1476 Mensa
393 1443 585 1486 episcopalis
612 1454 647 1476 ex
674 1443 806 1487 antiqua
833 1445 960 1487 obliga-

219 1495 305 1529 tione
318 1496 661 1540 solvitparochialibus
673 1497 845 1540 praedietis
858 1499 965 1532 sexde-

220 1549 284 1582 cim
306 1549 416 1589 libras,
441 1548 493 1582 16.

263 1603 299 1635 Et
320 1613 357 1635 ex
376 1613 459 1635 nova
480 1602 644 1636 dotatione
661 1603 754 1636 solvit
773 1604 895 1638 eisdem
909 1616 965 1648 pa-

220 1656 417 1690 rochialibus
449 1656 652 1700 septuaginta
687 1668 785 1690 unam
824 1658 938 1692 libram
955 1687 961 1699 ,

220 1709 404 1753 quindecim
430 1709 560 1748 solidos,
590 1709 642 1750 71,
666 1709 718 1743 15.

264 1764 371 1796 Mensa
395 1763 581 1806 capitularis
612 1764 786 1798 Oriolensis
811 1776 847 1798 ex
878 1767 963 1799 anti-

220 1828 283 1861 qua
303 1817 500 1860 obligatione
513 1817 607 1850 solvit
620 1818 862 1861 parochialibus
875 1831 967 1863 prae-

221 1871 313 1904 1110115
334 1876 406 1904 0010
428 1871 525 1904 libras
548 1876 579 1904 et
604 1881 719 1905 novem
740 1872 872 1913 50111105,
889 1872 962 1913 8,,(1,

265 1926 302 1958 Et
322 1937 358 1958 ex
378 1935 460 1958 nova
481 1924 647 1958 dotatione
667 1926 760 1958 solvit
774 1926 894 1959 eisdem
913 1939 968 1971 pa-

221 1978 417 2012 rochialibus
438 1979 653 2022 quadraginta
667 1984 730 2012 tres
747 1980 856 2021 libras,
874 1981 967 2024 quin-

221 2043 284 2076 que
303 2032 424 2065 solidos
455 2037 485 2065 et
509 2038 582 2065 octo
615 2033 774 2074 denarios,
798 2033 851 2074 43,
875 2034 906 2075 5,
934 2034 964 2068 8.
984 2049 986 2054 ’

265 2085 414 2120 Studium
452 2086 603 2127 generale
638 2086 774 2119 civitatis
805 2087 968 2121 Valentiae

221 2140 313 2173 solvit
346 2150 383 2173 ex
408 2139 540 2183 antiqua
572 2140 768 2182 obligatione
796 2142 968 2184 praedietis

222 2193 468 2237 parochialibus
497 2203 594 2226 unam
621 2193 735 2226 libram
764 2199 794 2227 et
818 2195 967 2228 undecim

222 2247 358 2287 solidos,
384 2246 414 2287 1,
436 2246 486 2279 11.

267 2301 304 2334 Et
317 2311 352 2334 ex
367 2310 449 2333 nova
470 2300 636 2333 dotatione
656 2300 750 2333 solvit
771 2300 891 2333 eisdem
911 2311 968 2343 pa-

222 2353 419 2387 rochialibus
432 2353 575 2397 quinque
597 2353 706 2394 libras,
723 2354 968 2397 quatuorderim

223 2407 343 2440 solidos
361 2412 391 2439 et
412 2411 484 2439 oete
503 2406 665 2447 denarios,
692 2406 722 2446 5,
745 2406 796 2447 tt,
821 2405 850 2439 8.

267 2459 395 2493 Domini
414 2460 607 2503 temporales
618 2459 859 2503 praedictorum
875 2459 967 2503 oppi-

227 2514 344 2547 dorum
360 2523 397 2546 01
411 2512 543 2555 antiqua
559 2512 756 2553 obligatione
768 2512 895 2545 solvunt
909 2512 969 2545 eis-

228 2568 300 2600 dem
320 2566 559 2610 parochialibus
582 2565 834 2609 quadringentas
859 2565 969 2607 viginti

225 2631 278 2654 sex
299 2620 396 2652 libras
417 2625 447 2652 et
468 2619 640 2652 duodecim
658 2619 790 2658 solidos,
812 2618 887 2658 426,
914 2618 965 2651 102.

270 2675 360 2707 Etex
384 2684 466 2707 nova
496 2672 661 2706 dotatione
690 2672 817 2705 solvunt
849 2672 969 2706 eisdem

994 321 1232 365 parochialibus
1260 327 1388 354 eentum
1420 320 1582 363 sexaginta
1614 326 1736 364 septem

995 375 1103 415 libras,
1132 374 1207 407 167.

1039 428 1265 461 Universitates
1298 428 1494 472 oppidorum
1533 439 1569 460 ex
1607 427 1739 470 antiqua

995 480 1191 522 obligatione
1212 485 1244 512 et
1264 479 1496 512 consuetudine
1523 479 1650 512 solvunt
1678 478 1738 512 eis-

995 533 1068 566 dem
1089 533 1328 577 parochialibus
1349 533 1511 575 sexaginta
1536 538 1675 576 quatuor
1695 532 1735 564 li-

995 587 1068 619 bras
1095 592 1125 619 et
1145 596 1258 619 novem
1280 586 1411 626 solidos,
1434 591 1562 630 praeter
1581 585 1739 630 primitias

996 640 1028 672 in
1056 640 1230 681 fructibus,
1254 650 1336 683 quae
1363 640 1395 672 in
1426 640 1587 683 aliquibus
1612 639 1739 684 oppidis

996 694 1174 733 solvuntur,
1198 693 1250 733 64,
1275 693 1305 726 9.

1041 747 1077 779 Et
1098 758 1133 779 ex
1158 757 1240 779 nova
1266 747 1430 779 dotatione
1460 747 1587 780 solvunt
1618 746 1739 779 eisdem

997 800 1237 843 parochialibus
1266 806 1394 832 eentum
1416 800 1527 833 decem
1562 805 1593 833 et
1617 805 1740 843 septem

998 853 1095 886 libras
1115 859 1146 886 et
1162 853 1313 886 undecim
1340 853 1470 893 solidos,
1495 852 1570 893 ¹117,
1594 852 1646 885 M.

1042 905 1195 940 Fabrieae
1220 912 1250 940 01
1274 906 1456 939 beneficiati
1490 917 1526 939 ex
1560 917 1642 939 nova
1673 911 1741 938 tan-

1000 966 1066 993 tum
1092 960 1256 994 dotatione
1274 961 1401 993 solvunt
1421 960 1543 993 eisdem
1566 959 1738 1004 paroehia-

996 1008 1081 1046 libus
1101 1013 1277 1055 nonaginta
1297 1014 1376 1046 duas
1401 1013 1498 1046 libras
1513 1040 1520 1053 ,
1544 1019 1666 1056 septem
1685 1023 1741 1045 soa

999 1067 1080 1100 lidos
1100 1073 1130 1099 et
1154 1067 1298 1110 quinque
1323 1067 1483 1107 denarios,
1507 1066 1560 1107 92,
1585 1066 1615 1107 7,
1638 1065 1669 1099 5.

1042 1121 1173 1154 Reditus
1194 1121 1271 1153 olim
1297 1120 1531 1164 mesquitarum
1556 1121 1683 1153 solvunt
1706 1130 1743 1153 ex

998 1184 1080 1207 nova
1100 1179 1222 1207 tantum
1244 1174 1408 1206 dotatione
1430 1174 1550 1207 eisdem
1572 1173 1742 1217 paroehia-

1000 1227 1082 1260 libus
1107 1227 1341 1270 quinquaginta
1366 1227 1509 1270 quinque
1533 1227 1641 1267 libras,
1665 1226 1717 1259 55.

1043 1281 1196 1323 Iosephus
1217 1280 1398 1323 Stephanus
1418 1281 1472 1314 Dei
1491 1287 1522 1313 01
1542 1280 1744 1324 Apostolicae

999 1333 1088 1367 Sedis
1108 1333 1211 1375 gratia
1229 1333 1399 1377 episcopus
1420 1334 1607 1373 Oriolensis,
1623 1333 1745 1375 regius-

999 1397 1061 1430 que
1082 1386 1295 1427 consiliarius,
1319 1391 1386 1427 etc,
1404 1386 1469 1420 visa
1489 1385 1675 1419 huiusmodi
1687 1386 1744 1418 do-

1000 1440 1119 1473 tatione
1150 1439 1386 1483 parochialium
1418 1440 1627 1473 ecelesiarum
1657 1450 1740 1473 non-

999 1494 1162 1526 nullorum
1181 1493 1377 1537 oppidorum
1395 1499 1524 1527 nostrae
1536 1493 1692 1527 dioecesis
1712 1493 1744 1526 in

1000 1547 1271 1591 praecedentibus
1308 1547 1421 1579 decem
1463 1552 1494 1579 et
1530 1552 1602 1579 octo
1633 1546 1745 1590 papyri

1000 1601 1083 1635 soliis
1103 1601 1242 1645 scripta,
1264 1602 1346 1634 sacta
1366 1611 1424 1645 pro
1453 1600 1663 1634 instructione
1685 1610 1742 1633 00-

1001 1668 1084 1697 111111,
1108 1657 1162 1700 11111
1182 1667 1286 1700 nuper
1315 1657 1355 1689 ad
1387 1656 1485 1690 fidem
1514 1657 1644 1689 suerunt
1663 1666 1742 1689 con—

1000 1711 1093 1749 versi,
1117 1710 1192 1753 quia
1220 1710 1304 1743 dicta
1333 1710 1454 1743 dotatio
1482 1710 1584 1743 tendit
1612 1709 1645 1742 in
1676 1709 1742 1742 evi-

1002 1766 1130 1798 dentem
1152 1763 1322 1797 utilitatem
1348 1763 1508 1797 dictarum
1535 1763 1745 1797 ecelesiarum

1002 1824 1033 1851 et
1064 1817 1336 1861 parochianorum
1363 1817 1571 1849 earumdem:
1596 1816 1668 1849 ideo
1694 1820 1743 1848 te-

1002 1882 1078 1904 nore
1092 1869 1310 1914 praesentium
1327 1875 1390 1902 tam
1409 1869 1441 1902 in
1462 1869 1547 1902 dicta
1567 1868 1743 1908 dotatione,

1002 1935 1098 1968 quam
1120 1924 1151 1956 111
1172 1923 1356 1967 praemissis
1377 1923 1527 1955 omnibus
1554 1928 1585 1955 et
1610 1922 1746 1964 singulis

1002 1984 1144 2012 nostram
1161 1977 1401 2023 'interponimus
1430 1976 1654 2010 auctoritatem
1684 1986 1744 2019 pa-

1004 2033 1081 2065 riter
1101 2038 1131 2065 et
1151 2031 1302 2064 iudiciale
1323 2032 1508 2070 decretum3
1532 2030 1618 2063 salvo
1640 2035 1747 2062 tamen

1003 2087 1035 2118 in
1056 2085 1207 2119 omnibus
1227 2084 1424 2118 Sanctissimi
1438 2085 1472 2118 D.
1486 2085 1521 2118 N.
1536 2085 1651 2128 Papae,
1665 2083 1748 2116 eius-

1003 2152 1065 2184 que
1086 2140 1221 2173 Sanctae
1241 2138 1331 2172 Sedis
1356 2138 1559 2182 Apostolicae
1586 2138 1745 2180 henepla-

1003 2194 1076 2227 cito.
1101 2193 1136 2226 ln
1157 2203 1297 2236 quorum
1323 2192 1468 2225 omnium
1496 2196 1527 2224 et.
1546 2190 1746 2233 singulorum

985 2265 986 2276 1
1004 2246 1100 2280 sidem
1116 2252 1146 2279 et
1160 2245 1378 2278 testimonium
1389 2244 1640 2288 praemissorum
1656 2254 1748 2287 prae-

1003 2305 1107 2333 sentes
1120 2304 1244 2332 nostras
1259 2298 1489 2332 testimoniales
1504 2297 1636 2337 litteras,
1650 2307 1747 2329 manu

1003 2358 1113 2386 nostra
1131 2351 1338 2395 subscriptas,
1362 2351 1533 2394 sigilloque
1553 2355 1664 2382 nostro
1680 2360 1749 2382 mu-

1003 2406 1102 2445 nitas,
1126 2416 1162 2438 ac
1183 2416 1240 2448 per
1264 2404 1426 2437 notarium
1459 2409 1490 2436 01
1519 2403 1658 2436 scribam
1683 2413 1745 2436 no-

1004 2465 1127 2498 strum,
1156 2464 1185 2491 et
1214 2458 1322 2491 curiae
1352 2463 1480 2490 nostrae
1508 2456 1746 2500 infrascriptum

1004 2511 1222 2553 subsignatas,
1246 2510 1336 2551 lieri,
1368 2516 1395 2544 01
1428 2509 1578 2554 expedire
1607 2510 1744 2543 manda-

1005 2564 1118 2597 rimus.

1048 2618 1161 2651 Datum
1201 2617 1233 2650 in
1268 2623 1380 2650 nostro
1418 2616 1537 2660 palatio
1573 2615 1748 2659 episcopali

1005 2671 1185 2713 Oriolensi‚
1209 2671 1260 2705 die
1281 2681 1331 2705 xtv
1359 2670 1477 2704 mensis
1504 2669 1635 2714 aprilis,
1664 2679 1749 2702 anno

1643 262 1707 295 843
1753 271 1802 298 An.
1820 271 1849 298 0.
1867 270 1935 298 1602
