2253 3195
330 281 380 308 Λιι.
396 280 424 308 c.
448 281 515 309 1599
561 271 625 305 536

353 1780 491 1800 Prooemium.

528 331 727 373 buscumque
739 328 930 370 civitatibus,
941 329 1035 362 terris
1044 335 1073 362 et
1085 329 1163 362 loeis
1172 328 1270 373 ipsius

527 383 738 416 Lombardiae
769 382 945 422 inferatur,
968 383 1023 416 sed
1052 383 1122 415 iura
1142 383 1211 426 ipsa
1237 382 1270 414 in

526 447 584 468 suo
605 437 722 469 robore
742 436 828 468 salva
859 442 889 469 et
920 436 1029 469 illaesa
1058 440 1266 475 1-emanean13

527 490 679 532 quodque
704 489 741 529 si,
765 490 853 533 quod
877 489 976 530 absit,
1004 495 1034 522 te
1055 500 1071 522 a
1092 494 1219 530 nostra,
1240 494 1269 521 et

527 543 629 575 dictae
650 543 809 575 Ecclesiae
829 543 992 576 Romanae
1007 570 1015 583 ,
1043 543 1168 575 ratione
1193 541 1269 575 dicti

526 596 615 635 regni
636 596 762 629 Siciliae
782 596 863 629 citra
882 597 1033 634 Pharum,
1053 596 1205 629 fidelitate
1220 598 1287 629 rc-'

526 649 676 689 traxeris,
694 656 879 693 praesentes
907 650 1032 683 litterae
1060 649 1123 682 sint
1150 649 1287 704 nulliusi

526 703 653 736 roboris
674 704 721 736 vel
743 704 910 743 momenti,
928 704 1115 747 dictumque
1132 714 1266 745 regnum

525 757 651 790 Siciliae
676 757 756 790 citra
774 758 915 791 Pharum
938 759 977 791 ad
1002 768 1061 791 nos
1092 763 1122 790 et
1150 757 1267 790 dictam

526 812 705 844 Romanam
723 811 899 844 Ecclesiam
918 811 1019 844 libere
1041 816 1228 844 revertatur.

569 865 683 897 Datum
701 865 822 897 Romae
843 865 928 908 apud
949 865 969 898 S
996 865 1126 898 Petrum
1140 864 1199 897 sub
1213 874 1268 896 an-

525 919 601 951 nulo
615 918 794 957 piscatoris,
812 918 862 951 die
881 929 913 951 Vl
930 918 1121 962 septembris
1134 927 1265 956 unxctx,

524 972 732 1015 pontificatus
751 972 852 1005 nostri
874 982 959 1005 anno
985 977 1109 1005 octavo.

561 1034 618 1061 Dat.
635 1034 678 1061 die
697 1036 714 1061 6
729 1033 891 1070 septembris
908 1034 985 1069 1509,
1002 1034 1098 1069 pontif.
1117 1042 1160 1060 an.
1174 1040 1231 1060 vm.

833 1197 938 1231 CCXV.

526 1295 683 1338 Philippo
709 1295 802 1327 tertio
826 1294 1067 1337 Hispaniarum
1095 1294 1164 1333 repsi
1187 1303 1263 1325 con-

568 1348 693 1381 ceditur
714 1348 905 1380 investitura
925 1347 1017 1389 reqni
1036 1347 1171 1380 Siciliae
1194 1357 1264 1379 cum

570 1406 634 1434 tota
670 1406 776 1439 terra,
809 1412 892 1444 quae
916 1405 960 1434 est
984 1402 1067 1433 citra
1102 1401 1263 1441 Plectrum,
1284 1433 1285 1442 ἵ

571 1466 670 1498 usque
697 1455 740 1487 acl
770 1455 911 1497 confinia
946 1455 1088 1487 dominii
1119 1454 1210 1487 Sedis
1239 1458 1267 1487 et

571 1509 724 1543 camerae
748 1509 952 1552 Apostolieuc
976 1509 995 1541 ¹.

543 1590 675 1617 Clemens
703 1590 874 1624 episcopus,
895 1597 1000 1617 servus
1016 1597 1171 1617 servorum
1187 1589 1249 1623 Dei,

650 1643 686 1670 ad
706 1647 884 1677 perpetuam
903 1643 947 1670 rei
967 1644 1147 1670 memoriam.

571 1715 668 1754 Illius,
686 1714 741 1758 qui
761 1715 791 1747 111
807 1714 999 1747 coelestibus
1017 1714 1150 1753 habitat,
1167 1720 1196 1747 et
1209 1714 1268 1746 im-

527 1769 638 1801 mobili
660 1779 853 1812 permanens
881 1769 1103 1812 providentia,
1129 1768 1266 1801 mirabili

526 1823 578 1855 dat
603 1833 661 1854 suo
693 1822 808 1855 ordine
840 1828 954 1855 cuncta
979 1821 1123 1861 moveri,
1148 1822 1266 1866 quique

524 1876 634 1908 ¹statuit
651 1881 679 1908 et
701 1875 852 1915 decrevit,
870 1881 900 1907 ut
917 1875 1014 1908 liomo
1033 1876 1154 1909 bomini
1169 1886 1263 1919 prae-

526 1930 656 1968 feratur,
681 1929 858 1961 humanum
881 1940 982 1969 genus
1002 1935 1195 1972 potestatum
1219 1940 1267 1962 re-

524 1982 635 2024 gimini
657 1982 894 2020 suluuitteud0,
923 1982 1005 2015 vices
1024 1982 1095 2015 licet
1116 1983 1265 2016 immeriti

525 2042 671 2077 gerentes
686 2036 716 2068 iu
733 2036 836 2075 terris,
848 2036 1023 2069 catholicos
1034 2047 1124 2075 reges
1135 2042 1165 2068 et
1179 2036 1266 2079 priu-

524 2089 622 2132 cipes,
638 2100 776 2133 quorum
789 2089 894 2122 studia
909 2095 936 2121 et
957 2095 1089 2122 conatus
1108 2090 1146 2121 ad
1168 2089 1264 2122 divini

524 2143 664 2176 neminis
678 2143 826 2185 gloriam,
843 2149 869 2176 et
891 2143 1067 2175 catholicae
1089 2142 1163 2175 fidei
1182 2143 1265 2175 exal-

526 2197 691 2233 tationem,
715 2209 751 2228 ai:
776 2197 942 2229 universae
964 2197 1160 2240 reipublic-'te
1182 2197 1264 2229 cliri-

523 2250 645 2282 stiauac
665 2250 911 2293 :uuplitudineui
940 2251 1085 2288 teuduut,
1110 2261 1265 2294 quorum-

524 2315 585 2347 que
612 2315 688 2343 erga
717 2305 891 2336 llomanam
925 2304 1097 2336 lica-tesiam
1130 2305 1265 2337 eximiae.

525 2357 598 2389 lidei
620 2358 796 2389 eommunia
817 2363 847 2390 et
868 2357 1011 2390 situ-erae
1029 2358 1207 2390 devotionis
1221 2359 1265 2390 as-

526 2412 623 2442 sei-tus
646 2410 674 2443 iu
698 2417 807 2443 nostro
821 2417 850 2444 et
865 2411 1066 2454 Apostolicac
1087 2411 1175 2445 Sedis
1189 2422 1264 2444 ron-

524 2470 632 2506 speetu
665 2465 798 2503 gratiam
833 2472 1075 2508 promerentur,
1098 2465 1127 2497 111
1159 2465 1264 2504 reguis

525 2522 550 2548 et
575 2517 667 2549 terris
685 2518 723 2550 ad
743 2518 790 2550 ius
804 2524 830 2549 et
848 2518 1077 2561 proprietatem
1095 2518 1194 2561 ipsius
1210 2519 1264 2551 tce-

525 2570 638 2603 ‹ts-siae
650 2571 866 2614 spectantibus
878 2571 906 2603 111
920 2572 1024 2604 locutu
1039 2571 1263 2604 decedentium

526 2625 740 2656 lavoraliiliter
760 2625 970 2662 sustinuimus,
993 2631 1024 2658 ut
1045 2637 1140 2669 quem
1161 2637 1197 2658 ex
1212 2636 1265 2658 eo-

563 2688 571 2713 1
598 2686 631 2712 lix
650 2687 754 2722 lla-gest⁴
774 2697 798 2713 ιιι
815 2688 915 2714 sovrei.
940 2688 1070 2715 ltu-evium.

1112 280 1297 305 BULLARIUM
1317 279 1471 304 ROMANUM

1304 338 1376 360 rum
1397 328 1479 361 hene
1499 327 1657 371 beateque
1677 327 1772 369 gestis
1787 339 1805 361 a
1821 328 1885 361 Deo
1906 328 2047 361 fructum

1305 392 1435 424 sperare
1452 386 1604 425 possunt,
1628 381 1724 414 etiam
1745 392 1762 413 a
1787 382 1899 423 nobis,
1922 382 1996 415 Eius
2016 381 2047 414 in

1286 409 1288 481 1
1307 434 1398 467 terris
1414 434 1552 475 vicario,
1576 440 1825 478 consequantur.

1286 502 1288 535 5
1348 488 1410 531 gi.
1431 489 1558 521 Dudum
1579 488 1738 532 siquidem
1757 494 1927 532 postquam
1947 489 2048 522 felicis

1285 542 1538 582 ;1=eco1=dationis
1557 542 1655 575 Iulius
1681 543 1766 586 Papa
1789 543 1837 583 11,
1861 543 2048 586 praedeces-

1285 588 1357 629 'sor
1376 602 1500 637 noster,
1524 608 1661 640 regnum
1682 597 1809 631 Siciliae
1836 607 1872 629 ac
1898 597 2048 630 Hierusa-

1303 651 1366 683 lem
1388 661 1460 683 eum
1482 656 1548 683 tota
1569 657 1664 688 terra,
1688 661 1769 695 quae
1791 656 1834 684 cst
1862 650 1941 683 citra
1960 650 2045 683 Pha-

1302 713 1386 743 rum,
1403 714 1504 747 usque
1522 704 1562 737 ad
1579 704 1719 737 confinia
1734 710 1890 737 terrarum
1905 703 1935 737 S.
1947 703 2044 743 RE„

1303 755 1429 790 civitate
1445 763 1555 790 nostra
1570 763 1644 790 tunc
1660 768 1718 790 sua
1737 757 1961 790 Beneventana
1973 765 2046 789 cum

1304 809 1371 842 eius
1402 810 1564 843 territorio
1591 816 1621 843 ct
1649 810 1851 854 pertinentiis
1883 810 2048 842 dumtaxat

1303 868 1446 906 excepta,
1468 864 1506 896 ad
1526 863 1574 896 ius
1599 870 1629 896 et
1649 863 1879 907 proprietatem
1901 862 2046 896 eiusdem

1303 915 1461 949 Ecclesiae
1488 916 1674 960 pertinens,
1703 922 1734 949 et
1762 922 1839 949 tune
1871 916 1910 949 ad
1941 915 2047 959 ipsum

1303 969 1584 1012 praedecessorem
1611 976 1641 1003 et
1662 970 1780 1003 dictam
1800 969 1975 1002 Ecclesiam
1993 969 2047 1001 de-

1302 1023 1448 1055 volutum
1466 1023 1578 1066 quovis
1596 1023 1706 1060 modo.
1727 1028 1758 1055 et
1778 1033 1815 1055 ex
1828 1021 1938 1066 quavis
1951 1032 2047 1055 causa

1284 1075 1382 1119 jillud
1409 1077 1448 1109 ad
1474 1077 1621 1110 eamdem
1653 1076 1828 1110 Ecclesiam
1858 1075 2045 1109 devolutum

1284 1122 1396 1170 'essen
1420 1135 1474 1163 aut
1494 1130 1572 1163 alias
1596 1130 1665 1163 eius
1692 1129 1859 1174 dispositio
1891 1129 1931 1162 ad
1954 1138 2046 1172 prae-

1284 1181 1425 1220 !dictum
1450 1184 1732 1226 praedecessorem
1759 1182 1951 1226 pertineret,
1971 1192 2045 1215 cum

1283 1233 1286 1247 ’
1302 1236 1452 1269 omnibus
1477 1236 1601 1270 iuribus
1621 1243 1652 1269 et
1671 1235 1872 1280 pertinentiis
1892 1235 1956 1269 suis
1975 1236 2043 1269 ela-

1301 1300 1356 1322 rae
1396 1290 1572 1323 memoriae
1609 1289 1812 1323 Ferdinando
1844 1288 2042 1331 Aragoniae,

1301 1343 1474 1387 Utriusque
1487 1343 1612 1377 Siciliae
1633 1354 1668 1376 ac
1686 1343 1885 1376 Hierusalem
1905 1342 1972 1385 regi
1986 1352 2045 1386 pro

1302 1407 1334 1429 se
1355 1396 1483 1440 suisque
1502 1396 1532 1429 111
1551 1397 1636 1429 dicto
1654 1407 1754 1437 regno
1774 1395 1954 1438 ,aragoniae
1974 1406 2045 1429 sue-

1303 1450 1483 1482 cessoribus
1511 1455 1542 1483 et
1571 1450 1766 1483 haeredibus
1798 1456 1863 1482 tam
1896 1449 2045 1482 masculis

1302 1513 1399 1547 quam
1421 1503 1568 1536 foeminis
1589 1514 1625 1536 ex
1646 1513 1683 1536 eo
1704 1509 1791 1537 recta
1808 1503 1892 1537 linea
1913 1503 2046 1537 descen-

1303 1557 1463 1595 dentibus,
1485 1563 1572 1590 eerto
1595 1563 1670 1590 tunc
1690 1567 1840 1601 expresso
1864 1557 1961 1591 modo
1987 1566 2045 1589 na-

1304 1611 1340 1644 tis
1365 1617 1395 1644 et
1422 1611 1607 1651 nascituris,
1633 1612 1664 1644 in
1695 1612 1825 1645 seudum
1851 1616 2043 1655 perpetuum

1302 1675 1360 1708 pro
1382 1675 1489 1697 annuo
1515 1675 1623 1704 censu,
1645 1671 1673 1698 et
1694 1665 1753 1698 sub
1775 1664 1906 1698 diversis
1927 1663 2042 1697 condi-

1302 1718 1461 1758 tionibus,
1485 1718 1608 1757 modis‚
1633 1718 1760 1757 formis,
1784 1717 2041 1758 adiectionibus,

1302 1771 1590 1814 promissionilms,
1614 1771 1783 1812 clausulis,
1813 1771 1965 1811 cautelis,
1988 1780 2043 1803 vo-

1303 1824 1477 1857 luntatibus
1505 1831 1532 1857 et
1562 1825 1819 1858 ordinationibus
1846 1824 1941 1857 etiam
1968 1829 2044 1856 tunc

1302 1878 1469 1920 expressis,
1480 1877 1548 1911 sine
1563 1883 1668 1911 tamen
1681 1877 1880 1921 praeiudicio
1893 1876 1971 1910 iuris
1983 1876 2043 1920 ipsi

1302 1931 1504 1964 Ferdiuando
1537 1931 1603 1973 regi
1635 1931 1712 1964 alias
1741 1931 1771 1963 in
1801 1931 1915 1964 eodem
1943 1939 2043 1973 regno

1303 1985 1409 2017 forsan
1431 1984 1661 2028 competentis,
1686 1984 1736 2017 cui
1757 1990 1833 2017 tunc
1853 1983 1957 2017 noluit
1982 1984 2040 2017 de-

1301 2039 1420 2079 rogari,
1444 2040 1483 2072 ‹le
1501 2039 1633 2072 fratrum
1655 2049 1786 2072 suorum
1808 2037 1942 2071 consilio
1959 2037 2043 2082 pari-

1301 2097 1349 2124 ter
1378 2098 1407 2124 ct
1436 2103 1588 2129 assensu,
1613 2103 1648 2125 ex
1677 2098 1763 2125 certa
1789 2091 1920 2124 scientIa
1942 2101 1979 2124 ac
2003 2091 2042 2124 de

1301 2145 1496 2188 apostolieae
1510 2146 1674 2189 potestatis
1689 2145 1900 2189 plenitudiue,
1913 2154 2043 2178 eonces-

1300 2205 1383 2231 serat
1398 2204 1427 2231 et
1441 2199 1594 2240 clamitas
1612 2200 1725 2235 suerat,
1743 2198 1859 2231 dictam
1881 2197 2041 2230 civitatem

1301 2253 1553 2285 llenerentauam
1584 2263 1656 2285 cum
1689 2252 1757 2285 cius
1785 2251 1966 2291 territorio,
1987 2250 2038 2284 di-

1299 2306 1411 2338 strictu
1443 2312 1470 2338 et
1502 2305 1704 2349 pertinentiis
1729 2316 1786 2349 per
1813 2305 1916 2348 ipsum
1947 2314 2041 2348 prae-

1300 2359 1500 2391 decessorem
1539 2370 1594 2391 seu
1634 2359 1815 2391 Romanum
1853 2357 2040 2390 Pontificem

1300 2413 1455 2445 distinctis·
1475 2424 1529 2444 seu
1548 2411 1801 2454 distinguendis,
1827 2422 1899 2444 cum
1929 2421 2040 2445 eorum

1301 2466 1432 2505 incolis,
1457 2471 1552 2509 prout
1587 2465 1671 2498 illam
1702 2465 1761 2497 sibi
1794 2465 1916 2498 dudum
1947 2470 2041 2497 antea

1301 2519 1462 2563 praedicta
1488 2519 1626 2552 Ecclesia
1656 2518 1836 2562 specialiter
1868 2518 2042 2551 retinuerat

1300 2579 1327 2605 et
1351 2579 1563 2605 reservaverat
1590 2572 1670 2610 sibi,
1694 2578 1724 2605 et
1751 2572 1853 2605 eidem
1883 2571 2040 2605 Ecclesiae

1300 2627 1482 2670 specialiter
1514 2627 1728 2664 reservando,
1757 2631 1852 2669 prout
1881 2625 1910 2657 111
1942 2623 2040 2667 ipsius

1301 2679 1558 2723 praedecessoris
1579 2680 1716 2723 desuper
1743 2677 1896 2711 eoul'ectis
1924 2676 2040 2711 litteris

2063 279 2111 306 An.
2132 278 2161 306 C.
2179 279 2229 306 {59

2089 497 2152 517 lulius
2168 496 2186 517 tt
2196 496 2246 517 Fer-

2063 523 2156 544 dinamio
2171 523 2245 549 11151111-

2062 550 2144 570 uiarum
2163 549 2207 575 regi
2226 551 2245 569 et

2063 582 2108 597 eius
2118 581 2245 597 successori-

2063 603 2102 623 bus
2118 603 2175 629 regni
2191 603 2245 624 Siei-

2063 629 2104 650 tiao
2136 631 2244 650 investitu-

2063 662 2106 677 ram
2118 656 2232 678 concessit.
