2253 3195
241 228 294 254 An.
309 228 338 255 c.
362 228 430 256 ¹596
473 218 538 254 286

278 1721 357 1743 Locum
372 1723 391 1743 et
408 1723 428 1744 in

243 1748 325 1774 upana
345 1749 428 1775 pontifi-

243 1780 276 1795 (ιι
292 1779 392 1802 assignat.

440 278 514 321 gula
535 278 575 311 ad
596 277 737 311 officium
757 277 968 318 auditoratus,
984 283 1013 310 et
1026 287 1085 322 pro
1101 283 1182 311 tem-

438 343 518 376 pore
543 331 728 365 existentem
758 330 939 363 auditorem
970 330 1179 372 huiusmodi,

439 385 574 428 perinde
594 395 630 417 ac
656 384 682 417 si
702 383 747 416 eis
767 383 951 427 specialiter
979 390 1009 416 et
1034 394 1182 428 expresse

440 448 589 471 concessa
602 465 609 477 ,
632 443 663 470 et
681 447 741 480 pro
761 437 825 477 eis,
848 447 905 470 seu
926 437 958 470 in
979 437 1110 471 illorum
1131 439 1180 471 fa-

439 502 547 524 vorem
561 496 678 524 statuta
703 496 734 524 et
754 490 902 524 ordinata
915 491 1057 532 fuissent,
1073 497 1182 526 exten-

440 544 546 577 dimus
566 549 595 577 et
615 543 819 587 ampliamus.
848 544 1006 588 Quodque
1022 545 1180 578 constitu-

440 597 554 637 tiones,
577 607 659 641 quae
681 596 864 638 odoardus,
881 603 909 631 et
930 599 1085 632 Pervenit
1105 599 1184 632 inci-

439 650 542 694 piunt,
566 655 597 683 et
616 651 747 694 quaevis
766 651 986 691 alternativae,
1002 662 1059 685 seu
1079 662 1183 685 mora-

441 703 539 743 toria,
560 709 589 736 et
617 703 788 737 dilationes
807 704 904 737 etiam
925 705 1107 746 salinariae‚
1127 716 1185 749 per

440 767 663 801 quoscumque
683 757 780 790 etiam
793 758 938 803 eiusdem
949 759 1114 804 Romanae
1127 759 1184 792 Ec-

440 810 555 843 clesiae
580 811 781 851 cardinales,
805 811 939 845 clericos
958 812 1109 846 Gamerae
1123 841 1131 853 ,
1155 819 1185 846 et

439 862 525 896 illius
542 864 756 898 camerarium
774 875 834 909 pro
856 871 1002 909 tempore
1021 867 1181 908 decretae,

439 917 546 960 quoad
563 917 734 960 obligatos,
761 923 795 951 ut
815 929 927 962 supra,
953 924 1016 952 tam
1037 926 1184 964 respectu

439 970 614 1012 honorum,
637 982 734 1015 quam
760 982 974 1016 personarum
1002 973 1185 1007 nullatenus

439 1024 572 1068 possint.
597 1024 783 1064 Quinimmo
812 1025 1026 1068 obligationes
1055 1027 1184 1070 praedi—

440 1083 509 1111 ctae
534 1078 743 1122 exequutioni
771 1079 898 1113 debitae
924 1080 1181 1121 demandentur,

440 1131 536 1165 etiarn
553 1137 626 1176 post
639 1138 777 1165 mortem
791 1133 947 1166 debitoris
967 1135 1074 1178 quoad
1086 1134 1181 1167 bona.

440 1186 478 1219 Et
500 1196 566 1220 non
586 1186 788 1220 obstantibus
813 1198 1018 1232 quacumque
1042 1189 1185 1232 appella-

440 1239 539 1280 tione,
564 1246 593 1273 et
613 1240 787 1284 superinde
807 1241 939 1276 obtenta
959 1242 1185 1277 commissione

441 1293 481 1327 de
490 1293 677 1328 huiusmodi
691 1295 887 1338 obligatione
901 1307 1082 1340 expressam
1097 1307 1186 1330 men-

441 1347 562 1381 tionem
583 1359 648 1382 non
666 1348 812 1389 faciente,
828 1355 881 1382 aut
902 1350 1099 1384 discussione
1113 1351 1187 1385 bae-

441 1401 586 1435 reditatis
611 1401 746 1435 ubilibet
765 1403 937 1446 pendente,
960 1404 985 1437 si
1006 1415 1064 1448 per
1083 1404 1187 1438 credi-

441 1460 531 1488 tores
551 1455 625 1488 data
644 1456 739 1488 suerit
760 1456 875 1490 idonea
896 1457 1002 1491 cautio
1022 1457 1054 1490 in
1084 1459 1187 1491 forma

442 1507 578 1551 depositi
613 1508 651 1541 de
672 1508 871 1543 restituendo
892 1510 922 1543 id
944 1511 1030 1554 quod
1051 1522 1183 1555 recepe-

441 1561 516 1602 rint,
540 1562 703 1606 prioribus
723 1569 752 1596 et
770 1563 951 1607 potioribus
971 1565 1187 1599 creditoribus

443 1614 475 1647 in
493 1620 643 1648 eventum
662 1617 936 1651 succumbentiae.

487 1668 502 1711 ξ
523 1668 553 1701 5.
581 1668 738 1714 Quodque
764 1676 796 1703 tu
827 1671 858 1703 in
890 1672 1034 1715 capella,
1059 1679 1089 1706 et
1116 1674 1187 1707 aliis

443 1721 567 1755 actibus
588 1728 651 1755 tam
673 1723 810 1767 publicis
831 1735 927 1768 quam
948 1725 1090 1769 privatis,
1114 1727 1184 1770 pri-

442 1785 531 1808 mum
551 1776 657 1809 locum
679 1783 751 1820 post
769 1778 919 1811 eumdem
938 1779 1186 1821 gubernatorem

443 1834 474 1861 et
494 1834 638 1862 oratores
658 1829 889 1874 principum‚si
908 1833 1042 1876 praelati
1056 1834 1184 1874 suerint,

443 1882 574 1924 habeas,
598 1883 814 1927 indulgemus,
837 1886 1016 1927 statuimus,
1040 1888 1188 1921 volumus

443 1941 473 1969 et
494 1936 701 1977 ordinamus,
725 1949 850 1972 necnon
871 1940 1126 1974 contradictores
1157 1947 1188 1974 et

443 1989 591 2030 rebelles,
622 1990 744 2035 tibique
775 1991 806 2024 in
835 1993 1020 2035 praemissis
1041 2004 1104 2027 non
1126 2005 1184 2038 pa-

443 2049 550 2077 rentes
566 2045 760 2088 opportunis
780 2045 858 2079 iuris
879 2047 1030 2080 remediis
1050 2058 1184 2092 compe-

443 2097 564 2137 scendi,
585 2103 615 2131 et
635 2099 674 2132 ad
697 2099 740 2139 id,
760 2100 784 2132 si
803 2110 884 2144 opus
905 2101 1010 2140 suerit,
1034 2101 1186 2135 auxilium

444 2150 567 2184 brachii
588 2153 762 2186 saecularis
783 2153 973 2194 invocandi,
997 2162 1188 2200 caeteraque

445 2203 476 2236 in
502 2205 685 2248 praemissis
700 2233 707 2244 ‚
728 2211 758 2239 ct
778 2206 862 2240 eirca
883 2218 918 2240 ea
943 2209 1186 2252 quomodolibet

445 2259 624 2292 necessaria
636 2265 667 2293 et
679 2266 862 2304 opportuna
878 2268 940 2294 tam
963 2262 993 2294 in
1009 2262 1092 2295 (licta
1104 2263 1188 2296 Urbe

445 2317 564 2352 nostra,
585 2323 681 2356 quam
703 2313 822 2357 ubique
844 2314 989 2347 locorum
1010 2315 1145 2348 faciendi
1159 2322 1190 2349 et

445 2367 636 2410 exequendi,
658 2367 743 2400 iuxta
765 2368 929 2401 lacultates
949 2368 1026 2402 alias
1048 2374 1121 2402 tunc
1142 2370 1206 2402 os·-

446 2419 553 2452 licium
574 2421 774 2454 auditoratus
799 2421 984 2455 huiusmodi
1015 2422 1206 2456 obtinenti-'

447 2473 504 2505 bus
529 2474 709 2513 attributas,
727 2475 854 2519 plenam
869 2481 896 2509 et
914 2476 1060 2513 liberam.
1081 2482 1189 2509 aucto-

447 2525 538 2559 ritate
567 2533 596 2559 et
625 2534 734 2561 tenore
759 2529 954 2573 praemissis,
983 2529 1190 2564 cons-edimus

447 2579 641 2614 facultatem.

492 2634 507 2675 ,ξ
527 2633 557 2666 6.
577 2634 619 2668 Ac
634 2634 728 2668 etiam
750 2637 918 2670 statuimus
939 2644 968 2671 et
989 2637 1187 2678 ordinamus,

1025 230 1208 254 BULLARIUM
1224 230 1377 256 ROMANUM

1217 332 1311 366 motis
1324 344 1422 377 quam
1439 334 1616 375 movendis,
1637 335 1879 379 comparuerint
1891 347 1960 370 cre-

1217 386 1337 420 ditores
1355 397 1458 430 usque
1478 388 1518 421 ad
1538 398 1699 421 summam
1724 388 1960 433 quinquaginta

1217 445 1382 472 scutorum
1411 439 1582 481 inclusive,
1616 451 1676 484 pro
1705 441 1870 485 quolibet,
1905 443 1960 486 qui

1218 502 1291 525 vere
1321 492 1384 525 sint
1413 493 1612 527 miserabiles
1638 504 1815 538 personae,
1839 494 1961 528 eisdem

1218 556 1331 580 eorum
1349 547 1483 587 credito,
1499 547 1595 580 etiam
1615 548 1702 591 quod
1722 558 1788 581 non
1801 547 1864 581 sint
1875 548 1962 592 prio-

1218 611 1267 634 res
1287 606 1342 634 aut
1365 601 1524 645 potiores,
1548 601 1697 634 satisfieri
1721 601 1824 646 possit
1849 612 1887 635 ac
1907 602 1962 636 de-

1218 654 1313 694 beat;
1337 655 1527 688 mandantes
1550 661 1725 699 propterea
1744 654 1820 695 tibi,
1843 660 1959 699 quate—

1219 717 1278 740 nus
1298 707 1434 751 constito
1455 707 1543 751 prius
1568 707 1624 740 tibi
1647 707 1744 741 etiam
1764 707 1939 742 summarie
1952 735 1959 748 ,

1219 760 1521 802 extraiudicialiter,
1545 767 1575 795 et
1607 767 1762 805 quantum
1787 761 1845 794 tibi
1868 761 1959 795 susti·-

1219 824 1292 846 cere
1315 813 1486 854 videbitur,
1511 814 1550 847 de
1570 813 1754 858 praemissis
1774 820 1963 859 paupertate

1219 873 1248 901 et
1267 867 1408 908 miseria,
1424 867 1527 901 dictos
1539 878 1697 911 pauperes
1717 868 1757 901 ad
1776 867 1963 902 satisfactio-

1219 931 1294 954 nem
1312 931 1425 954 eorum
1446 921 1559 955 crediti
1579 921 1730 954 admittas
1742 948 1749 961 ‚
1777 921 1888 965 eisque
1907 913 1960 955 sa'·

1220 975 1332 1009 tisfieri
1353 975 1486 1008 mandes
1510 981 1542 1008 et
1567 975 1665 1008 facias
1685 974 1816 1008 realiter
1835 972 1871 1008 et'
1889 985 1962 1008 cum

1219 1029 1345 1069 effectu,
1357 1039 1454 1073 super
1470 1028 1586 1072 quibus
1606 1028 1663 1061 tibi
1683 1029 1812 1072 plenam
1833 1034 1864 1062 et
1883 1028 1963 1062 libe-

1221 1093 1288 1116 ram
1308 1083 1490 1116 facultatem
1505 1093 1578 1116 cum
1591 1082 1688 1116 simili
1699 1087 1856 1127 potestate
1867 1093 1964 1127 quos-

1221 1147 1359 1180 cumque
1376 1136 1431 1169 ubi
1452 1141 1483 1169 et
1507 1136 1648 1180 quando,
1672 1147 1709 1169 ac
1728 1136 1854 1180 quoties
1882 1146 1964 1180 opus

1221 1190 1324 1231 suerit,
1346 1189 1440 1223 etiam
1454 1200 1512 1233 per
1526 1190 1666 1223 edictum
1687 1189 1865 1233 publicum,
1888 1199 1965 1223 con-

1221 1243 1295 1277 stito
1329 1243 1504 1277 summarie
1545 1248 1576 1277 et
1607 1242 1892 1276 extraiudieialiter
1925 1243 1966 1276 de

1221 1306 1286 1329 non
1307 1301 1375 1330 totu
1396 1306 1537 1336 ace-essu,
1560 1306 1597 1329 ac
1615 1295 1711 1329 etiam
1728 1295 1788 1328 sub
1808 1295 1962 1329 ecclesia-

1221 1350 1308 1383 sticis
1327 1350 1503 1390 sententiis,
1524 1350 1678 1390 censuris,
1702 1354 1733 1383 et
1753 1349 1849 1383 etiam
1869 1359 1965 1393 pecu-

1222 1403 1333 1437 niariis
1358 1403 1493 1447 aliisque
1520 1403 1633 1447 poenis
1653 1402 1870 1447 imponendis,
1894 1412 1965 1436 mo-

1222 1457 1372 1490 derandis
1385 1462 1415 1490 et
1435 1455 1646 1500 applicandis,
1663 1455 1794 1497 citandi,
1811 1455 1965 1489 monendi

1222 1516 1252 1544 et
1272 1510 1451 1550 inhibendi,
1475 1515 1506 1543 et
1525 1509 1556 1542 in
1578 1515 1728 1543 eventum
1748 1519 1813 1543 non
1834 1509 1966 1554 paritio·

1222 1564 1281 1605 nis,
1308 1564 1500 1604 sententias,
1529 1573 1681 1597 censuras
1705 1569 1737 1597 et
1760 1573 1881 1608 poenas
1905 1563 1965 1597 hu-

1222 1618 1359 1652 iusmodi
1381 1617 1576 1658 declarandi,
1592 1617 1798 1660 aggravandi,
1818 1627 1967 1661 reaggra-

1222 1672 1315 1706 randi
1329 1700 1336 1713 ,
1371 1670 1674 1705 excommunicandi
1690 1699 1697 1711 ,
1729 1670 1963 1711 interdicendi,

1222 1726 1441 1769 auxiliumque
1472 1724 1597 1758 brachii
1621 1724 1812 1765 saecularis,
1835 1724 1860 1758 si
1885 1735 1967 1769 opus

1223 1779 1329 1819 suerit,
1350 1779 1532 1819 invocandi,
1555 1789 1681 1812 necnon
1700 1783 1894 1822 perpetuum
1912 1778 1968 1812 de-

1221 1844 1319 1877 super
1339 1833 1514 1873 silentium,
1529 1831 1617 1865 omni
1637 1838 1667 1865 et
1687 1841 1892 1876 quacumque
1911 1841 1967 1876 ap—

1222 1887 1395 1931 pellatione
1415 1892 1445 1920 et
1459 1897 1591 1919 recursu
1605 1885 1749 1927 remotis,
1761 1885 1963 1930 imponendi,

1222 1941 1396 1985 omniaque
1428 1945 1459 1973 et
1488 1939 1614 1982 singula
1649 1939 1711 1972 alia
1746 1939 1778 1972 in
1813 1939 1968 1984 praemis-

1222 1995 1264 2028 sis
1283 2000 1313 2028 et
1332 1994 1416 2027 circa
1436 2004 1473 2027 ea
1493 1993 1686 2034 neccssaria,
1708 2004 1764 2027 seu
1785 1994 1967 2038 quomodo-

1223 2049 1298 2082 libet
1319 2053 1503 2092 opportuna
1525 2047 1675 2087 faciendi,
1703 2047 1848 2090 gerendi,
1871 2057 1964 2081 exer-

1223 2103 1315 2136 cendi
1349 2108 1379 2136 et
1407 2102 1608 2146 exequendi,
1637 2102 1721 2135 iuxta
1752 2101 1968 2137 concessionis

1204 2183 1205 2187 ,
1222 2158 1360 2191 aliorum
1380 2158 1600 2191 Romanorum
1622 2156 1813 2190 Pontificum
1834 2156 1969 2201 praede-

1223 2221 1387 2244 cessorum
1413 2215 1596 2243 nostrorum
1626 2210 1764 2254 desuper
1783 2208 1966 2243 huiusmodi

1223 2264 1403 2297 officiorum
1428 2263 1658 2303 obtinentibus,
1683 2267 1715 2295 ut
1736 2261 1964 2306 praemittitur,

1225 2318 1324 2351 tactae
1351 2323 1507 2354 tenorem,
1535 2315 1744 2349 concedimus
1770 2320 1799 2349 et
1821 2314 1966 2359 imperti-

1225 2381 1306 2404 mur.
1331 2371 1497 2403 Postremo
1519 2369 1594 2410 tibi,
1617 2374 1649 2402 ut
1676 2379 1788 2402 omnes
1815 2374 1846 2402 et
1865 2379 1964 2413 quas·

1224 2435 1362 2468 cumque
1381 2434 1492 2457 causas
1507 2426 1574 2455 lam
1596 2432 1653 2466 per
1671 2427 1711 2461 te,
1724 2432 1820 2466 quam
1842 2421 1967 2455 locum-

1225 2482 1369 2510 tenentes
1395 2483 1466 2510 tuos
1485 2487 1583 2521 super
1607 2475 1759 2509 omnibus
1779 2480 1809 2508 et
1833 2474 1968 2518 singulis

1224 2519 1377 2570 articulis,
1401 2529 1543 2573 negociis
1562 2534 1590 2562 ct
1618 2528 1720 2562 causis
1751 2527 1782 2561 in
1813 2527 1967 2561 constitu·

1225 2583 1322 2621 tione.
1346 2595 1401 2617 seu
1423 2589 1510 2617 motu
1533 2582 1665 2627 proprio
1685 2593 1742 2627 per
1765 2581 1965 2627 praedictum

1224 2637 1314 2670 Pium
1344 2638 1623 2681 praedecessorem
1661 2646 1720 2681 pro
1752 2634 1896 2680 pecuniis
1925 2634 1965 2668 ad

1976 234 2023 261 An.
2040 233 2068 261 C.
2091 236 2101 262 ¹
2129 241 2132 250 ¹

1216 279 1302 322 quod
1328 279 1355 312 si
1380 279 1413 312 in
1433 280 1536 314 causis
1556 281 1588 314 in
1614 286 1668 315 tuo
1693 282 1864 323 tribunali,
1894 288 1958 316 tam
1975 296 2157 345 ‘affixam-mi
