2253 3195
275 176 324 203 An.
343 176 371 203 c.
391 176 458 204 1593
504 167 546 201 68

287 1189 368 1211 Causae
378 1191 448 1211 huin<-

265 1217 320 1237 modi
336 1218 449 1239 erectionis

266 1242 382 1264 faciendae.

472 231 503 258 et
521 225 596 258 fidei
617 225 792 258 catholicae
813 225 1011 258 eversionem
1040 224 1214 266 incumbit)

472 278 598 322 disponi
619 279 747 312 debeat:
769 279 865 318 unde,
890 277 996 310 divino
1021 278 1089 311 sulti
1114 288 1211 322 prae-

471 331 564 372 sidio,
588 332 732 375 dignum,
757 332 832 375 quin
854 332 960 375 potius
980 331 1140 372 debitum,
1164 343 1214 365 ar-

471 385 629 418 bitramur
649 385 681 418 in
708 385 829 427 irriguo
860 385 1023 418 militantis
1054 385 1213 418 Ecclesiae

471 446 549 478 agro
569 446 666 469 novas
686 436 884 480 episcopales
903 436 995 469 sedes
1012 442 1042 469 et
1064 436 1213 470 ecelesias

470 490 633 533 plantare,
668 490 840 533 praecipue
871 490 948 523 dum
978 490 1211 524 catholicorum

470 552 581 585 regum
602 548 674 576 vota
693 543 724 575 id
746 549 928 587 esposcunt,
952 549 987 576 ut
1014 554 1073 587 per
1103 543 1212 577 huius-

470 595 557 628 modi
570 606 667 629 novas
680 596 895 640 plantationes
907 597 1073 640 popularis
1093 608 1211 640 augea-

469 655 520 681 tur
540 649 678 689 devotio,
695 649 820 683 divinus
834 650 938 683 cultus
957 650 1080 690 floreat,
1095 656 1126 684 et
1142 651 1211 683 ani-

469 712 593 735 marum
613 703 698 736 salus
721 704 954 747 subsequatur,
978 704 1049 737 loca
1074 704 1212 747 insignia

467 755 667 799 praesertim,
691 767 830 800 quorum
852 757 977 790 incolae
999 757 1210 791 benedicente

465 808 613 849 Domino,
637 810 840 854 multiplicati
861 816 1053 851 noscuntur,
1077 811 1206 853 dignio-

465 860 554 894 ribus
575 862 674 896 titulis
694 869 724 896 et
745 864 912 907 condignis
942 865 1102 898 favoribus
1131 865 1206 898 illu-

465 921 626 956 strentur,
648 917 774 961 ipsique
806 917 950 957 incolae,
975 918 1208 951 honoratorum

465 971 649 1013 praesulum
679 971 879 1012 assistentia,
902 972 1059 1015 regimine
1091 979 1121 1006 et
1150 973 1209 1006 do·

465 1024 566 1057 ctrina
591 1025 722 1065 suffulti,
748 1026 779 1058 in
801 1025 850 1059 via
869 1026 996 1059 Domini
1017 1026 1118 1069 magis
1140 1037 1208 1060 ma-

464 1077 576 1122 gisque
596 1078 776 1122 perficiant.

509 1133 526 1174 g
548 1131 577 1164 1.
605 1132 687 1165 Sane
705 1143 777 1166 cum
807 1133 1014 1167 charissimus
1033 1134 1065 1166 in
1085 1134 1209 1168 Christo

466 1184 550 1218 filius
569 1191 678 1218 noster
708 1186 874 1230 Philippus
902 1187 1128 1231 Hispaniarum
1155 1199 1209 1222 rex

465 1239 652 1281 catholicus,
676 1241 729 1284 qui
750 1252 811 1285 pro
831 1252 889 1275 sua
915 1241 1070 1284 singulari
1091 1243 1208 1287 pietate

464 1291 668 1337 maximoque
704 1293 879 1328 catholicae
914 1294 989 1328 tidei
1025 1296 1092 1329 zelo
1128 1296 1207 1329 nihil

464 1346 565 1388 magis
585 1346 615 1379 in
643 1347 707 1380 suis
739 1348 845 1389 regnis
874 1354 904 1381 et
935 1349 1085 1382 dominiis
1110 1361 1207 1393 quam

462 1399 561 1443 ipsius
581 1400 655 1434 fidei
677 1402 902 1436 exaltationem
931 1409 958 1435 et
981 1403 1078 1436 divini
1104 1405 1208 1438 cultus

461 1461 693 1496 augumentum
731 1462 882 1500 exoptare
920 1456 1066 1495 videtur,
1101 1468 1136 1491 ar
1173 1465 1207 1492 ut

461 1507 550 1551 pium
579 1515 606 1541 et
639 1509 831 1543 catholicum
865 1512 1111 1552 regeni'decet,
1141 1524 1204 1546 non

462 1559 568 1592 minus
599 1560 638 1593 de
667 1561 768 1594 salute
793 1562 974 1595 animarum
1008 1565 1203 1607 populorum

460 1611 518 1644 sibi
551 1613 780 1651 subiectorum,
805 1626 900 1658 quam
928 1616 966 1649 de
987 1619 1222 1662 praefatorum

460 1676 633 1708 regnorum
655 1673 683 1701 et
711 1668 929 1702 dominiorum
962 1671 1204 1705 conservatione

459 1725 503 1752 est
522 1720 688 1759 sollicitus,
713 1721 808 1765 idque
829 1722 919 1755 sarde
940 1724 1092 1767 consequi
1112 1735 1203 1768 posse

459 1773 602 1815 cogitans
623 1786 658 1807 ex
679 1786 833 1808 novarum
855 1777 1062 1810 ecclesiarum
1090 1779 1199 1812 cathe-

458 1827 594 1860 dralium
618 1828 789 1867 erectione,
815 1830 1002 1873 praesertim
1029 1831 1082 1863 ubi
1112 1832 1201 1866 dioe-

458 1891 545 1913 ceses
563 1881 604 1913 oli
626 1881 757 1914 nimiam
780 1893 890 1916 earum
914 1885 1127 1922 latitudinem,
1145 1897 1200 1918 ne·
1218 1894 1219 1910 ³

457 1934 532 1966 dum
548 1936 730 1978 quotannis,
746 1937 800 1969 sed
823 1948 862 1969 ne
881 1943 946 1971 toto
967 1938 1097 1982 quidem
1113 1939 1201 1973 bien-
1217 1958 1218 1981 t

457 1987 510 2020 nio
531 1999 548 2020 a
565 1989 704 2032 propriis
726 1990 883 2034 episcopis
904 1991 1022 2025 visitari
1045 2000 1196 2036 possunt,

457 2047 549 2083 prout
574 2041 603 2073 in
626 2042 762 2076 dioecesi
786 2044 973 2083 lli'gellcnsi,
995 2056 1076 2088 quae
1102 2052 1145 2079 cst
1169 2047 1198 2079 in

456 2094 636 2138 principatu
665 2097 891 2135 (lattiatonia0,
923 2099 1050 2131 evenire
1079 2099 1198 2133 iamdiu

456 2159 488 2181 rc
510 2149 576 2192 ipsa
597 2157 797 2193 routpertum
820 2158 863 2184 est
881 2179 886 2191 ,
914 2152 1004 2185 uobis
1024 2153 1197 2193 significari

456 2202 589 2239 sevisset.
608 2205 693 2247 quod
715 2204 870 2238 ‹tim-cesis
897 2206 1098 2246 urgellensis,
1116 2219 1198 2251 quae

456 2255 550 2288 lialwt
570 2257 608 2288 ad
631 2257 698 2289 cius
719 2258 798 2290 {ines
819 2259 911 2302 plura
933 2260 1000 2292 lora
1023 2259 1215 2300 remittat-j

455 2309 514 2341 liae
537 2310 657 2343 liat-resi
680 2311 817 2349 intecta,
841 2313 882 2345 ol)
905 2313 988 2346 illius
1013 2315 1197 2357 amplitudi-

455 2373 539 2402 nem,
558 2364 766 2408 morumque
787 2372 814 2398 1-1
838 2367 1070 2410 parochialium
1093 2370 1195 2401 vecle-

454 2415 571 2448 siarmu
595 2417 804 2460 [ιη-(1110011301
827 2427 855 2452 et
875 2421 1052 2464 periculum
1075 2422 1214 2469 anima-¹>

456 2470 512 2501 lms
529 2470 708 2508 iniimus—us.
728 2479 857 2516 propter
872 2474 1106 2508 haereticorum
1123 2476 1213 2521 vici-¹

455 2522 603 2559 nitatem,
628 2535 689 2556 11011
724 2532 822 2568 pou-st
856 2538 871 2559 a
895 2529 1026 2572 proprio
1043 2529 1195 2573 episcopo

454 2578 624 2609 commodo
652 2578 783 2617 visitari,
809 2580 939 2624 ipsi-que
959 2582 1044 2615 sotus
1065 2583 1192 2626 0111500-
1210 2586 1214 2623 Ι

1055 177 1240 201 numanum
1260 177 1413 202 nomm!

1248 235 1307 268 pus
1327 224 1477 258 omnibus
1497 235 1629 259 suorum
1650 225 1915 259 dioecesanorum
1935 236 1990 259 ne-

1248 278 1459 320 cessitatibus,
1476 284 1572 323 prout
1589 278 1748 319 convenit,
1762 279 1912 323 supplere
1925 289 1990 312 non

1248 333 1341 371 valet,
1364 343 1400 366 ex
1421 343 1485 377 quo
1515 332 1690 366 maximum
1723 342 1835 366 eorum
1864 332 1991 366 animae

1248 386 1477 420 detrimentum
1498 386 1684 430 patiuntur3
1714 385 1738 418 si
1770 385 1926 429 oppidum
1952 386 1991 419 de

1247 441 1380 474 Celsona
1400 441 1500 484 (quod
1522 440 1606 473 intra
1622 439 1703 472 fines
1720 438 1820 483 ipsius
1837 438 1992 472 dioecesis

1246 493 1451 536 Urgellensis,
1474 493 1533 527 suh
1562 492 1775 526 saluberrimo
1796 502 1870 525 aere
1894 491 1990 525 situm

1247 553 1277 580 et
1297 547 1368 580 altis
1389 547 1490 580 muris
1511 547 1650 580 cinctum
1672 545 1786 586 existit,
1809 551 1840 578 et
1867 556 1886 578 a
1917 545 1991 578 civi-

1246 607 1309 635 tate
1329 601 1506 644 Urgellensi
1527 599 1717 633 milliaribus
1734 599 1819 633 circa
1832 599 1991 643 quinqua-

1245 655 1332 697 ginta
1353 654 1459 695 distat,
1474 665 1510 687 ac
1531 654 1645 687 domos
1664 652 1792 686 circiter
1812 658 1986 692 sexcentas,

1245 714 1276 741 et
1292 713 1420 752 praeter
1436 707 1504 741 eius
1523 707 1700 740 admodum
1713 706 1872 749 insignem
1884 711 1915 739 et
1927 706 1990 740 ele-

1244 761 1348 805 gantis
1368 767 1548 795 structurae
1572 760 1791 804 parochialem
1821 759 1989 793 ecclesiam

1243 815 1302 848 sub
1327 814 1529 848 invocatione
1548 814 1663 847 Beatae
1681 812 1797 846 Mariae
1829 811 1966 855 Virginis
1980 839 1987 852 ,

1243 879 1316 902 curn
1335 868 1508 902 commodo
1529 873 1560 901 et
1579 867 1688 911 amplo
1708 866 1828 910 palatio
1848 866 1892 899 illi
1913 876 1990 900 con-

1241 922 1343 964 tiguo,
1366 932 1402 954 ac
1423 921 1556 955 domum
1576 919 1703 954 Ordinis
1722 920 1872 952 Fratrum
1889 917 1989 952 Mino-

1242 986 1314 1009 rum
1347 975 1602 1020 Capuccinorum
1645 977 1926 1017 nuncupatorum,
1960 978 1991 1006 et

1243 1029 1412 1074 hospitale,
1433 1026 1775 1070 confraternitatesque
1806 1026 1985 1066 laicorum,

1242 1094 1369 1117 necnon
1400 1083 1522 1116 incolas
1556 1082 1680 1115 nobiles
1714 1087 1874 1114 terrarum
1907 1081 1988 1114 duos

1243 1138 1376 1182 equites,
1400 1137 1508 1180 legum
1529 1142 1561 1170 et
1590 1136 1708 1169 artium
1739 1146 1776 1169 ac
1808 1135 1988 1169 medicinae

1243 1192 1411 1231 doctores,
1435 1191 1539 1231 cives,
1563 1195 1760 1224 mercatores
1791 1195 1821 1222 et
1849 1188 1988 1222 artifices

1243 1245 1347 1278 omnis
1367 1244 1503 1287 generis,
1527 1254 1563 1277 ac
1585 1243 1782 1277 territorium
1809 1243 1986 1276 admodum

1242 1299 1385 1342 amplum
1401 1326 1408 1337 ‚
1429 1297 1531 1331 fertile
1560 1303 1591 1330 et
1619 1307 1792 1330 amoenum
1808 1324 1815 1337 ‚
1835 1296 1987 1330 omnibus

1242 1353 1281 1385 ad
1302 1352 1387 1384 illius
1408 1351 1586 1385 incolarum
1617 1350 1699 1384 vitae
1719 1349 1984 1384 sustentationem

1242 1405 1428 1439 necessariis
1450 1405 1521 1438 fatis
1542 1405 1715 1448 refertum)
1743 1404 1775 1437 in
1799 1403 1958 1437 civitatem
1975 1431 1982 1443 ,

1240 1459 1389 1504 illiusque
1413 1459 1547 1493 ecclesia
1570 1458 1734 1503 praefata,
1758 1458 1848 1492 cuius
1878 1469 1984 1492 sacra-

1240 1514 1322 1547 rium
1341 1513 1537 1557 paramentis
1554 1518 1585 1546 et
1605 1512 1674 1546 aliis
1693 1513 1733 1546 ad
1754 1512 1876 1546 cultum
1898 1512 1982 1546 divi—

1239 1578 1315 1600 num
1338 1567 1526 1601 necessariis
1540 1567 1690 1600 decenter
1702 1571 1852 1599 ornatum
1866 1566 1981 1606 existit,

1240 1621 1270 1654 in
1292 1621 1509 1654 cathedralem
1531 1620 1698 1654 ecclesiam
1724 1620 1928 1663 erigerentur
1954 1626 1985 1653 et

1239 1674 1491 1714 instituerentur,
1516 1674 1589 1707 inde
1611 1674 1756 1717 profecto
1777 1673 1852 1706 cleri
1871 1679 1902 1706 et
1926 1684 1983 1717 po-

1238 1728 1304 1772 puli
1325 1728 1421 1767 salus,
1438 1737 1511 1760 cum
1533 1727 1686 1761 ecclesiae
1707 1733 1738 1760 et
1758 1726 1868 1771 oppidi
1890 1737 1982 1771 prae-

1238 1783 1375 1815 fatorum
1397 1782 1525 1821 decore,
1547 1781 1641 1822 longo
1664 1781 1764 1823 magis
1785 1780 1978 1824 proveniret.

1282 1837 1296 1877 ξ
1318 1835 1348 1867 Q.
1369 1835 1442 1875 Nos,
1467 1835 1520 1879 qui
1543 1835 1664 1868 dudum
1687 1834 1770 1867 inter
1790 1834 1850 1867 alia
1880 1834 1982 1868 volui-

1237 1900 1306 1921 mus
1327 1889 1413 1932 quod
1434 1894 1576 1932 petentes
1594 1888 1749 1922 beneficia
1768 1887 1981 1921 ecclesiastica

1235 1942 1304 1974 aliis
1325 1942 1430 1981 uniri,
1455 1948 1640 1976 tenerentur
1665 1941 1843 1986 exprimere
1868 1952 1979 1975 verum

1235 2005 1377 2028 annuum
1400 1997 1540 2028 valorem
1555 1996 1650 2029 etiam
1667 1995 1813 2028 beneficii
1827 1995 1878 2028 cui
1891 1994 1978 2029 aliud

1235 2049 1316 2081 uniri
1339 2055 1512 2093 peteretur.
1536 2049 1680 2092 alioquin
1711 2048 1787 2082 unio
1809 2059 1872 2082 non
1895 2049 1978 2082 vale-

1235 2109 1292 2141 ret,
1320 2109 1347 2135 ot
1378 2114 1506 2146 semiper
1537 2103 1567 2136 in
1599 2103 1772 2136 unionibus
1794 2102 1978 2136 commissio

1234 2156 1324 2188 tieret,
1343 2157 1382 2189 ad
1401 2162 1517 2200 partes,
1543 2157 1660 2190 vocatis
1685 2167 1823 2200 quorum
1844 2157 1977 2190 interes-

1231 2216 1287 2246 ενι,
1301 2210 1484 2253 praemissis
1497 2222 1532 2243 111,-
1545 2210 1614 2243 aliis
1633 2210 1842 2244 rationalibus
1860 2209 1972 2249 causis,

1233 2263 1262 2296 iu
1279 2264 1529 2305 congregratione
1544 2264 1756 2298 cardinalium
1770 2274 1868 2308 super
1881 2263 1976 2298 rebus

1231 2317 1506 2351 ‹·onsistm·ialil)us
1531 2318 1780 2361 deputatorum,
1802 2317 1851 2350 rui
1879 2328 1976 2359 nego-

1231 2370 1315 2403 cium
1338 2371 1521 2404 huiusmodi
1543 2371 1792 2404 examinandum
1813 2371 1976 2404 voinmisi-

1231 2435 1311 2461 mus,
1336 2431 1460 2457 mature
1481 2425 1640 2464 discussis,
1665 2425 1804 2462 adducti,
1819 2436 1856 2457 ac
1879 2424 1973 2458 ctiam

1232 2476 1329 2520 ipsius
1351 2478 1487 2521 l'liilippi
1514 2478 1597 2517 regis
1630 2478 1777 2521 previbus
1807 2478 1970 2517 inclinati,

1231 2530 1338 2563 habita
1358 2542 1454 2574 supi-r
1475 2532 1534 2564 lio(¹
1555 2543 1627 2564 cum
1650 2532 1886 2565 votivi-atiititms
1906 2533 1971 2565 sra-

1231 2583 1334 2617 0111115
1362 2584 1478 2617 nostris
1498 2585 1528 2617 S.
1553 2584 1588 2617 R.
1613 2584 1644 2617 E.
1670 2585 1887 2619 cardinalibus
1908 2596 1975 2618 ma-

2007 177 2058 205 Αη.
2075 178 2104 204 c.
2123 176 2191 206 1593
2235 155 2253 215 .ζῖ

2250 1267 2253 1276 „
2224 363 2253 1238 A-.‘‘a›ffi'n-§azsmaaemmfflmnffla-„w-‘
2234 284 2253 317 ι.»
2251 228 2253 235 .

2018 1838 2098 1860 pitisio
2106 1842 2126 1860 ot
2136 1845 2181 1861 ere·
2218 1845 2230 1855 ⁴

1996 1865 2046 1887 ctio,
2061 1866 2088 1886 do
2103 1872 2145 1893 qua
2160 1866 2180 1888 in

1996 1891 2088 1912 rubrica.
