2253 3195
885 238 979 262 ixnnx
1005 237 1109 261 ararit
1133 253 1135 255 .
1659 223 1722 256 027

220 301 424 335 Tridentinae
443 300 603 334 Ecclesiae
617 299 850 344 praepositura.
875 300 991 333 Paulus
1011 300 1035 331 II
1054 297 1211 331 concessit
1231 296 1437 339 Sigismundo
1451 295 1629 334 Austriaco,
1652 294 1768 327 Tirolis

308 354 417 388 comiti
432 355 563 397 eiusque
581 353 829 391 successoribus,
844 353 891 385 ius
906 357 1094 396 patronatus
1109 352 1147 384 ad
1167 350 1423 394 praeposituram
1435 349 1666 386 Tridentiuam,
1682 347 1768 380 7:32tb

310 414 419 451 etseq.
444 407 595 451 Imposita
614 414 719 440 tamen
745 407 917 439 ‹foruitibus
939 407 1007 447 lege
1021 404 1163 437 solvendi
1186 404 1319 445 singulis
1333 403 1424 435 anuis
1439 413 1533 435 unam
1548 402 1766 434 ceraelibram

309 461 382 494 Sedi
405 461 617 504 Apostolicae,
646 460 708 492 7:37)
723 461 750 493 b.
779 460 845 499 Qua
866 470 924 503 per
949 458 1162 499 ignorantiam
1189 468 1253 489 non
1279 457 1394 495 soluta,
1419 455 1607 499 Rodulplius
1632 455 1690 488 sul)
1716 465 1768 487 ea-

312 515 383 547 dem
410 515 478 557 lege
503 515 580 558 petit
605 514 664 547 sibi
692 514 929 557 iuspatronatus
955 512 1089 551 restitui,
1108 511 1186 543 ibid.
1202 510 1319 543 Annuit
1335 511 1429 553 Papa,
1448 508 1520 541 736.
1543 510 1657 552 Iusque
1678 519 1769 551 prae-

311 573 415 601 servat
440 568 577 611 proviso,
606 568 685 600 ibid.
722 568 843 600 luctam
870 577 961 599 cerae
986 566 1100 598 libram
1128 563 1283 608 praestari
1309 563 1396 596 iubet
1420 563 1479 596 sul>
1508 573 1611 606 poena
1637 562 1767 595 caduci-

313 622 395 661 tatis,
426 621 487 654 7:37
513 632 543 654 α.

224 675 362 708 Tullensi
388 675 419 707 in
441 675 578 708 dioecesi
600 675 709 718 plures
729 674 847 707 abusus
869 679 979 706 eontra
997 672 1078 705 sacri
1093 671 1224 705 Concilii
1245 670 1423 704 Tridentini
1439 670 1639 703 decretorum
1663 669 1770 712 dispo-

312 727 462 760 sitionem
484 727 692 770 irrepserant,
717 737 798 770 quae
819 726 994 759 summarie
1021 730 1252 763 recensentur,
1277 723 1318 756 63
1338 734 1368 755 (ι.
1393 722 1536 755 Pontifex
1563 721 1770 764 Cristopboro

313 780 464 824 episeopo
484 780 623 813 'fallensi
642 780 810 813 committit
831 779 1045 812 visitationem
1061 778 1157 811 totius
1174 776 1330 810 dioecesis
1350 777 1388 808 ad
1408 776 1619 808 eradicandos
1639 775 1767 811 abusus,

312 839 342 866 et
358 833 489 867 Concilii
510 833 686 866 Tridentini
709 833 946 866 observantiam
970 831 1198 871 inducendam,
1216 831 1295 863 ibid.
1314 830 1339 862 b.
1358 830 1508 873 Sequitur
1534 828 1715 861 adhortatio
1732 828 1770 859 ad

314 886 494 930 Capitulum
516 892 545 919 et
567 887 739 919 cationicos
759 887 935 923 Tullenses,
959 892 992 918 ut
1019 885 1104 917 iuxta
1125 883 1256 917 Concilii
1278 883 1454 916 Tridentini
1475 883 1601 915 decreta
1622 881 1772 925 episcopo

314 951 372 973 suo
394 946 538 984 pareant,
555 940 597 972 (il
617 952 647 973 a.

225 993 343 1027 'fureas
361 986 470 1026 contra
491 993 623 1026 bellum.
649 993 793 1027 Clemens
815 993 878 1026 t'ttt
899 993 1073 1026 Turcarum
1100 996 1233 1024 conatus
1261 990 1402 1033 bellique
1427 995 1600 1033 apparatus
1632 988 1663 1021 in
1689 988 1771 1021 cliri-

316 1047 468 1080 stifideles
490 1047 615 1080 disertis
636 1047 739 1079 verbis
760 1052 915 1086 recenset,
939 1045 980 1078 98
1008 1057 1049 1085 a;
1077 1046 1275 1088 fractamque
1302 1043 1418 1087 triplici
1444 1042 1605 1086 Rodulplii
1628 1042 1769 1085 impera-

319 1100 395 1134 toris
416 1101 548 1134 victoria
569 1111 679 1134 eorum
706 1100 872 1133 audaciam
893 1099 1006 1137 innuit,
1027 1099 1106 1131 ibid.
1136 1098 1161 1130 b.
1190 1097 1406 1130 Nihilominus
1424 1097 1519 1140 paulo
1541 1102 1611 1140 post
1630 1096 1774 1128 insanior

321 1155 421 1187 factus
448 1155 567 1194 Turca,
596 1160 738 1187 extrema
767 1164 914 1197 quaeque
943 1152 1146 1190 Germaniae,
1175 1151 1350 1194 Italiaeque
1375 1150 1552 1189 minitatur,
1574 1150 1615 1182 tit)
1633 1160 1662 1182 a.
1687 1149 1772 1193 Papa

319 1207 512 1240 christianos
531 1207 693 1250 principes
712 1207 905 1239 hortaturut
925 1205 1097 1249 Rodulpbo
1118 1204 1271 1237 auxilium
1294 1205 1406 1243 ferant,
1431 1213 1527 1246 seque
1549 1213 1612 1235 non
1627 1202 1772 1245 exiguam

318 1271 412 1304 opem
435 1260 462 1293 ei
482 1261 653 1293 allaturum
675 1260 831 1304 spondet,
859 1260 938 1292 ibid.
969 1259 1029 1292 Sed
1051 1268 1122 1291 cum
1145 1258 1276 1290 Camera
1297 1257 1481 1300 Apostolira
1505 1256 1574 1288 aliis
1595 1256 1690 1289 etiam
1717 1256 1773 1288 ini-

317 1314 443 1358 pendiis
464 1314 614 1347 exhausta
631 1314 734 1358 impar
755 1314 794 1346 ad
815 1313 876 1346 lioc
894 1313 944 1351 sit,
966 1313 1087 1345 clerum
1112 1311 1218 1345 Status
1240 1309 1452 1343 lsseclesiastici
1476 1309 1505 1341 in
1525 1315 1645 1353 partem
1670 1315 1775 1342 tautae

318 1367 364 1400 rei
391 1378 505 1400 vocare
526 1378 558 1400 se
576 1372 722 1400 coactum
746 1369 871 1407 fatetur,
897 1366 975 1399 ibid.
1001 1366 1028 1398 b.
1060 1365 1116 1398 Sex
1143 1364 1280 1408 proinde
1302 1363 1442 1396 decimas
1464 1374 1560 1406 super
1585 1362 1693 1395 onmia
1715 1363 1772 1395 be-

318 1420 433 1453 neficia
453 1421 628 1453 saecularia
650 1427 681 1453 et
696 1420 856 1463 regularia
878 1419 1025 1463 imponit,
1049 1417 1113 1450 100
1131 1429 1150 1450 a
1164 1430 1173 1456 ;
1197 1417 1335 1460 exeeptis
1349 1416 1566 1449 cardinalibus
1587 1421 1681 1459 atque
1696 1416 1775 1448 ‹luo-

321 1473 423 1506 deeim
450 1474 662 1516 Regularibus
680 1473 999 1515 Congregationiluts,
1024 1482 1116 1515 quae,
1145 1470 1345 1514 temporibus
1368 1469 1413 1502 l‘ii
1436 1470 1538 1512 Papae
1559 1468 1595 1509 Y.
1619 1479 1677 1512 pro
1699 1469 1774 1501 sul)-

319 1527 402 1560 sidio
439 1527 605 1560 ordinario
637 1539 708 1560 emn
742 1528 872 1560 Camera
914 1525 1097 1569 Apostolica
1132 1523 1401 1568 compositionem
1438 1523 1598 1561 inierunt,
1632 1522 1709 1554 ibid.
1746 1522 1774 1554 b.

320 1581 405 1613 Alias
425 1591 477 1613 sex
499 1581 640 1613 decimas
665 1580 803 1624 imponit
823 1590 918 1624 super
945 1579 1100 1612 fructibus
1123 1587 1404 1621 quarumcumque
1430 1576 1634 1620 pensionum,
1659 1586 1772 1618 supra-

320 1634 411 1667 dictis
432 1634 581 1678 exceptiS,
607 1634 684 1666 ibid.
711 1635 745 1669 b:
768 1633 939 1677 praefinito
965 1633 1004 1665 ad
1027 1632 1186 1665 faciendas
1211 1630 1388 1664 solutiones
1418 1629 1566 1669 termino,
1591 1628 1670 1661 ibid.
1688 1640 1699 1667 ;
1721 1629 1776 1661 de-

320 1687 508 1731 positarium
545 1688 584 1720 ad
621 1698 672 1720 eas
703 1687 929 1720 custodiendas
959 1685 1105 1725 instituit,
1134 1684 1193 1716 1101
1223 1696 1252 1717 α.
1283 1685 1352 1717 Non
1381 1684 1540 1716 solventes
1568 1688 1622 1715 aut
1649 1682 1777 1714 fraudes

321 1741 570 1781 committentes,
593 1741 704 1784 poenis
725 1746 862 1781 coercet,
884 1739 963 1772 ibid.
988 1738 1131 1772 Decimas
1152 1737 1344 1781 pensionum
1367 1748 1385 1770 a
1406 1736 1563 1769 beneficia
1588 1735 1778 1779 possidenti-

322 1794 381 1827 bus
402 1795 684 1838 pensionarionum
704 1794 835 1827 nomine
857 1794 1024 1827 solvendas
1049 1803 1117 1825 esse
1138 1792 1290 1830 declarat,
1316 1791 1393 1823 ibid.
1416 1790 1525 1823 Modus
1548 1800 1600 1822 eas
1618 1788 1774 1831 exigendi,

321 1848 400 1880 ibid.
418 1848 619 1887 Quietantiae
640 1860 657 1881 a
678 1848 795 1892 quibus
814 1847 991 1887 faciendae,
1014 1846 1093 1879 ibid.
1118 1846 1144 1878 b.
1169 1846 1199 1878 S.
1222 1846 1256 1878 It.
1282 1845 1315 1877 E.
1340 1844 1537 1876 cardinalem
1559 1842 1776 1876 Cai‘uerarium

320 1901 521 1935 decimarum
550 1903 758 1935 collectorem
789 1901 955 1934 constituit
983 1911 1054 1933 cum
1085 1898 1290 1943 amplissimis
1317 1897 1544 1938 facultatibus,
1574 1896 1631 1929 102>
1656 1907 1676 1928 a
1695 1902 1725 1928 et
1747 1896 1773 1928 b.

322 1955 433 1989 Sacras
446 1956 684 1999 suppellectiles
705 1956 776 1989 loco
799 1960 947 1988 monetae
968 1953 1091 1998 percipi
1113 1952 1273 1997 probibet,
1299 1951 1363 1984 ι103
1388 1962 1418 1984 a.
1442 1952 1557 1984 Taxam
1590 1960 1647 1994 pro
1679 1949 1774 1993 quie-

324 2008 430 2042 tantiis
443 2009 604 2053 praefinit„
621 2009 700 2042 ibid.
716 2009 742 2042 b.
755 2010 789 2042 ln
811 2009 895 2042 idem
910 2012 1149 2051 argumentum.
1167 2007 1252 2050 Papa
1273 2010 1417 2038 recenset
1435 2005 1609 2038 Turrarum
1637 2004 1777 2036 furorem

324 2062 533 2105 espastutiam
562 2063 593 2095 in
623 2063 826 2103 christianos,
856 2062 912 2094 751
947 2063 974 2094 b.
999 2062 1158 2100 Quantum
1187 2060 1253 2103 ipse
1274 2058 1487 2092 elaboraverit
1506 2063 1540 2090 ut
1570 2058 1679 2090 foedus
1700 2056 1782 2089 inter

324 2115 485 2159 principes
510 2115 700 2149 christianos
726 2122 838 2150 contra
863 2127 916 2150 eos
935 2115 1154 2153 constitueret,
1180 2112 1242 2146 752>
1262 2123 1292 2145 a.
1316 2112 1424 2145 Veneti
1445 2112 1548 2155 Papae
1570 2110 1699 2143 monitis
1724 2110 1781 2142 ob-

326 2170 541 2212 temperante's
567 2181 656 2203 arces
680 2175 857 2214 portusque
883 2169 1079 2208 munierunt,
1101 2173 1129 2200 et
1152 2166 1325 2200 exercitum
1347 2171 1511 2209 pararunt,
1533 2164 1609 2196 ibid.
1633 2164 1658 2196 b.
1694 2164 1779 2196 l‘on-

326 2222 398 2255 tifex
426 2222 470 2256 eis
492 2223 648 2257 concessit
671 2223 829 2257 decimam
848 2234 946 2267 super
970 2222 1063 2255 bonis
1085 2219 1318 2256 ecclesiasticis,
1343 2218 1422 2251 ibid.
1445 2218 1560 2252 Causas
1598 2218 1694 2250 refert
1725 2227 1782 2260 pro

324 2275 523 2319 reipublicae
534 2277 671 2310 Venetae
686 2277 826 2310 decimas
848 2276 1058 2320 imponendo,
1083 2274 1145 2307 753
1163 2285 1192 2306 a.
1208 2274 1285 2307 Octo
1300 2271 1440 2305 decimas
1460 2281 1557 2314 super
1570 2270 1662 2303 bonis
1675 2271 1780 2303 ercle-

324 2329 458 2363 siasticis
479 2330 625 2374 imponit,
649 2341 731 2374 quae
753 2331 867 2364 cedant
888 2331 918 2363 in
934 2329 1077 2363 eiusdem
1093 2327 1283 2366 subsidium,
1301 2325 1378 2357 ibid.
1396 2325 1431 2359 b:
1453 2336 1488 2356 ac
1508 2324 1586 2356 alias
1606 2329 1678 2357 octo
1700 2323 1785 2356 deci-

326 2393 393 2416 mas
413 2394 510 2427 super
536 2383 756 2427 pensionibus,
782 2384 871 2417 factis
901 2390 1007 2416 tamen
1039 2381 1204 2415 nonnullis
1225 2377 1480 2422 exceptionibus,
1505 2377 1568 2409 754
1587 2388 1617 2410 a.
1641 2378 1786 2416 Quatuor

327 2436 468 2469 decimas
489 2442 519 2470 et
539 2437 704 2470 dimidiam
727 2437 864 2481 imponit
884 2448 981 2480 super
1002 2433 1312 2476 Congregationibus
1337 2430 1533 2470 monasticis,
1554 2442 1636 2474 quae
1657 2440 1788 2474 compo—

327 2489 476 2523 sitionem
497 2490 637 2524 inierunt
660 2491 719 2524 sub
745 2491 848 2531 rioV,
873 2490 950 2522 ibid.
975 2490 992 2521 b
1013 2494 1118 2530 etseq.
1135 2487 1263 2520 Modum
1286 2484 1431 2526 designat
1452 2484 1653 2527 persolvendi
1677 2484 1787 2517 liuius-

330 2542 416 2576 modi
445 2543 596 2585 decimas,
626 2543 688 2576 755
713 2545 740 2577 b.
767 2544 986 2587 Exequutores
1011 2542 1154 2584 deputat,
1179 2538 1341 2581 assignato
1367 2537 1411 2569 cis
1444 2537 1587 2580 praemio
1619 2537 1667 2570 bis
1699 2537 1786 2570 mille

331 2602 507 2637 scutorum,
525 2596 587 2630 750
598 2609 628 2631 α.
653 2598 799 2631 Facultas
819 2596 999 2631 necessaria
1024 2595 1068 2627 eis
1094 2592 1288 2636 impertitur,
1313 2590 1391 2624 ibid.
1408 2591 1435 2624 b.
1458 2591 1535 2624 Vasa
1555 2602 1657 2629 sarra,
1676 2591 1788 2635 pigno-

333 2650 376 2683 ris
397 2650 479 2692 loco,
503 2651 573 2696 capi
594 2657 689 2693 vetat,
718 2650 779 2684 757
806 2651 833 2684 b.
