2253 3195
234 213 284 241 An.
301 212 330 240 c.
350 202 420 241 15'95
464 201 530 236 224

260 1385 310 1407 Cum
325 1384 420 1411 applica-

233 1414 290 1435 tione
297 1416 420 1439 poenarum.

432 260 534 295 sancti
553 259 660 294 Iacobi
680 259 926 300 Incurabilium,
941 258 1175 293 Consolationis

433 319 465 347 et
483 313 619 347 aliorum
640 313 769 357 piorum
790 312 948 352 locorum,
971 322 1008 345 ac
1026 312 1127 355 Ripae
1145 317 1176 345 et

432 367 590 411 Ripettae,
613 366 710 408 Burgi
731 365 838 399 Sancti
857 365 964 406 Petri,
984 365 1098 399 Curiae
1117 365 1175 399 Ca-

433 420 586 465 pitolinae
616 419 720 452 almae
751 419 845 452 Urbis
871 419 1172 460 conservatoribus,

433 473 581 507 auditore
600 473 751 507 Gamerae
766 499 773 513 ,
797 477 827 505 et
847 472 967 506 vicario
991 479 1103 506 nostro
1123 482 1177 515 ge-

433 526 535 560 nerali
556 526 588 558 in
608 525 693 559 dicta
709 525 794 559 Urbe
814 531 845 559 et
864 526 933 559 eius
953 526 1116 567 districtu,
1140 536 1177 560 ac

432 578 544 624 palatii
564 578 666 612 nostri
696 578 866 622 apostolici
893 579 1117 620 auditoribus,
1141 590 1177 613 ac

432 631 534 665 dictae
549 631 642 665 Urbis
659 626 888 674 gubernatore,
904 638 1051 666 senatore
1063 638 1094 666 et
1107 632 1178 676 qui-

431 684 538 718 busvis
563 685 633 718 aliis
653 685 814 719 iudicibus
838 691 869 719 et
897 686 1178 719 conservatoribus

432 737 556 771 etiamsi
577 738 699 772 iudices
725 744 756 772 et
783 745 1037 790 conservatores,
1061 750 1097 772 ac
1122 739 1178 772 tri-

431 790 563 824 bunalia
582 791 769 825 huiusmodi
789 791 919 832 similia,
943 798 997 826 aut
1017 792 1177 836 amplissi-

432 854 520 876 mum
542 844 747 888 privilegium
772 845 949 883 baberent,
984 846 1016 878 in
1037 851 1121 879 statu
1148 852 1179 880 et

431 897 589 936 terminis,
612 897 645 931 in
674 898 791 942 quibus
822 909 937 932 causae
968 899 1056 943 ipsae
1084 910 1178 944 repe-

431 950 565 991 rientur,
582 957 638 984 aut
657 952 736 985 alias
753 952 1010 996 quomodolibet,
1033 958 1130 996 prout
1149 953 1177 986 ei

431 1003 534 1037 visum
553 1004 658 1045 suerit,
683 1005 838 1038 avocandi
852 1011 883 1038 et
899 1005 1131 1047 reassumendi,
1148 1012 1178 1039 et

432 1057 478 1090 eis
508 1067 548 1091 ne
579 1068 648 1092 sese
679 1058 710 1091 in
744 1063 839 1092 caus‘a
873 1065 903 1092 et
933 1059 1037 1093 causis
1061 1059 1175 1093 huius-

432 1110 520 1144 modi
541 1111 699 1154 ingerere,
722 1118 777 1145 aut
796 1112 1023 1152 intromittere,
1047 1123 1083 1146 ac
1103 1124 1178 1157 par-

431 1163 518 1197 tibus
537 1174 577 1197 ne
595 1174 703 1197 coram
718 1165 781 1198 alio
802 1175 1003 1210 comparere,
1026 1171 1081 1199 aut
1101 1177 1178 1210 pro-

433 1217 548 1250 cedere
569 1218 730 1258 audeant,
754 1218 813 1251 sub
834 1219 1030 1263 pecuniariis
1051 1220 1174 1263 poenis,

434 1270 568 1303 arbitrio
599 1281 657 1304 suo
686 1271 910 1316 imponendis,
935 1272 1117 1316 applicandi
1148 1279 1179 1306 et

434 1325 636 1366 moderandi,
651 1325 828 1359 inhibendi.
852 1325 887 1358 Et
906 1326 1128 1360 inobedientes
1149 1333 1179 1360 et

436 1377 573 1411 rebelles
608 1389 728 1422 poenas
762 1379 942 1422 praedictas
980 1380 1175 1413 damnabili-

436 1437 484 1465 ter
508 1431 659 1467 incidisse
686 1438 716 1465 et
746 1432 938 1473 incurrisse,
967 1433 1174 1474 declarandi,

434 1484 628 1527 aggravandi
640 1490 671 1518 et
682 1485 924 1527 reaggravandi.
935 1486 979 1519 lta
991 1487 1078 1530 quod
1089 1487 1178 1521 nullo

433 1548 588 1582 umquam
611 1544 756 1582 tempore
775 1539 908 1579 domus,
929 1550 985 1572 seu
1005 1540 1177 1583 collegium

434 1591 636 1632 huiusmodi,
659 1603 696 1626 ac
716 1604 872 1637 personae
892 1594 1076 1637 praedictae
1089 1622 1096 1635 ,
1119 1605 1178 1629 nec

434 1656 543 1679 earum
559 1646 685 1690 aliquae
694 1647 805 1690 quavis
817 1647 987 1681 occasione
1008 1648 1056 1681 vel
1069 1659 1175 1690 causa,

434 1705 488 1732 aut
519 1700 743 1743 praetensione
758 1728 766 1741 ,
789 1710 845 1734 seu
872 1706 1048 1744 praetextu,
1069 1702 1111 1745 ad
1129 1702 1178 1736 in-

434 1752 583 1785 stantiam
614 1753 800 1796 quarumvis
829 1764 1039 1797 personarum
1056 1782 1063 1795 ,
1091 1765 1179 1788 com-

435 1805 641 1845 munitatum,
665 1806 926 1847 universitatum,
947 1807 1175 1851 capitulorum,

434 1864 466 1892 et
485 1859 770 1901 congregationum
783 1887 790 1899 ‚
813 1860 1021 1900 societatum,
1045 1867 1076 1894 et
1096 1872 1175 1895 con-

435 1911 691 1952 fraternitatum,
715 1913 941 1953 saecularium,
965 1924 1020 1947 seu
1041 1914 1180 1948 cuiusvis

434 1965 562 1999 Ordinis
582 1965 792 2008 regularium,
822 1977 880 1999 nec
901 1967 1007 2000 minus
1035 1978 1175 2001 conven-

434 2025 536 2058 tuum,
561 2019 843 2059 monasteriorum,
868 2020 1091 2064 prioratuum,
1115 2021 1175 2055 lio-

434 2071 615 2116 spitalium‚
647 2079 698 2105 aut
727 2073 939 2115 religionum,
962 2084 1017 2107 seu
1046 2084 1179 2117 congre-

435 2126 623 2168 gationum,
658 2126 859 2170 aliarumque
890 2127 1121 2167 ecclesiarum,
1150 2134 1179 2162 ct

435 2180 563 2224 piorum
595 2180 762 2219 locorum,
787 2180 883 2213 ctiam
917 2181 1017 2223 magis
1045 2181 1175 2225 privile-

435 2233 608 2273 giatorum,
632 2239 663 2267 et
687 2233 826 2267 similem
854 2234 900 2267 vel
923 2234 1113 2278 ampliorem
1137 2236 1175 2268 sa·

436 2287 585 2320 cultatem
608 2287 806 2326 habentium,
823 2299 878 2320 seu
901 2288 1086 2331 quarunivis
1099 2289 1176 2321 alia-

436 2351 506 2373 rum
530 2351 740 2384 personarum
761 2340 1060 2381 ecclesiastic-arunt,
1084 2353 1178 2385 regu-

436 2392 550 2425 larium
573 2394 618 2425 vel
639 2394 864 2433 saecularium,
889 2400 943 2427 aut
963 2395 1057 2428 etiarn
1081 2395 1177 2428 laico-

437 2456 520 2484 rum,
544 2446 681 2479 cuiusvis
701 2446 834 2486 ordinis,
859 2447 1024 2488 dignitatis
1044 2454 1074 2481 ct
1094 2459 1174 2482 con-

437 2497 567 2532 ditionis
597 2499 799 2533 existentium
832 2500 907 2533 alibi
942 2511 1038 2545 quain
1067 2511 1175 2534 coram
1211 2490 1407 2545 praebendi,
1427 2502 1483 2535 sed
1504 2511 1632 2545 semper
1652 2501 1691 2534 ab
1714 2500 1775 2533 illis
1797 2505 1955 2544 exceptas,

436 2551 620 2594 supradicto
639 2553 821 2596 llodulplio‚
838 2559 868 2587 et
888 2563 946 2598 pro
968 2560 1112 2598 tempore
1131 2554 1177 2587 iu-
1211 2559 1342 2588 etsuum
1354 2554 1535 2599 plenarium
1545 2554 1694 2587 cll'cetum
1707 2552 1814 2587 sortiri
1825 2551 1955 2587 debere,

438 2604 518 2647 dice,
535 2605 590 2647 eis,
607 2613 639 2639 ut
659 2607 851 2651 praefertur,
875 2607 1047 2653 deputato,
1070 2613 1101 2642 ct
1120 2618 1177 2642 scu

1016 210 1202 235 BULLARIUM
1221 211 1377 236 ROMANUM

1209 259 1409 303 deputando,
1432 258 1517 292 trahi
1541 264 1598 293 aut
1623 259 1748 301 vocari,
1771 269 1831 294 nec
1851 259 1953 294 mole-

1208 312 1307 353 stari,
1335 317 1391 346 aut
1414 312 1601 354 conveniri,
1631 323 1812 357 causaeque
1843 323 1952 348 coram

1209 365 1278 409 ipso
1298 376 1357 409 pro
1378 371 1524 409 tempore
1542 365 1756 407 introductae,
1773 366 1813 400 ab
1830 376 1869 400 eo
1880 376 1954 400 avo-

1209 418 1286 459 cari,
1310 429 1370 452 nec
1389 418 1435 451 illi
1456 419 1628 463 minusque
1647 419 1794 463 partibus
1812 419 1953 453 inhiberi

1209 473 1321 516 possit.
1910 503 1912 505 ,

1255 526 1271 567 ἓ
1296 524 1327 558 5.
1356 525 1570 559 Decernentes
1595 531 1627 560 et
1649 525 1792 560 volentes
1808 553 1815 567 ,
1839 531 1951 567 motu,

1210 578 1344 611 scientia
1363 584 1394 612 et
1410 584 1568 623 potestate
1583 579 1754 620 similibus,
1769 579 1857 624 quod
1868 579 1953 612 idem

1210 631 1412 675 Rodulphus,
1433 637 1463 666 et
1481 642 1540 676 pro
1561 638 1707 677 tempore
1734 631 1829 671 iudex
1843 659 1851 672 ‚
1875 642 1954 676 qua-

1211 695 1350 728 cumque
1371 685 1628 729 reassumptione
1645 685 1684 719 ab
1703 685 1824 719 eisdem
1843 695 1956 729 supra-

1212 737 1304 771 dictis
1333 743 1364 771 et
1388 738 1459 771 aliis
1479 739 1750 783 quibuscumque,
1771 739 1956 784 quomodo-

1212 801 1351 834 cumque
1376 796 1408 824 et
1438 791 1740 836 qualitercumque,
1771 802 1830 836 per
1859 802 1957 836 quos-

1212 854 1352 888 cumque
1369 844 1491 878 iudices
1508 845 1607 886 facta,
1628 850 1659 878 et
1678 844 1881 886 inhibitione,
1898 844 1957 878 sub

1211 896 1377 940 quibusvis
1415 897 1558 931 censuris
1589 903 1620 931 et
1648 897 1762 942 poenis
1794 903 1955 939 emanata,

1212 961 1277 984 non
1304 951 1506 985 obstantibus
1521 979 1528 992 ,
1552 951 1656 996 possit
1676 957 1708 985 et
1728 951 1830 985 valeat
1849 951 1889 985 ad
1908 951 1959 985 ul-

1214 1004 1333 1038 teriora
1353 1004 1385 1038 in
1405 1005 1509 1038 causis
1529 1004 1712 1049 praedictis,
1736 1015 1840 1050 usque
1859 1005 1900 1039 ad
1920 1004 1960 1038 il-

1213 1058 1316 1091 larum
1345 1057 1476 1092 finalem
1497 1058 1736 1102 expeditionem
1761 1065 1793 1092 et
1817 1069 1959 1102 exequu-

1213 1111 1346 1151 tionem,
1367 1111 1489 1155 absque
1508 1111 1645 1145 alicuius
1664 1122 1790 1156 poenae
1809 1117 1865 1144 aut
1884 1122 1960 1145 cen-

1211 1175 1306 1198 surae
1326 1165 1470 1205 incursu,
1494 1170 1548 1198 aut
1571 1165 1677 1209 spolii,
1701 1175 1757 1198 seu
1781 1170 1956 1199 attentato-

1213 1228 1284 1250 rum
1305 1217 1394 1258 vitio,
1417 1217 1595 1262 procedere
1615 1224 1646 1251 et
1662 1218 1776 1262 exequi
1796 1218 1912 1252 facere.

1257 1269 1322 1314 §ss-
1356 1271 1544 1305 Praesentes
1575 1282 1728 1315 quoque,
1760 1277 1792 1305 et
1822 1271 1979 1315 desuper,

1212 1323 1430 1358 conficiendas
1449 1325 1590 1366 litteras,
1614 1325 1711 1359 etiam
1739 1335 1776 1359 ex
1806 1335 1844 1358 eo
1871 1325 1960 1369 quod

1213 1377 1287 1410 dicti
1320 1378 1564 1420 gubernatoris,
1585 1383 1615 1412 et
1640 1378 1786 1421 aliorum,
1811 1378 1958 1412 tribuna-

1213 1431 1290 1464 lium
1312 1431 1583 1475 supradictorum,
1607 1431 1735 1472 notarii,
1760 1431 1931 1465 montistae
1945 1458 1953 1472 ,

1213 1485 1316 1518 etalii
1336 1485 1488 1518 interesse
1516 1484 1671 1519 habentes
1698 1485 1738 1519 ad
1767 1485 1830 1519 boc
1854 1484 1958 1519 vocati

1213 1548 1277 1572 non
1298 1538 1426 1578 suerint,
1443 1548 1503 1572 nec
1522 1538 1705 1582 praemissis
1725 1538 1957 1580 consenserint,

1212 1597 1268 1624 aut
1289 1590 1367 1624 alias
1386 1591 1425 1624 de
1442 1591 1661 1635 subreptionis
1686 1592 1734 1625 vel
1752 1590 1960 1636 'obreptionis

1213 1644 1310 1684 vitio,
1338 1649 1394 1677 aut
1424 1644 1610 1678 intentionis
1638 1650 1789 1685 nostrae,
1816 1644 1865 1678 vel
1895 1644 1960 1678 alio

1213 1699 1367 1743 quopiam
1387 1699 1522 1739 defectu,
1538 1699 1627 1733 nullo
1640 1709 1796 1743 umquam
1815 1704 1961 1744 tempore

1213 1752 1325 1795 argui,
1349 1752 1476 1792 notari,
1500 1752 1548 1786 vel
1574 1752 1778 1797 impugnari,
1802 1758 1858 1787 aut
1881 1752 1960 1787 alias

1213 1806 1252 1840 ad
1274 1806 1357 1839 viam
1386 1805 1465 1839 iuris
1485 1806 1596 1840 reduci
1617 1817 1728 1851 posse,
1752 1807 1807 1840 sed
1833 1817 1962 1851 semper

1213 1859 1334 1893 validas
1354 1864 1385 1892 et
1401 1859 1546 1893 efficaces
1563 1859 1708 1900 existere,
1726 1865 1757 1893 et
1773 1859 1900 1904 quoties
1911 1869 1962 1894 re-

1213 1918 1343 1946 vocatae
1358 1940 1365 1954 ,
1389 1923 1446 1946 seu
1477 1913 1628 1947 reductae
1655 1913 1781 1954 forent,
1805 1913 1898 1947 toties
1927 1912 1961 1947 in

1214 1968 1384 2012 pristinum
1406 1973 1523 2001 statum
1546 1968 1707 2001 restitutas
1727 1973 1759 2001 et
1777 1967 1958 2010 reintegra-

1215 2027 1261 2055 tas
1281 2021 1432 2059 existere;
1456 2031 1561 2065 neque
1585 2021 1645 2055 sub
1675 2020 1840 2066 quibusvis
1869 2020 1960 2054 simi-

1214 2075 1304 2115 lium,
1328 2075 1374 2108 vel
1397 2074 1601 2108 dissimilium
1628 2074 1804 2117 gratiarum
1829 2083 1960 2108 revoca-

1214 2129 1365 2169 tionibus,
1390 2129 1674 2173 suspensionibus,
1695 2128 1956 2171 limitationibus,

1213 2188 1265 2215 aut
1297 2183 1367 2216 aliis
1399 2183 1568 2217 contrariis
1604 2183 1870 2227 dispositionibus
1900 2192 1960 2226 per

1214 2246 1271 2269 nos
1297 2236 1344 2268 vel
1373 2236 1452 2270 alios
1472 2237 1635 2270 Romanos
1662 2235 1844 2275 Pontifices,
1868 2245 1960 2279 prae·
1990 2238 1992 2241 ’

1213 2289 1396 2322 decessores
1423 2300 1479 2322 seu
1509 2299 1710 2323 successores
1730 2294 1876 2328 nostrOS,
1899 2287 1959 2322 sub

1212 2343 1472 2387 quibuscumque
1497 2343 1668 2377 verborum
1699 2341 1960 2386 expressionibus

1211 2401 1242 2428 et
1262 2395 1383 2435 formis,
1407 2395 1502 2429 etiam
1525 2400 1613 2429 motu
1633 2400 1664 2428 et
1684 2394 1818 2428 scientia
1839 2393 1956 2427 simili-

1212 2448 1280 2487 bus,
1296 2459 1354 2492 pro
1369 2454 1514 2492 tempore
1527 2448 1616 2481 sactis
1633 2453 1663 2481 et
1685 2447 1850 2487 faciendis,
1867 2456 1956 2480 com·

1255 2609 1270 2653 ἓ
1292 2608 1321 2642 7.
1345 2609 1460 2654 Sicque
1481 2619 1539 2654 per
1558 2619 1782 2654 quoscumque
1808 2607 1955 2650 iudices,

1995 538 2095 560 facultas
2105 544 2117 565 p
2134 548 2137 555 ·
2152 526 2159 532 μ

1970 565 2072 589 cedendi.
2121 591 2126 596 Ι
2162 565 2163 570 ’

1969 591 2155 650 ξέἑῗὲἓ“ε“ἑῗ.“εὶικ

1969 648 2035 694 ἑὲἳῖἒξ.
2052 650 2095 666 ”⁰¹¹
2122 645 2153 669 ⁸*
