2253 3195
472 236 490 249 ἱ

297 281 347 308 An.
370 281 397 309 C.
417 281 480 309 ¹601

302 1626 475 1644 Annuncmtioms

290 1649 312 1670 B.
334 1651 415 1671 Marino
446 1651 474 1671 sc·

288 1680 342 1697 ultum
353 1678 475 1698 sol-:muitet-

289 1705 392 1724 cettdffari
404 1706 472 1725 curat.

315 2104 390 2128 Mam-:t
404 2106 441 2125 suit
452 2112 472 2126 n-

288 2132 329 2157 pud
340 2139 410 2152 ‹mim-⁴-
420 2133 473 2158 tta)-

288 2159 358 2179 mtmsli
382 2162 472 2179 :sueton-

289 2188 320 2204 κη
335 2188 356 2205 et
371 2189 471 2207 *inicula-

288 2214 314 2230 ln
329 2218 400 2237 opimi.

531 272 594 306 690

497 331 675 364 Bononiam
698 331 758 363 iter
779 329 928 370 instituit,
951 329 1006 362 ubi
1024 330 1057 363 B.
1082 330 1244 374 Raymun-

496 384 572 417 dum
599 383 768 423 convenit,
792 394 828 416 ac
854 383 963 416 multis
991 384 1076 416 ultro
1097 383 1243 427 citroque

495 437 699 471 sermonibus
729 436 865 477 habitis,
894 437 1106 480 Berengarius
1137 436 1241 470 virum

495 490 689 531 admiratus,
714 501 750 524 ac
772 501 880 523 seeum
903 490 971 534 ipse
992 495 1146 534 reputans
1167 501 1241 524 eum

495 543 617 586 ingenti
636 543 791 577 ecelesiae
811 554 888 577 suae
909 550 1103 577 ornamento
1124 550 1152 577 et
1173 544 1238 577 uti-

495 597 574 630 litati
597 597 752 638 futurum,
777 597 986 631 vehementer
1003 597 1118 631 institit
1137 603 1170 630 ut
1191 607 1241 631 se-

494 661 567 683 cum
597 651 637 683 ad
659 651 828 684 ecclesiam
847 651 1161 690 Barchinonensem,
1186 651 1240 684 ubi

494 704 648 737 educatus
667 705 782 745 suerat,
806 711 1040 746 reverteretur3
1065 705 1152 749 quod
1174 711 1242 738 tan-

494 757 567 791 dem
597 758 723 800 magnis
753 758 792 791 ab
823 769 860 792 eo
892 759 1043 802 precibus
1078 759 1238 799 obtinuit;

493 820 590 854 quem
620 811 715 844 etiam
732 839 739 852 ,
769 811 946 855 aliquando
977 817 1047 855 post
1065 839 1072 851 ,
1097 812 1240 846 eiusdem

492 864 655 897 Ecclesiae
677 865 868 898 canonicatu
889 871 921 899 et
941 866 1080 909 quadam
1105 876 1242 910 praepo-

492 917 593 950 situra
625 917 734 951 addita
766 919 901 952 ornavit.
930 920 996 952 Hoc
1024 919 1183 953 beneficio
1211 926 1238 953 et

493 971 649 1014 dignitate
681 977 813 1012 auctus,
837 973 988 1006 omnibus
1019 974 1183 1007 canonicis
1211 980 1242 1008 et

492 1025 643 1059 universo
665 1025 749 1059 illius
775 1026 909 1059 civitatis
929 1027 1051 1071 populo
1070 1027 1237 1070 integrita-

492 1079 530 1112 tis
551 1089 587 1112 ac
612 1079 778 1113 doctrinae
803 1081 975 1124 splendore
1001 1081 1236 1125 praefulgebat,

492 1138 626 1176 eratque
655 1139 742 1166 tanta
764 1133 831 1166 eius
857 1133 888 1166 in
910 1134 997 1167 omni
1019 1141 1110 1177 gestu
1129 1141 1237 1170 motu-

492 1196 555 1229 que
587 1186 733 1231 corporis
765 1187 943 1227 modestia,
972 1194 1002 1221 et
1031 1188 1126 1222 totius
1159 1189 1240 1223 vitae

492 1240 726 1273 consuetudine
748 1240 897 1280 suavitas,
920 1246 955 1273 ut
980 1242 1125 1274 omnium
1147 1249 1236 1276 aeta-

493 1298 560 1325 tum
582 1299 679 1337 atque
697 1294 847 1327 ordinum
870 1294 1018 1328 homines
1040 1295 1071 1328 in
1093 1306 1237 1329 amorem

491 1346 538 1380 sui
571 1353 698 1391 raperet
724 1353 753 1380 et
783 1347 1040 1382 admirationem.
1070 1350 1237 1393 Deiparam

491 1400 654 1443 Virginem
676 1401 830 1444 singulari
848 1402 977 1446 pietatis
1000 1403 1116 1436 affectu
1137 1415 1235 1437 vene—

491 1455 634 1496 rabatur,
652 1456 785 1500 eiusque
807 1456 965 1491 honorem
988 1464 1014 1490 et
1039 1458 1160 1491 cultum
1179 1470 1238 1503 pro

490 1508 611 1542 viribus
636 1519 765 1553 semper
785 1511 882 1543 auxit.

535 1562 602 1605 59.
637 1563 715 1596 Nam
749 1574 821 1596 cum
852 1564 949 1598 festus
971 1566 1238 1600 Annunciationis

490 1615 634 1649 eiusdem
656 1616 793 1659 Virginis
811 1617 880 1651 dies
905 1628 942 1651 ea
964 1618 994 1651 in
1015 1619 1156 1653 Ecclesia
1177 1620 1237 1652 mi-

489 1679 549 1702 nus
570 1669 705 1703 celebris
725 1669 913 1711 baberetur,
937 1671 1003 1715 ipse
1023 1672 1063 1704 ab
1085 1672 1237 1716 episcopo

490 1728 519 1755 ct
540 1723 683 1766 capitulo
705 1723 887 1768 impetravit
907 1730 940 1757 ut
961 1725 1080 1769 duplici
1104 1726 1166 1759 ritu
1187 1736 1238 1759 so-

489 1775 640 1809 lemniter
670 1783 827 1821 perpetuo
859 1778 1041 1818 coleretur,
1073 1784 1168 1823 atque
1201 1790 1236 1812 ex

488 1830 733 1873 praepositurae
751 1842 827 1864 suae
845 1832 1003 1865 reditibus
1021 1843 1151 1867 censum
1174 1844 1233 1867 an-

489 1893 589 1917 nuum
605 1884 747 1917 attribuit
771 1886 935 1919 canonicis
949 1886 979 1919 in
993 1887 1235 1922 distributiones

489 1938 701 1980 erogandum,
726 1938 781 1982 qui
803 1939 903 1972 sacris
921 1939 1034 1973 officiis
1052 1951 1090 1973 co
1109 1941 1159 1973 die
1182 1941 1232 1974 in—

489 1996 654 2025 teressent.

536 2047 552 2085 ς
574 2044 625 2078 lt).
643 2045 788 2086 Magnam
810 2046 868 2078 liac
882 2047 1007 2079 ratione
1021 2049 1106 2091 apud
1122 2059 1236 2081 omnes

489 2099 713 2132 auctoritatem
730 2105 759 2132 ct
779 2100 954 2133 sanctitatis
973 2101 1160 2144 opinionem
1175 2102 1234 2135 sibi

489 2153 688 2193 conciliarat,
707 2153 869 2197 totiusque
884 2154 1019 2187 civitatis
1037 2156 1147 2188 oculos
1168 2156 1235 2189 ani-

489 2216 623 2250 mosque
643 2207 802 2246 omnium,
823 2218 859 2239 at:
882 2208 1055 2252 praecipue
1077 2209 1235 2252 praelato-

489 2271 559 2293 rum
581 2267 609 2293 et
630 2261 812 2304 principum
834 2262 863 2294 in
883 2274 915 2293 sc
934 2268 1147 2302 converterat,
1161 2274 1232 2296 cum

489 2314 614 2347 inanem
637 2315 746 2347 mundi
768 2315 916 2356 gloriani,
936 2315 1034 2347 instar
1061 2316 1143 2348 sueni
1163 2327 1233 2349 arc-

487 2367 605 2399 scentia
619 2368 754 2399 «let-usse
770 2367 860 2406 llore,
879 2375 1128 2401 marcescentem
1149 2369 1233 2412 apud

487 2431 519 2453 se
541 2421 607 2463 ipse
628 2422 860 2464 contemplans,
885 2421 924 2454 ad
945 2421 1166 2454 studimini-vm
1183 2423 1230 2455 vi-

489 2481 536 2506 tm·
569 2479 685 2507 statum
719 2475 879 2518 aspiravit.
906 2475 1063 2508 Venerunt
1095 2482 1168 2508 tuni·
1202 2476 1231 2508 in

488 2538 556 2559 cam
575 2528 687 2560 urbem
703 2534 848 2561 rma-ntur
862 2528 986 2561 {trau-v>-
1000 2529 1127 2561 tlrdiuis
1142 2540 1233 2572 praa·-

489 2580 666 2612 diratorum
699 2581 764 2624 qui,
786 2582 999 2624 apostolis-um
1034 2582 1063 2614 iu
1087 2593 1228 2619 murem,

489 2633 688 2671 evaneo-lium
703 2634 815 2666 Christi
833 2634 1061 2677 praedicando,
1076 2635 1231 2678 populum

489 2685 657 2720 docebant.
684 2693 709 2720 et
731 2687 769 2718 :ul
793 2687 912 2719 vultum
942 2688 995 2721 Dei
1022 2688 1231 2730 studiumque

1084 281 1268 306 BULLARIUM
1287 281 1441 307 ROMANUM

2039 285 2087 312 Λη.
2109 284 2136 311 C.
2155 267 2229 314 1603&

1277 330 1408 373 pietatis
1428 330 1616 372 incitabant,
1641 341 1779 376 quorum
1801 342 1860 366 usu
1888 338 1917 367 et
1946 344 2024 366 eon-

1277 383 1447 417 suetudine
1468 383 1608 427 primum
1636 385 1789 418 delectari
1810 385 1922 419 beatus
1941 387 2023 431 Ray—

1279 437 1430 477 mundus,
1455 437 1571 471 deinde
1593 438 1688 471 etiarn
1710 439 1749 471 ad
1770 438 1856 472 idem
1877 439 1959 473 vitae
1976 439 2023 473 in-

1276 490 1420 523 stitutum
1432 491 1694 534 amplectendum
1701 491 1911 525 vehementer
1919 493 2025 536 coepit

1277 543 1483 583 inflammari,
1496 554 1602 588 neque
1615 555 1733 589 anceps
1745 551 1799 579 aut
1812 545 1951 579 difficilis
1968 557 2024 579 sua

1276 597 1429 640 cogitatio
1454 598 1523 631 suit.
1547 599 1627 631 Nam
1648 599 1837 632 inclinatum
1860 599 1928 633 eius
1949 600 2020 633 ani-

1277 662 1365 684 mum
1387 657 1418 684 et
1438 652 1469 684 in
1486 652 1536 685 via
1554 652 1665 685 salutis
1683 653 1903 686 ambulantem
1920 681 1928 694 ,
1952 664 2023 697 spe-

1276 704 1353 737 ciosi
1374 705 1420 737 illi
1442 705 1539 748 pedes
1571 706 1859 749 evangelizantium
1885 717 1997 750 pacem
2013 735 2020 747 ,

1277 757 1308 790 in
1326 764 1470 792 montem
1488 759 1626 800 Domini,
1643 760 1851 803 perfectionis
1868 760 2021 793 nimirum

1276 811 1479 854 evangelicae
1500 812 1636 856 apicem,
1662 813 1752 847 facile
1771 813 1983 847 deduxerunt.

1321 866 1337 907 g
1359 864 1411 898 11‘1.
1428 865 1539 909 ltaque
1553 865 1615 898 iam
1631 872 1757 899 matura
1769 872 1883 908 aetate,
1900 869 2020 900 annum
2061 878 2162 900 ordinem
2172 875 2219 909 ism

1276 918 1405 951 circiter
1428 919 1577 963 quintum
1607 930 1704 964 supra
1735 920 2020 964 quadragesimum
2037 905 2221 962 iiiissnpissegiiit‘i

1276 982 1384 1014 agens,
1408 973 1564 1007 abdicatis
1585 973 1764 1008 honoribus
1788 974 1967 1019 spretisque
1987 984 2022 1008 o-
2036 960 2225 1015 ἷῖἑῖὴρῖἒῑοιῗέιιι’ἕῖῚ

1277 1026 1405 1059 mnibus
1425 1026 1555 1068 divitiis,
1571 1028 1744 1072 assumpsit
1763 1038 1897 1072 pennas,
1914 1033 1949 1061 ut
1969 1038 2022 1062 co·
2037 1013 2107 1035 mma.

1275 1080 1402 1121 lumba,
1431 1085 1526 1124 atque
1557 1081 1589 1113 in
1614 1081 1759 1125 requiem
1786 1081 1913 1114 Domini
1940 1091 2018 1114 evo-

1275 1133 1354 1173 lans,
1379 1133 1410 1166 in
1432 1133 1550 1168 Ordine
1582 1134 1729 1167 Fratrum
1759 1134 2021 1168 Praedicatorum

1275 1187 1454 1220 solemnem
1478 1187 1715 1230 professionem
1737 1187 1853 1221 emisit.
1877 1187 1969 1227 Quod
1987 1192 2022 1220 ut

1274 1240 1426 1274 omnibus
1450 1241 1657 1274 admirationi
1679 1241 1748 1282 fuit,
1772 1241 1939 1275 bominem
1961 1251 2018 1284 ge-

1274 1304 1351 1327 nere
1371 1294 1526 1336 nobilem,
1550 1295 1697 1329 doctrina
1717 1301 1952 1339 praestantem,
1974 1295 2021 1329 as-

1274 1348 1425 1381 ssuentem
1448 1348 1562 1389 bonis,
1587 1348 1741 1391 dignitate
1769 1354 1799 1381 et
1827 1348 1912 1382 sama
1931 1348 2018 1382 cele-

1274 1402 1376 1442 brem,
1395 1408 1544 1446 suscepto
1565 1402 1735 1445 religiosae
1757 1402 1839 1435 vitae
1860 1401 2017 1443 instituto,

1273 1461 1482 1498 spontaneam
1505 1461 1727 1500 paupertatem
1750 1456 1883 1500 opibus,
1906 1456 2020 1500 suique

1274 1514 1495 1553 contemptum
1507 1510 1686 1544 bonoribus
1698 1515 1726 1543 et
1739 1509 1921 1544 commodis
1931 1519 2020 1554 prae-

1275 1562 1394 1603 tulisse,
1415 1563 1458 1596 ita
1479 1563 1548 1596 eius
1567 1564 1715 1608 exemplo
1733 1564 1917 1608 complures
1936 1563 2019 1597 titte-

1274 1616 1332 1649 rati
1354 1627 1390 1649 ac
1414 1616 1528 1650 studiis
1553 1617 1775 1661 doctrinisque
1797 1617 1897 1651 dediti
1927 1616 2019 1650 nobi-

1273 1670 1318 1702 les
1339 1670 1396 1702 viri
1418 1670 1568 1703 cumdem
1590 1670 1743 1704 Ordinem
1768 1676 1843 1704 sunt
1862 1670 2015 1715 amplexi,

1272 1734 1308 1756 ac
1329 1728 1501 1768 propterea
1517 1734 1668 1767 magnum
1688 1735 1723 1758 ea
1742 1724 1866 1767 Religio
1884 1724 1915 1757 in
1934 1724 2018 1757 dicta

1273 1777 1398 1810 civitate
1419 1777 1557 1822 suscepit
1585 1778 1831 1811 incrementum.

1317 1832 1331 1875 ξ
1353 1831 1404 1864 1⁹2.
1427 1831 1484 1864 llic
1505 1831 1566 1865 iam
1589 1842 1690 1865 novus
1710 1831 1823 1865 Christi
1843 1832 1945 1872 miles,
1962 1831 2018 1865 ad-
2032 1828 2206 1886 21n¹i¹22issciiffi

1272 1895 1381 1918 versus
1408 1885 1542 1918 humani
1576 1885 1701 1927 generis
1737 1886 1860 1918 bostem
1894 1885 2018 1919 sortiter

1272 1938 1425 1972 dimicare
1457 1939 1541 1983 apud
1578 1950 1611 1972 se
1642 1944 1807 1979 statuens,
1838 1949 1875 1972 ac
1902 1938 2015 1973 turrim

1271 1997 1401 2025 eternae
1421 1991 1531 2025 salutis
1553 1992 1742 2030 aedificans,
1766 1998 1801 2026 ut
1820 1992 1948 2036 sapiens
1967 2002 2018 2026 ar-

1271 2045 1439 2085 chitectus,
1451 2045 1638 2079 humilitatis
1652 2045 1832 2089 religiosae,
1844 2055 1926 2090 quae
1946 2055 2016 2079 cae-

1272 2104 1411 2131 terarum
1434 2104 1476 2131 est
1506 2110 1622 2143 parcns
1649 2105 1820 2143 custosque
1848 2099 2012 2140 virtutum,

1272 2152 1479 2185 fundamenta
1502 2153 1605 2186 facere
1631 2153 1781 2186 decrevit.

1315 2207 1331 2247 ς
1356 2205 1404 2238 ta.
1430 2206 1538 2250 ltaque
1569 2206 1625 2239 etsi
1655 2206 1805 2239 omnibus
1834 2205 2014 2240 eruditione
2030 2237 2069 2259 mn
2087 2205 2199 2261 ttffiffgtffi

1270 2265 1300 2291 ct
1320 2259 1492 2302 prudentia
1510 2259 1732 2299 antecellebat,
1748 2259 1809 2292 boe
1824 2264 1930 2292 tamen
1945 2258 2015 2302 ipso
2029 2269 2082 2286 mus.
2187 2262 2189 2264 ’

1269 2313 1441 2347 demissius
1461 2313 1579 2346 smttire
1605 2314 1644 2346 de
1665 2324 1708 2353 se,
1730 2313 1801 2346 aliis
1821 2312 1942 2354 omnia,
1954 2312 2013 2345 sibi

1269 2366 1346 2399 niliil
1377 2366 1538 2407 tribuere,
1571 2366 1714 2409 singulos
1750 2366 1873 2399 bonore
1905 2365 2013 2399 debito

1270 2420 1447 2463 prosequi,
1478 2420 1617 2463 denique
1647 2419 1799 2453 libentius
1827 2419 2013 2453 delitescere

1268 2484 1364 2516 quam
1389 2474 1418 2506 in
1441 2474 1544 2506 lucem
1568 2473 1697 2517 prodire
1719 2478 1940 2514 consueverat,
1956 2483 2012 2506 cu-

1269 2527 1316 2560 ius
1338 2527 1391 2560 ille
1412 2527 1534 2561 virtutis
1557 2527 1777 2560 tenacissimus
1799 2527 1829 2559 in
1848 2526 1936 2559 omni
1950 2526 2012 2560 vita

1269 2580 1347 2617 t'uit;
1372 2587 1399 2613 et
1422 2580 1575 2624 quoniam
1605 2580 1789 2613 obedientia
1822 2578 2011 2613 humilitatis

1269 2633 1327 2667 vita
1347 2640 1404 2673 est,
1429 2635 1468 2667 ad
1491 2634 1571 2667 liant*
1594 2634 1745 2667 tuendam
1767 2639 1862 2677 atque
1882 2642 2011 2666 conser-

1268 2689 1419 2727 vandam,
1448 2688 1594 2730 exemplo
1615 2686 1794 2721 Mediatoris
1812 2691 1843 2720 ct
1863 2686 2007 2720 Salvato-
