2253 3195
239 191 288 217 An.
305 191 334 217 c.
354 191 421 218 1594
473 181 531 214 126

269 1474 363 1495 Clemens
371 1475 425 1494 illius

243 1507 249 1518 ι
256 1504 305 1521 itam
322 1503 424 1521 recenset.

273 2433 285 2448 ’Ν
303 2432 430 2452 ”huual-m

247 2459 429 2479 insiti··„m...-1.-

259 2492 292 2531 ’μ’
314 2492 421 2531 ’ζ’,ζ-*Ἶμξζζ
449 2486 530 2517 latui·
552 2485 825 2518 Yurutislavicnsis
846 2484 1012 2523 dioecesis,
1036 2491 1108 2517 unte
1129 2495 1188 2517 au·

291 2538 309 2558 fu

439 245 649 283 procuratore
675 249 803 282 semper
822 238 918 271 citato
942 243 1039 281 atque
1058 237 1179 277 audito,

438 293 634 335 servatisque
648 292 742 325 etiarn
757 291 931 331 servandis,
948 290 1092 323 unanimi
1107 301 1183 323 con-

439 358 532 379 sensu
555 347 742 379 eorumdem
768 345 964 383 auditorum,
987 355 1084 389 super
1103 345 1182 378 scri-

439 399 550 443 pturis,
568 399 690 431 iuribus
701 405 728 431 et
745 409 914 442 processus
929 398 1083 442 exemplis
1097 398 1182 431 exhi-

439 453 511 485 bitis
525 452 712 485 relationem
725 452 958 495 approbarunt,
981 458 1011 485 et
1026 451 1178 489 rationes,

438 506 554 549 quilius
582 506 620 537 de
641 505 726 538 illius
754 505 828 545 side,
863 505 926 538 rita
957 510 987 538 et
1018 505 1182 538 miraculis

438 563 615 595 constaret,
640 558 735 600 longe
765 558 966 591 firmissimas
995 569 1063 591 esse
1093 558 1179 598 iudi-

438 618 561 644 carunt.

483 666 497 708 ξ
515 666 544 697 9.
569 665 710 698 Accessit
727 665 866 709 denique
888 676 1000 699 recens
1021 672 1051 699 et
1071 666 1182 710 aequi—

341 731 409 750 tum
440 718 509 751 tatis
527 729 562 751 ac
583 718 709 762 pietatis
729 719 825 762 plena
845 719 1018 763 postulatio
1039 719 1182 753 eiusdem

297 760 344 803 υἷ’
360 764 422 777 ¹
438 771 635 814 sigismundi
655 772 693 805 ΙΙΙ
723 772 823 815 regis,
856 772 911 816 qui
938 773 1033 806 etiam
1061 773 1184 806 Svetiae

363 817 413 856 .’““’
440 836 493 857 rcx
523 825 644 864 existit,
677 825 797 869 quique
829 826 989 868 legatione
1023 826 1116 859 nobis
1147 837 1183 859 ac

401 871 423 883 '¹‘
438 878 510 911 Sedi
524 879 736 922 Apostolicae,
754 879 957 912 obedientiae
974 881 1184 923 praestandae

439 942 545 969 causa,
571 931 688 964 dilecto
709 931 775 964 tilio
796 932 913 975 insigni
938 932 1006 966 viro
1028 933 1184 966 Stanislao

437 985 569 1029 Mynski,
593 985 735 1029 palatino
754 985 980 1025 Lencintiensi,
1009 987 1094 1030 apud
1127 998 1185 1020 nos

439 1044 469 1071 et
489 1039 606 1072 dictam
628 1039 743 1072 Scdem
773 1039 894 1072 oratori
915 1050 972 1072 suo
1000 1050 1104 1083 nuper
1125 1040 1182 1073 de-

439 1093 513 1132 lata,
537 1093 616 1125 niliil
638 1104 711 1126 cum
732 1104 749 1125 a
771 1093 863 1126 nobis
883 1093 1105 1127 vehementius
1125 1094 1186 1128 hoc

440 1152 584 1191 tempore
605 1147 751 1190 flagitare
772 1147 878 1185 iussit,
903 1157 999 1190 qnam
1026 1153 1058 1180 ut
1080 1158 1183 1190 nego-

440 1199 525 1232 cium
553 1200 637 1233 istud
670 1200 709 1232 ad
731 1205 875 1244 optatum
905 1201 1033 1233 tandem
1056 1206 1087 1234 et
1105 1201 1182 1240 suis,

440 1258 538 1296 atque
551 1253 809 1291 christifidelium
827 1253 970 1287 eiusdem
985 1254 1074 1296 regni
1091 1255 1185 1288 Polo-

441 1306 512 1340 niae
533 1307 823 1351 supplicationibus
842 1307 1094 1341 consentientem
1116 1308 1183 1341 exi-

441 1366 507 1393 tum
526 1360 752 1403 perducamus.

485 1415 501 1456 5
520 1412 571 1446 10.
595 1414 690 1447 Cuius
707 1414 838 1457 quidem
860 1415 892 1448 B.
916 1415 1084 1459 Hyacinthi
1106 1415 1186 1449 vitae

441 1467 558 1507 omnis,
579 1478 615 1499 ac
630 1478 749 1507 rerum,
765 1478 845 1511 quas
861 1468 944 1501 Deus
956 1467 1099 1502 ciusdem
1119 1474 1184 1501 tum

441 1520 572 1553 viventis
610 1527 676 1554 tum
711 1521 850 1554 defuncti
887 1521 1116 1555 intercessione
1149 1533 1186 1556 ac

442 1574 563 1607 meritis
583 1574 690 1617 gessit,
711 1574 931 1608 narrationem
953 1574 1014 1608 Ιιοι,Ι
1034 1575 1105 1608 loco
1126 1587 1185 1620 pro

441 1635 550 1662 nostro
579 1639 713 1662 munere
736 1629 790 1661 toti
821 1628 975 1662 ecclesiae
995 1639 1182 1673 proponen-

441 1683 514 1715 ‹lam
534 1682 694 1721 duximus,
717 1688 747 1715 ut
771 1682 844 1715 inde
865 1693 928 1715 non
950 1683 1055 1716 solum
1076 1684 1116 1717 ad
1137 1684 1185 1717 di-

442 1736 528 1769 vinas
550 1737 660 1770 laudes
681 1736 923 1780 praedicandas,
941 1742 1036 1780 atque
1050 1738 1089 1770 ad
1102 1737 1187 1770 cliri-

441 1791 576 1824 stianam
600 1790 788 1831 religionem
810 1790 953 1823 firmiore
974 1790 1099 1834 pietatis
1119 1791 1187 1824 zelo

441 1844 692 1877 conservandam
708 1843 964 1877 christifidelium
987 1843 1084 1877 animi
1106 1844 1188 1877 exci-

443 1903 559 1937 tentur,
581 1908 690 1930 verum
712 1897 808 1929 etiam
831 1907 868 1929 eo
892 1897 1022 1930 nomine
1044 1897 1188 1939 ingentes

442 1951 562 1991 gratia(-
590 1951 629 1983 al»
658 1950 808 1983 omnihus
829 1950 1093 1983 cliristitidelilms
1124 1951 1188 1984 Deo

442 2010 589 2044 agantur,
603 2005 689 2048 quod
709 2004 740 2037 B.
759 2003 924 2048 Hyacinthi
948 2004 1100 2048 praedicti
1115 2015 1187 2038 san-

444 2058 598 2097 ctitatem,
623 2068 819 2101 (piaiiiquam
848 2057 998 2097 gravibus
1027 2058 1066 2091 dc
1087 2058 1190 2091 causis

443 2118 537 2144 suits-a
558 2111 726 2155 probamin
748 2117 777 2143 ct
806 2110 913 2143 mutus
935 2110 1097 2144 miraculis
1119 2111 1189 2143 ittu-

444 2172 554 2203 sti-oni,
580 2164 707 2209 publica
729 2171 834 2197 tamen
867 2164 966 2208 ipsius
987 2165 1190 2208 Apostolicac

444 2219 546 2256 sudis,
562 2230 658 2262 quam
680 2218 815 2262 Spiritus
829 2219 962 2251 Sanctus
984 2217 1062 2258 regit
1083 2223 1110 2251 et
1133 2229 1207 2274 gru-¹

448 2273 571 2309 hermu,
595 2283 630 2303 ac
654 2277 761 2304 nostra
782 2270 940 2303 sententia
960 2270 1093 2303 omnino
1115 2275 1207 2303 con-¹

451 2326 571 2358 firmari
594 2325 654 2358 lioc
677 2331 821 2368 tempore
842 2324 986 2357 volucrit.

493 2384 508 2417 ξ,
535 2378 581 2411 ΙΙ.
599 2379 695 2411 Natus
717 2378 814 2418 igitur
834 2383 879 2411 ost
898 2378 929 2411 ll.
946 2377 1140 2422 Hyacinthus
1159 2378 1189 2411 in
1206 2419 1207 2422 Ἰ

449 2431 591 2468 l'olonia,
616 2432 645 2463 iu
668 2426 745 2463 vitt'a
772 2442 854 2475 quae
880 2430 1054 2463 (jamniensis
1074 2431 1187 2475 appel·
1206 2425 1208 2451 ³

449 2550 526 2571 num
548 2538 672 2571 Domini
695 2538 900 2571 nulli-sinum:
921 2538 1188 2576 ducentesimum,

450 2603 485 2625 cx
508 2591 669 2625 nobilibus
690 2597 718 2633 et
731 2591 912 2625 christianis
925 2591 1122 2636 parentibuS,
1137 2591 1192 2624 scd

1020 189 1204 214 BULLARIUM
1224 189 1378 213 ROMANUM

1217 237 1334 281 quibus
1354 236 1453 275 vitae,
1483 236 1636 269 virtutum
1661 246 1699 269 ac
1726 235 1959 270 miraculorum

1216 289 1387 333 splendore
1408 289 1503 331 longe
1528 288 1595 332 ipse
1627 289 1795 332 praeluxit.
1818 289 1960 323 Ineuntis

1216 343 1327 376 aetatis
1338 348 1465 386 tempus
1485 342 1523 375 iis
1542 341 1683 386 primum
1697 342 1822 383 litteris,
1843 343 1960 387 quibus

1216 401 1302 429 aetas
1321 396 1376 429 illa
1405 395 1570 429 informari
1601 395 1693 435 solet,
1717 394 1904 439 impertivit,
1928 396 1959 429 in

1217 449 1333 493 quihus
1353 460 1427 482 cum
1445 454 1569 482 tantum
1590 448 1788 493 profecisset,
1804 455 1960 493 quantum

1216 503 1255 535 ad
1275 502 1422 539 altiorem
1445 501 1646 546 disciplinam
1661 502 1890 546 capessendam
1910 513 1961 536 sa-

1216 555 1255 588 tis
1271 555 1331 588 sibi
1352 566 1420 588 esse
1440 555 1619 595 videbatur,
1635 555 1778 588 animum
1796 555 1901 589 statim
1921 557 1962 590 ad

1218 608 1399 651 theologiae
1431 614 1460 641 et
1490 608 1568 641 iuris
1593 608 1741 642 canonici
1769 608 1875 642 studia
1899 609 1958 642 ad-

1218 662 1333 703 iunxit,
1357 672 1475 704 magno
1506 672 1582 695 sane
1614 667 1645 695 et
1675 662 1858 695 admirabili
1888 674 1962 696 cum

1217 715 1332 756 fructu,
1356 721 1391 749 ut
1407 715 1462 759 qui
1481 727 1546 749 non
1566 716 1669 749 multo
1688 721 1761 760 post
1777 717 1964 750 Cracovien-

1217 768 1260 802 sis
1278 769 1438 802 Ecclesiae
1463 769 1637 802 canonicus
1667 769 1786 810 sactus,
1810 769 1854 803 ita
1880 769 1965 803 inter

1218 822 1341 856 ordinis
1369 822 1418 855 sui
1437 822 1522 855 viros
1553 822 1750 863 excelluerit,
1773 828 1809 856 ut
1831 829 1965 868 propter

1219 876 1367 909 eximiam
1389 875 1605 910 eruditionem
1638 879 1712 909 cum
1741 877 1908 920 praeclara
1933 883 1965 910 et

1219 930 1336 974 insigni
1356 930 1473 974 pietate
1494 930 1711 971 coniunctam,
1727 936 1893 974 tamquam
1914 941 1966 964 ar-

1220 985 1298 1017 dens
1318 985 1449 1018 lucerna
1462 990 1606 1018 caeteros
1620 984 1797 1018 clarissimo
1810 985 1964 1018 virtutum

1219 1048 1351 1071 suarum
1372 1038 1494 1072 lumine
1515 1039 1726 1072 collustraret.

1265 1093 1282 1134 g
1304 1091 1355 1124 12.
1374 1091 1422 1125 Ab
1440 1092 1535 1125 Ivone
1548 1091 1666 1125 deinde
1676 1091 1875 1125 Cracoviensi
1896 1092 1964 1136 epi-

1220 1156 1318 1190 scopo
1340 1152 1454 1190 patruo
1472 1157 1530 1179 suo
1548 1146 1682 1179 Romam
1703 1145 1880 1189 perductus
1899 1151 1961 1187 est,

1220 1199 1275 1231 ubi
1292 1210 1355 1232 una
1369 1210 1441 1232 cum
1456 1200 1576 1239 Ceslao,
1592 1198 1692 1243 ipsius
1709 1198 1961 1242 consanguineo,

1220 1259 1249 1285 et
1263 1253 1450 1286 Hermanno
1462 1252 1673 1293 Theutonico‚
1690 1252 1841 1285 familiari
1855 1263 1924 1294 suo,
1947 1264 1966 1287 a

1219 1305 1335 1339 Sancto
1361 1305 1528 1339 Dominico
1558 1306 1678 1339 Romae
1709 1310 1786 1338 tuno
1815 1306 1962 1348 degente,

1220 1360 1362 1394 eiusdem
1377 1360 1481 1393 lvonis
1497 1365 1623 1402 rogatu,
1640 1359 1694 1403 qui
1716 1359 1755 1393 de
1772 1359 1962 1404 Hyacintho,

1220 1425 1256 1448 ac
1270 1415 1396 1448 duobus
1417 1414 1487 1447 aliis
1505 1413 1662 1457 regularis
1679 1413 1760 1448 vitae
1778 1424 1854 1448 suae
1874 1413 1965 1448 insti-

1220 1473 1288 1500 tuto
1309 1467 1492 1501 imbuendis
1513 1477 1586 1500 cum
1607 1467 1676 1511 ipso
1696 1472 1820 1510 egerat,
1843 1467 1967 1511 perexi-

1219 1531 1283 1563 guo
1302 1526 1447 1565 tempore
1468 1520 1557 1554 omni
1579 1520 1665 1554 illius
1681 1520 1852 1564 disciplina
1874 1531 1966 1564 egre-

1220 1573 1270 1617 gie
1300 1574 1487 1613 instructus,
1516 1573 1548 1606 in
1577 1573 1722 1606 eiusdem
1753 1573 1784 1607 S.
1806 1573 1965 1608 Dominici

1219 1627 1370 1661 Ordinem
1393 1637 1511 1660 nomen
1537 1626 1641 1667 dedit,
1666 1626 1842 1670 habituque
1862 1628 1901 1661 de
1921 1627 1962 1660 il-

1221 1675 1449 1714 tius'manihus
1468 1686 1628 1725 suscepto,
1652 1686 1683 1714 et
1713 1691 1859 1725 expresse
1881 1681 1965 1716 illius

1220 1736 1364 1779 regulam
1395 1736 1569 1780 professus,
1594 1735 1625 1768 in
1646 1736 1813 1769 Poloniam
1836 1737 1964 1770 tandem

1221 1800 1293 1823 cum
1315 1789 1411 1823 sociis
1432 1790 1537 1824 rediit.

1266 1842 1355 1885 §ta
1390 1842 1458 1882 Quo
1490 1843 1521 1875 in
1547 1842 1660 1875 itinere
1687 1853 1761 1875 cum
1792 1853 1895 1887 usque
1924 1843 1964 1877 ad

1221 1896 1382 1929 civitatem
1397 1896 1617 1929 Frizacensem
1632 1896 1849 1940 processisset,
1866 1896 1965 1930 verbo

1221 1950 1315 1984 siuml
1335 1955 1365 1983 et
1384 1950 1531 1994 exemplo
1550 1955 1674 1983 tantum
1696 1949 1761 1983 illic
1781 1950 1914 1994 profuit,
1931 1956 1967 1984 ut

1223 2004 1299 2047 ipsis
1319 2014 1371 2037 sex
1393 2003 1556 2037 mensibus
1575 2003 1807 2036 monasterium
1822 2003 1966 2037 dictiOr-

1223 2055 1316 2093 (linis,
1341 2055 1448 2088 multis
1480 2055 1599 2088 ibidem
1631 2055 1794 2096 fratribus,
1826 2060 1858 2088 et
1887 2055 1967 2088 Her—

1224 2119 1318 2142 mano
1349 2109 1409 2142 illis
1439 2108 1634 2153 praeposito,
1659 2107 1790 2148 relictis,
1814 2113 1963 2142 constru-

1223 2162 1314 2202 xerit·,
1338 2162 1411 2195 inde
1429 2161 1613 2195 Cracoviam
1636 2171 1793 2202 reversus,
1825 2160 1890 2194 alio
1921 2160 1963 2194 ibi

1223 2216 1365 2249 eiusdem
1387 2215 1514 2249 Ordinis
1541 2215 1736 2249 monasterio
1751 2220 1876 2263 erecto,
1906 2215 1967 2248 Do-

1225 2270 1403 2303 minicauae
1424 2269 1600 2311 Religionis
1620 2274 1820 2303 crescentem
1848 2269 1963 2313 paula-

1225 2324 1279 2357 tim
1302 2323 1456 2356 familiam
1478 2323 1677 2368 propagavit.
1693 2322 1761 2356 Mox
1778 2322 1818 2355 ad
1830 2321 1966 2355 aliarum

1224 2376 1367 2409 eiusdem
1408 2376 1560 2410 Polouiae
1597 2375 1687 2417 regni
1727 2374 1966 2419 provinciarum

1224 2430 1358 2462 salutem
1385 2429 1580 2470 cogitatione
1608 2439 1782 2465 convorsa.
1814 2433 1967 2472 quatuor-

1206 2476 1286 2526 ἠιμ-
1320 2483 1389 2516 aliis
1425 2482 1632 2527 professionis
1660 2492 1736 2515 suae
1767 2481 1968 2515 monasteriis

1227 2536 1319 2569 variis
1345 2536 1374 2569 in
1409 2536 1486 2569 locis
1513 2535 1700 2575 aedificatis,
1735 2545 1864 2575 omnes,
1899 2540 1966 2568 tum

1227 2590 1313 2623 verbi
1331 2590 1386 2624 Dei
1411 2589 1662 2634 praedicatione,
1687 2595 1753 2623 tum
1779 2589 1859 2623 vitae
1890 2599 1967 2622 suae

1974 186 2026 213 An.
2043 186 2073 213 c.
2090 186 2138 219 159
2158 228 2165 237 ,

2030 1099 2130 1122 Habitum
2160 1105 2167 1117 5

1979 1124 2149 1149 &nominicok

1979 1159 2026 1175 mae
2036 1153 2137 1181 suscepit.

1988 1846 2168 1875 Monasleriaplu·

1980 1874 2033 1895 rima
2043 1873 2151 1900 construxi
2167 1883 2170 1886 ⁴

1980 1903 2001 1922 et
2021 1900 2044 1923 S.
2062 1900 2137 1925 nomin
2152 1911 2159 1923 ι,

1981 1927 2071 1954 vestigia
2090 1929 2111 1949 et
2125 1926 2177 1951 vir*

1981 1956 2044 1978 tutes,
2066 1954 2132 1976 voi-bo
2145 1955 2168 1976 01

1980 1986 2057 2007 opero.
2072 1980 2174 2006 imit-tm

1981 2009 2019 2028 ost..
