2253 3195
54 197 102 222 An.
124 195 152 221 C.
171 194 240 221 1595

78 889 124 910 Duo
140 888 236 915 episcopi

0 920 1 938 1
53 916 114 942 elec-ti
136 921 237 942 procura-

0 939 1 965 l
53 946 109 964 tores
115 942 199 968 probae
205 948 236 962 re-

0 973 1 978 *
52 969 208 991 conciliatione.

865 192 1014 217 CLEMENS
1035 193 1091 216 VIII
1110 191 1159 216 I’P.

252 253 270 276 a
289 242 361 286 piac
382 242 558 275 memoriae
578 242 721 284 Eugenio
734 242 818 285 Papa
839 242 875 275 IV
896 241 928 274 in
941 252 995 284 ge-

251 295 353 328 nerali
374 295 511 328 concilio
532 295 717 328 Florentino
737 295 848 328 Graeci
874 295 993 338 recepti

252 355 283 382 et
310 349 510 382 reconciliati
545 348 705 382 Ecclesiae
737 348 874 381 fuerant.
904 348 993 380 Hanc

251 407 357 435 autem
372 402 638 435 deliberationem
653 407 681 434 et
697 402 861 434 decretum
874 401 992 444 scripto

252 454 454 488 tradiderunt
480 460 511 488 et
531 455 745 494 mandarunt,
780 454 830 487 cui
859 453 993 487 Michael

202 503 208 511 ’
251 509 523 553 archiepiscopus,
549 515 578 542 et
599 520 711 542 omnes
731 508 908 552 supradicti
926 508 993 550 epi-

251 562 340 606 scopi
353 562 622 606 subscripserunt,
635 562 810 604 datumque
824 567 871 594 est
882 561 932 594 die
945 571 993 593 se-

252 615 357 649 cunda
382 615 500 648 mensis
531 614 713 647 decembris
740 624 825 647 anno
849 624 989 654 mnxmv,

252 668 284 701 in
315 679 379 711 quo
411 668 533 712 seipsos
560 667 609 712 [ad
639 668 804 701 Romanae
834 667 993 700 Ecclesiae

252 721 516 755 communionem
530 727 561 755 et
580 721 734 755 unitatem
755 722 992 765 procurandam

252 776 417 809 communi
436 776 533 809 veluti
553 775 681 809 vinculo
695 776 945 809 obstrinxerunt.

297 830 314 871 ἕ
339 828 370 861 2.
393 828 484 868 Quod
505 828 603 871 igitur
616 829 700 862 idem
721 828 854 861 Michael
871 828 994 861 archie-

252 881 403 925 piscopus
421 887 451 915 et
471 881 655 926 coepiscopi
667 882 735 914 eius
755 881 932 925 supradicti
945 891 994 914 sa-

252 934 400 968 lutariter
425 940 614 976 statuerant,
643 935 756 968 sedulo
777 940 990 979 exequentes,

252 988 333 1022 duos
359 999 396 1021 ex
420 998 533 1022 eorum
561 999 696 1022 numero
721 988 911 1031 delegerunt
929 987 994 1032 pri-

252 1041 377 1075 marios⁴
391 1041 559 1085 episcopos
578 1041 778 1075 venerabiles
799 1042 913 1074 fratres
934 1041 994 1085 Hy-

250 1094 372 1138 patium
393 1095 666 1139 protothronium,
690 1095 877 1139 episcopum
898 1094 991 1127 Wlo-

251 1148 471 1181 dimiriensem
489 1153 521 1181 et
540 1148 742 1181 Brestensem
758 1175 765 1188 ,
793 1153 824 1181 et
842 1147 992 1192 Cyrillum

251 1197 441 1242 exarcham?
461 1201 652 1245 episcopum
684 1201 934 1234 Luceoriensem
964 1207 992 1234 et

251 1253 482 1288 Ostrosiensem
498 1282 505 1295 ‚
537 1260 737 1299 praestantes
761 1255 845 1288 viros
866 1260 896 1288 et
926 1254 993 1287 zelo

249 1308 305 1342 Dei
325 1308 501 1352 praeditos,
525 1309 580 1352 qui
598 1320 671 1342 cum
692 1309 828 1342 Romam
849 1308 994 1342 advenis-

250 1367 331 1403 sent,
362 1372 471 1395 secum
497 1362 662 1395 decretum
684 1362 763 1395 illud
795 1362 990 1402 detulerunt,

251 1415 290 1448 de
311 1426 375 1459 quo
400 1425 497 1460 supra
518 1415 668 1457 diximus,
691 1415 853 1449 Michaelis
870 1415 993 1449 archie-

250 1469 373 1513 piscopi
394 1476 426 1503 et
454 1470 678 1513 metropolitae
693 1497 700 1510 ‚
735 1475 766 1502 et
786 1480 843 1503 sua
863 1475 894 1502 et
915 1469 994 1502 alio-

250 1534 322 1556 rum
343 1523 581 1568 episcoporum,
606 1524 661 1567 qui
686 1523 833 1567 superius
854 1534 989 1557 enume-

249 1577 309 1609 rati
332 1582 417 1618 sunt,
443 1588 541 1610 manu
562 1577 789 1620 subscriptum.
814 1577 851 1610 Et
871 1577 993 1610 litteras

249 1637 418 1674 praeterea
438 1631 477 1664 ad
498 1641 556 1664 nos
576 1631 709 1675 scriptas
728 1631 914 1670 attulerunt,
939 1631 993 1664 da-

249 1690 297 1718 tas
318 1696 354 1718 ex
373 1695 474 1727 regno
494 1685 658 1725 Poloniae,
680 1691 710 1719 et
727 1695 845 1728 magno
875 1685 992 1718 ducatu

249 1738 450 1779 Lithuaniae,
485 1738 537 1772 die
565 1749 610 1772 xu
632 1739 710 1771 iunii
746 1749 831 1772 anno
866 1738 993 1771 Domini

249 1801 367 1833 MDxcv,
391 1792 476 1825 iuxta
504 1792 728 1825 kalendarium
746 1797 847 1832 vetus,
877 1792 993 1835 quibus

250 1844 443 1889 infrascripti
470 1845 611 1889 episcopi
632 1845 912 1889 subscripserant:
939 1844 993 1878 Mi-

251 1898 341 1931 chael
370 1898 649 1942 archiepiscopus,
674 1898 883 1942 metropolita
920 1898 994 1931 ttio‘

251 1951 366 1985 viensis
387 1957 417 1984 et
444 1951 633 1984 Haliciensis
659 1962 695 1984 ac
722 1951 820 1984 totius
837 1951 990 1991 nussim

252 2003 405 2048 Hypatius
424 2004 689 2047 protothronius,
714 2004 884 2047 episcopus
905 2004 994 2037 Wlo-

253 2057 448 2091 dimiriensis
468 2062 499 2090 et
515 2057 714 2097 Brestensis;
745 2057 878 2101 Cyrillus
903 2069 994 2091 exar-

252 2111 322 2152 cha,
347 2111 516 2155 episcopus
528 2111 748 2144 Luceoriensis
761 2117 792 2144 et
815 2111 994 2145 Ostrosien-

251 2165 304 2205 sis;
327 2164 500 2208 Gregorius
519 2165 704 2197 nominatus
718 2165 989 2209 archiepiscopus,

251 2219 372 2252 electus
393 2218 425 2257 in
447 2218 635 2262 episcopum
654 2218 863 2251 Polocensem
889 2224 919 2251 et
934 2219 990 2252 Vi-

253 2272 464 2311 tebscensem;
488 2271 640 2305 Leontius
653 2271 824 2315 episcopus
843 2271 993 2305 Pinscen-

251 2325 293 2359 sis
313 2330 343 2358 et
361 2325 565 2366 Iuroviensis,
594 2330 704 2368 postea
723 2325 908 2365 defunctus;
931 2325 989 2358 Mi-

252 2377 342 2410 chael
363 2377 531 2422 episcopus
551 2378 786 2411 Premisliensis
807 2385 837 2411 ct
857 2378 991 2412 Sambo-

251 2430 369 2472 rensis;
398 2431 528 2465 Gedeon
559 2431 728 2475 episcopus
754 2431 988 2475 Leopoliensi53

251 2484 419 2529 Dionysius
446 2484 617 2529 episcopus
637 2485 852 2526 Chelmensis,
881 2491 911 2519 et
935 2496 993 2518 no-

252 2537 379 2571 vissime
398 2538 490 2571 Ionas
503 2538 756 2572 archimandrita
769 2538 988 2580 Kobrinensis,

252 2591 372 2625 electus
383 2592 591 2636 postmodum
601 2591 633 2625 in
642 2592 830 2636 episcopum
838 2592 991 2627 Pinscen-

304 2655 384 2683 Bull.
401 2655 482 2684 Rom.
502 2655 561 2684 Vol.
577 2655 596 2682 X
879 2656 908 2684 31

1680 181 1739 213 0241

1028 251 1094 274 sem
1108 246 1138 274 et
1154 240 1371 274 Iuroviensem
1386 240 1456 272 loco
1470 239 1625 282 praedicti
1646 239 1768 272 Leontii

1029 294 1181 338 episcopi,
1202 299 1236 326 ut
1255 294 1443 337 praefertur,
1468 292 1619 325 defuncti.

1073 348 1087 390 ᾗ
1107 346 1137 380 3.
1148 348 1224 380 Cum
1240 347 1336 389 igitur
1349 348 1412 380 duo
1431 346 1605 390 supradIcti
1624 346 1768 390 episcopi

1028 406 1058 432 et
1075 406 1219 433 oratores
1248 401 1402 444 Hypatius
1422 406 1451 433 et
1472 400 1604 444 Cyrillus
1629 399 1768 441 benigne

1027 464 1045 485 a
1065 454 1158 486 nobis
1176 454 1207 485 in
1227 459 1434 497 conspectum
1450 459 1479 486 et
1500 453 1697 497 colloquium
1712 463 1770 485 no-

1027 511 1129 539 strum
1151 512 1255 539 essent
1275 507 1417 546 admissi,
1442 517 1558 550 easque
1588 506 1709 538 litteras
1730 505 1769 538 ab

1028 559 1103 602 ipsis
1124 570 1253 603 quoque
1274 559 1469 603 subscriptas
1489 559 1581 592 nobis
1606 559 1767 592 reddidis-

1027 618 1117 653 sent,
1149 619 1291 646 nostram
1324 619 1419 656 atque
1451 613 1653 657 Apostolicae
1681 612 1771 646 Sedis

1028 666 1162 708 gratiam
1184 666 1350 699 humiliter
1370 667 1542 710 petierunt,
1566 677 1664 710 seque
1686 666 1770 699 intra

1028 720 1187 761 gremium
1217 720 1397 753 Catholicae
1422 720 1587 753 Romanae
1612 719 1770 753 Ecclesiae

1029 773 1146 816 recipi,
1180 778 1209 805 et
1227 779 1390 816 tamquam
1412 773 1558 805 membra
1578 773 1693 805 iterum
1713 783 1767 805 ca—

1029 826 1084 869 piti
1105 826 1190 859 uniri
1211 824 1451 870 supplicarunt,
1476 826 1569 859 salvis
1594 836 1706 858 eorum
1727 826 1770 858 ri-

1031 879 1113 913 tibus
1139 886 1167 913 et
1188 881 1402 914 coeremoniis
1423 881 1455 913 in
1476 881 1590 914 divinis
1608 880 1720 913 officiis
1742 886 1772 912 et

1029 934 1311 966 Sacramentorum
1332 933 1621 973 administratione,
1645 939 1676 966 et
1695 933 1772 966 alias

1030 986 1116 1018 iuxta
1150 986 1303 1019 unionem
1339 987 1534 1020 celebratam
1567 987 1599 1019 in
1630 986 1771 1020 Concilio

1029 1039 1214 1072 Florentino
1236 1040 1319 1073 inter
1346 1040 1583 1074 Occidentalem
1605 1046 1636 1074 et
1655 1037 1769 1074 Orien'-

1029 1093 1123 1126 talem
1145 1093 1342 1127 Graecorum
1355 1086 1687 1135 Ecclesiam·,vicissim
1709 1094 1768 1126 ob-

1029 1147 1171 1180 tulerunt
1199 1157 1232 1180 se
1256 1153 1385 1191 paratos
1413 1158 1526 1180 omnes
1556 1147 1706 1180 haereses
1742 1152 1772 1180 et

1028 1199 1200 1234 schismata
1231 1201 1407 1241 damnare,
1440 1211 1616 1244 omnesque
1647 1211 1772 1233 errores

1029 1253 1189 1293 detestari,
1211 1264 1291 1298 quos
1312 1255 1442 1287 damnat
1456 1260 1486 1286 et
1499 1254 1675 1286 detestatur
1693 1262 1768 1285 san-

1028 1313 1078 1340 cta
1099 1308 1257 1341 catholica
1282 1309 1427 1341 Romana
1455 1307 1618 1348 Ecclesia,
1652 1313 1681 1340 et
1716 1317 1771 1340 eos

1028 1362 1241 1404 praesertim,
1270 1371 1410 1405 quorum
1432 1371 1527 1394 causa
1551 1360 1706 1393 hactenus
1731 1360 1770 1393 ab

1028 1415 1141 1448 eadem
1162 1416 1307 1448 Romana
1327 1415 1468 1448 Ecclesia
1492 1414 1630 1458 separati
1649 1420 1679 1447 et
1707 1414 1771 1447 dis-

1028 1467 1127 1501 iuncti
1148 1469 1288 1501 fuerunt.
1323 1469 1401 1500 Tum
1423 1468 1520 1501 etiam
1541 1467 1616 1500 fidei
1638 1467 1771 1500 catholi-

1028 1531 1083 1553 cae
1109 1521 1341 1564 professionem
1362 1521 1423 1554 rite
1450 1521 1576 1561 facere,
1611 1531 1647 1553 ac
1679 1520 1771 1553 nohis

1028 1574 1167 1618 denique
1185 1575 1231 1608 uti
1252 1585 1328 1608 vero
1348 1574 1461 1608 Christi
1479 1574 1618 1614 Vicario,
1644 1579 1674 1606 et
1700 1584 1772 1606 san-

1028 1634 1096 1661 ctae
1116 1628 1318 1672 Apostolicae
1332 1627 1405 1661 Sedi
1417 1627 1635 1661 obedientiam
1657 1632 1686 1659 et
1697 1626 1771 1659 sub-

1028 1682 1199 1715 iectIOnem
1220 1681 1361 1715 debitam
1380 1687 1542 1725 praestare
1564 1687 1594 1713 et
1614 1685 1770 1724 perpetuo

1027 1735 1198 1779 spondere.
1214 1735 1398 1768 Attulerunt
1416 1735 1512 1768 iidem
1526 1733 1667 1778 episcopi
1679 1743 1770 1776 prae-

1030 1795 1115 1822 terea
1135 1789 1175 1822 ad
1192 1799 1250 1822 nos
1270 1788 1391 1821 litteras
1409 1788 1588 1821 charissimi
1602 1788 1634 1820 in
1647 1787 1770 1821 Christo

1028 1843 1085 1875 filii
1105 1843 1205 1876 nostri
1234 1842 1430 1885 Sigismundi
1458 1842 1608 1875 Poloniae
1630 1848 1661 1875 et
1691 1844 1767 1877 Sve-

1028 1896 1095 1929 ciae
1115 1896 1210 1938 regis,
1228 1895 1283 1939 qui
1303 1901 1338 1928 ut
1358 1901 1405 1928 est
1425 1895 1552 1937 egregie
1570 1896 1652 1939 pius,
1671 1901 1699 1929 et
1720 1907 1772 1929 ca-

1029 1949 1166 1983 tholicae
1193 1949 1358 1992 religionis
1376 1949 1606 1992 propagandae
1620 1949 1767 1992 cupidus,

1028 2004 1166 2036 salutare
1191 2003 1252 2036 hoc
1283 2002 1449 2044 negotium
1476 2002 1515 2035 de
1540 2002 1695 2035 Ruthenis
1731 2003 1771 2036 ad

1029 2056 1327 2090 reconciliationem
1354 2062 1384 2089 et
1410 2055 1564 2089 unitatem
1590 2056 1770 2089 Catholicae

1027 2110 1187 2144 Ecclesiae
1221 2109 1415 2153 recipiendis
1449 2119 1646 2152 magnopere
1678 2109 1771 2142 nobis

1028 2163 1276 2201 commendavit,
1301 2163 1388 2206 quod
1410 2168 1440 2195 et
1460 2162 1512 2195 alii
1535 2163 1648 2195 fratres
1668 2163 1770 2195 nostri

1028 2217 1177 2251 catholici
1198 2216 1339 2260 episcopi
1362 2216 1473 2249 Poloni
1492 2216 1605 2256 secere,
1629 2215 1690 2248 hoc
1711 2222 1768 2255 est,

1028 2270 1162 2303 dilectus
1187 2269 1272 2302 tilius
1292 2274 1400 2302 noster
1424 2268 1579 2310 Georgius
1600 2267 1772 2301 cardinalis

1027 2323 1206 2364 Razivilius,
1227 2323 1397 2366 episcopus
1418 2321 1650 2361 Cracovicnsis,
1675 2321 1769 2354 Ioan-

1026 2388 1082 2410 nes
1099 2377 1289 2417 Demetrius,
1306 2376 1565 2419 archiepiscopus
1576 2375 1769 2418 Leopolien-

1027 2431 1079 2471 sis,
1098 2436 1129 2463 ct
1148 2430 1330 2463 Bernardus
1351 2429 1522 2472 episcopus
1539 2428 1768 2461 Luceoriensis.

1075 2486 1091 2527 ξ
1113 2483 1143 2516 4.
1168 2484 1231 2516 Nos
1255 2483 1376 2526 igitur,
1405 2482 1459 2526 qui
1481 2493 1538 2526 per
1558 2482 1613 2514 Dei
1638 2481 1773 2524 gratiam

1028 2537 1106 2570 nihil
1120 2537 1221 2579 magis
1239 2542 1388 2580 optamus
1399 2541 1452 2568 aut
1464 2535 1660 2579 quaerimus,
1676 2546 1772 2579 qua-ni

1027 2591 1150 2625 animas
1170 2591 1293 2625 Christo
1315 2590 1445 2632 lucrari,
1469 2600 1580 2623 corum
1604 2589 1769 2633 petitioni-

1791 191 1837 216 Au.
1860 191 1889 216 C.
1903 189 1969 218 1595

1844 359 1967 384 Supplicnnt

1784 391 1821 411 pru
1839 386 1968 411 receptitium,

1785 415 1871 432 reti-ntis

1786 439 1870 459 Graes-1<

1894 413 1968 432 titilius
