2253 3195
260 278 310 304 An.
331 277 358 304 C.
378 276 445 304 t598

409 500 444 532 {²3³³
460 495 516 528 pra
527 483 744 528 stipulatione,
758 483 1049 517 intervenientium.
1062 483 1124 515 Pro
1135 481 1206 525 qui-

406 527 445 586 3¹:3¹⁶-x
461 538 519 570 bus
539 532 691 570 omnibus
711 542 738 569 et
761 537 905 579 singulis,
929 535 1072 580 plenarie
1093 541 1124 568 et
1145 534 1203 567 tir-

461 591 556 624 miter
576 591 733 630 tenendis,
757 591 957 634 complendis
982 596 1011 623 et
1033 588 1203 622 inviolabi-

490 267 555 301 448

458 325 623 369 rographi⁷
647 323 745 368 quod,
769 330 799 356 et
827 322 936 356 omnia
965 328 995 355 et
1019 322 1146 365 singula
1172 322 1202 354 in

460 379 514 412 illo
528 383 689 416 contenta,
711 376 741 409 in
763 375 1003 420 stipulationem
1024 375 1202 408 deduxitad

461 432 599 463 savorem
621 429 779 463 dictarum
797 429 1054 466 universitatum,
1071 439 1134 472 qua
1153 439 1205 461 su-

1043 274 1224 298 nULLARIUM
1245 273 1398 298 ROMANUM

1281 323 1298 363 ξ
1319 320 1350 354 3.
1365 322 1441 355 Cum
1463 327 1570 355 autem
1589 322 1732 356 firmiora
1752 323 1815 357 sint
1834 334 1978 368 ea‚quae

1949 377 1955 382 .
1994 365 2112 384 sac-tionem
2129 368 2179 384 con·

1237 374 1327 408 Sedis
1346 375 1548 418 Apostolicae
1573 376 1828 410 confirmationis
1853 387 1976 421 praesi-

1239 427 1291 461 dio
1311 428 1522 470 muniuntur,
1545 439 1664 473 vosque
1695 429 1831 473 cupiatis
1860 436 1981 463 transa-

1239 481 1378 515 ettonem
1399 482 1586 516 huiusmodi
1606 483 1780 526 apostoliea
1794 483 1981 517 auctoritate

1240 546 1296 579 per
1313 546 1371 569 nos
1391 536 1590 576 confirmari,
1613 537 1686 570 ideo
1706 537 1799 570 nobis
1818 537 1984 570 humiliter

1239 589 1413 634 supplicari
1440 590 1567 626 fecistis.
1591 595 1627 623 ut
1653 590 1685 623 in
1709 589 1894 634 praemissis
1920 600 1980 633 op-

462 645 535 678 liter
554 644 772 683 observandis,
790 644 900 677 dictus
919 643 1206 677 reverendissimus
1221 644 1225 698 ἱ
1240 649 1376 686 portunc
1397 643 1567 686 providere
1587 643 1627 676 de
1647 643 1844 686 benignitate
1858 648 1985 686 aposto-

461 699 495 731 D.
521 698 740 731 thesaurarius
760 698 878 731 dictam
895 697 1073 733 Cameram,
1089 696 1207 729 dietus·
1222 699 1224 726 ζ
1240 696 1301 729 lica
1321 696 1547 738 dignaremur:
1573 707 1630 729 nos
1649 696 1746 739 igitur
1766 707 1820 730 vos
1840 696 1986 740 speciali-

461 762 524 794 que
543 752 577 785 D.
590 751 904 795 procurat0r.dictas
921 749 1154 790 universitates,
1171 748 1208 781 il-
1223 783 1225 786 ,
1241 749 1300 782 bus
1318 750 1478 782 lareribus
1498 755 1527 783 et
1541 749 1651 793 gratiis
1665 749 1816 793 prosequi
1830 750 1982 790 volentes,

462 804 632 848 larumque
653 804 812 843 homines,
829 815 864 836 ae
885 814 999 836 eorum
1028 802 1204 835 haeredum
1223 817 1225 849 j

462 864 492 891 et
509 867 731 891 successorum
763 858 858 895 bona,
882 857 1014 890 mobilia
1035 862 1062 889 et
1086 856 1204 888 immo-

463 910 549 947 bilia,
560 910 740 955 praesentia
757 915 785 943 ct
802 910 918 949 sutura,
931 909 1129 952 ubicumque
1142 907 1208 941 exi-

463 965 595 1004 stentia,
619 965 841 1007 obligaverunt
861 969 892 997 et
918 967 1155 1007 supposuerunt
1177 961 1207 994 in

463 1018 624 1062 ampliori,
654 1017 791 1062 pleniori
823 1023 852 1051 et
884 1016 1072 1049 districtiori
1105 1016 1208 1049 forma

462 1073 613 1106 Gamerae
627 1071 828 1116 Apostolicae
840 1081 912 1104 cum
932 1070 1082 1104 omnibus
1095 1075 1124 1103 et
1145 1069 1209 1101 sin-

463 1126 546 1167 gulis
576 1126 866 1161 sulnnissionibus.
901 1123 1205 1161 constitutionibus,

464 1179 753 1223 compulsionibus,
771 1179 905 1215 iuribus.
919 1178 1091 1220 rigoribus,
1108 1177 1206 1220 stylis,
1226 1181 1227 1190 ³

465 1232 764 1266 renunciationibus
785 1238 814 1265 ct
833 1231 903 1264 aliis
921 1231 1072 1264 clausulis
1088 1236 1114 1263 et
1135 1241 1210 1263 eau—

465 1286 535 1319 tetis
555 1285 587 1318 in
608 1285 757 1330 ampliori
781 1286 885 1318 forma
905 1284 1056 1317 Gamerae
1076 1284 1210 1326 Aposto-

465 1339 545 1372 licae
564 1339 683 1383 apponi
711 1338 813 1371 solitis
833 1344 863 1371 et
888 1337 1066 1375 consuetis,
1089 1336 1210 1379 absque,

467 1399 572 1426 tamen
593 1393 701 1437 ali-qua
721 1398 967 1436 procuratorum
985 1389 1211 1424 constitutione
1228 1403 1229 1406 ¹

465 1447 503 1479 ad
536 1446 754 1480 confitendum
791 1446 933 1479 debitum
951 1472 958 1481 ,
991 1443 1211 1477 renunciando

465 1500 723 1544 ‹piibuscumque
748 1498 1017 1543 appellationibus
1046 1504 1075 1530 et
1105 1497 1208 1530 recla-

467 1553 662 1586 mationibus
683 1552 931 1596 exequutionem
953 1550 1130 1595 praesentis
1158 1550 1209 1583 in·
1228 1549 1229 1555 ¹

466 1607 636 1640 strumenti
670 1605 930 1650 impedientibus.
966 1605 1000 1638 Et
1030 1604 1091 1643 sic,
1123 1599 1230 1637 tactis?

467 1661 662 1704 pectoribus,
675 1670 765 1693 more
782 1660 1015 1703 praelatorum,
1027 1664 1058 1691 et
1074 1658 1211 1701 scriptu—
1228 1672 1230 1676 >

468 1713 511 1746 ris
530 1713 754 1751 saerosanctis,
778 1713 818 1746 ad
839 1718 949 1745 saneta
973 1711 1027 1745 Dei
1048 1711 1230 1753 evangelia=

468 1767 624 1799 iurarunt.
658 1766 762 1810 Super
788 1766 905 1810 quibus
925 1765 1076 1798 omuibus
1097 1770 1124 1797 ct
1146 1764 1230 1797 sin-2

467 1820 549 1860 gulis
570 1819 764 1864 praemissis,
796 1819 932 1863 petitum
964 1819 1021 1851 suit
1043 1829 1059 1851 a
1081 1828 1131 1851 me
1151 1828 1209 1851 eo-

467 1874 540 1906 dem
575 1883 637 1905 rev.
668 1874 819 1906 Gamerae
849 1871 1049 1916 Apostolicac
1087 1865 1231 1904 notario]

467 1925 598 1970 publico
635 1925 841 1969 infrascripto
856 1953 863 1965 ,
899 1931 930 1957 ut
971 1925 1010 1958 de
1042 1908 1232 2019 [iraedirtism

469 1979 619 2012 omnibus
643 1990 742 2012 unum
765 1979 810 2012 vel
840 1978 948 2023 plura,
972 1979 1137 2022 publicum
1158 1989 1213 2011 seu

470 2033 608 2077 publica,
625 2033 818 2066 conticerem
835 2032 1081 2065 instrumentum
1097 2037 1149 2065 aut
1166 2031 1213 2064 in-

469 2092 657 2125 strumenta,
682 2090 777 2129 prout
794 2096 875 2129 opus
896 2085 1001 2118 suerit.
1021 2086 1132 2118 Actum
1154 2085 1215 2118 [to-

471 2151 540 2171 mae
566 2139 595 2171 iu
623 2139 757 2172 aedibus
784 2138 895 2171 solitae
917 2138 1108 2171 residentiae
1140 2137 1214 2171 dieti

471 2192 729 2225 reverendissimi
754 2193 786 2225 l).
811 2191 1014 2232 tb‹‘=s.¹uu·.·u·ii‚
1034 2191 1212 2235 praesenti-

1241 807 1271 835 et
1291 808 1430 835 vestrum
1452 802 1597 845 singulos
1625 813 1643 835 a
1669 803 1834 846 quibusvis
1853 813 1983 836 excom-

1243 854 1481 891 municationis.
1508 855 1727 899 suspensionis
1753 861 1784 889 et
1809 855 1982 891 interdicti.

1224 908 1376 953 ,aliisque
1397 909 1621 942 ecclesiasticis
1641 909 1822 949 sententiis,
1843 909 1987 943 censuris

1243 968 1273 994 et
1293 962 1406 1006 poenis
1425 972 1442 995 a
1469 962 1537 996 iure
1557 962 1604 995 vcl
1635 963 1674 995 ab
1704 962 1853 1003 bomine,
1876 962 1987 1006 quavis

1243 1016 1412 1049 occasione
1433 1017 1479 1050 vel
1500 1027 1595 1050 causa
1615 1016 1701 1056 latis,
1724 1011 1749 1049 s'i
1771 1017 1888 1060 quibus
1909 1026 1988 1060 quo-

1244 1069 1420 1103 modolibet
1441 1069 1586 1103 innodati
1607 1069 1750 1111 existitis,
1775 1070 1814 1103 ad
1839 1069 1987 1103 effe-etum

1244 1123 1462 1167 praesentium
1499 1123 1664 1156 dumtaxat
1702 1122 1964 1166 consequendum
1978 1150 1985 1163 ‚

1244 1176 1357 1209 barum
1379 1176 1460 1209 serie
1475 1175 1688 1217 absolventes,
1703 1182 1732 1209 et
1744 1176 1908 1210 absolutos
1923 1176 1989 1209 fore.

1245 1233 1422 1265 censentes,
1434 1227 1619 1260 lmiusmodi
1633 1227 1924 1271 supplicationibus
1943 1226 1990 1260 in-

1245 1281 1364 1321 clinati,
1388 1280 1622 1324 praeinsertum
1654 1280 1920 1317 instrumentum,
1953 1290 1990 1313 ac

1227 1367 1229 1381 k
1246 1335 1277 1368 in
1298 1345 1336 1368 eo
1357 1340 1507 1367 contenta
1530 1340 1561 1367 et
1574 1333 1647 1367 inde
1665 1340 1799 1377 sequuta
1813 1343 1989 1378 quaecum-

1246 1401 1319 1434 que,
1342 1389 1517 1433 apostolica
1545 1389 1750 1430 auctoritate,
1773 1389 1990 1434 praesentium

1227 1457 1230 1476 e
1247 1449 1375 1480 tenore,
1400 1448 1556 1486 perpetuo
1576 1442 1806 1475 confirmamus
1826 1448 1857 1475 et
1875 1452 1992 1486 appro-

1228 1497 1371 1537 tbamus,
1396 1496 1522 1541 illisque
1554 1502 1727 1540 perpetuae
1748 1503 1779 1530 et
1800 1495 1992 1529 inviolabilis

1247 1549 1441 1594 apostolicae
1461 1549 1622 1583 firmitatis
1641 1550 1742 1583 robur
1761 1549 1941 1589 amicimus,
1956 1559 1992 1582 ac

1247 1614 1360 1637 omnes
1387 1609 1415 1636 et
1446 1603 1591 1646 singulos
1612 1607 1676 1636 tam
1699 1602 1776 1636 iuris
1796 1612 1892 1646 quam
1920 1602 1991 1635 sacti

1247 1657 1401 1696 deser-tus,
1426 1657 1450 1688 si
1472 1657 1527 1700 qui
1554 1656 1583 1689 in
1605 1656 1724 1689 eisdem
1747 1655 1989 1695 intervenerint,

1247 1711 1444 1755 supplemus.
1468 1721 1570 1754 eaque
1599 1711 1715 1749 valida,
1741 1711 1833 1744 firma
1863 1715 1895 1744 et.
1919 1709 1990 1743 eff-

1247 1764 1334 1797 cacia
1356 1769 1513 1807 perpetuo
1533 1764 1600 1797 sore
1622 1770 1653 1797 et
1683 1774 1763 1804 esse,
1786 1763 1941 1807 vobisque
1962 1762 1992 1796 in

1247 1818 1447 1851 omnibus-et
1474 1828 1532 1861 per
1551 1817 1660 1851 omnia
1679 1817 1866 1860 suffragari2
1894 1827 1931 1850 ae
1951 1816 1993 1849 ita

1249 1881 1536 1915 perquoscumquc
1552 1870 1683 1911 iudices,
1699 1870 1882 1903 ordinarios
1895 1875 1924 1903 et
1939 1869 1994 1902 de-

1249 1925 1380 1966 legatos,
1403 1924 1497 1957 etiam
1519 1924 1669 1957 Gamerae
1690 1923 1874 1968 praedictae
1893 1933 1990 1967 prae·

1248 1977 1387 2011 sidentes
1408 1977 1553 2015 elericos,
1569 1987 1605 2010 ae
1625 1977 1726 2021 ipsum
1743 1976 1990 2014 thesaurarium,

1230 2041 1306 2071 ,nee
1335 2040 1399 2063 non
1428 2030 1458 2062 S.
1494 2030 1529 2063 tt.
1563 2030 1596 2063 F„
1620 2029 1846 2067 camerarium,
1869 2029 1993 2062 sublata

1250 2083 1294 2117 eis
1314 2089 1342 2116 et
1365 2094 1476 2116 eorum
1499 2083 1630 2116 cuilibet
1658 2083 1770 2127 quavis
1800 2083 1893 2116 aliter
1912 2082 1995 2116 iudi-

1250 2137 1342 2170 candi
1364 2143 1390 2169 et
1416 2137 1648 2181 interpretandi
1668 2137 1818 2170 facultate.
1837 2142 1868 2169 et
1886 2141 1996 2169 aueto-

1251 2191 1354 2230 ritate‚
1379 2190 1514 2223 iudicari
1537 2196 1564 2223 et
1587 2190 1718 2223 ‹lilliniri
1741 2190 1870 2229 debere,
1890 2200 1927 2223 ac
1948 2189 1993 2222 ir-

471 2247 529 2279 bus
551 2246 668 2278 ibidem
703 2246 761 2278 titt.
786 2245 957 2278 octaviano
984 2245 1108 2278 'sunnio
1135 2245 1212 2278 l’ar-
1251 2244 1348 2277 ritum
1372 2250 1403 2277 et
1424 2244 1518 2277 inane
1539 2243 1696 2287 quidquid
1718 2253 1810 2277 secus
1829 2241 1996 2286 superbis

472 2299 588 2338 iriensi,
605 2305 635 2331 et
648 2299 781 2331 Caesare
801 2299 965 2331 (li-euronio
987 2299 1025 2331 de
1045 2299 1140 2337 lsola,
1166 2305 1213 2331 te·
1251 2309 1268 2330 a
1289 2307 1465 2341 quoquam,
1489 2297 1600 2340 quavis
1631 2296 1836 2335 auctoritate,
1859 2295 1998 2329 scienter

470 2353 571 2385 stibus
592 2353 630 2384 ad
653 2352 814 2395 praedicta
830 2351 959 2389 vocatis,
978 2351 1216 2395 lt:il·itis,:ttque
1252 2353 1298 2385 vel
1330 2352 1532 2393 ignoranter.
1557 2350 1724 2393 eontigerit
1756 2349 1906 2383 attentari
1935 2349 1993 2382 de·

471 2406 600 2446 rogatis.
1252 2405 1427 2438 ceruimus.

516 2460 580 2499 Ιῧμο
601 2459 715 2492 Lurius
735 2458 931 2497 tlatderiuus,
955 2460 1105 2492 (huma-ae
1128 2460 1213 2503 Apo·
1233 2455 1235 2495 Ι
1297 2461 1313 2501 5
1334 2458 1365 2491 4.
1399 2459 1467 2491 Non
1499 2457 1700 2491 obstantibus
1731 2456 1930 2502 praemissis,
1961 2466 1996 2490 ac

471 2513 602 2545 stolirae
623 2513 778 2551 notarius,
801 2513 840 2546 de
859 2512 1043 2556 praemissis
1074 2518 1214 2553 roffi-itus,
1233 2512 1235 2538 ¹
1253 2511 1536 2544 constitutionibus
1568 2517 1595 2544 et
1630 2510 1891 2544 ordinationibus
1914 2519 1995 2554 apo-

474 2578 622 2608 praeseus
645 2567 891 2599 iustrmueutmu
913 2565 1087 2608 subscripsi
1109 2571 1137 2597 vt
1161 2576 1217 2609 pu-
1233 2562 1235 2593 ι’
1253 2565 1383 2601 stolicis.
1408 2575 1465 2597 nee
1487 2574 1550 2597 non
1581 2564 1684 2597 dictae
1712 2563 1878 2600 Gamerae..
1902 2562 1996 2595 etiam

475 2620 598 2657 ldis-avi,
623 2626 752 2659 rogatu.-
773 2626 800 2651 vt
824 2619 1007 2662 requisitus.
1234 2628 1235 2651 1
1255 2619 1448 2656 iuramento,
1471 2617 1719 2651 contii-ulatione
1740 2616 1926 2661 apostolica,
1949 2617 1996 2648 vel

1255 2674 1365 2715 quavis
1387 2673 1536 2705 tirmitate
1557 2673 1616 2704 alia
1637 2671 1794 2705 roboratis
1815 2671 1940 2703 statutis
1967 2677 1994 2703 vt

564 2674 645 2705 lauru
664 2675 685 2715 -ζ
708 2686 798 2711 sieut.

1993 275 2042 302 An.
2058 274 2085 302 C.
2109 274 2176 304 ¹598

2014 335 2114 358 Earn-lem
2124 338 2178 358 tran-

1994 389 2062 410 sii-mat
2076 390 2177 411 pontifex.

2039 2462 2130 2487 oemunt
2147 2465 2195 2481 enn-

2013 2492 2089 2510 trurtu.
