2253 3195
39 194 86 222 An.
109 193 136 221 C.
161 192 223 220 1592

65 569 220 595 Depositam-inm

39 595 129 618 instituit
142 595 168 615 ad
184 601 221 615 cas

37 621 192 644 custodiendas.

63 940 106 962 Non
116 941 222 962 solventes

37 969 59 989 et.
72 967 155 988 fraudes
166 973 222 989 com-

36 993 142 1016 mittentes
148 997 223 1021 poenis

37 1023 120 1042 coercet
140 1022 174 1043 hic
192 1023 222 1044 in-

38 1048 123 1070 dicatis.

64 1797 160 1819 Decimas
172 1804 222 1824 pen-

39 1825 120 1846 sionum
134 1831 147 1845 a
158 1825 222 1846 bene-

39 1851 86 1872 ficia
113 1852 222 1878 possiden-

38 1878 94 1908 tibus
110 1877 222 1908 pensiona-

39 1910 115 1926 riorum
139 1911 221 1925 nomine

39 1931 149 1953 solvendas
175 1937 221 1953 esse

40 1957 138 1979 declarat.

71 2569 75 2572 -
91 2542 175 2573 Modum
189 2550 225 2566 eas

44 2569 141 2617 lsslffilfh
165 2575 226 2597 ΡΜ·

857 191 1002 215 CLEMENS
1020 191 1076 214 ΠΗ
1096 191 1144 213 Pl'.

236 240 284 273 bri
306 239 427 279 incidit,
452 246 479 272 et
502 250 561 283 pro
580 239 640 273 alia
666 239 810 283 partibus
836 238 978 282 aequali-

236 294 305 331 bus,
330 293 411 326 intra
433 292 521 326 illum
545 293 647 336 ipsum
670 293 755 326 diem
777 294 891 326 festum
905 303 980 325 con-

235 346 396 390 sequentis
417 346 553 389 proximi
575 346 661 386 anni,
682 346 832 379 Gamerae
854 346 978 389 praedi·

235 405 303 433 ctae
328 406 359 433 et
385 399 469 432 illius
494 399 690 443 depositario
715 399 858 441 generali
887 400 926 432 ad
949 399 978 432 id

235 453 470 493 constituendo,
481 453 613 486 omnino
622 453 768 486 volumus
777 453 975 496 persolvisse.

281 509 297 549 ξ
319 507 349 540 6.
374 499 522 540 Eiusdem
553 517 628 540 vero
650 506 837 550 depositarii
864 517 980 539 munus

237 561 306 601 erit,
323 561 434 593 sedulo
455 571 578 599 curare,
600 566 630 593 ut
654 560 810 603 quidquid
830 560 980 603 pecunia-

237 625 309 648 rum
331 625 367 647 ex
389 613 522 647 decimis
547 613 726 656 colligetur,
758 614 788 647 id
811 614 981 655 diligenter

237 679 273 701 ac
293 668 432 700 fideliter
452 674 632 700 asservetur
645 668 684 700 de
698 668 850 700 mandato
870 673 980 700 nostro

236 718 378 765 speciali,
403 720 434 753 in
455 720 609 764 praedicti
637 720 711 754 belli
733 727 844 754 contra
864 722 981 755 Turi-as

236 774 368 818 gerendi
400 785 476 807 usus
510 775 696 815 dumtaxat,
730 786 765 807 ac
802 775 880 807 alias
911 786 982 808 ero-

237 828 390 870 gandum.

281 881 346 925 57.
375 880 575 924 Quicumque
601 891 674 913 vero
705 881 845 914 decimas
874 882 983 915 huius-

238 935 326 969 modi
346 935 434 968 nullo
456 935 564 971 modo,
585 934 631 967 vel
653 944 718 967 non
740 934 864 977 integre
882 935 983 968 scicn-

239 994 297 1029 ter,
326 993 381 1021 aut
405 998 469 1021 non
496 988 673 1021 secundum
699 998 809 1021 verum
839 999 982 1022 annuum

238 1042 379 1075 valorem
404 1042 590 1080 fructuum,
616 1041 823 1082 reddituum,
847 1053 983 1086 proven-

238 1101 339 1133 tuum,
364 1095 495 1135 iurium,
519 1094 761 1135 obventionum,
785 1095 983 1129 distributio-

237 1160 313 1182 num
336 1154 366 1182 et
386 1149 692 1188 emolumentorum,
707 1149 755 1182 vel
776 1149 983 1182 concordiam

238 1213 312 1236 cum
333 1202 414 1236 Sede
435 1207 466 1235 et
485 1202 618 1236 Camera
637 1201 814 1246 praedicta,
838 1208 873 1235 ut
891 1213 984 1246 prae-

238 1256 338 1289 fertur
364 1255 559 1293 ineundam,
586 1255 649 1288 sive
681 1265 746 1288 non
775 1255 807 1288 in
839 1256 984 1290 terminis

237 1309 469 1343 constituendis
489 1308 702 1350 exhibuerint,
726 1320 782 1343 seu
801 1309 832 1342 in
853 1310 983 1344 illorum

238 1363 435 1397 exhibitione
460 1363 617 1396 malitiam
648 1363 891 1405 commiserint,
920 1364 983 1398 sive

236 1418 403 1457 fraudem,
431 1417 640 1450 ecclesiarum
672 1417 828 1451 antistites
852 1429 985 1463 suspen-

238 1471 345 1505 dimus
365 1481 382 1503 a
404 1470 535 1511 divinis,
558 1470 700 1514 Capitula
726 1482 817 1511 vero,
847 1482 984 1506 conven-

237 1530 286 1558 tus
307 1530 337 1558 et
365 1524 499 1567 collegia
524 1535 748 1568 quaecumque
769 1525 983 1560 ecclesiastico

238 1579 409 1612 interdicto
429 1578 653 1623 supponimns,
671 1590 708 1611 ac
721 1579 899 1622 singulares
912 1591 983 1624 per-

236 1643 331 1666 sonas
351 1632 492 1665 antistite
523 1632 693 1665 inferiores
722 1633 984 1667 excommunica-

237 1686 332 1719 tionis
352 1685 510 1719 sententia
535 1685 739 1719 innodamus.

282 1741 299 1782 ξ
321 1738 350 1773 8.
378 1740 545 1773 Caeterum
576 1740 617 1772 ad
641 1740 822 1783 praedictas
844 1741 984 1775 decimas

238 1794 481 1838 consequendas
508 1793 726 1838 praecipimus
751 1794 846 1828 etiam
880 1795 984 1828 omni-

238 1848 297 1881 bus
318 1847 580 1887 conductoribus,
604 1847 781 1881 censuariis
811 1853 839 1880 et
864 1849 984 1882 locato-

237 1901 326 1934 ribus
346 1900 593 1945 proprietatum,
617 1900 792 1941 fructuum,
816 1911 936 1942 rerum,
954 1907 983 1935 et

237 1954 356 1988 iurium
388 1954 629 1998 praedictorum
644 1981 652 1994 ,
676 1953 772 1987 etiarn
796 1954 983 1988 huiusmodi

237 2008 446 2052 pensionibus
463 2013 685 2047 oneratorum,
709 2013 741 2041 et
759 2013 912 2052 utrasque
930 2009 984 2042 de-

237 2062 336 2096 cimas
356 2061 487 2094 nomine
513 2061 720 2095 dominorum
751 2072 788 2095 ac
813 2062 984 2106 pensiona-

236 2115 360 2149 riorum
387 2116 427 2148 ad
452 2120 641 2158 computum
673 2125 749 2148 suae
774 2115 911 2159 quisque
936 2116 984 2149 lo-

237 2169 390 2203 cationis:
423 2168 574 2202 omnibus
610 2179 686 2201 vero
718 2169 980 2212 possessoribus,

236 2223 498 2263 ususructuaflis,
520 2228 551 2256 et
571 2221 640 2255 aliis
669 2221 841 2265 pensiones
861 2223 984 2256 solvere

238 2276 441 2314 debentibus,
465 2281 500 2309 ut
523 2275 583 2320 ipsi
612 2275 710 2309 etiam
739 2275 882 2309 decimas
906 2286 984 2320 pen-

238 2330 366 2363 sionum
390 2329 575 2363 huiusmodi
600 2328 732 2362 nomine
756 2329 981 2372 pensionario-

240 2394 323 2424 rum,
345 2384 496 2417 Gamerae
517 2388 548 2416 et
564 2382 833 2427 procuratoribus
858 2382 985 2426 praedi-

240 2437 309 2478 ctis,
338 2437 461 2479 integre
486 2437 680 2481 persolvant.

285 2491 299 2534 ἓ
324 2490 354 2523 9.
381 2491 593 2524 Decernentes
623 2489 764 2523 decimas
796 2490 959 2522 fructuum
975 2517 982 2530 ,

241 2549 455 2588 proventuum
485 2549 515 2577 et
541 2543 678 2577 aliorum
704 2542 823 2576 iurium
859 2541 986 2587 praedi-

243 2603 389 2638 ctorum,
411 2594 600 2631 secundum¹
621 2607 732 2631 verum
763 2596 906 2630 valorem
932 2606 987 2630 an-

1665 177 1718 210 101

1014 249 1126 275 nuum,
1152 237 1197 270 vel
1220 237 1331 270 saltem
1357 236 1443 270 iuxta
1464 241 1580 274 laxam,
1606 237 1644 269 de
1670 247 1754 279 qua,

1015 303 1087 325 eum
1114 291 1248 324 Sanctae
1278 291 1441 324 Romanae
1467 289 1625 323 Ecclesiae
1654 300 1758 321 came-

1013 345 1099 378 rario
1130 350 1323 387 nostroque,
1348 349 1377 377 et
1397 344 1546 377 Gamerae
1576 343 1758 387 praedictae

1015 398 1214 432 thesaurario
1235 397 1376 439 generali
1390 425 1397 437 ,
1419 402 1452 430 ut
1473 397 1661 441 praefertur,
1683 407 1759 429 ron-

1014 452 1225 491 coidaverint,
1249 451 1326 483 alias
1354 462 1429 484 vero
1456 450 1647 495 pensionum
1675 449 1758 482 deci-

1015 516 1092 541 mas,
1120 505 1157 537 ad
1180 504 1337 537 rationem
1361 504 1472 537 decem
1493 514 1551 547 pro
1573 503 1758 537 centenario

1014 557 1167 601 praestari
1189 558 1298 591 deberi
1316 585 1322 598 ,
1344 563 1374 590 et
1393 558 1570 591 secundum
1590 568 1646 594 ea,
1669 568 1760 600 prae-

1015 610 1116 644 dictos
1139 621 1251 643 omnes
1272 610 1303 642 in
1325 610 1464 644 solidum
1487 611 1648 652 cogendos
1669 620 1756 649 esse;

1015 664 1222 708 ipsarumque
1245 663 1443 697 decimarum
1476 668 1714 707 procuratores,
1743 675 1760 696 a

1015 719 1131 762 quibus
1164 718 1291 751 libuerit
1324 718 1446 760 integre
1478 717 1624 760 exigendi
1658 717 1762 760 optio-

1016 783 1089 806 nem
1116 773 1364 816 facultatemque
1389 772 1531 810 habere,
1555 782 1659 815 neque
1684 771 1762 803 alias

1016 825 1235 859 immunitates
1269 831 1300 859 et
1340 825 1559 868 exemptiones
1594 824 1688 858 etiam
1726 835 1763 856 ex

1017 890 1111 913 causa
1132 879 1367 922 resignationis,
1392 878 1556 916 cessionis,
1581 878 1669 917 iuris,
1687 889 1763 911 con-

1017 933 1168 973 cordiae,
1197 932 1439 969 conventionis,
1472 937 1523 964 aut
1559 942 1763 975 quacumque

1018 986 1079 1019 alia
1103 985 1190 1027 gravi
1215 991 1243 1018 et
1262 996 1399 1018 onerosa
1417 985 1585 1018 occasione
1607 995 1763 1028 quocum-

1018 1051 1079 1084 que
1115 1040 1211 1073 modo
1242 1050 1410 1073 concessas
1444 1045 1475 1072 et
1504 1039 1617 1071 iterum
1650 1049 1763 1072 conce-

1018 1094 1149 1133 dendas,
1171 1093 1330 1135 integram
1356 1092 1549 1126 solutionem
1578 1092 1763 1124 huiusmodi

1018 1146 1166 1179 minuere
1191 1146 1238 1179 vel
1260 1145 1430 1190 impedire,
1447 1156 1551 1189 neque
1564 1155 1764 1188 possessores

1017 1199 1285 1240 usufructuarios,
1302 1204 1357 1232 aut
1370 1198 1450 1232 alios
1463 1198 1635 1242 pensiones
1653 1198 1764 1231 huius-

1019 1253 1107 1286 modi
1121 1253 1244 1286 solvere
1256 1253 1425 1293 debentes,
1441 1252 1566 1285 etiamsi
1581 1251 1640 1296 ipsi
1659 1252 1721 1285 iuri
1734 1257 1764 1285 et

1018 1307 1137 1340 actioni
1149 1307 1318 1351 petendae,
1328 1307 1377 1340 vel
1386 1306 1616 1346 detrahendae,
1627 1306 1674 1339 vel
1690 1305 1764 1339 reti-

1018 1361 1143 1394 nendae
1163 1360 1332 1405 portionis,
1353 1365 1383 1393 et
1405 1365 1493 1393 ratae
1516 1359 1614 1403 partis
1637 1359 1764 1403 pensio-

1018 1414 1127 1448 narios
1152 1414 1343 1456 contigeritis
1365 1414 1574 1447 iureiurando
1596 1413 1764 1446 renuncia-

1018 1468 1131 1508 verint,
1145 1474 1239 1512 atque
1253 1479 1288 1501 ex
1301 1469 1405 1501 forma
1417 1467 1520 1501 dictae
1534 1467 1685 1501 Gamerae
1698 1478 1764 1500 am-

1017 1521 1161 1565 plissima
1183 1521 1324 1554 caverint
1346 1521 1442 1554 modo
1470 1520 1579 1564 aliquo
1607 1520 1761 1563 obligari,

1017 1585 1075 1608 nec
1097 1575 1137 1608 ad
1158 1574 1188 1608 id
1214 1585 1273 1618 pro
1304 1574 1388 1608 dicto
1417 1580 1561 1618 tempore
1590 1573 1765 1616 constringi

1018 1640 1123 1673 posse.
1145 1629 1263 1662 Omnes
1284 1639 1359 1661 vero
1381 1628 1599 1661 consessiones
1628 1633 1656 1661 et
1677 1627 1766 1671 quie-

1018 1683 1134 1716 tantias
1167 1682 1359 1726 receptionis
1391 1681 1591 1715 decimarum
1613 1693 1630 1714 a
1650 1692 1767 1726 procu-

1018 1736 1182 1770 ratoribus
1196 1742 1227 1770 et
1240 1735 1394 1769 ministris
1413 1736 1564 1769 Gamerae
1585 1735 1767 1779 praedictae

1018 1796 1083 1824 tam
1109 1789 1373 1831 conductoribus,
1403 1789 1594 1830 censuariis,
1619 1789 1767 1822 locatori-

1017 1846 1087 1885 bus,
1104 1844 1235 1877 nomine
1257 1854 1390 1877 suorum
1412 1843 1653 1887 principalium,
1668 1853 1766 1886 quam

1018 1898 1113 1932 etiam
1136 1897 1232 1942 ipsis,
1256 1907 1383 1931 necnon
1408 1896 1668 1941 possessoribus,
1692 1907 1767 1929 usu-

1018 1951 1202 1986 fructuariis
1231 1957 1263 1985 et
1288 1951 1359 1985 aliis
1378 1951 1550 1995 pensiones
1570 1951 1693 1984 solvere
1714 1951 1768 1984 de-

1017 2006 1178 2047 bentibus,
1193 2006 1324 2040 nomine
1341 2005 1624 2049 pensionariorum
1646 2005 1766 2038 facien-

1018 2062 1073 2095 das
1103 2060 1238 2104 perinde
1267 2060 1373 2093 valere
1388 2086 1395 2099 ,
1419 2064 1515 2102 atque
1540 2059 1572 2091 in
1597 2058 1716 2092 iudicio
1737 2064 1768 2091 et

1017 2119 1105 2147 extra
1130 2113 1232 2154 illud,
1260 2112 1381 2157 ubique
1410 2113 1557 2145 locorum
1588 2111 1684 2145 fidem
1721 2112 1767 2144 sa-

1018 2178 1102 2207 cere,
1120 2177 1155 2199 ac
1175 2166 1201 2199 si
1218 2166 1363 2210 ipsismet
1383 2165 1617 2209 principalibus
1637 2170 1667 2198 et
1686 2175 1767 2208 peu-

1018 2220 1168 2253 sionariis
1197 2219 1419 2264 praesentibus
1445 2224 1476 2252 et
1495 2218 1692 2252 solventibus
1718 2219 1765 2251 sa-

1018 2280 1088 2308 ctae
1115 2279 1143 2307 et
1175 2274 1336 2307 exhibitae
1367 2273 1512 2306 fuissent.
1548 2272 1768 2306 Conductores

1018 2333 1147 2367 autem,
1175 2327 1230 2371 qui
1259 2326 1397 2371 pretium
1430 2325 1598 2359 locationis
1628 2325 1768 2359 dominis

1018 2380 1161 2423 legitime
1181 2379 1437 2424 anticipaverim,
1457 2378 1652 2412 locationem
1673 2390 1765 2412 suam

1019 2433 1226 2473 huiusmodi,
1257 2443 1354 2477 quam
1386 2432 1425 2466 ad
1460 2432 1521 2465 hoc
1551 2442 1767 2476 prorogamus

1020 2499 1121 2531 usque
1155 2488 1195 2520 ad
1230 2487 1388 2529 integram
1422 2486 1694 2525 satisfactionem,
1734 2492 1767 2519 ut

1020 2540 1121 2586 prius,
1145 2540 1242 2573 etiam
1256 2540 1446 2574 adveniente
1470 2550 1666 2580 successore,
1691 2549 1767 2573 con-

1023 2595 1148 2630 tinuare
1166 2594 1295 2630 debere.

1773 188 1822 213 Au.
1840 188 1868 214 (ἶ.
1891 188 1957 214 1594

1805 1636 1832 1656 De
1843 1637 1966 1661 quietantiis

1781 1662 1918 1683 decimarum.
