2253 3195
297 268 346 295 An.
363 269 391 296 C.
415 268 478 297 1601

320 2236 327 2248 r
336 2232 450 2249 wu-nltlvna
461 2237 479 2249 ιιι

336 2258 379 2279 iperi
393 2265 431 2276 vti·-⁴

529 259 592 293 704

496 319 580 359 tatis,
605 318 715 358 Patris,
742 323 769 350 et
796 316 878 355 Filii,
902 321 933 349 et
958 315 1096 360 Spiritus
1116 316 1234 357 Sancti,

497 373 663 405 beatorum
686 370 915 414 Apostolorum
930 369 1014 403 Petri
1029 375 1057 403 et
1076 369 1177 410 Pauli,
1202 380 1239 403 ac

495 432 615 463 nostra,
639 425 678 457 de
703 424 934 457 venerabilium
956 424 1090 457 fratrum
1109 429 1238 457 nostro-

496 489 565 511 rum
598 478 731 510 Sanctae
756 477 920 510 Romanae
951 477 1110 510 Ecclesiae
1134 476 1239 510 cardi-

495 531 628 569 nalium,
653 530 864 574 omniumque
892 530 1236 574 patriarclia1·um,ar-

495 584 778 628 chiepiscoporum
805 591 834 617 et
867 584 1093 628 episcoporum
1118 584 1148 616 in
1174 583 1238 616 Ro-

496 648 591 670 mana
623 637 717 671 Curia
743 637 947 671 existentium
976 636 1122 677 consilio,
1151 646 1239 669 com-

497 691 651 734 munique
666 701 836 729 consensu,
860 691 990 724 beatum
1013 690 1239 735 Raymnnduin

495 755 513 776 a
537 744 697 785 Peiiaf0rt,
733 743 885 778 Ordinem
908 746 1042 778 t'ratrum
1073 743 1240 788 praedica-

496 804 602 831 torum
625 809 773 841 expresse
794 799 985 842 professum,
1002 798 1085 832 acin
1107 796 1241 830 ecclesia

497 852 632 885 Sanctae
653 852 841 885 Catbarinae
855 852 1000 886 eiusdem
1021 851 1149 885 Ordinis
1166 851 1241 884 Bar—

497 905 636 938 cbinone
661 906 841 949 sepultum,
874 906 913 939 de
934 905 1025 939 cuius
1057 904 1241 938 innocentia

497 959 579 992 vitae
604 965 632 992 et
661 959 827 992 miraculis
858 959 952 992 nobis
981 959 1076 1002 plane
1103 963 1238 997 constat,

498 1014 651 1046 Sanctum
672 1023 740 1046 esse
754 1011 970 1054 definivimus,
992 1022 1030 1045 ac
1049 1012 1241 1046 Sanctorum

498 1066 720 1100 confessorum
742 1077 881 1099 numero
907 1072 934 1099 et
955 1066 1102 1108 catalogo
1123 1065 1243 1099 adscri-

498 1121 640 1154 bendum
663 1132 731 1155 esse
745 1120 956 1162 decrevimus,
974 1126 1070 1165 prout
1083 1131 1142 1165 per
1152 1130 1243 1164 prae-

498 1181 605 1209 semes
626 1174 811 1215 definimus,
835 1175 1043 1209 decernimus
1064 1180 1092 1208 et
1115 1174 1240 1207 adscri-

499 1227 617 1269 bimus,
640 1233 816 1261 statuentes
833 1234 864 1261 ut
884 1229 923 1261 ab
936 1228 1083 1262 universa
1104 1226 1244 1261 Ecclesia

500 1281 648 1325 quolibet
669 1291 767 1322 anno,
792 1281 842 1315 die
864 1282 1002 1326 septima
1021 1281 1168 1322 ianuarii,
1193 1281 1240 1314 se-

500 1341 584 1368 stum
607 1335 674 1368 eius
695 1342 725 1369 et
746 1336 899 1376 osticium,
914 1336 995 1369 sicut
1015 1346 1074 1379 pro
1089 1345 1154 1368 uno
1168 1345 1244 1368 con-

500 1389 620 1422 sessore
646 1399 710 1422 non
738 1389 891 1434 pontifice
912 1390 951 1423 ad
966 1399 1113 1422 normam
1137 1389 1168 1422 in
1191 1400 1244 1422 ru-

501 1443 597 1475 bricis
619 1443 769 1476 Breviarii
784 1443 920 1477 Romani
942 1443 1174 1487 praescriptam
1190 1443 1243 1476 de-

499 1503 572 1530 vote
598 1497 790 1531 celebretur.
826 1499 960 1542 Insuper
988 1497 1139 1530 omnibus
1171 1508 1243 1531 vere

500 1551 741 1595 poenitentibus
766 1558 795 1585 ct
824 1551 978 1585 confessis
994 1579 1001 1591 ‚
1025 1551 1078 1595 qui
1109 1551 1243 1593 singulis

500 1605 604 1645 annis,
628 1605 742 1638 eodem
769 1605 832 1646 die,
854 1605 1050 1649 praedictam
1074 1605 1241 1638 ecclesiam

500 1658 634 1692 Sanctae
666 1658 856 1691 Catbarinae
886 1658 1178 1697 Barcliinonensis,
1212 1659 1243 1692 in

500 1724 563 1756 qua
583 1724 700 1758 corpus
721 1713 789 1747 eins
810 1713 975 1747 conditum
997 1719 1055 1753 est,
1073 1713 1124 1757 pie
1146 1719 1175 1746 et
1190 1713 1244 1746 tle-

500 1772 571 1800 vote
597 1767 804 1806 visitaverint,
823 1767 952 1800 easdem
972 1766 1188 1809 indulgentias
1214 1772 1241 1799 et

499 1827 708 1864 pcccatorum
738 1821 946 1854 remissiones
975 1820 1193 1853 concessimus
1214 1826 1244 1853 et

500 1874 625 1917 elargiti
650 1885 772 1914 sumus,
797 1874 1073 1918 ‹piemadmodum
1096 1874 1245 1907 concedi-

502 1938 572 1960 mus
593 1933 623 1960 et
643 1928 829 1971 elargimur,
847 1938 929 1972 quae
944 1927 1079 1961 caeteris
1099 1927 1174 1961 dicti
1189 1929 1245 1960 (lr-

501 1980 586 2014 ‹linis
615 1981 818 2014 monasteriis
840 1987 868 2014 et
891 1981 1035 2014 ecclesiis
1059 1981 1173 2014 (liebus
1195 1982 1241 2014 se-

501 2034 556 2067 stis
577 2034 767 2067 Sanctorum
789 2035 933 2068 eiusdem
956 2034 1086 2068 Ordinis
1107 2045 1241 2068 conces-

503 2099 556 2121 sae
576 2095 660 2122 sunt.

548 2142 635 2185 570.
661 2144 769 2188 ltaque
791 2143 962 2183 omnibus,
987 2153 1068 2186 quae
1094 2143 1133 2175 ad
1162 2142 1246 2176 beati

388 2209 398 2220 ἢ
408 2209 488 2223 ww·
505 2196 682 2240 [inmundi
692 2197 966 2230 canonizationem
979 2196 1176 2240 spectabant,
1190 2195 1248 2229 rite

484 2242 487 2245 ’
506 2251 653 2294 peras-tis,
678 2257 773 2294 atque
795 2251 913 2294 bymno
932 2251 970 2282 acl
993 2250 1045 2282 llei
1069 2249 1196 2282 laudem
1219 2255 1245 2282 et
1265 2277 1267 2288 ,

1265 2302 1334 2342 κνίι,
1359 2301 1614 2344 indignationem
1644 2299 1876 2344 omnipotentis
1896 2299 1962 2339 Ilei,
1991 2309 2025 2332 ar

1265 2345 1267 2379 ’ἕ
1284 2356 1451 2389 beatorum
1471 2354 1552 2387 l‘etri
1568 2360 1596 2386 et
1611 2353 1699 2387 Pauli
1717 2353 1938 2397 apostolorum
1954 2351 2027 2385 Eius

506 2306 680 2346 gratiarnm
700 2305 859 2339 actionem
876 2306 1058 2345 decantato,
1076 2304 1247 2348 divinaque

505 2372 565 2402 ops·
587 2360 694 2392 Sana-ti
717 2358 895 2403 llavmundi
927 2358 1069 2395 meritis,
1095 2357 1247 2401 peculiari

506 2413 535 2445 in
558 2413 625 2445 eius
646 2413 802 2446 bonorem
822 2412 978 2449 oratione.
996 2423 1091 2455 quam
1115 2422 1172 2444 nos
1191 2410 1247 2454 ipsi

507 2467 650 2507 tea-imus,
671 2473 700 2500 ct
722 2467 806 2499 clara
829 2476 904 2498 vore
919 2465 1134 2503 recitavimus,
1160 2464 1248 2497 invo-

505 2527 585 2559 cata,
615 2532 672 2553 nos
694 2521 723 2553 in
745 2520 858 2553 eodem
882 2520 953 2553 loro
985 2525 1012 2551 et
1041 2518 1133 2551 altari
1160 2517 1248 2561 prin-

506 2576 584 2618 cipis
607 2576 832 2619 Apostolorum
857 2574 983 2607 missam
1010 2573 1188 2606 solemnem
1211 2572 1249 2604 de

507 2635 616 2661 octava
651 2629 833 2661 ltominieae
871 2627 1147 2665 lit-surrectionis,
1175 2637 1248 2658 rum

507 2682 648 2714 eiusdem
680 2682 762 2714 beati
796 2681 973 2724 llavniuntli
1007 2690 1246 2713 commemora-

1266 2663 1269 2676 l

1266 2679 1269 2710 l

1082 266 1266 292 BULLARIUM
1285 267 1440 293 ROMANUM

1274 316 1371 356 tione,
1385 315 1630 357 celebravimus,
1658 316 1876 362 omnibusque
1893 317 2019 352 christi-

1273 369 1438 409 fidelibus,
1463 370 1517 414 qui
1544 376 1571 404 et
1595 371 1832 404 canonizationi
1854 378 1882 405 et
1905 372 2019 405 missac

1273 423 1500 463 interfuerunt,
1518 424 1558 458 ad
1577 424 1632 458 Dei
1652 425 1779 458 laudem
1801 430 1832 458 et
1852 425 1957 459 Sancti
1970 425 2019 459 sui

1273 477 1421 519 gloriam,
1446 478 1623 521 plenariam
1647 479 1792 512 omnium
1813 484 2018 523 peccatorum

1273 541 1406 564 suornm
1427 531 1661 573 indulgentiam
1677 532 1906 566 concessimus.
1917 532 2020 572 Quare

1274 585 1373 617 Deum
1396 585 1579 618 mirabilem
1600 586 1630 618 in
1651 586 1775 620 Sanctis
1796 586 1860 619 suis
1880 586 2016 619 benedi-

1275 647 1396 679 camus,
1411 644 1442 671 ct
1462 639 1581 681 gratias
1602 639 1800 673 immortales
1820 640 1854 673 Ei
1873 650 2017 682 agamus,

1275 690 1349 734 quia
1367 692 1568 736 suscepimus
1582 692 1839 726 misericordiam
1861 692 1892 726 in
1913 693 2020 726 medio

1275 744 1384 788 templi
1398 745 1477 783 eius
1489 756 1607 779 novum
1619 746 1766 780 videlicet
1780 746 1809 779 in
1824 746 1965 780 Ecclesia
1978 746 2022 779 in-

1277 799 1499 837 tercessorem,
1528 797 1618 831 cuius
1640 797 1762 831 meritis
1782 808 1817 831 ac.
1835 797 1996 840 suffragiis
2011 825 2018 837 ,

1277 848 1308 881 in
1324 849 1476 883 omnibus
1494 850 1620 884 animae
1639 851 1850 895 corporisque
1868 851 2022 895 periculis

1277 901 1478 936 adiuvemur.
1507 905 1549 937 Ae
1582 903 1735 947 singulari
1769 905 1864 949 plane
1895 905 2021 938 divinae

1277 956 1499 998 providentiae
1520 968 1653 991 munere
1671 958 1787 991 sactum
1807 963 1863 999 est,
1887 963 1921 991 ut
1935 958 2021 991 hisce

1277 1008 1475 1043 difficillimis
1508 1011 1727 1055 temporibus,
1761 1011 1878 1055 quibus
1907 1011 2021 1055 religio

1278 1062 1435 1096 catholica
1450 1063 1655 1097 inimicorum
1678 1065 1748 1098 telis
1768 1065 1895 1099 assidue
1917 1065 2021 1110 impu-

1277 1123 1415 1159 gnatur,
1448 1117 1534 1151 bunc
1565 1124 1738 1162 patronum
1769 1125 1800 1152 et
1829 1119 2019 1153 advocatum

1278 1169 1417 1203 universi
1439 1171 1664 1205 christifideles
1684 1172 1874 1216 consequuti
1894 1172 1969 1214 sint,
1982 1173 2021 1206 ad

1278 1223 1436 1257 Ecclesiae
1457 1235 1569 1268 pacem
1595 1225 1625 1258 in
1644 1225 1758 1270 primis
1784 1231 1814 1259 et
1835 1226 2019 1270 tranquilli-

1280 1284 1388 1319 tatem,
1401 1279 1440 1312 ad
1455 1285 1596 1323 optatam
1618 1280 1821 1327 principibus
1839 1281 2023 1315 christianis

1279 1332 1509 1371 concordiam,
1543 1344 1578 1367 ac
1607 1334 1777 1368 haereticis
1810 1335 1840 1367 in
1873 1345 2021 1368 errorum

1279 1386 1421 1419 tenebris
1441 1397 1457 1420 a
1483 1387 1531 1419 via
1562 1387 1673 1421 salutis
1705 1388 1887 1422 errantibus
1917 1388 2022 1422 lucem

1278 1439 1420 1473 veritatis
1441 1440 1689 1484 impetrandam.

1323 1495 1339 1536 ξ
1369 1493 1421 1526 71.
1445 1494 1612 1528 Caeterum
1629 1522 1636 1535 ,
1661 1494 1736 1538 quia
1765 1494 1860 1528 nimis
1892 1494 2022 1528 difficile

1279 1547 1359 1580 soret
1384 1553 1570 1591 praesentes
1595 1554 1722 1582 nostras
1747 1548 1867 1582 litteras
1891 1548 1932 1582 ad
1951 1548 2019 1581 sin-

1277 1602 1352 1644 gula
1384 1612 1531 1646 quaeque
1563 1602 1632 1635 loca
1661 1602 1797 1643 deferri,
1820 1602 1969 1636 volumus
1988 1607 2020 1635 ut

1278 1666 1388 1688 earnm
1404 1655 1613 1699 transumptis
1626 1656 1722 1689 etiam
1738 1655 1913 1700 impressis,
1925 1666 2022 1689 manu

1279 1708 1398 1752 publici
1421 1709 1536 1741 notarii
1558 1708 1746 1753 subscriptis
1775 1714 1806 1742 et
1833 1708 1938 1752 sigillo
1967 1708 2023 1742 ali-

1279 1763 1369 1796 cuius
1390 1773 1545 1807 personae
1571 1762 1603 1796 in
1625 1763 1780 1805 (lignitate
1809 1761 2024 1796 ecclesiastica

1279 1817 1469 1850 constitutae
1490 1816 1637 1857 munitis,
1661 1817 1773 1850 eadem
1803 1816 1883 1850 sides
1903 1815 2023 1860 ubique

1279 1870 1448 1909 habeatur,
1473 1881 1555 1914 quac
1574 1870 1660 1903 bisce
1681 1870 1906 1914 praesentibus
1926 1869 2024 1903 habe-

1279 1931 1377 1965 retur,
1399 1924 1423 1957 si
1445 1930 1550 1957 essent
1574 1923 1734 1957 exhibitae
1755 1924 1802 1956 vel
1824 1928 1980 1957 ostensae.

1324 1978 1339 2021 ᾖ
1360 1977 1411 2010 72).
1436 1977 1518 2010 Nulli
1538 1988 1615 2020 ergo
1635 1977 1769 2010 omnino
1787 1976 1957 2010 bominum
1980 1976 2020 2009 li·-

1280 2038 1346 2065 ceat
1370 2032 1451 2065 banc
1472 2031 1622 2076 paginam
1645 2037 1828 2065 nostrorum
1857 2030 2020 2064 delinitio-

1281 2086 1339 2125 nis,
1363 2085 1496 2123 decreti,
1520 2084 1766 2128 adscriptioffis,
1790 2083 1917 2122 statuti,
1941 2094 2020 2118 con-

1282 2139 1455 2175 cessionis.
1488 2137 1687 2179 elargitionis
1716 2143 1743 2171 et
1770 2137 1942 2171 voluntatis
1971 2137 2021 2170 in-

1283 2193 1434 2236 fringere,
1447 2193 1493 2225 vel
1510 2192 1537 2225 ei
1555 2203 1633 2225 ausu
1658 2191 1830 2225 {cinerario
1851 2191 2021 2225 contraire.

1282 2247 1312 2280 Si
1327 2247 1398 2291 «ptis
1411 2253 1518 2280 autem
1542 2246 1601 2279 boc
1622 2251 1779 2279 attentare
1800 2255 2025 2289 praesumpse-

1282 2422 1314 2442 se
1337 2408 1462 2442 noverit
1483 2408 1699 2440 incursurum.

1328 2464 1439 2496 llatum
1461 2463 1582 2495 Itomae
1600 2461 1684 2504 apud
1706 2461 1857 2493 Sanctum
1881 2460 2023 2499 Petrum,

1283 2528 1368 2550 anno
1390 2515 1620 2550 lucarnationis
1645 2513 1830 2547 llotninieae
1856 2512 2027 2545 millesimo

1283 2571 1513 2605 sexcentesimo
1535 2569 1651 2613 primo,
1670 2568 1763 2601 tertio
1786 2567 1912 2601 kalend.
1937 2565 2023 2605 maii,

1285 2624 1489 2668 pontificatus
1510 2622 1609 2655 nostri
1635 2632 1720 2655 anno
1741 2631 1769 2654 x.

1321 2686 1378 2712 liat,
1395 2685 1438 2712 ilic
1455 2686 1490 2711 ⁸29
1505 2684 1597 2720 nprilis
1616 2684 1691 2714 mol,
1706 2682 1801 2718 pontit'.
1815 2689 1858 2709 nn,
1873 2689 1895 2706 x.

2037 269 2084 298 An.
2099 270 2126 298 C.
2151 230 2229 319 ἰδὲ(

2196 759 2210 780 ‹2-
2193 723 2211 747 -J
2196 699 2210 715 a
2194 656 2210 690 ῖς*
2195 631 2206 646 1*
2192 613 2194 619 ⁷
2210 598 2216 605 ,

2176 1047 2219 1184 ⁴,1222'53=„,-
2198 1015 2213 1023 ·,
2202 987 2220 1002 4
2190 849 2222 966 45:533,-

2074 1499 2136 1520 Fides
2151 1494 2216 1523 dan&

2037 1526 2179 1552 transumptis.
2194 1554 2195 1557 Ἴ

2075 1978 2194 2001 Clausulam
