2253 3195
264 242 314 268 An.
335 242 365 269 c.
383 241 450 269 ¹598
495 232 560 265 440

265 305 311 320 mon
326 300 450 320 etdeeisio-
464 290 541 323 mini
567 291 667 323 nostri
693 291 762 323 Iesu
783 289 909 330 Christi,
933 295 964 322 et
982 290 1012 323 S.
1038 290 1145 323 lacobi
1166 291 1205 323 de

265 332 311 346 nem
326 326 446 346 demandat.

295 1991 316 2010 Ιι.
326 1994 384 2013 rorat
401 1996 450 2011 cun-

462 343 601 387 Spatha,
625 343 710 375 inter
735 343 863 376 easdem
892 342 1023 375 militias
1043 349 1074 375 et
1094 353 1203 376 earum

463 396 762 436 commendatores,
790 401 1038 440 praeceptores,
1063 396 1202 437 milites,

464 450 575 482 fratres
596 455 626 482 et
643 449 721 482 alias
742 460 963 493 quascumque
983 460 1148 493 personas,
1176 455 1204 482 et

463 502 666 545 praedictum
684 503 978 546 archiepiscopum,
1002 503 1134 547 eiusque
1149 503 1206 535 mi-

462 555 579 588 nistros
597 561 625 588 et
653 555 806 589 officiales
826 567 1064 600 quoscumque,
1085 557 1205 590 eisdem

463 609 560 641 modo
583 614 613 642 et
634 609 748 649 forma,
773 615 804 642 et
823 620 896 643 cum
922 610 1042 643 eisdem
1067 610 1204 643 faculta-

463 661 547 694 tibus
561 672 634 694 cum
647 662 764 705 quibus
776 663 880 696 dictus
891 663 1124 704 Ferdinandus,
1135 669 1207 696 tuus

463 714 494 746 in
514 715 629 747 eodem
650 726 786 748 munere
809 721 1008 756 antecessor,
1031 716 1208 760 procedere

463 773 605 810 poterat,
629 768 716 802 iuxta
736 769 857 802 litteras
877 776 1002 802 nostras
1028 769 1208 813 praedictas

464 820 491 853 ei
507 821 655 861 directas,
673 821 704 853 in
722 821 873 855 omnibus
893 828 923 855 et
943 832 1001 866 per
1013 822 1122 855 onmia
1134 833 1208 866 pro-

464 874 579 906 cedere
610 875 712 917 possis
737 880 767 907 et
800 875 938 915 debeas,
962 875 1097 919 perinde
1122 886 1158 908 ac
1182 875 1208 907 si

464 926 587 961 litterae
614 928 799 971 praedictae
826 928 882 961 tibi
903 928 1095 962 nominatim
1117 928 1205 961 dire-

463 985 531 1012 ctae
562 980 703 1013 fuissent.
727 981 764 1013 Et
796 981 1009 1014 nihilominus
1029 992 1157 1014 causam
1179 987 1207 1014 et

463 1043 574 1066 causas
591 1033 776 1067 huiusmodi
799 1034 830 1067 in
851 1035 972 1067 eisdem
990 1040 1074 1068 statu
1096 1041 1124 1068 et
1148 1040 1209 1068 ter-

465 1086 569 1126 minis,
592 1086 623 1119 in
644 1087 760 1130 quibus
782 1088 1000 1131 reperiuntur,
1016 1099 1089 1121 cum
1102 1089 1207 1122 onmi-

465 1140 523 1172 bus
544 1140 672 1173 illarum
692 1141 919 1182 incidentibus,
936 1142 1204 1186 dependentibus,

464 1193 715 1235 emergentibus,
739 1195 870 1227 annexis
890 1200 922 1228 et
941 1195 1104 1234 connexis,
1126 1201 1207 1228 toto—

464 1256 526 1288 que
558 1247 688 1288 negotio
719 1247 889 1291 principali
919 1248 1118 1288 audiendas,
1147 1258 1203 1281 co-

463 1300 662 1340 gnoscendas
693 1306 724 1333 et
749 1300 813 1333 [ine
834 1301 943 1334 debito
973 1301 1202 1341 terminandas,

466 1352 551 1384 iuxta
571 1353 758 1386 earumdem
781 1353 960 1387 litterarum
991 1354 1076 1387 dicto
1097 1355 1206 1387 Ferdi-

465 1405 572 1438 nando
593 1405 789 1439 directarum
811 1406 939 1446 seriem,
963 1412 991 1440 ct
1014 1418 1086 1439 rum
1107 1407 1207 1440 sarul-

466 1457 582 1490 tatibus
603 1458 753 1490 omnibus
781 1459 814 1491 in
839 1459 958 1492 eisdem
988 1459 1103 1492 litteris
1128 1470 1206 1492 con-

466 1510 580 1550 tentis,
610 1511 842 1545 committimus
871 1518 899 1545 et
932 1512 1134 1546 mandamus.
1163 1514 1206 1545 Ac

465 1569 630 1606 praeterea
651 1565 738 1607 quod
765 1575 830 1598 non
858 1565 963 1598 solum
994 1577 1030 1599 ex
1058 1566 1207 1599 archiviis

465 1616 690 1660 portugalliae,
711 1619 765 1651 sed
788 1618 882 1651 etiam
904 1619 1049 1652 omnium
1071 1630 1208 1653 conven-

466 1675 554 1702 tuum
586 1670 774 1704 militiarum
803 1671 900 1705 totius
929 1672 1100 1716 llispaniac
1131 1673 1208 1706 scri-

464 1729 575 1765 pturas
596 1730 625 1758 et
647 1725 841 1759 documenta
860 1726 898 1759 ad
920 1726 1003 1760 hanc
1021 1738 1148 1760 causam
1164 1728 1208 1761 sa-

465 1776 582 1810 cienda
614 1778 781 1811 extrahere
810 1785 839 1812 et
869 1780 1091 1823 compulsare,
1115 1791 1151 1814 ac
1177 1780 1207 1813 in

465 1830 615 1863 omnibus
641 1831 702 1864 illis
726 1832 871 1875 partibus
900 1838 994 1866 testes
1014 1833 1108 1866 ctiam
1130 1844 1205 1867 exa-

467 1882 590 1916 minare
611 1884 734 1923 valcas,
759 1885 941 1918 facultatem
969 1886 1182 1929 impertimur.

511 1937 527 1978 ξ
557 1935 586 1969 ὖ.
620 1937 688 1970 Non
718 1938 919 1972 obstantibus
949 1939 1207 1983 quilmscmnque

467 1989 580 2022 litteris
600 1991 802 2034 apostolicis,
827 1998 882 2025 aut
901 1993 1058 2033 decretis,
1083 1993 1130 2026 vel
1152 1994 1207 2026 de-

466 2043 652 2083 cisionibus,
675 2050 729 2077 aut
751 2045 1044 2086 constitutionibus,
1061 2057 1115 2079 seu
1138 2047 1207 2090 qui-

466 2097 665 2140 buscumque
685 2097 755 2129 aliis
777 2097 806 2130 in
839 2098 1037 2131 contrarium
1069 2110 1206 2142 quotuo-

465 2149 585 2182 dolibet
609 2150 790 2187 concessis,
812 2151 1012 2184 confirmatis
1033 2157 1062 2184 et
1084 2163 1204 2196 apprw

466 2202 555 2235 batis.
572 2203 694 2241 Quibus
715 2203 866 2236 omnibus
886 2210 916 2236 ct
936 2205 1071 2245 singulis
1092 2216 1204 2238 corum

467 2260 593 2288 tenores
614 2257 836 2299 praesentibus
849 2267 906 2300 pro
918 2268 1066 2301 expresse
1085 2258 1206 2291 liaben-

466 2315 520 2347 ivs,
546 2308 604 2341 bac
626 2309 692 2341 vii-e
713 2310 875 2342 dumtaxat
897 2310 1078 2353 specialiter
1105 2317 1135 2344 et
1156 2322 1207 2344 ex-

466 2372 573 2402 presse
588 2361 794 2402 der«u.;:mms‚
809 2373 845 2394 ac
865 2363 1016 2395 omnibus
1032 2363 1108 2402 illis,
1125 2375 1206 2407 quae

467 2413 495 2444 in
518 2414 690 2456 pravitatis
713 2414 826 2447 litteris
848 2415 1008 2448 voluimus
1023 2427 1086 2449 non
1101 2417 1208 2449 obsta-

467 2477 510 2502 ιϊ,
522 2467 723 2510 «ιιι-ιιϊίκιμιι·
734 2468 904 2500 contrariis
920 2469 1189 2512 quibusrumqmm

509 2521 524 2559 ,ξ
544 2520 573 2550 ti.
593 2520 759 2553 Praeterea
775 2527 836 2552 tam
852 2520 918 2558 tibi,
936 2522 1032 2554 l'rater
1044 2522 1204 2566 episc-ope,

365 2577 450 2616 ¹⁶:¹32
466 2582 560 2613 quam
577 2572 644 2609 tibi,
666 2573 709 2605 tili
724 2573 892 2611 collector,
908 2579 941 2606 ut
957 2585 1069 2607 omni-s
1090 2575 1206 2607 utrius-

467 2634 528 2667 que
550 2624 645 2667 partis
667 2637 830 2668 pce-rsouas,
853 2626 1014 2660 ministro>-
1035 2634 1063 2660 et
1086 2627 1206 2661 otiis-ia-

1047 243 1231 266 BULLARIUM
1247 243 1402 267 ROMANUM

1239 290 1283 323 les
1303 301 1321 322 a
1341 290 1598 334 quibuscumque
1623 291 1735 334 poenis
1759 297 1789 324 et
1809 290 1953 324 censuris
1967 317 1974 330 ‚

1238 353 1365 376 necnon
1397 344 1521 377 delictis
1552 344 1584 377 in
1608 349 1746 388 utroque
1776 345 1847 378 soro
1871 344 1978 377 absol-

1239 406 1323 437 vere,
1340 402 1369 430 et
1390 407 1462 429 cum
1484 396 1604 430 eisdem
1625 407 1722 440 super
1742 397 1979 439 irregularitate

1239 449 1492 492 praemissorum
1512 450 1697 489 occasione,
1721 455 1751 482 et
1771 449 1848 493 quia
1872 451 1979 483 forsan

1240 503 1382 535 censuris
1399 503 1622 536 ecclesiasticis
1642 503 1798 543 innodati,
1819 503 1931 536 missas
1951 509 1981 536 et

1240 557 1302 589 alia
1328 557 1435 590 divina
1455 557 1582 598 officia,
1605 568 1671 591 non
1703 564 1810 591 tamen
1842 557 1873 589 in
1898 567 1978 590 con-

1241 615 1397 654 temptum
1416 611 1563 651 clavium,
1580 611 1827 650 celebraverint,
1850 622 1908 655 per
1927 622 1982 644 eos

1241 669 1405 697 contracta
1427 664 1611 708 dispensare
1625 692 1632 705 ,
1653 670 1682 698 ei
1708 665 1837 697 cuilibet
1869 675 1980 697 eorum

1242 717 1363 750 fructus
1375 718 1622 758 beneficiorum,
1639 723 1694 751 aut
1715 718 1980 751 commendarunt

1241 781 1298 814 per
1317 781 1372 804 eos
1391 771 1598 804 obtentorum
1617 771 1759 805 indebite
1781 772 1886 804 forsan
1907 782 1981 815 per-

1242 829 1351 867 ceptos
1372 825 1557 858 condonare
1577 825 1692 864 valeas,
1715 824 1899 857 facultatem
1921 824 1981 856 im-

1242 876 1411 920 pertimur.
1713 919 1723 922 ..

1285 930 1399 962 Datum
1420 930 1540 963 Romae
1561 931 1646 974 apud
1664 931 1694 963 S.
1711 931 1841 964 Petrum
1855 931 1914 964 sub
1927 941 1983 964 an-

1242 983 1318 1015 nulo
1339 983 1524 1023 Piscatoris,
1553 983 1605 1016 die
1624 994 1661 1017 111
1686 983 1796 1027 aprilis
1822 994 1979 1021 mnxcvm.

1242 1036 1449 1080 pontificatus
1466 1047 1551 1070 anno
1569 1048 1624 1071 vn.

1279 1098 1335 1125 llat.
1357 1098 1400 1126 die
1420 1100 1435 1125 3
1450 1099 1542 1135 aprilis
1561 1099 1635 1133 1598,
1652 1100 1746 1134 pontis.
1768 1108 1811 1127 au.
1829 1107 1875 1127 vu.

1509 1295 1707 1328 CLXXXVII.

1243 1391 1429 1423 [urisdictio
1453 1396 1481 1424 et
1500 1391 1670 1434 facultates
1694 1392 1726 1426 S.
1748 1392 1785 1425 R.
1810 1392 1845 1425 Ε.
1870 1392 1979 1425 cardi-

1284 1453 1372 1486 nalis
1397 1453 1435 1486 (Ie
1465 1453 1565 1486 latere
1595 1454 1694 1497 quali
1724 1454 1758 1486 in
1791 1454 1879 1486 alma
1902 1454 1984 1487 Urbe

1285 1517 1426 1557 dimissi,
1447 1518 1484 1550 ob
1503 1517 1678 1550 discessimz
1697 1517 1827 1550 Summi
1846 1517 1984 1560 Pontifi-

1285 1581 1330 1613 εἰς
1350 1580 1539 1613 Ferrariam
1560 1591 1685 1621 rei-sus,
1708 1585 1736 1613 c!
1756 1580 1799 1613 ad
1826 1580 1896 1613 alia
1916 1580 1984 1613 loca

1286 1642 1396 1675 Status
1420 1642 1645 1675 Ecclesv'astici.

1241 1732 1409 1760 Venerabili
1430 1732 1518 1760 fratri
1534 1736 1637 1761 nostro
1646 1733 1749 1774 lunico
1765 1733 1904 1767 episcopo
1915 1733 1984 1761 Por-

1277 1787 1390 1820 tuensi,
1402 1787 1430 1814 S.
1443 1787 1475 1814 R.
1494 1787 1525 1814 E.
1546 1787 1691 1816 cardinali
1707 1787 1741 1815 de
1757 1788 1891 1822 Araqona
1906 1794 1983 1815 nun-

1277 1841 1391 1875 cupati,
1404 1840 1434 1867 in
1450 1841 1526 1868 alma
1541 1841 1617 1868 Urbe
1628 1843 1742 1874 nostra,
1759 1844 1862 1868 nostro
1873 1843 1903 1868 et
1912 1841 1984 1874 Apo-

1277 1894 1402 1922 stoticae
1423 1893 1506 1921 Sedis
1527 1894 1562 1921 de
1582 1895 1679 1921 latere
1699 1894 1798 1928 legato

1425 1959 1580 1989 Clemens
1601 1959 1693 2000 Papa
1712 1959 1803 1989 vm.

1457 2026 1641 2054 Venerabilis
1662 2026 1765 2059 frater,

1277 2081 1406 2108 satutem
1431 2083 1461 2107 et
1484 2079 1679 2114 apostolicam
1698 2079 1944 2107 benedictionem.

1285 2150 1370 2183 Licet
1395 2150 1560 2194 potestatis
1581 2150 1748 2194 plenitudo
1768 2150 1907 2193 desuper
1918 2159 1979 2182 no-

1242 2203 1289 2236 bis
1309 2203 1479 2236 cummissa
1499 2203 1551 2240 sit,
1579 2209 1610 2236 et
1635 2202 1772 2235 universi
1793 2202 1899 2243 gregis
1920 2202 1981 2236 Do-

1242 2257 1363 2295 miniri,
1391 2256 1497 2289 divina
1518 2256 1708 2299 disponente
1729 2255 1911 2295 clementia,
1926 2266 1982 2288 cu-

1243 2321 1309 2343 ram
1343 2309 1540 2348 babeamus,
1562 2308 1658 2342 linem
1693 2315 1797 2341 tamen
1824 2309 1984 2341 humanae

1242 2362 1463 2407 possibilitatis
1483 2362 1636 2394 excedere
1658 2372 1720 2394 uon
1739 2362 1890 2401 valona-s,
1908 2372 1984 2394 con-

1241 2416 1482 2458 siderantesque
1519 2414 1605 2457 quod
1641 2414 1726 2447 eirca
1763 2414 1889 2455 singula
1927 2424 1984 2457 per

1243 2467 1456 2511 nosmetipsos
1481 2466 1675 2510 apostolicae
1700 2466 1862 2499 servitutis
1888 2465 1980 2498 debi-

1244 2527 1309 2554 tum
1331 2521 1495 2553 absolvere
1517 2529 1580 2552 non
1601 2529 1770 2562 possumus
1785 2545 1792 2556 ,
1816 2528 1980 2551 nonnum-

1242 2585 1338 2618 quam
1360 2573 1496 2616 aliquos,
1511 2577 1538 2605 ct
1558 2571 1730 2616 praecipue
1750 2573 1780 2604 S.
1805 2572 1839 2604 ll,
1864 2571 1897 2603 E.
1911 2581 1982 2603 car-

1242 2627 1380 2666 dinales,
1405 2627 1435 2659 in
1456 2625 1680 2659 sollicitudinis
1708 2631 1834 2658 nostrae
1859 2629 1981 2667 partem

1994 241 2042 267 An.
2064 240 2092 267 C.
2110 240 2177 268 1598

2024 2154 2163 2176 '’root-mium.
