2253 3195
0 286 42 314 An.
59 285 87 311 C.
108 283 167 311 1601

7 611 174 634 Ghrisnfldetitius

0 637 175 665 hospitatisocele-

0 666 48 687 siam
76 664 176 684 risitant‘i-

0 693 36 714 bu}
67 691 176 711 uommllas

0 717 90 740 coneedit
110 717 176 738 indul-

0 744 82 772 sentias.

35 2149 147 2172 Ordinariis
156 2151 186 2171 to-

11 2175 77 2207 cprum
106 2178 186 2204 praeei-

11 2204 40 2228 pn
47 2205 68 2224 ut.
83 2204 187 2230 inquirant

11 2234 70 2259 super
76 2231 187 2252 observan-

12 2257 39 2277 tia
51 2256 117 2283 legum
131 2257 187 2278 elee-

13 2287 136 2309 mmoynarum
146 2284 186 2305 cul-

12 2308 119 2338 leetoribns
158 2312 187 2331 in-

11 2337 129 2357 iunctarum.

805 286 951 309 CLEMENS
972 283 1028 309 vlit
1050 286 1099 309 ΓΡ.

188 333 234 365 vel
255 332 409 376 suspendi
432 344 496 367 non
518 333 652 377 possint,
676 345 733 377 per
754 334 875 366 litteras
898 345 931 366 a·

188 386 360 429 postolieas
392 397 455 419 non
489 387 641 420 facientes
669 388 797 430 plenam
824 393 854 419 et
882 398 933 419 ex-

188 450 341 483 pressam,
365 451 400 473 ae
422 441 460 473 de
482 441 580 473 verlio
602 442 640 473 ad
663 441 807 479 verbum,
826 442 864 474 ‹le
880 441 930 473 in-

189 494 278 526 dulto
300 494 483 527 huiusmodi
506 495 715 527 mentionem.

234 548 250 588 g
271 547 301 579 9.
326 548 504 585 Caeterum,
523 554 557 580 ut
571 548 655 580 (licta
677 549 812 581 eeclesia
833 548 864 580 in
880 549 934 581 de-

189 600 254 633 bita
275 601 481 634 veneratione
503 613 518 634 a
533 601 796 634 cliristitideliluis
817 602 934 634 lrabea-

191 659 253 693 tur,
277 659 308 686 et
328 655 479 696 congruis
494 655 716 697 frequentetur
737 654 930 693 honoribus,

191 717 317 739 necnon
338 707 435 740 iidem
451 707 686 744 christifideles,
701 719 736 740 ex
756 708 935 740 devotionis

192 771 297 801 causa,
332 761 371 793 ad
408 761 509 804 ipsam
542 762 711 794 ecclesiam
745 762 933 794 visitandam

192 813 294 856 magis
314 813 488 846 invitentur
503 820 532 847 et
546 815 721 854 confluant,
743 826 808 858 quo
822 814 935 847 exinde

192 868 277 900 dono
298 868 444 901 coelestis
457 868 577 911 gratiae
595 869 861 912 conspexerintet
875 869 934 901 sci-

192 921 293 954 verint
314 932 346 954 se
361 922 491 955 uberius
511 933 579 955 esse
598 924 745 959 resectos,
768 924 806 955 de
825 922 932 954 omni—

192 1028 276 1060 Petri
298 1034 328 1061 et
348 1029 437 1062 Pauli
470 1031 691 1073 apostolorum
721 1030 795 1062 Eius
820 1036 932 1063 aucto-

193 1082 285 1115 ritate
307 1082 432 1122 confisi,
454 1083 605 1116 omnibus
618 1089 648 1116 et
664 1083 799 1125 singulis
818 1084 936 1116 utrius-

194 1146 255 1178 que
286 1146 378 1168 sexus
407 1136 692 1176 christifidelibus,
722 1147 792 1169 vere
824 1137 937 1179 poeni-

195 1188 336 1221 tentibus
367 1195 397 1221 et
418 1188 591 1229 confessis,
615 1189 670 1232 qui
693 1189 810 1221 dictam
837 1190 938 1222 eecle-

194 1241 272 1273 siam
292 1241 322 1273 in
332 1241 591 1275 Circumcisionis
611 1242 738 1275 Domini
752 1242 853 1275 nostri
867 1243 936 1275 Iesu

194 1293 318 1334 Christi,
343 1301 373 1327 et
397 1295 573 1327 Nativitatis
595 1296 708 1328 Beatae
729 1295 845 1327 Mariae
867 1295 937 1327 Vir—

195 1347 277 1389 ginis
302 1347 487 1381 huiusmodi
518 1348 723 1381 festivitatum
761 1348 885 1388 diebus,
921 1359 938 1380 a

195 1401 308 1443 primis
329 1402 468 1445 vesperis
493 1413 593 1445 usque
613 1403 653 1435 ad
674 1413 825 1435 occasum
847 1402 934 1442 solis,

196 1454 308 1487 devote
333 1455 538 1501 visitaverint,
563 1463 593 1488 et
613 1456 693 1488 inibi
714 1466 773 1499 pro
795 1466 873 1499 pace
892 1456 939 1488 in-

196 1513 243 1540 ter
260 1508 422 1551 principes
436 1508 629 1541 christianos
647 1509 879 1549 conservanda,
904 1520 938 1542 ac

196 1561 225 1593 S.
247 1561 352 1594 Matris
378 1562 537 1595 Ecclesiae
569 1562 777 1602 exaltatione,
803 1568 831 1594 et
858 1562 937 1594 hae-

197 1625 304 1647 resum
328 1614 551 1658 extimatione,
568 1615 636 1658 pias
657 1615 695 1647 ad
710 1615 809 1648 Deum
830 1625 942 1658 preces

197 1667 393 1707 effuderint,
421 1668 538 1711 quibus
567 1668 681 1701 diebus
713 1667 888 1711 praedictis
910 1668 941 1700 id

198 1721 342 1761 fecerint,
360 1721 384 1753 si
402 1721 640 1754 sanctissimum
662 1721 883 1754 Eucharistiae
893 1732 942 1754 sa-

198 1780 400 1808 cramentum
444 1774 658 1818 sumpserint,
709 1774 942 1816 indulgentiam

198 1828 389 1871 plenariam,
407 1828 555 1861 similiter
568 1834 725 1872 perpetuo
740 1819 940 1869 duraturam,

199 1888 229 1915 et
249 1882 394 1915 omnium
424 1888 634 1926 peccatorum
663 1893 797 1916 suorum
823 1883 940 1915 remis—

199 1935 334 1975 sionem,
352 1934 471 1968 eisdem
490 1935 679 1968 auctoritate
701 1941 731 1968 et
745 1941 867 1975 tenore,
883 1936 943 1967 mi-

199 1987 407 2021 sericorditer
419 1987 450 2020 in
463 1988 600 2021 Domino
620 1988 715 2021 etiam
738 1988 945 2021 concedimus

201 2047 231 2074 et
250 2042 440 2075 relaxamus.

246 2097 262 2138 ξ
282 2094 334 2128 to.
353 2096 506 2128 Volumus
520 2101 626 2128 autem
649 2096 748 2138 quod,
773 2106 832 2139 pro
853 2106 946 2139 prae-

201 2149 374 2182 missorum
396 2149 541 2192 praecisa
559 2149 794 2187 observatione,
818 2159 882 2181 non
897 2159 946 2181 so-

202 2203 268 2235 lum
298 2213 333 2235 ex
363 2202 500 2235 aliorum
535 2203 715 2242 delatione,
746 2202 802 2235 sed
825 2213 860 2235 ex
888 2212 946 2235 suo

203 2257 299 2290 etiam
331 2257 437 2290 officio
469 2257 628 2291 Ordinarii
659 2257 805 2290 locorum
833 2256 944 2299 inqui-

203 2317 284 2349 rant,
308 2311 333 2344 si
355 2322 436 2354 quae
457 2311 553 2351 fraus,
578 2310 767 2354 praesertim
794 2309 946 2342 adversus

204 2364 288 2406 lege:
314 2363 358 2396 eis
384 2363 599 2407 praescriptas
625 2364 664 2396 ab
692 2363 767 2406 ipsis
785 2362 944 2395 constitu-

205 2417 357 2456 tionibus,
380 2417 612 2455 comminatum
637 2416 724 2460 quod
746 2415 770 2448 si
788 2426 861 2448 reos
875 2425 948 2447 vere

204 2471 432 2514 compererint,
456 2470 596 2514 publice,
621 2479 679 2513 pro
701 2469 798 2501 modo
820 2469 945 2511 culpae,

204 2524 338 2557 arbitrio
366 2534 425 2557 suo
454 2524 612 2567 puniant,
642 2523 771 2556 eosdem
805 2521 912 2555 statim
932 2532 949 2553 a

205 2577 396 2611 collectione
417 2583 597 2616 amoveant,
623 2576 779 2620 aliosque,
795 2575 852 2618 ,qui
872 2574 948 2607 boni

263 2631 369 2664 idonei
399 2630 471 2670 sint,
496 2641 513 2662 a
538 2630 629 2663 dictis
650 2628 874 2672 superioribus
896 2638 950 2660 eu-

211 2689 281 2716 rent
303 2683 517 2716 sufliciendos.

259 2746 334 2773 [full.
355 2746 435 2772 [lom.
454 2745 512 2772 Vol.
532 2746 564 2772 X.
781 2744 815 2770 96

1620 273 1676 306 'Iol

966 389 990 420 si
1016 388 1118 421 (lictae
1140 387 1292 420 ecclesiae
1310 388 1416 431 aliqua
1435 385 1708 428 aliaindulgentia

966 448 1132 485 perpetua,
1143 442 1190 474 vel
1201 442 1240 474 ad
1255 447 1380 484 tempus
1394 431 1538 474 nondum
1549 440 1705 483 elapsum,

968 496 1136 533 duratura,
1160 506 1218 538 per
1237 505 1295 527 nos
1326 504 1477 527 concessa
1503 493 1609 533 fuerit,
1630 503 1710 525 eae-

968 549 1039 581 dem
1070 554 1254 591 praesentes
1279 548 1426 587 litterae,
1463 547 1570 591 quoad
1598 547 1707 579 indul-

968 602 1092 642 gentias
1124 612 1181 644 per
1209 612 1261 634 eas
1282 612 1471 639 concessas,
1508 600 1626 632 nullius
1647 599 1711 631 sint

951 654 1094 687 ‚roboris
1114 655 1162 686 vel
1184 654 1350 687 momenti.

1014 709 1029 748 ἓ
1052 706 1103 739 1⁹2.
1132 707 1288 750 Quodque
1313 707 1501 739 earumdem
1528 706 1709 739 litterarum

970 761 1188 804 transumptis,
1217 761 1312 793 etiam
1335 760 1509 804 impressis,
1535 770 1633 792 mauu
1653 769 1711 792 no-

969 815 1040 848 tarii
1061 815 1181 858 publici
1200 814 1398 858 subscriptis,
1416 813 1564 855 etsigillo
1576 813 1712 846 alieuius

968 879 1125 912 personae
1144 868 1175 900 in
1194 867 1348 910 dignitate
1363 867 1579 900 ecclesiastica
1596 866 1712 899 consti-

953 929 1055 955 ,tutae
1077 922 1220 961 munitis,
1242 922 1355 955 eadem
1374 922 1453 954 fides
1475 920 1667 954 adhibeatur
1681 919 1712 951 in

192 974 333 1017 potentis
355 975 409 1008 Dei
438 976 672 1017 misericordia,
704 987 738 1008 ar
767 976 955 1009 beatorum>

971 976 1090 1008 iudicio
1112 982 1143 1008 et
1167 982 1265 1014 extra,
1289 975 1409 1018 ubique
1442 975 1599 1013 locorum,
1631 983 1713 1016 quae

970 1030 1192 1073 praesentibus
1213 1029 1434 1068 adhiberetur,
1455 1028 1479 1060 si
1501 1029 1607 1061 forent
1628 1026 1714 1058 exhi-

970 1084 1055 1116 bitae
1076 1084 1123 1116 vel
1145 1088 1302 1116 ostensae.

1015 1139 1031 1179 ἓ
1052 1136 1104 1169 13.
1129 1136 1212 1169 Nulli
1234 1146 1309 1178 ergo
1331 1135 1464 1167 omnino
1485 1134 1654 1167 hominum
1679 1133 1713 1165 li-

971 1196 1038 1222 ceat
1060 1190 1141 1222 hanc
1162 1189 1312 1233 paginam
1336 1194 1464 1221 nostrae
1489 1187 1711 1225 absolutionis,

972 1241 1499 1286 approbationis,confirmationis,
1516 1240 1716 1284 suppressio-

972 1297 1030 1337 nis,
1055 1296 1284 1335 concessionis,
1317 1295 1445 1331 indulti,
1470 1293 1602 1333 decreti,
1627 1303 1716 1325 man-

973 1350 1049 1389 dati,
1073 1349 1276 1382 relaxationis
1292 1347 1505 1382 etvoluntatis
1526 1345 1713 1388 infringere,

972 1404 1020 1436 vel
1042 1404 1070 1436 ei
1092 1414 1170 1435 ausu
1201 1402 1373 1435 temerario
1395 1401 1577 1437 contraire,
1600 1399 1625 1433 si
1647 1399 1718 1443 quis

973 1462 1080 1489 autem
1113 1457 1174 1489 hoe
1195 1462 1353 1489 attentare
1374 1453 1639 1499 praesumpserit,
1669 1453 1717 1485 in—

974 1510 1195 1552 dignationem
1217 1508 1453 1552 Omnipotentis
1473 1508 1550 1547 Dei,
1580 1517 1616 1539 ac
1645 1507 1719 1539 bea-

974 1570 1081 1596 torum
1102 1563 1186 1596 Petri
1208 1569 1238 1596 et
1258 1562 1348 1596 Pauli
1375 1561 1597 1605 apostolorum
1630 1559 1715 1598 Eius,

975 1626 1007 1650 se
1029 1616 1153 1650 noverit
1173 1616 1379 1649 incursurum
1400 1615 1420 1647 ¹.

1295 1786 1440 1820 CCLXXV
1447 1813 1451 1817 .

978 1886 1304 1929 Zecchampublicam
1322 1886 1356 1917 in
1374 1885 1403 1916 ci
1408 1885 1504 1917 vitate
1516 1883 1722 1916 Ferrariensi

1023 1950 1156 1981 institui
1185 1948 1365 1990 permittit,
1394 1947 1428 1979 in
1460 1957 1524 1990 qua
1557 1945 1722 1978 elidantur

1024 2015 1178 2051 nzonetae,
1193 2011 1326 2053 praemit
1341 2009 1497 2051 facultate
1517 2010 1548 2041 S.
1568 2009 1603 2041 R.
1622 2008 1657 2041 E.
1673 2019 1724 2040 ca-

1024 2075 1176 2112 merarii,
1210 2084 1266 2106 nec
1286 2084 1351 2105 non
1376 2072 1517 2105 eiusdem
1550 2072 1724 2103 comitatus

1027 2138 1126 2181 leyatz'
1145 2137 1165 2168 ³.

1020 2220 1028 2244 1
1053 2217 1132 2244 Deest
1154 2220 1216 2243 nota
1237 2215 1440 2249 chronologica:
1463 2214 1510 2241 sed
1535 2214 1603 2241 lianc
1626 2214 1725 2240 consti-

982 2254 1112 2280 tutionem
1128 2252 1216 2278 datam
1238 2251 1320 2278 fuisse
1344 2259 1413 2276 auno
1435 2259 1449 2276 x
1470 2249 1642 2285 pontificatus
1664 2249 1724 2276 Cle-

982 2289 1080 2316 mentis
1096 2297 1128 2315 ex
1143 2296 1174 2314 eo
1191 2286 1333 2319 evincitur,
1346 2286 1417 2321 quod
1442 2287 1547 2320 tegatur
1561 2285 1587 2311 in
1602 2289 1725 2319 regesti-0

981 2324 1101 2351 eiusdem
1127 2323 1208 2355 anui,
1230 2327 1256 2349 et
1279 2322 1386 2357 quidem
1411 2330 1469 2356 pag-
1491 2322 1551 2347 559.
1578 2320 1631 2347 Sub
1655 2320 1725 2347 idem

982 2365 1087 2394 tempus
1105 2359 1227 2385 Clemens
1244 2359 1327 2391 Papa,
1349 2356 1540 2383 constitutione
1556 2357 1619 2382 datu
1643 2355 1686 2382 die
1703 2363 1726 2382 xi

982 2395 1088 2430 augusti
1107 2401 1182 2425 runci,
1199 2402 1268 2428 quae
1288 2393 1396 2428 incipit:
1416 2393 1460 2419 Act
1480 2392 1607 2419 Romani
1626 2391 1727 2417 Pomt-

981 2432 1041 2465 fici's
1056 2430 1171 2456 cassavit
1194 2429 1334 2455 decretum
1357 2428 1508 2463 quoddam,
1530 2436 1577 2453 scu
1598 2430 1726 2454 statutum

982 2465 1098 2500 Capituli
1121 2464 1284 2493 Oriolensis,
1306 2472 1359 2498 quo
1390 2463 1536 2490 cavebatur
1565 2471 1598 2489 ne
1620 2463 1728 2489 Fratres

982 2501 1110 2528 Ordiuum
1123 2500 1335 2527 Mendicantium
1354 2499 1522 2525 intirmorum
1544 2497 1729 2525 consessiones

983 2537 1149 2572 exciperent,
1170 2539 1196 2561 ct
1212 2535 1401 2562 defunctorum
1423 2542 1537 2569 corpora
1554 2534 1586 2560 ad
1607 2533 1727 2568 sepultu-

966 2580 1039 2607 ,rani
1065 2571 1241 2598 associarent.
1266 2570 1349 2601 Quam
1373 2569 1484 2605 quidem
1510 2569 1728 2596 constitutionem

983 2608 1073 2641 legere
1089 2610 1130 2633 est
1144 2606 1171 2632 in
1188 2606 1319 2633 Butlario
1338 2605 1457 2632 Ordinis
1479 2605 1727 2638 Pracdicatorum,

984 2647 1047 2670 tom.
1067 2650 1092 2673 v,
1110 2650 1170 2677 pag.
1188 2642 1249 2668 506.

1023 2688 1038 2714 2
1061 2687 1096 2713 Ex
1119 2687 1223 2721 liegest.
1244 2686 1268 2711 in
1285 2686 1384 2712 Serret.
1398 2686 1528 2712 {ti-exituri.

1729 283 1776 308 An.
1796 283 1824 308 C.
1842 281 1903 309 lthi

1010 336 1026 375 ξ
1052 334 1099 366 11.
1128 335 1296 367 Praeterea
1324 333 1419 367 etiam
1446 332 1594 366 volumus
1619 332 1706 375 quod
1731 344 1907 369 crtusuuqumti

1730 371 1907 400 indulgentiarum

1730 403 1895 417 coufflssstoneui.

1761 715 1824 736 Fides
1840 714 1910 735 danda

1725 744 1870 767 transumptis.

1743 1140 1854 1162 clausulae
1865 1145 1915 1165 poe-

1730 1169 1794 1189 nates.
