2253 3195
854 269 947 292 INDEX
974 268 1169 292 tit'nnlfflflt'ai

256 326 408 361 ccxxiv.
430 328 585 367 Decimi,
607 340 812 373 quocumque
830 330 998 373 privilegio

343 392 408 414 non
437 382 595 422 obstante,
620 383 783 415 neminem
816 394 852 416 ex
884 384 997 416 Ferra-

343 435 502 468 riensibus
520 442 702 480 exemptum
718 447 785 470 esse
799 447 816 469 a
830 447 887 470 sua
901 447 998 480 opera

342 490 535 532 praestanda
557 490 721 523 custodiae
747 495 777 523 et
800 490 997 533 reparationi

342 552 494 584 aggerum
521 542 663 576 fluminis
684 543 772 584 Padi,
797 543 871 576 550.

255 603 401 637 CCXXV.
416 605 543 637 Modum
566 615 584 637 a
603 605 752 649 Philippo
773 606 811 639 Ill
832 605 998 649 Hispania-

341 668 413 700 rum
432 668 507 700 rege
518 658 752 702 praescriptum
774 659 805 691 in
827 659 930 692 causis
944 670 998 702 ap-

342 710 552 753 pellationum
582 711 720 744 militum
750 711 933 744 Militiarum
960 713 998 745 dc

343 764 506 796 Calatrava
538 770 569 797 et
606 765 644 797 de
679 765 847 798 Alcantara
879 765 997 798 servari

343 817 526 858 mandatur,
551 817 624 850 500.

254 869 413 903 CCXXVI.
441 870 568 904 Erectio
601 871 787 904 monasterii
820 872 860 904 ad
891 872 994 904 cccle-

344 922 423 956 siam
447 923 548 956 sancti
571 924 690 956 Urbani
712 924 744 957 in
764 924 896 966 regione
911 925 998 957 Mon-

343 976 422 1009 tium
460 977 498 1010 de
535 977 642 1018 Urbe,
681 988 754 1011 curn
792 978 998 1011 concessione

343 1029 586 1073 exemptionum
607 1036 638 1063 et
657 1031 846 1073 gratiarum,
876 1030 950 1064 562.

254 1090 431 1125 ccxxvii.
455 1092 634 1125 Declaratio
653 1092 884 1126 iurisdictionis
905 1099 936 1126 et
956 1094 999 1126 sa-

343 1145 498 1177 cultatum
521 1145 691 1178 cardinalis
705 1145 872 1178 camerarii
892 1147 999 1189 quoad

343 1197 481 1241 pignora
501 1198 734 1239 Hebraeorum,
755 1198 829 1231 570.

255 1259 446 1293 ccxxvill.
475 1260 634 1301 Decernit,
664 1260 695 1293 in
724 1261 871 1304 partibus
896 1261 1000 1294 India-

345 1324 438 1353 rum,
463 1313 495 1345 in
526 1313 645 1346 Ordine
674 1314 806 1346 fratrum
840 1314 998 1347 Minorum

345 1366 473 1399 Ordinis
500 1366 599 1399 sancti
621 1367 781 1400 Francisci
813 1368 852 1400 de
878 1368 997 1401 Obser-

344 1419 461 1460 vantia,
481 1430 546 1452 non
567 1431 661 1463 posse
682 1421 800 1453 assumi
822 1422 861 1454 ad
883 1432 1000 1455 munus

342 1472 593 1516 provincialatus
607 1478 637 1506 et.
650 1473 788 1507 aliorum
803 1474 996 1515 officiorum,

343 1525 404 1558 nisi
429 1525 514 1558 filios
540 1531 595 1558 aut
615 1526 761 1559 addictos
786 1527 848 1560 illis
868 1528 1000 1571 provin-

344 1578 412 1618 ciis,
437 1577 512 1610 57¹1.

255 1631 412 1665 CCXXlX.
441 1632 650 1665 Confirmatio
679 1633 871 1666 concordiae
904 1633 999 1667 initae

342 1684 427 1717 inter
448 1684 586 1727 Linguas
612 1685 720 1718 Italiae
741 1691 771 1719 et
791 1686 1000 1720 Alemanniae

343 1738 471 1772 Ordinis
491 1739 697 1783 Hospitalarii
717 1740 746 1773 S.
776 1740 904 1773 Ioannis
924 1741 998 1775 Ilie-

343 1795 565 1839 rosolymitani
586 1806 684 1838 super
707 1796 839 1839 optione
860 1797 1000 1829 nonnul-

343 1848 449 1881 lorum
471 1848 687 1892 prioratuum,
711 1849 785 1882 5702.

253 1909 399 1944 CCXXX.
413 1910 638 1944 Ordinationes
658 1921 717 1955 pro
738 1911 824 1945 bono
842 1912 1000 1955 regimine

342 1964 476 1997 fratrum
507 1963 635 1997 Ordinis
662 1965 777 1998 Beatae
810 1965 926 1998 Mariae
960 1966 999 1998 de

342 2017 486 2050 Mercede
512 2017 754 2061 Redemptionis
779 2018 996 2061 Captivorum,

343 2076 373 2103 et
394 2070 551 2104 electione
572 2071 640 2104 eius
661 2071 861 2111 officialium,
887 2071 961 2105 580.

254 2131 416 2166 ccxxxi.
440 2133 647 2167 Confirmatio
672 2134 853 2167 litterarum
871 2134 942 2167 lulii
974 2136 998 2168 ΙΙ

345 2192 376 2219 et
395 2186 466 2220 Iulii
486 2188 525 2220 Ill
548 2187 739 2220 Pontificum
753 2215 760 2229 ,
785 2187 902 2231 quibus
922 2189 998 2222 Uni-

342 2240 474 2273 versitas
486 2240 588 2274 Studii
602 2241 766 2274 Generalis
780 2241 817 2274 de
829 2241 855 2275 A
864 2241 949 2274 leam.
962 2243 1000 2275 dc

342 2294 487 2327 Henares
508 2305 525 2327 a
549 2305 755 2338 quacumque
777 2294 999 2328 iurisdictione

341 2347 575 2392 archiepiscopi
595 2348 739 2381 Toletani
762 2348 922 2389 eximitur,
947 2359 998 2382 so-

342 2401 429 2445 lique
454 2401 657 2445 Apostolicae
682 2401 754 2435 Sedi
777 2402 922 2436 subiecta
943 2403 998 2436 de-

344 2454 497 2495 claratur,
521 2453 596 2487 583.

386 2516 539 2560 Sequitur
556 2516 761 2551 confirmatio
775 2517 885 2551 statuti
901 2528 919 2550 a
932 2528 1000 2550 car-

344 2569 451 2604 dinale
471 2570 591 2604 Ioanne
616 2571 757 2612 Salviati,
781 2571 811 2605 S.
836 2572 871 2604 A.
897 2571 928 2603 in
947 2571 999 2604 Ili-

343 2624 463 2668 spaniis
492 2625 621 2668 legato,
654 2625 751 2667 editi,
782 2635 847 2669 quo
872 2630 1001 2658 cavetur

345 2688 385 2712 ne
421 2678 493 2724 quis
528 2690 564 2713 ex
596 2679 721 2714 Iudaeis
751 2684 806 2714 aut
834 2679 1001 2714 Saracenis

1681 255 1744 288 947

1120 330 1277 363 oriundus
1306 330 1336 362 in
1376 329 1512 370 collegio
1550 327 1650 360 sancti
1687 326 1771 360 Ilde-

1120 383 1235 426 phonsi
1258 384 1296 415 de
1314 382 1422 415 Ali-alit
1436 382 1475 414 dc
1489 382 1629 414 llcnares
1650 381 1773 414 admitti

1119 436 1230 479 possit,
1252 435 1326 468 589.

1032 489 1208 523 CCXXXH.
1225 490 1463 523 Contirmantnr
1482 489 1649 532 privilegia
1667 489 1775 522 onmia

1120 542 1323 575 Universitati
1347 542 1450 576 Studii
1474 542 1631 582 generalis
1656 543 1771 575 Ferra-

1119 595 1233 628 riensis
1260 596 1417 628 hactenus
1438 606 1600 636 concessa,
1621 595 1696 629 59⁴1.

1032 657 1225 691 CCXXXIlI.
1239 657 1447 691 Confirmatio
1464 658 1709 697 moderationis,
1727 668 1776 690 re-

1121 710 1281 744 ductionis
1302 716 1332 743 et
1353 710 1591 754 suppressionis
1612 711 1773 743 datiorum

1121 775 1138 796 a
1164 765 1250 797 card.
1272 764 1517 797 Ahlohrandino
1536 763 1654 796 civitati
1669 769 1697 797 et
1719 765 1777 797 du-

1119 817 1203 850 catui
1224 817 1421 850 Ferraricnsi
1443 827 1678 858 concessarum,
1697 816 1771 850 592.

1032 877 1226 912 CCxxxw.
1265 879 1514 912 Caeremonialis
1549 879 1775 923 episcoporum

1120 932 1158 964 ad
1197 932 1303 965 officia
1343 932 1451 965 divina
1486 932 1545 965 rite
1582 933 1777 965 celebranda

1121 986 1264 1028 aliasque
1285 985 1465 1018 functiones
1486 986 1597 1018 itidem
1619 996 1776 1029 peragen-

1121 1039 1176 1070 das
1198 1038 1385 1070 reformatio
1416 1044 1445 1071 et
1473 1039 1677 1081 approbatio,
1703 1049 1774 1071 cum

1120 1091 1330 1134 antiquorum
1346 1091 1559 1134 permissione
1581 1091 1612 1123 in
1626 1091 1675 1124 his
1693 1102 1775 1135 quae

1121 1144 1196 1176 huic
1221 1154 1285 1177 non
1312 1145 1535 1185 adversantur,
1564 1144 1638 1177 597.

1033 1205 1207 1239 CCXXXV.
1223 1206 1383 1239 Institutio
1406 1207 1542 1240 duorum
1562 1207 1775 1241 novitiatuum

1120 1259 1153 1291 in
1175 1260 1301 1292 duobus
1324 1260 1535 1293 conventibus
1555 1261 1687 1293 fratrum
1702 1261 1776 1294 Ere-

1123 1312 1274 1345 mitarum
1296 1313 1398 1346 sancti
1418 1313 1606 1358 Hieronymi
1632 1314 1777 1356 Congre-

1124 1366 1260 1408 gationis
1289 1366 1375 1399 Beati
1398 1366 1482 1400 Petri
1509 1367 1547 1400 de
1577 1366 1678 1407 Pisis,
1702 1378 1775 1400 cum

1122 1419 1251 1452 licentia
1271 1419 1449 1463 recipiendi
1470 1420 1634 1453 venientes
1659 1421 1699 1453 ad
1719 1420 1777 1453 Or-

1123 1472 1231 1505 dinem
1248 1484 1255 1513 ζ,
1280 1478 1310 1505 et
1329 1473 1468 1506 ambitus
1488 1473 1677 1517 prohibitio,
1702 1484 1775 1507 cun]

1123 1537 1302 1570 poenarum
1324 1526 1541 1570 impositione,
1566 1526 1639 1559 598.

1166 1580 1318 1623 Sequitur
1337 1580 1477 1613 ambitus
1497 1580 1684 1624 prohibitio,
1698 1580 1772 1613 599.

1034 1641 1222 1676 CCXXKVI.
1247 1642 1372 1675 Erectio
1403 1642 1513 1686 oppidi
1542 1642 1640 1676 Castri
1673 1642 1777 1675 Plebis

1123 1696 1154 1728 in
1180 1696 1361 1735 civitatem,
1386 1701 1416 1728 ct
1436 1696 1589 1729 ecclesiae
1615 1696 1714 1740 ipsius
1742 1695 1774 1728 in

1123 1749 1356 1788 cathedralem,
1380 1748 1454 1782 600.

1033 1811 1237 1846 CCXXXVH.
1268 1812 1474 1845 Confirmatio
1505 1811 1619 1844 indulti
1652 1811 1722 1844 hilii
1754 1812 1777 1844 11

1122 1865 1279 1898 militibus
1300 1866 1369 1898 lesu
1395 1865 1526 1905 Christi,
1550 1865 1650 1897 sancti
1672 1864 1778 1898 Iacobi

1122 1920 1161 1952 de
1193 1919 1313 1963 Spatha
1344 1924 1374 1951 et.
1413 1919 1513 1951 sancti
1548 1918 1711 1951 Benedicti
1741 1919 1779 1951 de

1122 1973 1193 2006 Avis
1219 1972 1372 2011 concessi,
1397 1978 1431 2005 ut
1454 1972 1623 2016 proprium
1646 1972 1776 2012 habere,

1122 2032 1152 2059 et
1174 2027 1212 2059 de
1233 2026 1299 2059 suis
1320 2025 1414 2059 honis
1434 2025 1540 2058 testari
1556 2024 1776 2065 valeant.‚603.

1033 2089 1252 2124 CCXXXVIH.
1264 2090 1354 2129 Quod
1365 2100 1479 2122 causae
1490 2094 1552 2122 tam
1565 2088 1672 2122 civiles
1683 2100 1777 2132 quam

1121 2144 1305 2177 criminales
1324 2143 1406 2176 intra
1423 2143 1540 2175 limites
1558 2142 1704 2182 civitatis,
1722 2142 1780 2175 du-

1122 2202 1211 2230 catus
1231 2201 1263 2229 ct.
1284 2196 1452 2238 legationis
1473 2195 1687 2228 Ferraricnsis
1712 2205 1780 2228 mo-

1122 2257 1171 2284 tae
1196 2256 1225 2283 et
1248 2250 1424 2282 movendae
1446 2249 1477 2281 in
1498 2249 1602 2292 prima
1629 2249 1780 2281 instantia

1121 2314 1230 2338 coram
1252 2303 1317 2336 suis
1343 2302 1503 2335 iudicibus
1534 2301 1727 2342 ordinariis,
1748 2301 1780 2334 in

1121 2357 1183 2390 alia
1203 2366 1278 2389 vero
1300 2365 1504 2399 quacumque
1527 2354 1723 2387 instantiam
1738 2354 1782 2387 ci-

1121 2411 1217 2444 vitate
1239 2408 1436 2443 Feri-ariensi
1458 2419 1567 2441 coram
1589 2407 1749 2441 iudicibus
1764 2419 1782 2441 a

1121 2464 1235 2497 Sam-ta
1256 2464 1337 2496 Sede
1362 2461 1537 2505 deputatis,
1560 2461 1646 2494 iuxta
1667 2472 1779 2494 corum

1120 2516 1300 2561 privilegia,
1325 2526 1342 2548 a
1369 2515 1530 2548 iudicibus
1551 2514 1641 2547 urbis
1661 2515 1782 2548 Romae

1123 2569 1248 2602 evocari
1274 2579 1337 2602 non
1360 2568 1493 2612 possint,
1518 2567 1656 2612 exceptis
1678 2567 1726 2609 iis,
1750 2568 1781 2600 in

1122 2622 1238 2667 quibus
1256 2622 1388 2656 Camera
1409 2621 1592 2667 Apostolica
1613 2621 1713 2656 actrix
1733 2621 1781 2655 vel

1124 2687 1178 2710 rea
1199 2676 1307 2718 fucrit,
1332 2675 1405 2710 0¹07.
