2253 3195
444 241 511 277 898
996 249 1178 273 numanum
1197 248 1352 273 nommant

403 313 588 348 Cenetensis
612 312 755 357 episcopi
776 311 928 345 tribuual.
961 311 991 344 V.
1016 311 1266 355 Appellat.iones.

403 369 562 401 Censuum
594 367 725 399 creatio.
753 365 828 398 Pius
861 365 884 398 V
916 365 1058 398 decrevit
1082 375 1197 398 census
1226 364 1329 397 creari
1360 373 1424 397 non
1456 373 1550 407 posse
1579 363 1640 396 nisi
1667 368 1740 396 actu
1760 362 1949 397 interveniat

492 420 639 464 pecunia,
665 418 727 452 732
748 419 774 452 b.
795 418 926 452 Genuae
948 429 1022 451 vero
1044 423 1171 451 creatae
1193 418 1323 451 suerunt
1340 427 1470 450 mensae
1489 416 1727 450 nummulariae
1754 417 1784 450 S.
1807 416 1948 459 Georgii,

493 473 709 507 mediantibus
730 471 967 515 chirographis,
986 471 1081 508 ibat,-
1102 471 1190 515 quod
1210 471 1279 504 fieri
1299 470 1473 513 Gregorius
1486 471 1551 504 XIII
1572 470 1729 514 permisit,
1746 469 1810 503 733
1828 480 1859 502 a.
1874 469 1950 503 Orto

493 533 598 559 tamen
621 526 731 566 dubio,
755 526 900 558 Clemens
919 525 1040 558 validos
1061 529 1244 558 contractus
1270 524 1422 564 declarat,
1447 524 1625 557 dummodo
1645 523 1763 557 solutio
1794 523 1951 568 pecuniae

491 580 546 613 fiat
563 585 636 623 post
656 589 777 623 paucos
798 578 865 611 dies
886 578 925 611 ab
946 578 1135 611 eorumdem
1156 577 1375 622 stipulatione,
1398 578 1479 610 ibid.
1503 577 1530 610 b.
1807 620 1809 622 Ι

403 633 489 667 flenti
510 634 627 666 Terrae
652 631 877 665 comumnitati
902 631 1068 675 privilegia
1087 642 1104 664 a
1121 631 1282 665 Clemente
1298 631 1364 664 VIII
1381 641 1544 672 concessa,
1564 630 1623 664 4611
1646 641 1666 664 a
1686 631 1726 664 ad
1750 629 1816 664 463
1836 641 1866 664 a.

402 687 492 719 (lusio
518 686 784 719 Bartholomaeus
808 686 843 718 R.
872 686 902 717 C.
932 686 966 718 A.
997 684 1214 718 thesaurarius
1238 684 1409 727 generalis,
1438 683 1501 717 115
1525 695 1555 717 a.

401 739 650 783 Christophorus
671 739 840 782 episcopus
861 737 1029 771 Tullensis.
1059 738 1092 771 V.
1116 738 1268 771 Tullensi.
1304 767 1310 771 .

402 794 555 826 Clausura
579 793 735 825 servanda
760 802 778 824 a
798 791 1005 832 monialibus,
1035 790 1075 824 78
1099 803 1129 824 a.

400 846 546 879 Clemens
571 846 627 878 1³1³.
656 845 730 879 VIII.
760 846 837 878 Acta
863 844 957 878 huius
982 845 1105 877 Summi
1132 845 1300 885 Antistitis,
1323 845 1430 889 primo
1459 845 1507 878 sui
1529 844 1735 889 pontificatus
1759 855 1862 885 anno,
1889 844 1949 877 ha-

489 898 607 931 bentur
631 898 662 931 in
687 897 895 942 praecedeuti
922 898 1096 931 volumine.
1117 898 1205 937 Quae
1229 898 1392 932 nullitates
1422 898 1636 932 attendendae
1660 898 1723 931 sint
1747 897 1779 930 in
1809 897 1953 931 tribuna-

488 952 572 985 libus
592 952 698 985 Status
718 951 942 991 Ecclesiastici‚
970 951 1011 984 ’17
1038 952 1066 984 b.
1094 951 1183 985 Pauli
1205 952 1241 985 IV
1263 957 1293 985 et
1317 952 1361 984 Pii
1388 952 1410 984 V
1431 952 1678 985 constitutiones
1704 962 1722 984 a
1745 951 1871 984 ludaeis
1896 951 1953 983 ob-

488 1005 660 1038 servandas
678 1005 848 1048 approbat,
872 1004 912 1037 22
931 1005 958 1038 1).
985 1005 1149 1038 Resormat
1168 1005 1459 1048 Congregationem
1479 1005 1698 1038 Cassinensem
1712 1004 1840 1038 Ordinis
1852 1004 1951 1037 sam-tt

491 1058 664 1099 Benedicti,
693 1058 734 1090 228
760 1059 799 1098 b,·
820 1058 1006 1102 pariterque
1025 1058 1177 1092 Ordinem
1198 1058 1413 1092 Eremitarum
1438 1059 1469 1092 S.
1497 1058 1684 1103 Hieronymi
1710 1058 1749 1091 de
1773 1056 1952 1091 Observan-

490 1112 544 1152 tia,
561 1110 604 1144 34
621 1111 646 1144 b.
675 1111 887 1145 Concordiam
909 1111 1083 1145 confirmat
1103 1111 1187 1145 inter
1198 1111 1383 1156 Philippum
1399 1112 1423 1145 II
1448 1122 1556 1154 regem
1583 1117 1614 1145 et
1633 1110 1866 1144 ecclesiasticos
1878 1120 1953 1154 pro-

490 1164 614 1198 vinciae
639 1164 844 1198 Cathaloniac
864 1175 962 1209 super
981 1164 1087 1209 prima
1112 1165 1238 1198 decima
1258 1165 1325 1208 regi
1346 1175 1509 1205 concessa,
1540 1164 1583 1198 45
1599 1176 1629 1197 α.
1662 1165 1749 1204 Quae
1775 1164 1850 1197 Pius
1866 1163 1903 1197 IV
1923 1169 1951 1196 et

490 1218 594 1252 Sixtus
605 1218 629 1250 V
649 1228 776 1261 gessere
800 1228 858 1262 pro
880 1218 987 1251 Indice.
1008 1218 1167 1251 librorum
1193 1219 1422 1252 damnatorum
1448 1224 1518 1252 rata
1541 1218 1650 1257 habet,
1678 1217 1766 1250 5:312.
1791 1216 1952 1252 cardinali

490 1271 638 1305 Gioiosae
662 1271 787 1304 veniam
813 1272 868 1304 dat
887 1271 1045 1305 beneficia
1070 1272 1224 1305 ecelesiae
1249 1272 1466 1316 Mirapicensis
1486 1271 1669 1311 ordinandi,
1697 1270 1738 1303 57
1769 1281 1800 1304 a.
1832 1270 1950 1314 IIospi-

493 1325 555 1359 tale
575 1324 769 1358 Massiliense
789 1324 900 1367 gratiis
925 1331 956 1358 ct
986 1325 1148 1358 favoribus
1173 1325 1393 1369 prosequitur,
1413 1324 1456 1358 (50
1482 1325 1508 1358 b.
1544 1324 1764 1358 Visitationem
1790 1331 1822 1357 et
1845 1323 1949 1356 resor-

493 1378 669 1426 mationem
691 1379 836 1411 locorum
859 1378 986 1422 piorum
1012 1379 1169 1412 dioecesis
1188 1379 1350 1412 Tullensis
1371 1378 1439 1412 sieri
1454 1379 1554 1419 iubet,
1571 1378 1612 1411 (32
1633 1377 1658 1411 b.
1683 1377 1954 1421 Philippollispa-

493 1431 621 1465 niarum
643 1431 709 1474 regi
732 1431 904 1465 committit
929 1442 1040 1465 causas
1065 1442 1178 1466 omnes
1203 1443 1401 1477 componere
1432 1432 1516 1465 inter
1547 1431 1731 1476 episcopos,
1759 1430 1900 1474 capitula
1924 1435 1954 1462 et

494 1485 612 1518 milites
632 1485 671 1518 de
696 1485 867 1518 Alc-antara
887 1485 974 1518 etde
992 1485 1167 1526 Calatrava,
1188 1485 1230 1518 (55
1255 1496 1284 1518 a.
1308 1485 1470 1529 Oppidum
1496 1485 1648 1519 Celsonae
1674 1484 1704 1517 in
1729 1483 1900 1523 civitatem,
1923 1489 1952 1516 ct

492 1538 561 1572 eius
579 1538 714 1572 ecclesia
735 1538 766 1570 in
791 1538 1009 1572 cathedralem
1032 1538 1136 1581 erigit,
1160 1538 1202 1571 67
1219 1549 1249 1572 α.
1272 1538 1484 1573 Concordiam
1506 1538 1588 1571 inter
1613 1537 1807 1571 cardinalem
1834 1536 1953 1570 Fan-ne-

491 1591 575 1625 sium
596 1597 628 1626 et
651 1591 883 1625 ecclesiasticos
903 1592 1141 1626 Avenionenses
1160 1602 1259 1636 super
1289 1592 1496 1636 exemptione
1527 1591 1604 1625 clcri
1633 1601 1650 1624 a
1675 1591 1744 1633 lege
1775 1589 1951 1634 spoliorum

492 1645 663 1689 approbat,
685 1644 726 1677 74
739 1644 764 1678 b.
789 1644 936 1688 Quinque
962 1645 1068 1678 officia
1093 1651 1314 1679 correctorum
1335 1655 1526 1688 graecorum
1545 1650 1576 1678 et
1595 1644 1769 1677 latinorum
1785 1643 1816 1676 in
1836 1642 1954 1676 Biblio-

494 1698 585 1732 theca
601 1698 753 1731 Vaticana
777 1698 880 1740 erigit,
901 1697 936 1731 81
959 1709 990 1731 a.
1019 1698 1196 1733 Consu-mat
1220 1699 1459 1732 iurisdictiones
1484 1704 1515 1732 et
1545 1698 1710 1731 facultates
1741 1695 1952 1740 protomedici

494 1757 525 1785 et
545 1751 672 1794 collegii
693 1751 898 1796 physicorum
920 1751 1024 1791 Urbis,
1045 1751 1088 1785 85
1115 1753 1142 1785 b.
1171 1752 1323 1795 Segregat
1352 1751 1642 1795 Congu-egationem
1670 1751 1803 1784 fratrum
1828 1749 1950 1796 Discal-

494 1810 659 1839 ceatorum
685 1805 760 1839 Ord.
789 1805 822 1838 ss.
846 1805 883 1838 M.
910 1805 949 1838 de
970 1805 1074 1839 Monte
1092 1806 1239 1840 Carmelo
1260 1816 1278 1838 a
1297 1805 1448 1839 fratribus
1473 1804 1622 1847 Mitigatis
1643 1803 1786 1838 eiusdem
1813 1802 1950 1840 Ordinis,

493 1857 578 1891 921».
599 1858 795 1892 Christianos
825 1858 988 1902 principes
1016 1859 1166 1892 hortatur
1190 1865 1223 1892 ut
1249 1869 1348 1903 opera
1368 1864 1399 1892 et
1422 1858 1577 1892 auxilium
1607 1858 1709 1891 serant
1733 1855 1904 1900 Rodulpho
1929 1856 1953 1890 II

495 1911 683 1956 imperatori
716 1917 830 1945 contra
848 1912 977 1952 Tureas,
1000 1912 1042 1946 99
1062 1923 1098 1953 a;
1125 1923 1189 1956 qua
1217 1913 1256 1946 de
1281 1923 1377 1946 causa
1402 1922 1456 1946 sex
1488 1911 1629 1946 decimas
1657 1920 1755 1954 super
1787 1908 1955 1943 beneficiis

493 1965 599 2000 Status
619 1965 829 1998 Ecclesiastici
849 1965 997 2010 imponit,
1021 1964 1085 1998 100
1102 1975 1132 1999 a.
1157 1965 1333 2008 Privilegiis
1354 1966 1453 1999 donat
1474 1970 1669 1998 mercatores
1688 1964 1853 1997 Anconam
1871 1973 1955 1996 mer-

494 2029 546 2053 ces
564 2018 768 2060 advehentes,
790 2017 854 2051 104
867 2029 896 2052 α.
919 2019 1114 2053 Facultatem
1131 2019 1242 2052 tribuit
1262 2018 1572 2062 Congrcgationibus
1589 2016 1800 2060 Regularibus
1816 2015 1955 2059 augendi

495 2072 632 2106 Montem
652 2072 865 2106 novennalem
887 2083 945 2116 pro
965 2083 1092 2106 summa
1116 2072 1280 2115 sexaginta
1305 2072 1440 2105 millium
1467 2077 1643 2111 scutorum,
1664 2080 1746 2114 quae
1767 2069 1955 2113 impendan-

497 2131 548 2159 tur
572 2125 602 2159 in
627 2131 774 2169 sumptus
798 2125 873 2159 belli
892 2131 1003 2159 eontra
1022 2127 1151 2166 Tureas,
1166 2125 1230 2159 2109
1243 2136 1272 2159 α.
1296 2125 1329 2159 B.
1354 2125 1578 2170 Hyacinthum,
1601 2124 1728 2158 Ordinis
1752 2122 1957 2157 Praedicato-

496 2189 580 2219 rum‚
602 2178 794 2212 Sanctorum
815 2179 889 2212 albo
910 2179 1072 2219 adscribit,
1101 2179 1222 2213 indicto
1247 2179 1315 2212 cius
1335 2179 1386 2212 die
1407 2179 1485 2212 sesto
1514 2188 1565 2212 xvt
1584 2177 1721 2220 augusti,
1745 2175 1810 2210 123
1828 2187 1858 2210 a.
1881 2175 1953 2209 Dis-

497 2232 591 2265 solvit
608 2231 761 2265 unionem
784 2231 996 2266 Picntinensis
1017 2237 1048 2266 ct
1066 2232 1243 2266 Ili-linensis
1260 2232 1482 2272 ecclesiarum,
1497 2230 1560 2265 ‘tta
1577 2242 1608 2264 a.
1630 2229 1782 2264 Concedit
1805 2228 1956 2273 episcopo

497 2285 700 2320 Luccoriensi
731 2285 980 2329 exequutionem
1014 2285 1241 2330 primariarum
1279 2296 1410 2330 precum
1444 2285 1509 2326 regi
1537 2283 1688 2318 Poloniac
1717 2291 1953 2322 concessarum,

497 2338 562 2372 144
590 2350 620 2372 a.
650 2339 816 2372 Munerum
848 2339 1052 2381 largitionem
1082 2339 1250 2383 utriusque
1276 2351 1369 2372 sexus
1390 2338 1601 2381 IlcguIaribus
1626 2335 1798 2376 interdicit,
1831 2333 1895 2368 146
1921 2345 1952 2368 α.

497 2392 665 2426 Terminos
685 2392 851 2425 constituit
876 2392 959 2425 inter
979 2394 1102 2425 Statum
1125 2392 1382 2426 Ecrlesiasticum
1405 2398 1433 2425 ct
1459 2391 1638 2425 dominium
1659 2389 1762 2433 Magni
1782 2388 1877 2423 Ducis
1897 2388 1958 2421 Ile-

500 2444 630 2484 truriac,
654 2444 711 2477 171
738 2456 768 2477 α.
794 2445 1069 2478 Ilcsormationem
1091 2455 1282 2478 comet-vare
1307 2450 1336 2478 et
1350 2454 1539 2488 promovere
1557 2442 1750 2477 studetOrd.
1767 2441 1839 2475 Min.
1856 2440 1956 2474 sancti

500 2498 658 2531 Francisci
685 2499 724 2531 de
748 2498 967 2538 Observantia,
988 2498 1048 2531 182
1067 2510 1097 2531 α.
1124 2499 1219 2532 L'sum
1242 2498 1474 2542 pontificalium
1495 2495 1643 2530 concedit
1662 2495 1785 2529 decano
1805 2493 1959 2528 ecclesiae

500 2550 673 2591 Zamoscii,
700 2550 761 2583 189
812 2578 816 2583 .
845 2551 1031 2584 Subsidium
1061 2558 1226 2585 scutorum
1257 2550 1491 2595 quinquaginta
1519 2549 1655 2583 millium
1680 2558 1777 2592 super
1805 2545 1959 2580 fructibus

501 2602 734 2636 beneficiorum
757 2604 788 2637 in
809 2604 954 2637 dominio
978 2604 1170 2638 Venetorum
1192 2604 1395 2638 existentium
1418 2614 1475 2647 pro
1495 2603 1626 2636 (lamera
1647 2600 1829 2646 Apostolica
1849 2599 1955 2642 impo-

502 2655 558 2696 nit,
581 2655 643 2688 ’193
669 2667 699 2689 α.
733 2657 899 2700 I‘ririlcgia
928 2658 1098 2691 confirmat
1124 2668 1274 2692 concessa
1299 2657 1376 2691 Duci
1401 2662 1432 2690 et
1460 2656 1581 2690 nationi
1609 2653 1800 2696 Sabaudiae,
1829 2650 1894 2686 19⁰
1921 2661 1953 2685 α.
