2253 3195
37 288 88 316 An.
104 286 134 313 C.
160 284 224 312 ¹602

859 283 1005 306 CLEMENS
1026 282 1083 305 vm
1102 282 1150 305 rr,

230 333 370 366 oratorio
397 332 461 366 sive
486 331 618 365 ecclesia
644 332 751 365 Sancti
772 331 860 365 Pauli
887 341 973 364 com-

230 386 336 428 pellat,
355 392 385 419 et
402 386 598 429 negligentes
624 386 765 418 mulctet.

521 465 685 498 Rodoran.

278 544 435 589 Oppidum
458 544 611 578 Rodorom¹
633 544 762 588 triginta
777 544 901 577 duahus
919 545 974 577 ‹lo-

232 598 338 631 mihus
363 597 613 630 christianorum
638 602 777 630 veterum
793 603 926 634 constat,
945 603 975 631 et

233 652 363 694 triginta
387 656 528 695 quatuor
553 650 676 684 noviter
699 650 738 683 ad
764 650 860 683 Iidem
893 662 972 684 con-

234 714 411 738 versorum.
427 704 544 737 Omnes
561 703 722 746 sexaginta
737 715 789 737 sex
806 705 976 737 domorum

234 767 406 799 numerum
432 757 588 790 efficiunt.
612 757 646 789 In
665 767 702 791 eo
717 757 909 801 parochialis
926 769 977 791 ee-

235 811 331 844 clesia
345 815 428 844 extat
441 811 479 843 ah
494 821 531 843 eo
553 817 708 854 tempore,
725 822 788 854 quo
803 811 978 855 praesentis

234 864 325 908 regni
346 864 446 897 Mauri
473 875 490 897 a
514 865 737 898 mahometana
760 871 844 898 secta
870 865 907 897 ad
936 866 979 897 fi-

237 917 308 950 dem
342 918 530 951 catholicam
556 918 686 950 suerunt
718 918 883 957 conversi,
920 918 978 950 suh

201 1003 212 1007 -
235 971 434 1006 invocatione
453 972 560 1005 Sancti
584 972 746 1005 Michaelis
770 972 976 1015 Archangeli3

237 1025 327 1057 cuius
360 1025 540 1058 animarum
566 1036 642 1059 cura
670 1036 726 1068 per
758 1024 979 1069 presbyterum

236 1079 471 1111 mercenarium
487 1079 637 1112 deserviri
652 1079 805 1111 hactenus
819 1078 912 1112 solita
924 1083 979 1110 est.

236 1130 295 1169 Qui
316 1131 446 1174 quidem
471 1132 639 1176 presbyter
671 1143 728 1175 pro
749 1132 981 1164 sustentatione

238 1192 269 1219 et.
294 1187 410 1219 salario
439 1186 533 1219 habt)
568 1186 727 1230 primitias
751 1186 826 1218 dicti
848 1186 978 1229 oppidi,

237 1250 318 1282 quae
338 1239 452 1282 valoris
488 1246 562 1273 sunt
597 1240 706 1283 viginti
731 1240 886 1273 librarum
906 1267 913 1281 ,
952 1246 983 1272 et

238 1292 380 1336 quinque
401 1292 598 1336 libras‘quas
623 1293 791 1336 episcopus
808 1292 980 1336 etcapitu-

236 1345 303 1378 lum
332 1345 494 1379 Oriolense
529 1352 560 1379 et
590 1346 732 1379 studium
761 1345 908 1389 generale
940 1346 983 1378 ci-

237 1399 341 1432 vitatis
360 1399 523 1433 Valentiae.
544 1400 742 1443 persolvunt,
771 1399 894 1432 ratione
920 1400 984 1431 fru-

242 1457 353 1486 ctuum
378 1452 604 1494 decimalium‚
628 1464 709 1496 quos
729 1464 764 1486 ex
790 1464 827 1486 eo
862 1452 983 1496 oppido

241 1503 408 1546 colligunt,
428 1510 459 1536 et
484 1504 718 1547 quinquaginta
744 1503 862 1537 solidos
886 1514 903 1535 a
921 1504 980 1535 do-

238 1557 327 1590 mino
348 1558 516 1601 temporali
542 1558 618 1591 dicti
649 1557 757 1601 oppidi
788 1568 823 1590 ex
853 1557 984 1600 antiqua

240 1610 412 1644 traditione
437 1610 563 1654 recipit,
595 1622 677 1654 quae
703 1622 813 1644 omnes
839 1621 983 1643 summae

238 1664 350 1707 viginti
375 1670 497 1708 septem
520 1664 617 1697 libras
654 1670 684 1697 et
720 1664 831 1697 decem
864 1663 983 1696 solidos

240 1717 395 1751 efficiunt..
434 1717 472 1750 Et
512 1717 665 1760 quoniam
689 1717 780 1750 valde
816 1722 983 1749 consenta-

239 1776 336 1803 neum
361 1776 418 1812 est,
436 1770 522 1813 quod
542 1781 615 1804 oves
635 1771 803 1815 proprium
821 1776 983 1813 pastorem

239 1823 378 1858 habeant
391 1830 421 1857 et
434 1830 622 1868 agnoscant,
645 1830 676 1857 et
694 1825 732 1857 ab
750 1835 787 1857 eo
809 1834 984 1867 agnoscan-

240 1883 308 1918 tur,
329 1877 382 1921 qui
408 1887 473 1910 non
506 1878 589 1910 sicut
612 1877 832 1911 mercenarius
871 1865 983 1920 lupum

241 1931 420 1964 venientem
443 1929 560 1973 fugiat,
587 1930 642 1964 sed
662 1940 720 1974 pro
752 1929 864 1963 ovibus
890 1930 984 1962 vitam

242 1983 315 2023 dett,
338 1988 368 2016 et
387 1983 546 2016 rationem
567 1984 631 2017 Deo
655 1988 802 2016 teneatur
825 1982 959 2016 reddere
974 2010 982 2023 ,

242 2036 414 2080 praecipue
451 2048 524 2071 cum
555 2037 682 2071 noviter
713 2037 855 2070 conversi
881 2036 912 2068 in
937 2036 985 2069 via

243 2089 399 2123 catholica
421 2090 483 2123 sint
506 2090 704 2130 instruendi3
738 2095 865 2133 oportet
899 2089 985 2132 quod

242 2143 276 2176 in
296 2144 379 2177 dicta
399 2144 573 2187 parochiali
605 2143 737 2177 ecclesia
767 2143 805 2176 de
834 2144 985 2176 Rodovan

242 2207 327 2230 unus
352 2202 457 2230 rector
488 2197 552 2230 sive
576 2197 736 2241 parochus
755 2192 928 2240 perpetuus
956 2202 985 2229 et

242 2251 391 2294 proprius
408 2252 639 2292 constituatur,
667 2261 765 2294 penes
789 2260 886 2294 quem
911 2249 987 2281 ani-

244 2314 369 2337 marum
396 2315 473 2337 cura
493 2304 653 2344 resideat,
681 2310 710 2337 et
738 2303 791 2346 qui
818 2302 985 2335 rectoriam

244 2367 300 2391 seu
318 2358 535 2401 parochialem
550 2358 716 2391 ecclesiam
731 2358 906 2400 praelatam
933 2365 988 2398 per

245 2420 449 2451 concursum,
469 2410 705 2444 institutionem
723 2415 753 2442 et
771 2409 984 2448 collationem⁷

245 2464 331 2496 iuxta
355 2463 520 2497 decretum
546 2464 633 2497 Sacri
648 2462 779 2497 Concilii
797 2461 987 2501 Tridentini,

246 2516 400 2558 obtineat,
428 2517 478 2550 cui
498 2518 531 2550 in
553 2523 745 2560 perpetuum
761 2527 818 2559 pro
843 2515 916 2548 dote
942 2515 989 2547 di-

246 2577 314 2605 ctae
340 2571 553 2617 parochialis,
592 2571 695 2604 dictae
731 2570 838 2612 viginti
867 2573 988 2612 septem

246 2626 346 2660 librae
355 2624 386 2660 et
399 2624 508 2658 decem
526 2623 618 2657 solidi
637 2622 811 2666 applicatae
825 2627 985 2661 maneant,

247 2680 340 2723 cique
365 2679 525 2712 addantur
556 2683 586 2710 et
606 2676 806 2721 applicentur
826 2686 883 2719 pro
916 2675 988 2708 dote

337 2742 414 2768 Ball.
437 2742 512 2769 Rom.
537 2740 597 2767 Vol.
614 2740 647 2766 X.
830 2737 880 2764 105

1658 266 1722 300 8733

1008 336 1035 362 et
1049 340 1189 373 congrua
1208 328 1438 361 sustenta›ion‹=
1456 328 1534 360 aliae
1549 326 1751 370 septuaginta

1008 383 1089 416 duae
1113 384 1211 415 lihrae
1231 393 1303 414 cum
1325 381 1454 413 dimidia
1479 381 1516 413 ad
1533 381 1750 422 complemen-

1008 442 1074 469 tum
1096 441 1224 469 centum
1243 434 1398 467 librarum
1414 441 1558 466 monetae
1575 432 1745 471 Valenti-ae,

968 514 969 519 ,
1007 490 1066 522 hoc
1091 489 1237 522 videlicet
1255 488 1363 521 modo:
1391 487 1475 531 quod
1497 497 1605 520 mensa
1627 486 1750 529 episco-

1007 544 1086 586 palis
1107 542 1278 576 Oriolensis
1303 542 1402 575 solvat
1430 541 1538 583 viginti
1565 551 1677 574 novem
1705 539 1748 571 li-

1008 598 1080 629 bras
1105 602 1135 630 et
1160 607 1272 629 novem
1299 595 1419 628 solidos
1444 595 1525 627 ultra
1557 605 1625 627 eam
1653 604 1753 636 quan-

1010 650 1151 686 titatem,
1181 660 1275 692 quam
1303 655 1394 682 autea
1427 648 1591 685 solvebat,
1630 647 1753 679 ratione

1009 703 1217 738 decimarum,
1239 713 1318 745 quas
1340 701 1370 733 in
1392 700 1510 744 oppido
1532 700 1672 743 praefato
1688 700 1754 731 eol-

1011 757 1097 800 ligit,
1126 767 1207 799 quae
1229 755 1342 788 valoris
1367 760 1441 787 sunt
1466 753 1638 796 nonaginta
1659 753 1754 785 unius

1011 810 1177 849 librarum,
1197 810 1335 843 duorum
1361 809 1536 841 solidtiu'um
1556 813 1585 839 et
1609 806 1755 849 quinqtze

1012 865 1237 905 denariorum3
1258 875 1363 898 mensa
1386 874 1460 897 vero
1486 861 1669 904 capitularis
1695 860 1757 892 sol-

1012 923 1064 950 vat
1090 918 1273 960 quindecim
1296 917 1410 953 libras,
1446 914 1614 949 tresdecim
1637 913 1756 946 solidos

1014 978 1040 1003 et
1069 982 1121 1004 sex
1138 971 1306 1010 denarios,
1336 971 1415 1002 z-ltra
1436 981 1504 1002 eam
1526 968 1755 1011 quantitatem,

1014 1036 1109 1067 quam
1134 1030 1225 1057 antea
1252 1025 1403 1057 solvebat.
1432 1023 1578 1055 Studium
1606 1032 1679 1054 vero
1705 1034 1758 1063 gc-

1013 1078 1118 1111 nerale
1130 1078 1264 1110 civitatis
1279 1077 1438 1110 Valentiae
1449 1077 1546 1108 solvat
1557 1075 1635 1107 duas
1646 1075 1754 1114 libras,

1014 1137 1134 1175 septem
1160 1130 1280 1164 solidos
1305 1137 1335 1163 et
1361 1141 1414 1162 sex
1439 1129 1598 1169 denarios,
1636 1128 1758 1160 ratione

1015 1184 1113 1228 partis
1131 1184 1349 1223 decimarum,
1377 1194 1470 1226 qnam
1497 1193 1531 1215 cx
1557 1182 1668 1214 eodem
1696 1192 1755 1224 op-

1016 1237 1091 1280 pido
1117 1237 1291 1280 respective
1313 1235 1481 1279 recipiunt.
1503 1236 1577 1267 Illae
1596 1241 1759 1278 praeterea

1018 1290 1128 1333 viginti
1149 1290 1291 1333 quinque
1316 1289 1438 1327 librae,
1466 1299 1545 1331 quas
1571 1287 1760 1321 universitas

1017 1350 1047 1377 et
1068 1343 1164 1376 iurati
1186 1343 1264 1378 dicti
1292 1343 1399 1386 oppidi
1419 1342 1456 1375 de
1478 1342 1629 1375 ltodovan
1648 1347 1760 1384 sponte

1017 1408 1050 1430 se
1074 1396 1256 1439 obligarunt
1294 1397 1472 1439 persolvere
1509 1398 1615 1427 luturo
1645 1395 1760 1427 rectori

1017 1456 1172 1494 perpetuo
1198 1450 1230 1482 in
1253 1448 1496 1482 subventionem
1523 1449 1679 1492 praefatae
1698 1447 1758 1480 do—

1018 1504 1159 1543 tationis,
1185 1509 1281 1546 prout
1298 1503 1336 1536 de
1362 1501 1556 1545 obligatione
1582 1501 1666 1544 apud
1691 1507 1761 1534 aeta

1018 1565 1186 1598 processus
1203 1560 1342 1594 constat,
1367 1557 1515 1586 maneant
1535 1557 1687 1596 perpetuo
1707 1563 1761 1594 ap-

1017 1607 1175 1650 plieatae,
1203 1618 1275 1640 eum
1301 1607 1419 1649 quibus
1445 1616 1569 1638 summa
1605 1605 1760 1638 dictarum

1017 1661 1219 1703 septuaginta
1241 1660 1377 1693 duarum
1403 1660 1558 1692 librarum
1578 1669 1650 1691 cum
1670 1657 1762 1689 dimi-

1019 1715 1070 1747 slia
1090 1724 1190 1747 novae
1222 1713 1396 1747 additionis
1421 1713 1610 1755 completur.
1642 1712 1761 1744 Domus

1019 1767 1223 1801 habitationis
1248 1767 1382 1800 rectoris
1407 1765 1587 1805 commoda,
1608 1770 1639 1797 et
1661 1764 1762 1798 eecle-

1018 1822 1082 1855 siae
1100 1820 1274 1864 parochiali
1294 1820 1443 1862 contigua
1458 1818 1657 1857 aedificetur,
1676 1818 1761 1850 iuxta

1020 1874 1218 1917 designatam
1238 1875 1385 1907 sormam.

1344 1952 1368 1986 C
1370 1953 1436 1986 oliv.

1064 2035 1223 2080 Oppidum
1236 2034 1314 2068 Cosa:
1330 2038 1458 2067 eentum
1477 2031 1677 2077 septuaginta
1689 2043 1762 2065 con—

1020 2090 1099 2123 tinet
1131 2089 1246 2121 domus
1286 2087 1532 2120 christianorum
1567 2086 1690 2120 noviter
1721 2086 1761 2119 ad

1021 2144 1117 2177 tidem
1157 2142 1345 2175 catholicam
1383 2151 1622 2174 conversorum.
1664 2140 1698 2172 In
1725 2150 1762 2172 eo

1021 2196 1210 2240 parochialis
1235 2195 1366 2228 ecclesia
1387 2195 1516 2237 antiqua
1552 2199 1633 2226 extat
1662 2192 1700 2225 ab
1725 2203 1762 2226 co

1020 2257 1182 2293 tempore,
1207 2260 1270 2292 quo
1295 2247 1470 2291 praesentis
1506 2246 1593 2289 regni
1623 2246 1721 2279 Mauri
1747 2257 1763 2278 a

1022 2304 1241 2336 mahometana
1270 2308 1353 2334 secta
1383 2301 1421 2333 ad
1454 2300 1641 2333 catholicam
1668 2299 1763 2332 tidem

1021 2359 1148 2390 fuerunt
1171 2355 1326 2395 conversi,
1339 2354 1397 2387 suh
1409 2353 1606 2387 invocatione
1623 2354 1653 2385 S.
1666 2353 1760 2386 loan-

1021 2410 1070 2443 nis
1100 2409 1268 2453 Baptistae.
1313 2408 1414 2440 llabet
1438 2418 1494 2450 pro
1519 2417 1641 2439 annexo
1666 2406 1763 2451 oppi-

1023 2464 1098 2496 dum
1125 2463 1163 2495 de
1203 2463 1232 2494 la
1265 2460 1381 2503 Granja
1413 2459 1615 2503 septuaginta
1646 2459 1760 2493 domo-

1023 2526 1106 2555 rum,
1134 2516 1253 2559 populo
1278 2514 1440 2556 frequens,
1468 2512 1559 2544 cuius
1583 2512 1762 2544 animarum

1024 2579 1099 2600 cura
1122 2578 1177 2610 per
1194 2568 1417 2611 presbyterum
1444 2564 1677 2598 mercenarium
1704 2564 1761 2598 dc-

1023 2621 1131 2655 serviri
1142 2621 1232 2654 solita
1244 2627 1302 2660 est,
1314 2620 1353 2652 ab
1367 2618 1535 2653 Ordinario
1547 2618 1761 2661 designamini,

1023 2675 1077 2718 qui
1099 2674 1269 2707 dominicis
1294 2680 1323 2706 ct
1342 2672 1459 2706 festivis
1485 2671 1597 2705 diebus
1621 2672 1699 2705 ‹luas
1715 2684 1764 2705 cc-

1769 277 1815 302 ilu.
1833 275 1861 301 C.
1885 275 1951 301 1002
