2253 3195
58 257 105 284 lln.
122 255 151 283 C.
170 254 238 282 1602

859 255 1005 279 CLEMENS
1025 254 1083 278 vltt
1105 254 1154 277 PP.

249 308 387 347 quatuor
399 303 521 336 solidos
532 309 558 336 ct
574 303 682 337 decem
697 303 856 345 denarios,
870 303 992 336 ratione

249 356 347 400 partis
371 356 602 400 primitiarum,
630 368 726 400 quam
748 368 784 389 ex
809 367 846 389 co
873 356 992 400 oppido

249 410 372 452 recipit,
401 409 515 441 valoris
535 410 696 452 sexaginta
718 417 790 443 octo
816 409 989 450 librarum,

249 462 344 495 unius
363 461 454 495 solidi
476 468 506 495 et.
520 473 634 495 novem
653 463 869 496 denariorum.
887 464 992 496 Mensa

249 516 430 559 capitularis
454 522 483 549 et
502 526 605 549 massa
619 517 686 549 eius
701 518 879 550 comumnis
893 517 992 550 solvat

248 569 418 603 tresdecim
442 570 550 611 libras,
578 581 631 603 sex
656 571 774 603 solidos
796 576 827 604 ct
852 576 923 604 octo
941 570 992 603 de-

248 622 354 656 narios
371 634 428 667 pro
452 629 541 667 parte
566 624 793 667 primitiarum,
822 634 918 667 quam
943 633 993 656 ac—

249 675 344 719 cipit,
371 676 484 709 valoris
516 676 644 719 triginta
670 683 790 720 septem
816 676 990 717 librarum,

249 734 321 762 octo
349 729 526 762 solidorum
560 735 590 762 et
629 729 739 763 decem
773 729 989 763 denariorum.

247 782 501 816 Archidiaconus
519 783 621 816 maior
637 782 878 826 Segobricensis
892 784 994 817 solvat

249 834 327 868 duas
351 835 460 875 libras,
488 843 560 869 octo
586 836 703 870 solidos
723 843 751 869 et
769 847 822 869 sex
845 836 994 869 denarios

248 899 306 933 pro
326 888 455 922 undena
487 896 577 933 parte
609 889 806 923 decimarum
836 890 876 922 ad
904 900 993 922 suam

249 941 437 986 dignitatem
454 943 651 987 pertinente,
679 943 794 977 valoris
819 954 871 976 sex
891 943 991 976 libra-

249 1007 339 1037 rum,
367 998 525 1031 sexdecim
554 998 732 1031 solidorum
766 1003 797 1031 et
821 998 917 1030 unius
942 996 995 1029 de-

249 1050 343 1082 narii.
365 1050 573 1094 Applicantur
590 1058 755 1095 praeterea
772 1051 881 1084 decem
895 1050 996 1083 librae

249 1113 285 1135 ex
303 1103 458 1136 reditibus
476 1103 552 1136 olim
568 1104 606 1136 ad
623 1104 815 1147 mesquitam
836 1103 996 1147 pertinen-

248 1155 346 1197 tibus,
375 1157 430 1200 qui
453 1157 566 1191 valoris
587 1163 661 1191 sunt
678 1158 873 1197 eiusdem‚et
890 1156 921 1189 in
936 1157 996 1189 hac

249 1209 412 1243 dotatione
444 1210 594 1244 dominus
626 1210 811 1254 temporalis
844 1220 901 1253 pro
939 1219 995 1242 sua

249 1263 342 1295 tertia
367 1270 456 1306 parte
481 1264 678 1297 decimarum
703 1274 768 1296 non
801 1263 992 1299 contribuit:

250 1326 334 1360 quae
359 1327 470 1350 omnes
495 1328 641 1350 summae
663 1323 790 1351 centum
809 1316 907 1350 libras
925 1316 993 1349 essi-

250 1371 350 1412 ciunt,
378 1377 408 1404 et
432 1381 490 1414 pro
511 1371 583 1404 dote
608 1370 759 1404 ecclcsiae
784 1371 943 1414 praefatae
958 1371 996 1403 de

251 1423 364 1457 Castell
386 1424 513 1457 Montan
536 1423 668 1467 eiusque
682 1423 815 1457 rectoris
833 1435 889 1466 per
905 1435 998 1467 prae-

249 1475 332 1509 fatos
364 1477 602 1510 contribuentes
639 1476 813 1520 respective
853 1476 998 1520 quolibet

250 1539 335 1562 anno
362 1529 395 1562 in
413 1536 603 1574 perpetuum
628 1529 809 1570 solvendae,
835 1529 997 1573 applican-

250 1587 312 1615 tur.
341 1583 375 1615 ln
408 1583 543 1616 ecclesia
577 1583 766 1616 aedificetur
796 1583 938 1616 sacristia
966 1589 994 1615 et

253 1637 368 1671 domus
394 1644 580 1682 competens
609 1649 667 1682 pro
704 1638 838 1671 rectoris
875 1637 996 1671 habita-

253 1690 339 1725 tione
356 1691 444 1724 iuxta
452 1693 588 1725 sormam
602 1697 632 1725 et
645 1698 762 1725 statum
778 1691 994 1734 designatum.

252 1743 369 1777 Terrae
393 1754 468 1778 vero
500 1750 530 1777 et
569 1745 690 1778 reditus
726 1743 764 1776 ad
801 1744 995 1787 mesquitam

252 1797 330 1830 olim
350 1798 542 1841 pertinentes
564 1798 717 1831 ecclesiae
746 1797 897 1841 applicati
923 1808 993 1829 ma-

252 1857 358 1892 neant,
378 1852 439 1887 hoc
456 1856 504 1885 est,
516 1852 646 1891 rectori,
666 1857 701 1884 ut
715 1851 915 1895 praedictum
937 1856 993 1883 est.

302 1958 389 1991 Villa
414 1969 519 1992 nuera
537 1963 565 1992 ec
584 1958 692 1991 Fuent
711 1957 748 1991 cle
772 1958 802 1991 la
826 1959 948 2001 Reyna.

297 2065 418 2109 Oppida
449 2065 536 2098 Villa
560 2075 665 2098 aeteva
699 2070 730 2098 et
760 2065 868 2098 Fuent
899 2064 936 2097 de
966 2065 998 2097 la

253 2119 388 2162 Rcyna,
420 2129 502 2163 quae
529 2119 677 2152 domibus
708 2124 857 2151 constant
886 2118 996 2160 viginti

253 2179 326 2206 octo
339 2178 481 2206 veterum
501 2172 757 2211 cl‘iristianorum,
780 2182 901 2205 annexa
926 2177 999 2204 sunt

254 2227 405 2260 ccclesiae
431 2226 607 2270 parochiali
639 2226 677 2259 de
705 2226 815 2260 Castell
848 2226 996 2259 Montan:

254 2284 285 2312 et
315 2280 467 2323 quoniam
496 2281 534 2313 ab
567 2290 603 2312 ea
631 2280 799 2323 plusquam
819 2280 908 2311 leuca
934 2289 997 2311 una

254 2332 394 2373 distant,
423 2339 453 2366 et
483 2333 647 2376 asperrimi
678 2332 824 2373 itineris,
867 2332 997 2374 sintque

253 2385 337 2419 inter
368 2397 400 2419 se
433 2385 471 2418 ad
511 2385 648 2420 mediam
678 2387 802 2419 leucam
832 2385 946 2423 vicina,
967 2389 999 2417 01,

255 2449 272 2471 3
303 2440 458 2472 veteribus
472 2439 653 2473 christianis
671 2439 827 2478 habitata,
848 2449 906 2470 nec
926 2448 997 2481 pro-

253 2497 361 2535 pterea
382 2493 532 2535 possinta
549 2498 673 2526 rectore
686 2493 724 2525 de
741 2491 851 2525 Castcll
870 2491 996 2524 Montan

254 2546 425 2578 commode
443 2545 629 2586 ministrari,
650 2550 774 2589 oportet
790 2544 877 2588 quod
889 2543 1015 2577 adicta,

265 2598 439 2642 parochiali
469 2599 507 2632 de
525 2599 636 2633 Castell
654 2599 781 2631 Montan
799 2603 995 2640 separentur,

254 2657 284 2685 et
294 2652 574 2692 dismembrentur,
586 2658 795 2696 separataque
807 2656 838 2683 et
849 2649 998 2683 dismem-

304 2715 380 2742 Ball.
400 2716 481 2742 ltom.
499 2715 558 2742 Vol.
576 2716 610 2742 X.
814 2713 860 2741 104

1027 302 1099 335 bata
1125 307 1305 334 remaneant
1326 311 1398 334 cum
1417 300 1481 334 suis
1498 300 1670 343 PrimitiiS,
1691 306 1721 333 ct
1739 300 1769 333 in

1029 356 1147 400 oppido
1161 357 1277 389 laVilla
1293 366 1406 396 neura,
1423 355 1508 399 quod
1521 355 1630 398 viginti
1646 354 1771 387 duabus

1028 409 1178 443 domibus
1192 416 1330 449 constat,
1354 409 1544 453 parochialis
1569 408 1702 441 ecclesia
1717 418 1771 440 no-

1029 463 1281 506 vitei-erigatur,
1304 469 1332 496 et
1352 469 1456 495 erecta
1482 468 1608 495 maneat
1625 473 1698 495 cum
1724 472 1772 494 sa-

1030 517 1144 556 crario,
1160 516 1314 555 sacristia,
1332 517 1415 548 sonte
1432 515 1625 558 baptismali,
1647 525 1773 557 campa-

1028 569 1099 609 nili7
1123 570 1319 611 eaeterisque
1347 568 1583 611 1>arocliialtlnts
1612 567 1771 610 insigniis,

1028 628 1059 655 et
1079 623 1252 656 cumomni
1270 623 1330 655 alio
1351 623 1445 666 pleno
1463 623 1532 655 iure
1553 628 1581 654 ct
1598 620 1771 664 privilegiis

1028 676 1231 710 ecclesiarum
1259 676 1489 720 parochialium
1506 703 1512 716 ,
1548 681 1576 708 et
1610 685 1680 707 cum
1713 684 1771 708 suo

1029 730 1157 773 proprio
1183 729 1322 772 parocho
1348 735 1379 762 et
1397 734 1530 767 rectore,
1552 728 1605 772 qui
1625 728 1767 760 residen-

1029 782 1104 815 tiam
1125 782 1219 815 saciat
1243 782 1440 825 personalem
1466 781 1596 814 indicta
1622 779 1770 819 rectoria,

1030 841 1059 869 et
1085 836 1200 868 haheat
1232 847 1289 879 pro
1325 846 1448 868 anncxo
1485 835 1637 879 oppidum
1670 834 1772 867 Fuent

1030 890 1109 921 dela
1128 889 1235 933 Reyna
1254 900 1307 921 sex
1328 889 1512 928 domorum,
1528 894 1557 921 et
1576 893 1679 920 rector
1693 887 1772 920 duas

1030 942 1166 975 celebret
1194 942 1306 975 missas
1332 942 1501 975 dominicis
1526 949 1554 974 et
1576 940 1693 974 festivis
1707 940 1772 973 die-

1030 996 1108 1035 bus;
1128 996 1258 1029 alteram
1286 996 1317 1028 in
1345 995 1478 1029 ecclesia
1498 995 1535 1028 tle
1556 990 1634 1026 Villa
1655 1004 1768 1033 ncuva,

1030 1049 1160 1082 alteram
1189 1049 1219 1081 in
1254 1049 1386 1082 eeclesia
1415 1047 1521 1091 oppidi
1552 1047 1650 1079 Fucnt
1677 1045 1715 1079 de
1742 1046 1771 1079 la

1030 1103 1154 1146 Pteyna‘,
1194 1108 1222 1135 et
1257 1113 1313 1145 pro
1350 1101 1421 1134 dote
1452 1106 1482 1133 et
1522 1099 1772 1133 substentatione

1030 1156 1105 1188 dicti
1126 1156 1259 1189 rectoris
1279 1156 1479 1199 applicantur
1492 1164 1602 1187 omnes
1614 1153 1772 1197 primitiae

1030 1209 1188 1242 dictorum
1206 1209 1343 1243 duorum
1373 1219 1423 1251 ομ
1438 1207 1576 1245 istorum,
1593 1218 1674 1250 quae
1688 1207 1773 1239 valo-

1031 1263 1074 1295 ris
1091 1268 1164 1295 sunt
1183 1262 1342 1305 sexaginta
1360 1262 1526 1301 librarum,
1543 1266 1573 1293 et
1590 1260 1683 1294 etiam
1701 1270 1775 1304 pars

1031 1317 1082 1349 iila
1101 1316 1313 1360 primitiarum
1336 1322 1437 1349 terrae
1456 1315 1507 1348 del
1527 1315 1695 1358 Sequeslro
1714 1321 1776 1348 ter-

1030 1370 1107 1402 mini
1131 1370 1169 1403 de
1195 1369 1318 1409 Cerilla,
1345 1380 1426 1413 quae
1446 1369 1556 1412 decem
1574 1368 1663 1402 libris
1676 1367 1776 1400 aesti-

1032 1429 1147 1463 maturs
1177 1434 1247 1456 cum
1275 1423 1404 1466 quibus,
1424 1427 1451 1455 et
1478 1421 1726 1466 obligationibus
1743 1427 1775 1454 et

1031 1476 1257 1509 emolumentis
1277 1503 1284 1515 ‚
1321 1487 1402 1518 quac
1426 1476 1615 1520 proveniunt
1636 1486 1672 1508 cx
1696 1475 1776 1519 prde

1031 1530 1137 1562 altaris
1151 1529 1234 1562 inter
1256 1535 1374 1562 veteres
1392 1528 1593 1568 christianos,
1609 1534 1715 1561 rector
1739 1538 1772 1560 se

1032 1582 1149 1626 poterit
1174 1582 1342 1615 commode
1357 1581 1568 1614 substentare.
1597 1581 1631 1613 ln
1656 1580 1774 1623 oppido

1032 1637 1110 1670 Villa
1131 1648 1231 1670 neuva
1256 1637 1372 1669 domus
1396 1646 1453 1679 pro
1478 1635 1614 1668 rectoris
1650 1634 1774 1667 habita-

1032 1691 1118 1724 tione
1144 1689 1338 1723 aedificetur.

1032 1797 1227 1830 Suburbium.
1256 1795 1359 1829 vittae
1384 1795 1500 1829 Chelva
1526 1800 1554 1828 et
1574 1795 1769 1838 Benaxuay.

1076 1904 1110 1936 In
1136 1903 1224 1936 Villa
1240 1902 1278 1936 cle
1297 1902 1428 1944 Clzclra,
1456 1913 1538 1946 quae
1561 1902 1697 1942 insignis
1714 1908 1772 1942 est,

1033 1957 1119 1989 intra
1143 1957 1244 2000 ipsius
1262 1957 1388 1990 moenia
1404 1956 1567 2000 quoddam
1582 1955 1773 1989 suburbium

1032 2020 1049 2042 a
1074 2009 1257 2043 christianis
1274 2010 1397 2042 noviter
1409 2008 1449 2042 ad
1467 2008 1563 2041 fidem
1583 2007 1773 2041 catholicam

1032 2063 1192 2097 conversis
1217 2062 1386 2103 incolitur,
1407 2068 1535 2095 centum
1561 2062 1670 2105 viginti
1691 2072 1770 2095 con-

1033 2123 1119 2150 stans
1141 2115 1302 2156 domibus,
1320 2126 1400 2159 quae
1418 2120 1564 2158 separato
1589 2126 1606 2147 a
1631 2115 1775 2148 christia-

1032 2170 1081 2202 nis
1107 2169 1267 2202 veteribus
1291 2169 1362 2202 loco
1387 2174 1418 2201 et
1438 2168 1593 2211 regimine
1613 2174 1774 2201 suntcon-

1032 2234 1142 2264 nexae,
1170 2228 1200 2255 et
1221 2223 1252 2255 in
1278 2233 1315 2256 eo
1341 2221 1473 2255 ccclesia
1491 2222 1550 2254 sub
1571 2221 1773 2255 invocatione

1032 2278 1061 2311 S.
1076 2277 1185 2311 Crucis
1199 2281 1381 2309 constructa
1402 2281 1591 2313 cst‚annexa
1602 2274 1774 2318 parochiali

1031 2331 1183 2363 ecclesiae
1201 2330 1239 2361 de
1264 2330 1389 2368 Chclva,
1410 2337 1492 2372 quae
1512 2334 1557 2361 est.
1578 2328 1637 2361 sub
1651 2328 1775 2360 invoca-

1032 2383 1117 2418 tione
1154 2383 1292 2427 Virginis
1317 2382 1433 2416 lllariae
1462 2382 1676 2425 Angelorum3
1702 2386 1776 2415 sunt

1032 2437 1125 2470 etiam
1142 2436 1242 2470 eidem
1259 2434 1431 2479 parochiali
1447 2445 1568 2468 annexa
1586 2435 1701 2479 oppida
1714 2435 1775 2468 Be·-

1032 2500 1167 2532 omtraay
1194 2488 1406 2533 quadraginta
1432 2487 1576 2532 quinque
1604 2488 1773 2521 domorum

1033 2549 1063 2576 ct
1089 2542 1193 2577 Galles
1217 2542 1380 2585 sexaginta
1412 2542 1583 2574 domorum
1628 2540 1775 2573 christia-

1032 2607 1146 2629 norum
1176 2596 1300 2629 noviter
1334 2596 1372 2628 ad
1407 2596 1503 2628 sidem
1537 2603 1774 2628 conversorum.

1033 2650 1147 2683 [lector
1167 2649 1205 2682 de
1224 2650 1349 2689 Choba,
1370 2649 1423 2692 qui
1452 2647 1636 2692 quingentis
1666 2647 1771 2681 domi-

1676 240 1739 275 825
1785 252 1837 278 An.
1855 251 1882 277 c.
1902 251 1968 278 1602
