2253 3195
852 287 949 311 isnssx
971 288 1076 310 nemun
1633 275 1696 309 909

284 347 442 391 gubernio
468 347 573 381 ducali
594 347 633 380 ad
659 357 805 380 normam
833 347 998 389 regiminis
1022 347 1159 380 aliarum
1186 347 1424 391 provinciarum
1450 346 1554 379 Status
1579 346 1738 379 Ecclesia-

281 401 350 435 stici
380 401 526 443 redigere
546 401 656 444 possit,
682 401 723 434 ib.
745 401 761 434 b
782 406 811 434 et
831 412 894 444 seq.
918 400 1134 434 Commissarii
1156 401 1351 444 deputantur
1371 410 1430 443 pro
1455 399 1631 433 confinium
1655 399 1745 432 diffe-

284 454 396 488 rentiis
421 454 654 497 componendis
670 454 754 487 inter
773 454 896 487 Statum
919 454 1083 487 Ferrariae
1105 459 1133 486 et
1148 454 1269 487 Statum
1285 454 1442 491 Mantuae,
1464 451 1527 485 856
1541 464 1570 485 a,
1596 452 1742 485 Studium

284 506 434 549 generale
459 506 635 550 antiquitus
664 506 694 539 in
716 506 841 539 civitate
862 506 1029 539 Ferrariae
1059 506 1249 546 institutum,
1274 505 1337 538 873
1360 506 1386 538 b.
1416 505 1497 538 Huic
1522 505 1646 537 indulta
1671 515 1743 547 per-

285 560 385 593 multa
406 559 552 593 concedit
576 560 730 599 Pontifex,
757 559 796 600 ib,
822 559 905 592 inter
930 559 1001 599 alia,
1031 560 1165 592 lectores
1195 564 1223 591 et
1249 559 1412 591 scholares
1438 558 1599 591 immunes
1630 563 1703 590 sunt
1727 569 1742 589 a

285 612 546 656 ς3ῦ61115,874α.
568 612 736 655 Privilegia
757 613 864 646 onmia
882 612 1083 646 Universitati
1104 612 1206 645 Studii
1228 612 1386 654 generalis
1406 610 1619 644 Ferrariensis
1637 611 1744 644 hacte-

285 678 345 700 nus
370 677 520 700 concessa
545 666 796 706 confirmantur,
820 665 878 698 591
904 677 921 698 a
941 671 971 699 et
1003 667 1030 699 b.
1059 665 1234 699 Cardinalis
1266 665 1527 698 Aldobrandinus
1555 663 1742 697 Ferrarien-

285 720 374 753 sibus
398 720 554 752 nonnulla
579 719 664 751 datia
689 719 841 752 diminuit
862 720 908 751 vel
937 719 1097 759 substulit,
1127 718 1189 752 599.
1210 730 1240 751 a.
1269 718 1342 751 Eius
1364 718 1524 751 ordinatio
1553 727 1610 761 per
1631 722 1740 750 exten-

287 784 356 806 sum
389 773 541 806 inseritur
571 772 789 805 constitutioni
821 772 1006 816 pontificiae
1036 783 1053 805 a
1080 782 1152 816 pag.
1177 772 1240 805 592
1270 772 1309 805 ad
1330 770 1393 804 596
1418 782 1448 804 a.
1472 771 1561 804 Illam
1588 770 1745 814 approbat

288 827 394 870 Papa.
420 826 461 859 ib.
490 826 608 860 Causae
640 831 704 858 tam
731 825 837 859 civiles
858 836 952 869 quam
975 825 1159 858 criminales
1180 826 1211 858 in
1233 825 1338 869 prima
1363 825 1513 857 instantia
1541 834 1648 857 eoram
1681 823 1746 856 suis

287 880 447 913 iudicibus
467 879 649 920 ordinariis,
668 879 697 912 in
719 879 780 911 alia
800 890 875 912 vero
897 890 1101 922 quacumque
1124 879 1274 911 instantia
1295 889 1403 911 coram
1429 877 1747 911 iudicibusaSancta

288 934 368 967 Sede
393 933 552 977 deputatis
577 943 642 966 non
667 932 788 976 possint
810 933 934 965 evocari
956 943 972 964 a
999 932 1159 965 iudicibus
1179 932 1268 965 urbis
1290 933 1421 971 Itomae,
1454 931 1491 964 iis
1526 930 1680 974 exceptis,
1715 930 1746 961 in

243 986 250 992 ⁸
287 987 404 1031 quibus
422 987 554 1021 Camera
575 986 758 1030 Apostolica
779 985 877 1018 actrix
895 986 942 1019 vel
968 997 1022 1018 rea
1049 986 1153 1025 fuerit,
1178 984 1240 1018 607
1263 987 1279 1017 h
1306 991 1416 1028 etseq.
1445 986 1478 1018 In
1501 985 1612 1017 eadem
1636 984 1747 1016 Ferra-

289 1040 386 1074 riensi
401 1040 527 1074 civitate
545 1039 718 1073 Consilium
738 1045 866 1072 centum
887 1039 1028 1072 virorum
1045 1039 1128 1072 idem
1152 1039 1294 1072 Pontifex
1323 1038 1470 1078 instituit,
1492 1037 1556 1070 449
1577 1048 1605 1070 a.
1629 1036 1747 1069 Octua-

290 1094 377 1137 ginta
399 1094 479 1127 duos
499 1093 705 1127 Consiliarios
731 1092 876 1125 nominat
896 1093 980 1136 Papa
1000 1103 1060 1136 pro
1080 1093 1185 1136 prima
1210 1092 1288 1133 rice,
1313 1093 1355 1125 ib,
1380 1092 1406 1125 Ι).
1436 1091 1561 1135 Reliqui
1588 1091 1698 1123 decem
1720 1095 1751 1122 et

291 1153 362 1181 octo
384 1158 419 1181 ex
440 1147 673 1180 mercatoribus
698 1157 753 1179 seu
786 1146 962 1178 artificibus
992 1146 1143 1188 eligendi,
1163 1145 1228 1178 450
1259 1146 1285 1178 Ι).
1310 1145 1489 1178 Electiones
1514 1144 1679 1188 quomodo
1705 1143 1749 1175 fa-

289 1201 433 1246 ciendae,
448 1199 507 1233 451
523 1211 553 1232 α.
575 1200 781 1233 Renovantur
801 1199 927 1241 singulo
949 1198 1097 1238 triennio,
1118 1198 1156 1231 ib.
1171 1200 1198 1231 b.
1215 1199 1415 1241 Magistratus
1430 1197 1606 1241 deputatio,
1623 1196 1747 1236 electio,

283 1260 313 1287 et
333 1253 402 1287 eius
422 1253 597 1291 consultor,
621 1252 685 1284 452
705 1264 725 1285 a
746 1257 776 1285 et
801 1252 826 1284 b.
852 1252 995 1291 llabitus,
1021 1252 1192 1285 residentia
1217 1257 1247 1284 et
1269 1251 1391 1291 famuli,
1415 1251 1479 1283 453
1499 1262 1528 1283 a.
1553 1251 1595 1283 De
1613 1260 1751 1292 congre-

290 1307 396 1350 gando
417 1306 562 1347 consilio,
587 1306 628 1338 ib.
651 1311 681 1339 et
699 1306 726 1338 b.
748 1306 860 1343 Locus,
885 1305 1010 1344 modus,
1032 1305 1161 1345 rotatio,
1186 1304 1250 1336 454
1267 1316 1285 1336 a
1308 1310 1337 1337 et
1359 1304 1384 1337 b.
1400 1303 1580 1337 Auctoritas
1600 1308 1630 1336 et
1651 1303 1751 1335 facul-

292 1367 338 1394 tas
359 1360 564 1403 magistratus
589 1370 648 1392 nec
672 1370 737 1392 nou
759 1358 896 1395 consilii,
920 1357 984 1391 455
1009 1369 1029 1390 a
1057 1363 1086 1390 et
1113 1359 1140 1390 h.
1167 1357 1380 1401 Stipendium,
1405 1356 1468 1389 456
1489 1368 1519 1389 [ι.
1548 1357 1608 1389 Res
1626 1356 1750 1389 delibe-

292 1414 414 1447 randae
435 1413 467 1446 in
493 1412 638 1453 consilio,
665 1413 703 1445 ib.
734 1413 761 1444 b.
786 1411 955 1454 l‘rivilegia
980 1411 1175 1444 Ferrariensi
1205 1410 1429 1444 communitati
1457 1420 1627 1450 concessa,
1651 1408 1713 1441 457
1735 1420 1755 1441 (ι

294 1468 361 1501 etb.
375 1467 497 1501 Civitati
508 1466 703 1500 Ferrariensi
718 1466 800 1498 facta
819 1466 952 1498 facultas
966 1465 1105 1498 habendi
1120 1471 1282 1498 oratorem
1299 1465 1383 1507 apud
1396 1464 1510 1497 Sedem
1520 1462 1750 1507 Apostolicam,

295 1521 346 1555 cui
370 1521 461 1554 locus
480 1520 512 1553 in
538 1520 661 1564 capella
682 1524 713 1552 et
731 1518 868 1563 publicis
888 1519 1012 1552 actibus
1029 1517 1203 1562 pontificiis
1224 1518 1422 1560 designatur,
1441 1518 1480 1550 ad
1499 1517 1597 1550 instar
1618 1516 1753 1549 aliorum

294 1579 473 1614 oratorum,
489 1572 553 1606 48⁶2
569 1584 600 1605 a.
624 1574 705 1606 Rota
725 1572 948 1605 instituiturin
969 1572 1081 1605 eadem
1101 1571 1238 1611 civitate,
1254 1570 1311 1603 511
1331 1572 1356 1603 b.
1373 1571 1563 1604 Auditorum
1585 1580 1752 1609 numerus,

293 1627 418 1668 electio,
433 1626 611 1660 iurisdictio
633 1632 663 1659 et,
688 1625 867 1669 qualitates,
892 1625 932 1658 ib.
949 1625 974 1658 b.
991 1631 1093 1669 etseq.
1118 1626 1352 1665 iuramentum,
1374 1623 1577 1657 confirmatio
1599 1623 1630 1655 in
1649 1622 1755 1656 officio

293 1681 426 1725 eiusque
438 1686 574 1724 tempus,
587 1679 651 1712 512
665 1680 692 1712 b.
704 1678 862 1712 Praetoris
879 1678 1033 1719 officium,
1046 1679 1241 1722 stipendium
1265 1678 1362 1721 ipsius
1376 1684 1404 1711 et
1424 1677 1606 1710 auditorum
1629 1677 1755 1719 aliaque

297 1735 407 1775 multa,
431 1733 495 1766 513
515 1745 535 1766 α
555 1739 585 1767 et
604 1733 630 1766 b.
659 1734 777 1767 Causae
807 1744 824 1766 a
852 1733 969 1778 quibus
995 1733 1261 1775 cognoscendae,
1287 1742 1435 1775 quaeque
1456 1731 1572 1763 rotales
1593 1730 1752 1768 dicantur,

296 1787 360 1821 514
379 1799 400 1821 α
417 1794 448 1821 et
468 1788 495 1820 b.
520 1788 619 1820 Rotae
640 1787 775 1820 facultas
795 1787 827 1819 in
848 1786 1055 1831 procedendo
1077 1792 1107 1819 et
1128 1786 1190 1819 alia
1210 1785 1250 1818 ad
1276 1796 1356 1825 rem,
1380 1783 1444 1816 515
1463 1795 1484 1816 a
1504 1788 1534 1816 et
1555 1784 1582 1816 b.
1605 1783 1754 1827 Appella-

294 1841 338 1875 tio
356 1852 374 1874 a
394 1841 559 1874 sententiis
579 1841 678 1874 Rotae
698 1851 763 1873 non
785 1841 890 1881 datur,
915 1840 983 1873 sola
1001 1839 1117 1872 revisio
1138 1839 1170 1872 in
1192 1839 1303 1872 eadem
1324 1839 1415 1877 Rota,
1437 1836 1500 1870 516
1520 1848 1550 1870 a.
1574 1837 1669 1869 Plura
1696 1836 1757 1869 alia

294 1895 378 1928 circa
398 1894 658 1928 informationem
675 1922 682 1935 ,
705 1894 858 1927 terminos
879 1893 1079 1933 citationum,
1103 1893 1295 1933 decisiones,
1317 1896 1383 1929 ele„
1408 1891 1471 1923 517
1486 1902 1504 1923 a
1523 1896 1554 1923 et
1573 1890 1599 1923 b.
1617 1890 1753 1927 Indulta,

293 1955 325 1982 et
348 1948 540 1993 protectoris
561 1947 739 1992 deputatio,
763 1946 827 1980 518
852 1958 873 1980 α
893 1954 921 1980 et
944 1947 970 1980 b.
994 1947 1122 1980 Incolae
1142 1946 1364 1979 Ferrarienses
1385 1950 1416 1978 et
1429 1944 1599 1978 comitatus
1619 1955 1636 1976 a
1658 1948 1758 1976 trans-

297 2002 513 2045 gressionibus
538 2002 744 2035 absolvantur
762 2007 873 2034 contra
897 2001 1081 2045 pontificias
1099 2000 1345 2034 constitutiones
1370 1998 1504 2043 patratis
1530 2003 1603 2030 ante
1624 1997 1755 2030 devolu-

297 2056 417 2090 tionem
451 2056 491 2089 ad
520 2056 549 2089 S.
579 2056 629 2096 A„
657 2054 721 2087 550
750 2055 776 2088 b.
805 2056 871 2088 Hae
896 2065 970 2087 vero
1003 2054 1249 2087 constitutiones
1278 2053 1308 2085 in
1340 2058 1506 2096 posterum
1536 2051 1755 2084 observandae

296 2114 380 2150 sunt,
404 2108 462 2141 551
488 2119 516 2141 (ι.
545 2108 771 2152 Exemptiones
792 2119 809 2141 a
830 2108 967 2141 ducibus
987 2118 1154 2141 concessas
1181 2105 1382 2140 confirmavit
1414 2106 1514 2148 Papa,
1544 2103 1606 2137 559
1632 2103 1658 2137 b.
1680 2104 1755 2137 Cum

298 2173 373 2196 vero
390 2162 489 2206 aliqui
510 2172 543 2195 se
561 2161 720 2195 immunes
748 2172 815 2195 esse
843 2172 859 2194 a
881 2161 1027 2195 custodia
1058 2171 1211 2203 aggerum
1241 2159 1317 2193 Padi
1343 2162 1571 2197 asseverarent,
1594 2156 1651 2195 it›.;
1674 2157 1756 2189 Pon-

298 2216 373 2249 tifex
397 2216 539 2250 declarat
563 2215 725 2248 neminem
755 2226 791 2248 ex
823 2215 1083 2248 Ferrariensibus
1109 2219 1291 2257 exemptum
1319 2222 1386 2245 esse
1411 2222 1427 2243 a
1453 2221 1510 2243 sua
1538 2220 1635 2253 opera
1666 2220 1758 2253 prae-

297 2269 410 2302 standa
441 2268 605 2302 custodiae
631 2274 661 2302 et
686 2268 882 2312 reparationi
908 2268 1052 2301 fluminis
1076 2267 1175 2307 Padi,
1204 2265 1267 2298 560
1292 2276 1321 2298 a.
1351 2265 1397 2298 Ad
1424 2263 1611 2308 petitionem
1638 2263 1754 2296 Ferra-

299 2322 464 2362 riensium,
499 2322 585 2366 Papa
617 2322 774 2366 permittit
802 2321 924 2355 institui
950 2321 1104 2355 Zeccham
1135 2319 1299 2364 publicam
1326 2318 1356 2350 in
1387 2317 1514 2350 civitate
1540 2316 1756 2357 ferrariensi,

297 2376 328 2409 in
360 2386 424 2420 qua
448 2375 608 2409 cudantur
633 2381 793 2416 monetae,
808 2375 937 2419 praevia
962 2375 1111 2408 facultate
1132 2374 1265 2407 Sanctae
1287 2372 1451 2405 Romanae
1475 2369 1635 2403 Ecclesiae
1656 2380 1760 2403 came-

297 2429 384 2470 rarii,
401 2439 526 2462 necnon
540 2429 634 2472 legati
654 2429 798 2462 eiusdem
820 2429 1002 2468 comitatus,
1025 2427 1127 2460 7ttaa.
1143 2425 1283 2465 Qualitas
1298 2429 1501 2457 monetarum
1524 2423 1757 2462 cudendarum,

297 2482 360 2515 763
382 2493 412 2515 α.
441 2483 477 2516 In
497 2487 562 2516 toto
588 2483 708 2516 ducatu
728 2482 931 2526 regularibus
956 2491 1102 2515 accessus
1127 2479 1167 2512 ad
1189 2477 1384 2511 monasteria
1410 2476 1598 2509 monialium
1622 2481 1758 2517 vetatur,

298 2535 436 2580 exceptis
461 2536 656 2569 confessario
670 2536 892 2575 etvisitatore‚
917 2534 957 2568 78
979 2536 1015 2572 I›;
1044 2533 1160 2577 quibus
1186 2531 1339 2564 accedere
1360 2529 1557 2573 permittitur
1578 2529 1608 2562 in
1635 2529 1760 2563 casibus

298 2590 338 2623 ad
363 2599 476 2622 eorum
498 2600 614 2622 munus
639 2589 870 2634 spectantibus,
889 2588 929 2621 79
954 2599 983 2620 a.
1014 2588 1097 2620 llaec
1117 2585 1278 2619 ordinatio
1304 2583 1526 2627 superioribus
1552 2583 1758 2626 Regularium

300 2642 522 2685 significanda,
551 2643 592 2676 ib.
622 2643 649 2676 b.

211 2696 302 2730 Festa
319 2696 508 2730 Sanctorum
530 2695 671 2730 instituta
693 2701 767 2730 sunt
787 2696 817 2729 in
838 2695 891 2730 Dei
913 2693 1064 2734 Ecclesia,
1093 2698 1128 2726 ut
1147 2702 1259 2727 corum
1281 2691 1413 2727 virtutes
1432 2691 1607 2732 imitemur,
1631 2689 1688 2729 201
1715 2701 1744 2724 a.
