2253 3195
236 285 286 312 An.
304 284 333 311 c.
353 283 422 313 ¹598
467 274 532 308 466

262 665 381 691 Eoi-umque
392 670 423 685 rc-

240 692 318 712 latwne
344 692 423 713 habita,

241 720 294 739 hanc
318 719 356 738 sert
377 724 423 739 sen-

240 747 336 766 tentiam.

437 332 633 372 Blanchetto,
657 341 783 365 necnon
803 331 959 375 Pompeio
979 331 1010 364 S.
1026 331 1178 364 Balbinae

437 386 620 428 Arrigonio,
644 385 812 418 titulorum
829 385 1025 429 presbyteris
1044 395 1175 417 nuncu—

437 439 528 483 patis,
552 439 686 472 Sanctae
707 439 872 472 Romanae
892 438 1053 472 Ecclesiae
1074 438 1179 472 cardi—

437 492 563 525 nalibus
583 492 793 533 audiendum,
811 497 842 525 et
857 492 951 526 nobis
970 492 1178 526 referendum

439 545 668 579 commisimus.

484 600 500 640 g
521 598 551 631 5.
575 599 652 632 Cum
673 605 780 633 autem
795 627 802 641 ,
825 600 956 633 absente
976 600 1154 643 Burghesio
1168 628 1175 641 ,

439 663 475 685 ex
496 653 652 686 relatione
673 654 833 687 dictorum
847 654 1025 688 Blanchetti
1043 660 1074 687 et
1093 654 1181 687 Arri-

439 705 759 748 goniicardinalium,
775 707 829 752 qui
843 708 964 752 pluries
977 714 1084 752 partes
1096 708 1180 752 ipsas

439 765 589 793 oretenus
609 765 639 793 et
658 760 690 793 in
707 761 845 805 scriptis,
862 772 935 795 cum
956 772 1068 795 eorum
1083 762 1179 794 etiarn

439 813 612 854 advocatis,
636 815 819 855 audierunt,
843 826 1022 860 eorumque
1040 816 1111 849 iura
1130 815 1178 848 vi-

441 867 568 908 derunt,
592 869 881 912 comperuerimus‚
902 880 939 902 ex
959 870 1061 902 forma
1082 870 1181 903 dicta-

439 931 512 953 rum
534 921 751 963 fundationis,
786 923 1052 957 constitutionum
1073 928 1104 957 et
1129 924 1183 957 de-

441 974 625 1009 clarationis
653 977 692 1009 ad
724 976 844 1009 dictum
874 977 923 1010 ius
954 977 1112 1020 eligendi,
1146 988 1183 1010 ac

441 1027 682 1072 iuspatronatus
714 1029 790 1063 dicti
826 1031 953 1073 collegii
984 1031 1091 1074 primo
1111 1031 1182 1064 loco

442 1081 536 1114 etiam
547 1083 1180 1126 supradictosSebastianum,Antonium‚

442 1141 473 1167 et
493 1135 679 1169 Michaelem
692 1164 699 1177 ,
723 1143 754 1170 et
770 1137 861 1170 Pium
883 1138 1047 1181 quondam
1068 1139 1183 1182 equitis

442 1188 593 1233 Philippi,
617 1200 797 1234 eorumque
817 1191 1048 1225 descendentes
1059 1191 1091 1224 in
1112 1192 1184 1224 infi-

442 1241 559 1283 nitum,
576 1249 705 1277 vocatos
718 1244 839 1287 pariter
852 1245 999 1279 existere:
1011 1251 1184 1290 propterea

442 1297 696 1340 nos,nejulterius
704 1309 801 1342 super
811 1299 918 1342 aliquo
932 1299 1183 1343 praemissorum

443 1348 595 1390 dubitari,
613 1356 668 1384 aut
686 1351 747 1384 alia
772 1363 869 1395 super
897 1352 945 1385 bis
967 1353 1183 1387 controversia

443 1402 522 1435 oriri
551 1404 665 1447 possit,
689 1411 777 1438 motu
814 1406 962 1449 proprio,
987 1412 1015 1439 et
1041 1417 1078 1440 ex
1099 1413 1184 1440 certa

443 1455 587 1497 scientia,
613 1464 641 1490 et
664 1469 752 1492 mera
767 1459 999 1493 deliberatione
1011 1466 1131 1501 nostra,
1148 1472 1184 1495 ex

443 1509 602 1542 dictorum
633 1511 727 1544 etiam
762 1512 975 1545 cardinalium
1006 1514 1181 1555 sententia,

443 1563 646 1606 supradictos
675 1565 914 1607 Sebastianum,
938 1567 1130 1607 Antonium,
1155 1573 1184 1601 et

443 1616 629 1651 Michaelem
649 1618 773 1659 fratres,
797 1630 833 1652 ac
853 1620 943 1653 Pium
959 1631 1070 1653 eorum
1086 1632 1185 1665 nepo-

445 1675 520 1709 tem,
544 1682 616 1704 cum
639 1682 752 1705 eorum
774 1673 1044 1707 descendentibus
1064 1675 1095 1707 in
1115 1675 1185 1708 infi-

444 1724 558 1764 nitum,
575 1725 658 1758 inter
672 1726 746 1759 dicti
769 1727 894 1769 collegii
913 1734 1065 1771 patronos
1078 1729 1184 1773 primo

444 1776 515 1810 loco
543 1784 671 1811 vocatos
693 1785 724 1812 et
743 1779 985 1821 describendos,
1010 1781 1095 1814 iuxta
1121 1783 1184 1816 sor-

444 1842 529 1864 mam
552 1832 709 1865 dictarum
736 1834 950 1874 fundationis,
984 1836 1184 1870 constitutio-

444 1895 520 1917 num
534 1891 563 1918 et
577 1886 1026 1921 declarationisadmittendos
1039 1900 1118 1929 csse,
1130 1901 1186 1923 au-

445 1939 589 1972 ctoritate
613 1940 800 1983 apostolica,
822 1946 931 1974 tenore
953 1943 1182 1985 praesentium,

445 1993 901 2034 decernimusctiuandamus,
919 2001 1185 2040 praetensamquc

445 2046 695 2079 declarationem
718 2057 734 2079 a
755 2048 921 2091 praedicto
941 2048 1092 2082 michaelo
1110 2060 1182 2082 car-

445 2100 550 2133 dinale
572 2106 772 2144 protectore,
798 2102 836 2134 ad
869 2102 1009 2135 savorem
1032 2103 1106 2135 dicti
1140 2104 1184 2137 l‘ii

445 2154 607 2196 quondam
645 2154 794 2194 Antonii,
827 2165 862 2187 ac
901 2155 1064 2198 quondam
1097 2157 1185 2190 Pauli

444 2207 591 2240 Ghislerii
607 2208 674 2240 eius
688 2208 793 2251 patrui
807 2208 844 2241 dc
857 2219 941 2241 anno
962 2220 1114 2243 iincxxvu
1128 2211 1186 2243 sub

445 2261 496 2293 die
518 2271 546 2295 vt
569 2261 714 2300 ianuarii,
739 2272 793 2294 seu
809 2262 872 2294 alio
891 2262 1007 2296 veriori
1027 2268 1183 2307 tempore,

445 2320 479 2347 ut
500 2315 662 2354 asseritur,
688 2316 813 2354 sartam,
834 2326 869 2348 ac
891 2315 974 2348 illius
1004 2323 1187 2360 praesenta-

447 2369 563 2402 tionem
580 2375 609 2401 et
624 2368 850 2402 admissionem
870 2369 908 2401 dc
932 2381 1068 2413 persona
1090 2371 1188 2414 ipsius

446 2423 490 2455 l'ii
513 2424 676 2466 quondam
699 2423 846 2463 Antonii,
871 2430 900 2456 et
920 2424 981 2456 alia
1002 2435 1109 2457 coram
1132 2436 1184 2457 as-

447 2482 531 2508 serto
553 2477 722 2520 praesecto,
757 2478 849 2515 sacta,
881 2477 1053 2521 omniaque
1079 2478 1140 2510 alia
1158 2484 1185 2510 et

447 2541 671 2573 ‹piam-umque
697 2531 809 2563 exinde
823 2538 970 2575 sequuta,
995 2531 1185 2565 dictiuuSe-

448 2583 624 2615 luistianum
641 2590 671 2615 et
692 2585 804 2616 fratres
824 2595 860 2617 ac
883 2591 1030 2628 nepotem
1055 2585 1186 2617 minime

447 2636 573 2667 anim-re
592 2637 804 2675 declaramus,
821 2649 856 2670 ac
880 2644 1070 2682 perpetuum
1090 2638 1185 2670 silen-

1018 281 1203 308 BULLARIUM
1222 282 1377 308 ROMANUM

1213 331 1482 365 descendentibus
1501 342 1598 376 super
1618 332 1702 366 dicta
1723 333 1790 367 eius
1803 339 1952 378 praeten-

1213 385 1303 418 sione
1323 385 1530 429 imponimus.

1258 440 1274 480 g
1295 438 1325 471 6.
1350 439 1465 483 Sicque
1491 450 1550 483 per
1581 450 1803 484 quoscumque
1831 440 1952 475 iudices
1993 454 2112 476 cunsuiae.

1213 492 1394 526 ordinarios
1418 498 1449 526 et
1469 494 1642 536 delegatos,
1666 493 1762 526 etiam
1783 504 1952 527 causarum

1213 545 1322 589 palatii
1342 546 1509 590 apostolici
1535 546 1710 587 auditores,
1738 557 1774 580 ac
1799 547 1828 580 S.
1857 547 1892 580 R.
1915 547 1949 580 E.

1213 599 1403 641 cardinales,
1424 600 1519 633 etiam
1544 601 1620 634 dicti
1643 601 1770 644 collegii
1790 611 1850 645 pro
1868 607 1951 634 tem-

1214 663 1292 696 pore
1321 659 1532 697 protectores,
1556 655 1680 688 sublata
1708 655 1753 688 eis
1784 660 1815 688 et
1842 665 1955 688 eorum

1215 706 1345 739 cuilibet
1372 707 1483 751 quavis
1500 708 1593 741 aliter
1617 708 1780 741 iudicandi
1801 714 1831 741 et
1852 707 1953 742 inter-

1215 760 1362 803 pretandi
1383 761 1532 794 facultate
1553 767 1584 795 et
1603 761 1803 801 auctoritate,
1820 761 1956 795 iudicari

1216 819 1247 846 et
1267 813 1394 847 definiri
1424 814 1553 856 debere,
1583 825 1620 848 ac
1649 815 1773 848 irritum
1804 821 1835 848 et
1861 815 1956 848 inane

1216 867 1375 911 quidquid
1392 878 1483 901 secus
1494 878 1590 912 super
1606 868 1654 902 his
1674 874 1787 902 contra
1805 869 1888 902 hanc
1903 870 1957 902 de—

1217 920 1427 954 clarationem
1447 932 1466 954 a
1484 931 1666 966 quoquam,
1687 922 1798 965 quavis
1818 922 1958 956 auctori-

1219 978 1300 1014 tate,
1324 975 1474 1008 attentari
1492 975 1672 1018 contigerit,
1696 975 1911 1009 decernimus.

1262 1028 1278 1069 ξ
1300 1027 1329 1060 7.
1346 1028 1530 1062 Mandantes
1550 1034 1721 1072 propterea
1741 1029 1864 1062 dilectis
1884 1029 1958 1063 filiis

1217 1081 1381 1124 praesecto
1411 1087 1441 1115 et
1473 1081 1665 1115 officialibus
1694 1088 1725 1115 et
1755 1082 1957 1116 scholaribus

1218 1134 1293 1168 dicti
1314 1135 1451 1177 collegii,
1475 1146 1534 1169 nec
1553 1146 1618 1169 non
1644 1136 1894 1180 exequutoribus
1924 1136 1958 1170 in

1218 1187 1310 1221 dictis
1330 1187 1443 1222 litteris
1457 1189 1641 1232 apostolicis
1655 1189 1826 1233 deputatis,
1838 1200 1875 1223 ac
1888 1189 1958 1222 aliis

1218 1241 1393 1285 quibusvis,
1416 1243 1456 1276 ad
1477 1253 1557 1286 quos
1577 1248 1708 1287 spectat,
1728 1249 1762 1276 ut
1781 1254 1888 1287 supra,
1904 1243 1956 1277 di-

1219 1301 1286 1328 ctos
1295 1296 1530 1337 Sebastianum,
1542 1297 1716 1330 Antonium
1734 1303 1763 1330 et
1773 1297 1959 1330 Micliaelem

1219 1349 1353 1389 fratres,
1377 1357 1407 1383 et
1441 1351 1533 1384 Pium
1565 1362 1677 1385 eorum
1709 1356 1859 1395 nepotem
1885 1361 1958 1384 cum

1219 1413 1331 1437 corum
1353 1404 1621 1438 descendentibus
1641 1405 1673 1437 in
1686 1404 1859 1445 infinitum,
1877 1411 1958 1437 tam-

1219 1468 1315 1501 quam
1333 1458 1439 1502 primo
1452 1459 1523 1492 loco
1532 1464 1661 1492 vocatos
1673 1458 1704 1491 in
1717 1464 1869 1502 patronos
1883 1458 1959 1492 dicti

1219 1511 1347 1553 collegii
1367 1512 1525 1556 recipiant
1539 1518 1569 1545 et
1583 1517 1825 1555 recognoscant,
1848 1511 1880 1544 in
1893 1521 1961 1544 ma-

1220 1565 1410 1609 triculaque‚
1433 1576 1489 1599 seu
1511 1565 1593 1599 libro
1614 1565 1760 1598 omnium
1775 1571 1805 1599 et
1819 1565 1961 1609 singulo-

1220 1629 1291 1652 rum
1312 1619 1351 1652 de
1369 1618 1488 1651 familia
1508 1618 1742 1652 Ghisleriorum
1763 1619 1868 1663 primo
1889 1619 1959 1652 loco

1220 1678 1405 1706 vocatorum
1424 1672 1562 1706 describi
1579 1699 1585 1713 ,
1616 1678 1648 1706 et
1669 1672 1700 1705 in
1721 1672 1863 1706 archivio
1883 1673 1960 1706 dicti

1220 1726 1345 1769 collegii
1359 1726 1501 1766 recondi,
1514 1725 1794 1769 eisquetamquam
1803 1725 1956 1770 patronis,

1219 1785 1253 1812 ut
1267 1790 1375 1823 supra,
1392 1789 1520 1812 omnem
1536 1779 1747 1812 reverentiam
1762 1785 1791 1812 et
1806 1778 1960 1812 obedien-

1221 1832 1295 1865 tiam
1317 1832 1348 1864 in
1370 1832 1429 1872 his,
1454 1842 1536 1876 quae
1557 1832 1595 1864 ad
1618 1831 1698 1872 illos,
1725 1837 1888 1876 tamquam
1903 1842 1960 1876 pa-

1221 1892 1330 1919 tronos
1364 1885 1525 1929 pertinere
1555 1890 1710 1929 possunt,
1745 1885 1890 1918 adhiberi
1929 1891 1960 1918 et

1221 1939 1374 1982 praestari
1397 1945 1509 1972 curent
1529 1944 1557 1971 et
1580 1938 1706 1971 saciant.

1265 1994 1281 2034 g
1302 1991 1332 2024 8.
1368 1991 1523 2031 Quocirca
1543 1991 1779 2025 venerabilibus
1809 1991 1959 2026 fratribus
1974 1995 2158 2052 qffgffifflfm*

1220 2046 1388 2090 l‘apiensi,
1422 2046 1638 2086 Terdonensi,
1674 2051 1705 2079 ct
1725 2045 1958 2079 placentinensi

1221 2100 1380 2143 episcopis
1400 2110 1457 2144 per
1477 2105 1662 2144 praesentes
1683 2100 1912 2133 committimus
1930 2104 1961 2133 et

1222 2154 1433 2191 mandamuS,
1455 2159 1490 2186 ut
1511 2153 1592 2197 ipsi,
1618 2153 1664 2186 vel
1694 2153 1758 2186 duo
1774 2181 1781 2193 ,
1804 2159 1859 2186 aut
1879 2164 1962 2187 unus

1221 2218 1332 2241 corum
1347 2218 1462 2251 perse,
1475 2207 1620 2246 velalios,
1633 2213 1816 2250 praesentes
1826 2207 1957 2247 litteras,

1222 2262 1302 2295 etin
1325 2262 1369 2294 cis
1399 2267 1548 2295 contenta
1578 2271 1816 2304 quaecumque,
1846 2260 1901 2293 ubi
1931 2266 1962 2294 et

1222 2315 1351 2358 quando
1372 2325 1452 2358 opus
1473 2313 1577 2353 suerit,
1599 2319 1628 2346 et
1650 2313 1776 2357 quoties
1794 2324 1851 2357 pro
1873 2319 1962 2357 parte

1222 2369 1380 2402 dictorum
1406 2367 1602 2407 Sebastiam,
1631 2373 1658 2399 ct
1683 2367 1831 2406 fratrum,
1855 2372 1882 2400 et
1905 2376 1961 2400 ne—

1223 2422 1316 2466 potis,
1340 2431 1517 2465 eorumque
1539 2421 1713 2453 haeredum
1744 2426 1770 2452 et
1801 2430 1962 2453 successo-

1222 2486 1305 2515 rum,
1328 2474 1528 2507 autalicuius
1540 2484 1650 2507 corum
1674 2473 1788 2505 suerint
1803 2472 1958 2516 requisiti,

1221 2529 1408 2561 solemniter
1429 2527 1650 2571 publicantes,
1685 2526 1795 2570 eisquc
1818 2526 1847 2558 in
1868 2535 1961 2569 prae-

1222 2582 1335 2619 missis,
1360 2581 1496 2614 ellieacis
1517 2580 1710 2614 defensionis
1731 2578 1890 2623 praesidio
1913 2589 1962 2611 as-

1220 2637 1377 2673 sistentes,
1403 2636 1531 2673 saciant,
1548 2635 1736 2668 auctoritate
1751 2639 1869 2671 nostra,
1890 2633 1960 2665 illos

448 2689 524 2721 tuuu
541 2690 625 2721 dicto
641 2690 694 2722 l'io
709 2691 870 2733 «piendam
894 2691 1037 2729 Antonii,
1063 2703 1098 2724 ac
1119 2691 1187 2722 eius
1202 2710 1204 2725 .
1221 2691 1408 2723 eorumdem
1431 2689 1679 2733 praemissorum
1693 2687 1805 2721 ettvctu
1827 2685 1959 2731 pacifice

1967 286 2016 313 Au.
2033 286 2063 314 C.
2084 285 2151 315 1598

1995 1036 2118 1058 Mandatum
2129 1036 2155 1058 de

1972 1063 2103 1090 exequendo.
