2253 3195
43 267 92 294 Αιι.
114 266 143 293 C.
161 265 228 294 1598

58 799 157 819 Extende
165 798 230 824 ipsius

46 826 161 851 supradicti
173 831 229 845 titan-

46 852 99 872 dau.

858 258 1005 285 CLEMENS
1025 259 1083 282 VIII
1101 258 1152 282 PP.

242 313 417 351 branffino,
444 317 474 345 et
505 312 566 345 alio
598 320 822 355 quocumque,
854 309 984 342 nomine

243 367 376 400 Sanctae
401 366 491 399 Sedis
508 371 538 399 et
556 366 703 399 Gamerae
723 363 932 406 Apostolicae,
953 363 984 395 in

243 425 273 452 et
311 430 407 462 super
439 424 575 451 tractatu
614 417 712 462 ipsius
744 415 985 460 compositionis

243 479 394 506 tractatae
411 479 439 506 et
459 472 643 506 tractandae
670 482 741 504 cum
768 469 932 513 praedicto
951 469 984 500 il-

243 526 433 560 lustrissimo
451 532 481 558 et
497 524 762 559 reverendissimo
780 524 815 555 D.
832 522 985 555 cardinali

242 580 372 613 nomine
389 579 565 623 praedicto,
582 588 679 621 super
696 576 894 610 restitutione
913 575 986 607 ciri-

244 632 318 666 tatis
335 631 496 665 Ferrariae
509 636 540 664 et
552 630 688 663 aliorum
707 630 850 661 locorum
868 630 986 671 depen-

244 679 441 718 dentiumet
470 693 711 721 connexorum,
732 687 760 715 et
779 681 833 725 qui
853 682 892 713 ab
912 681 987 724 ipsis

245 738 389 781 partibus
411 736 667 770 nominabuntur
685 736 716 768 in
738 735 885 778 capitulis
904 741 987 767 tran-

245 790 396 824 sactionis
413 790 446 823 in
467 795 497 823 et
521 800 579 834 per
599 789 748 829 modum,
774 794 804 821 et
828 799 901 821 rum
927 788 988 820 illis

245 844 358 888 pactis,
384 843 500 882 modis,
520 842 644 882 formis,
667 841 826 885 capitulis,
846 841 986 885 promis-

236 891 387 930 ‘sionibus
412 902 443 930 et
472 895 742 938 obligationibus,
777 893 894 937 quibus
923 894 989 926 eius

245 950 425 983 celsitudini
442 949 601 983 videbitur
617 955 647 982 et
668 949 836 992 placuerit,
849 954 880 981 et
896 959 990 991 gene-

244 1003 354 1036 raliter
377 1002 417 1036 ad
434 1003 540 1035 omnia
563 1002 622 1035 alia
644 1007 675 1034 et
695 1001 819 1044 singula
842 1001 988 1040 dicenda,

245 1055 409 1094 facienda,
432 1055 572 1099 gerenda
587 1082 594 1093 ‚
613 1053 790 1087 exercenda
815 1059 845 1086 et.
869 1064 988 1097 procu-

246 1108 358 1149 randa,
379 1119 459 1152 quae
485 1108 517 1140 in
542 1107 713 1151 praedictis
738 1113 768 1140 et
792 1106 876 1139 circa
894 1117 988 1150 prae-

246 1161 331 1194 dicta
362 1161 608 1204 quomodolibet.
636 1159 814 1193 necessaria
840 1165 934 1192 erunt
962 1166 991 1192 et

246 1221 444 1260 opportuna,
471 1221 502 1248 et.
526 1225 608 1258 quae
632 1214 766 1258 ipsemet
794 1214 992 1247 constituens

248 1269 353 1303 faeere
376 1274 502 1312 posset,
520 1268 545 1300 si
572 1277 724 1311 praesens
750 1272 850 1303 essct,
869 1266 992 1300 etiamsi

249 1323 322 1356 talia
346 1323 467 1362 forent,
494 1332 576 1365 quae
610 1321 796 1354 mandatum
830 1320 990 1363 exigerent

249 1376 349 1419 magis
381 1375 540 1420 speciale,
574 1385 671 1418 quam
701 1374 923 1418 praesentibus
955 1374 994 1407 sit

249 1439 432 1473 expressum
453 1440 460 1469 3
501 1429 581 1461 dans
621 1427 805 1472 praedictus
845 1427 994 1461 dominus

250 1482 446 1515 constituens
485 1481 666 1524 praedictae
701 1479 923 1513 serenissimae
956 1479 992 1511 D.

251 1534 471 1578 procuratrici,
500 1535 573 1567 licet
593 1535 729 1573 absenti,
757 1534 900 1577 plenum,
920 1532 997 1565 libe-

251 1599 335 1629 rum,
363 1588 510 1631 generale
535 1593 565 1620 et
591 1586 727 1630 speciale
754 1587 938 1619 mandatum
966 1587 995 1618 in

252 1643 357 1685 plena,
380 1641 493 1681 libera,
513 1640 655 1685 generali
681 1646 711 1673 et
743 1640 872 1683 speciali
898 1639 998 1672 admi-

250 1696 438 1728 nistratione
456 1695 486 1727 in
513 1694 685 1738 praedictis
707 1693 857 1727 omnibus
881 1699 910 1726 et
936 1693 999 1725 sin—

251 1749 333 1793 gulis
356 1755 387 1782 et
411 1748 555 1792 quolibet
579 1748 838 1792 praedictorum,
859 1747 998 1790 promit-

252 1809 322 1836 tens
353 1803 440 1847 quod
466 1802 571 1836 dictus
603 1802 639 1835 D.
666 1801 865 1835 constituens
896 1800 998 1834 dictae

253 1856 474 1891 serenissimae
491 1856 527 1889 D.
544 1855 753 1900 procuratrici
770 1855 843 1889 licet
860 1854 997 1893 absenti,

254 1911 377 1944 etmihi
402 1909 527 1943 notario
556 1910 760 1952 infrascripto
786 1908 829 1941 uti
855 1908 1000 1952 publicae

255 1973 410 2007 personae
435 1963 599 2007 stipulanti
618 1968 648 1996 et
673 1962 837 2006 recipienti
863 1961 1002 1994 nomini-

255 2017 327 2057 hus,
346 2021 377 2049 et
393 2017 460 2050 vice
476 2016 622 2049 omnium
640 2021 671 2049 et
688 2015 903 2058 singulorum,
922 2025 1001 2057 quo-

256 2080 327 2103 rum
352 2070 503 2109 interest,
531 2069 694 2107 intererit,
720 2074 775 2101 aut
800 2068 831 2100 in
858 2068 1000 2101 futurum

256 2125 407 2157 interesse
432 2129 557 2166 posset,
584 2133 640 2155 seu
672 2122 810 2166 poterit,
838 2132 870 2154 se
896 2121 1000 2164 ipsum

257 2176 397 2217 firmum,
422 2181 527 2209 ratum
553 2180 583 2208 et
606 2181 733 2218 gratum
761 2179 916 2218 perpetuo
940 2175 1002 2206 lia—

257 2230 400 2263 biturum
415 2239 510 2262 omne
522 2228 564 2267 id7
577 2228 773 2272 etquidquid
791 2227 876 2271 quod
889 2238 945 2270 per
958 2226 1003 2258 (li-

258 2289 340 2316 ctam
356 2282 592 2317 serenissimam
612 2281 864 2324 procuratricem
883 2286 1002 2319 actum,

259 2337 393 2375 dictum,
406 2341 532 2379 gestum
550 2341 580 2368 et
596 2339 804 2379 procuratum
823 2333 1003 2371 tuerit,sul›

259 2390 437 2434 hypotheca
454 2395 483 2422 et
502 2389 695 2432 obligatione
716 2387 860 2420 omnium
884 2392 915 2419 et
941 2386 1004 2419 sin-

259 2443 408 2486 gulorum
435 2443 482 2476 sui
509 2448 539 2475 et
571 2442 730 2475 bonorum
758 2451 889 2473 suorum
916 2450 1005 2483 prae—

260 2496 398 2530 sentium
424 2503 455 2529 ct
489 2496 691 2529 futurorum.
718 2495 783 2537 Ego
817 2494 1004 2527 Franciseus

261 2549 424 2593 quondam
443 2549 478 2581 D.
506 2548 665 2592 Baptistae
683 2547 845 2587 Rondoni,
859 2546 1005 2590 publicus

261 2602 434 2647 apostolica
458 2607 489 2635 et
513 2601 670 2646 imperiali
689 2600 933 2634 auctoritatibus
950 2610 1005 2633 no·

263 2657 384 2698 tarius,
411 2661 442 2690 et
466 2655 542 2689 civis
574 2655 788 2689 Ferraricnsis
815 2653 1006 2698 supradictis

1018 306 1160 347 interfui,
1180 311 1209 339 et
1228 316 1263 338 ea
1286 310 1414 348 rogatus
1432 302 1556 346 scripsi,
1579 307 1610 335 et
1627 301 1761 335 subinde

1018 360 1201 404 exemplari,
1229 366 1256 392 et
1284 360 1315 392 in
1341 359 1421 392 han«-
1448 357 1607 401 publicam
1627 358 1761 389 l'ormam

1019 413 1119 456 redigi
1140 413 1197 446 feci
1215 423 1287 445 cum
1306 412 1397 454 siguo
1421 416 1450 444 et
1476 409 1605 442 nomine
1624 420 1696 441 meo
1714 418 1763 440 so-

1020 465 1092 497 litis.
1107 466 1189 497 Loco
1206 465 1230 507 †
1248 464 1329 507 signi
1348 464 1479 507 predicti
1495 464 1530 496 D.
1553 461 1671 495 Notarii
1690 471 1763 493 cum

1002 526 1003 546 ἒ
1021 518 1131 551 litteris
1155 517 1326 560 legalizatis
1344 517 1394 549 liie
1416 516 1552 549 insertis.
1569 515 1606 547 Et
1623 516 1687 558 Ego
1706 514 1765 546 Lu-

1020 571 1151 604 dovicus
1176 571 1311 607 Martini,
1324 570 1473 604 Gamerae
1493 568 1692 613 ApostoliCae
1710 577 1766 599 no-

1022 624 1130 664 tarius,
1142 624 1195 667 qui
1208 623 1246 657 de
1261 623 1444 667 supradicto
1456 622 1671 655 instrumento
1680 630 1766 653 eom—

1022 678 1187 722 positionis
1201 683 1231 710 et
1247 676 1470 710 transactionis
1496 677 1525 708 in
1545 676 1683 709 solidum
1703 685 1766 706 una

1022 742 1094 764 «sum
1114 731 1317 774 infrascripto
1336 730 1552 763 D.Fraueisco
1568 727 1764 772 rogatussui,

1023 792 1053 819 et
1070 786 1108 817 de
1124 785 1296 818 illonotam
1315 784 1447 828 sumpsi,
1462 783 1603 816 ideolioe
1615 792 1765 825 praesens·

1024 838 1188 882 publicum
1220 837 1467 870 instrumentum
1499 835 1692 879 subscripsi,
1720 834 1769 867 si—

1024 892 1117 935 gnavi
1143 898 1173 925 et
1197 891 1352 935 publicavi
1379 891 1409 923 in
1442 890 1538 923 Iidem
1572 889 1770 933 praemisso—

1025 957 1095 979 rum
1121 945 1304 988 requisitus.
1334 945 1400 988 Ego
1430 944 1616 976 Franciscus
1642 941 1771 975 Ilondo-

1025 1010 1094 1037 nus,
1110 999 1257 1042 publicus
1279 998 1452 1041 apostoliea
1478 1003 1509 1030 et
1534 995 1691 1040 imperiali
1717 1000 1772 1027 au-

1026 1052 1226 1086 ctoritatibus
1251 1051 1407 1091 notarius,
1423 1056 1451 1084 et
1466 1051 1541 1084 civis
1559 1048 1773 1083 Ferrariensis

1026 1106 1195 1148 deputatus
1220 1104 1259 1137 ab
1293 1103 1508 1137 illustrissimo
1533 1114 1549 1135 e
1576 1101 1773 1136 reverendis-

1026 1159 1106 1191 simo
1138 1159 1172 1191 D.
1201 1157 1355 1191 cardinali
1381 1156 1524 1190 Bandino
1554 1156 1586 1188 in
1612 1154 1773 1199 provincia

1027 1211 1257 1245 Romandiolae
1282 1211 1320 1244 de
1346 1211 1444 1244 latere
1462 1210 1565 1253 legato
1584 1208 1772 1252 apostolico,

1028 1270 1122 1308 prout
1145 1264 1183 1297 de
1210 1263 1393 1297 huiusmodi
1420 1262 1625 1306 deputatione
1651 1266 1776 1293 constat

1027 1319 1060 1352 in
1085 1318 1162 1352 actis
1186 1317 1362 1361 supradicti
1380 1317 1415 1349 D.
1437 1315 1602 1353 Ludovici‚
1630 1314 1776 1357 supradi-

1028 1373 1087 1406 ctis
1119 1372 1247 1406 interfui
1279 1377 1307 1405 et
1341 1376 1472 1413 rogatus
1506 1368 1680 1412 subscripsi
1713 1377 1775 1399 una

1029 1437 1101 1459 cum
1119 1425 1302 1469 supradicto
1320 1425 1353 1456 D.
1372 1424 1545 1461 Ludovico,
1562 1426 1618 1455 etc.
1638 1422 1671 1454 In
1685 1431 1776 1465 prae-

1031 1479 1199 1512 missorum
1231 1477 1327 1511 fidem
1354 1476 1405 1510 lile
1426 1487 1476 1509 me
1500 1475 1674 1518 subscripsi
1701 1484 1775 1506 cum

1030 1533 1121 1576 signo
1145 1537 1176 1565 et
1193 1531 1322 1564 nomine
1341 1530 1430 1563 meis.
1452 1529 1515 1562 Nos
1540 1528 1688 1562 Octavius
1707 1538 1777 1560 car-

1030 1585 1143 1618 dinalis
1173 1583 1348 1623 Raudium,
1376 1582 1556 1626 provinciae
1582 1580 1778 1614 Romandio-

1030 1641 1077 1672 lae
1102 1644 1132 1671 et
1156 1638 1329 1670 Exarcatus
1355 1637 1523 1669 Ravennae
1549 1635 1588 1668 de
1614 1635 1713 1668 latere
1735 1635 1778 1666 le-

1032 1699 1138 1735 gatus,
1167 1691 1322 1724 universis
1359 1695 1387 1723 et
1426 1689 1560 1732 singulis
1597 1693 1780 1732 praesentes

1032 1745 1146 1779 visuris
1171 1750 1360 1777 attestamur
1377 1771 1384 1780 ‚
1405 1742 1607 1786 supradictos
1632 1741 1691 1774 DD.
1722 1740 1781 1772 Lu-

1033 1799 1180 1832 dovieum
1199 1804 1228 1831 et
1245 1797 1452 1830 Franciscum
1478 1796 1573 1829 fuisse
1598 1800 1629 1828 et
1652 1805 1720 1827 csse
1737 1794 1780 1826 le-

1034 1852 1118 1894 gales
1143 1858 1173 1884 et
1196 1850 1397 1884 authenticos
1422 1850 1575 1886 notarios,
1604 1858 1781 1892 eorumque

1034 1905 1200 1950 scripturis
1232 1904 1367 1949 publicis
1402 1904 1433 1936 in
1467 1902 1587 1936 iudicio
1628 1908 1658 1934 et
1695 1907 1782 1934 extra

1035 1959 1210 1993 adhibitam
1237 1957 1334 1991 fuisse
1360 1962 1390 1990 et
1415 1967 1484 1989 esse
1509 1955 1617 1988 tidem.
1642 1955 1677 1987 ln
1703 1964 1783 1997 quo-

1036 2024 1118 2053 rum,
1139 2017 1210 2052 ele,
1238 2016 1420 2055 praesentes
1446 2010 1513 2044 [ieri
1540 2020 1598 2052 per
1622 2008 1782 2041 notarium

1035 2066 1262 2110 provincialem
1296 2063 1505 2097 secretarium
1540 2060 1718 2099 subscribi,
1754 2065 1785 2092 et

1036 2120 1139 2163 sigillo
1156 2124 1266 2152 nostro
1292 2117 1409 2151 muniri
1435 2116 1578 2149 fecimus.
1593 2116 1707 2148 Datum
1727 2114 1785 2146 Fa-

1037 2173 1171 2211 ventiae,
1200 2173 1251 2206 die
1276 2181 1330 2204 xut
1365 2169 1488 2204 ianuari
1523 2164 1679 2202 iinxcvu‘t.
1715 2167 1781 2209 Ego

1038 2226 1211 2260 Mercurius
1228 2225 1447 2263 Sebastianus,
1471 2222 1672 2259 secretarius,
1692 2221 1722 2252 in
1749 2219 1785 2252 si-

1039 2280 1111 2313 dem
1137 2278 1323 2321 subscripsi.

1083 2334 1097 2374 ,ξ
1122 2333 1152 2365 3.
1181 2333 1324 2375 Cumque
1343 2331 1524 2375 praedictae
1543 2327 1782 2367 conventiones,

1041 2391 1130 2430 parta
1155 2392 1184 2420 et
1210 2387 1360 2429 capitula,
1382 2390 1416 2416 ut
1442 2386 1631 2427 praefertur,
1652 2381 1728 2414 inita
1745 2380 1784 2413 ad

1039 2439 1182 2472 ciusdem
1207 2439 1369 2472 Romanae
1388 2437 1559 2476 Ecclesiae,
1582 2435 1738 2478 Sedisque
1756 2440 1785 2467 et

1040 2492 1190 2525 Gamerae
1227 2491 1406 2535 praedictae
1444 2489 1613 2522 utilitatem
1651 2488 1787 2521 maxime

1042 2546 1240 2589 pertineant,
1269 2545 1399 2588 ipseque
1425 2544 1539 2576 Caesar
1566 2553 1598 2575 se
1630 2552 1668 2575 eo
1694 2546 1787 2586 pacto

1041 2605 1148 2632 nostra
1170 2605 1201 2631 ct
1218 2597 1417 2641 Apostolicae
1441 2595 1530 2629 Sedis
1555 2595 1656 2638 gratia
1673 2600 1704 2628 et
1727 2594 1789 2627 cle—

1042 2652 1160 2687 mentia
1178 2651 1311 2695 dignum
1330 2649 1509 2684 reddiderit
1527 2662 1533 2687 ;
1554 2658 1612 2682 nos
1630 2647 1669 2682 de
1686 2646 1789 2682 omni-

1666 241 1732 275 423
1778 252 1825 278 An.
1843 251 1872 276 c.
1895 249 1962 277 ¹598

1820 2332 1915 2352 Clemens
1924 2332 1986 2356 pacta

1801 2365 1870 2378 nutum
1887 2361 1932 2378 rata
1949 2358 1986 2377 lia-

1801 2386 1836 2406 bel
1843 2388 1862 2405 et
1871 2385 1987 2405 contii-mat.
