2253 3195
311 275 363 302 An.
379 276 408 302 c.
432 276 499 303 1599
545 266 610 299 524

343 921 499 947 (nunti-ariique

315 949 410 974 derogat.

1096 274 1280 298 BULLARIUM
1296 274 1449 298 ROMANUM

515 331 545 358 et
566 325 708 366 singulos
723 323 992 366 tamiuris,quam
1007 322 1079 356 sacti
1100 323 1253 363 defectus,
1290 323 1399 356 multis
1416 323 1591 356 Ecclesiam
1622 334 1712 356 suam
1732 324 2028 367 perturbationibus

511 379 536 411 si
559 377 613 421 qui
635 378 774 420 desuper
795 376 1036 416 intervenerint,
1054 376 1253 419 supplemus,
1291 375 1473 416 concuti‚et
1486 382 1648 420 tamquam
1660 377 1903 420 tempestatibus
1916 377 2029 410 iactari

513 432 682 475 ipsumque
703 436 856 463 statutum
874 441 933 474 per
944 441 999 463 vos
1013 436 1043 463 et
1055 440 1256 463 successores

513 491 645 523 vestros,
670 483 813 527 aliosque
828 483 1003 523 omnes,ad
1021 493 1102 526 quos
1119 487 1252 526 spectat,

514 543 544 570 et
564 537 595 569 in
617 537 760 569 futurum
797 536 970 580 spectabit,
1006 536 1194 569 inconcusse
1227 541 1255 568 et

513 590 663 623 inviolate
691 596 849 634 perpetuo
871 590 1033 623 observari
1055 589 1189 629 debere3
1220 599 1256 621 ac

513 644 640 676 irritum
662 650 693 677 et
717 644 811 676 inane
841 643 1000 687 quidquid
1031 654 1123 676 secus
1158 653 1256 686 super

513 697 562 730 his
575 708 592 730 a
610 707 786 741 quoquam,
799 697 909 741 quavis
930 697 1130 737 auctoritate,
1152 696 1256 729 scien-

514 757 564 783 ter
583 751 632 784 vel
666 751 874 793 ignoranter,
909 750 1081 792 contigerit
1107 749 1256 782 attentari

514 804 730 837 decernimus.

560 859 576 899 ξ
597 857 627 890 4.
644 858 714 890 Non
732 857 933 890 obstantibus
953 856 1119 900 quibusvis
1139 856 1257 889 consti-

516 911 694 944 tutionibus
715 917 745 944 et
773 911 1030 944 ordinationibus
1056 910 1252 954 apostolicis,

516 975 552 997 ac
573 964 643 997 aliis
662 964 806 997 eiusdem
839 963 992 997 ecclesiae
1012 969 1134 996 vestrae
1161 963 1255 996 etiam

516 1018 709 1059 iuramento,
733 1018 980 1052 confirmatione
998 1017 1185 1061 apostolica,
1208 1018 1257 1050 vel

517 1072 628 1115 quavis
646 1072 797 1105 firmitate
815 1072 876 1105 alia
896 1071 1068 1111 roboratis,
1085 1071 1210 1104 statutis
1228 1077 1257 1104 et

517 1125 816 1166 consuetudinibus,
840 1125 1013 1169 privilegiis
1034 1136 1180 1168 quoque,
1203 1125 1255 1157 in-

518 1179 613 1211 dultis
627 1184 657 1211 et
670 1178 783 1212 litteris
795 1178 978 1222 apostolicis
995 1178 1095 1218 vobis,
1110 1184 1139 1211 et
1153 1178 1256 1211 eidem

518 1232 684 1272 ecclesiae,
708 1243 762 1265 seu
784 1232 948 1275 quibusvis
975 1231 1045 1265 aliis
1065 1232 1096 1264 in
1126 1238 1256 1265 eontra-

518 1286 601 1319 rium
624 1286 877 1330 praemissorum
910 1286 1154 1330 quomodolibet
1182 1297 1259 1319 con—

519 1339 629 1379 cessis,
650 1339 848 1372 contirmatis
869 1345 899 1372 ct
920 1339 1115 1383 approbatis.
1139 1339 1260 1378 Quibus

519 1393 669 1426 omnibus
680 1399 710 1426 et
730 1393 873 1435 singulis,
895 1403 1007 1426 eorum
1031 1399 1156 1426 tenores
1168 1403 1260 1436 prae-

519 1445 662 1479 sentibus
684 1456 743 1489 pro
765 1445 920 1489 expressis
940 1446 1094 1479 habentes
1109 1473 1116 1485 ‚
1139 1445 1261 1489 specia-

518 1498 590 1531 liter
611 1505 638 1531 et
661 1509 808 1542 expresse
835 1498 1039 1541 derogamus,
1063 1498 1260 1542 caeterisque

518 1551 688 1583 contrariis
713 1551 982 1595 quibuscumque.

563 1605 677 1638 Datum
699 1606 821 1638 Romae
840 1606 925 1649 apud
943 1605 972 1639 S.
988 1606 1119 1639 Petrum
1133 1605 1192 1639 sub
1206 1616 1261 1638 an-

519 1658 596 1691 nulo
622 1658 808 1699 Piscator-is,
837 1659 888 1692 die
908 1669 961 1692 xiv
981 1659 1107 1702 augusti
1127 1669 1258 1699 unxetx,

520 1712 726 1745 pontificatus
747 1712 846 1745 nostri
869 1723 953 1746 anno
965 1723 1034 1746 vui.

556 1774 612 1802 [hit.
629 1775 671 1801 die
690 1775 718 1802 tt
734 1775 840 1809 augusti
860 1776 937 1808 1599,
955 1775 1050 1811 pontis.
1071 1783 1115 1802 an.
1131 1782 1188 1803 vni.

835 1954 942 1987 CCXll.

521 2051 672 2084 Ilm-tatio
698 2051 876 2094 pastoralis
900 2052 943 2083 acl
980 2052 1138 2094 episcopos
1169 2052 1263 2094 rcqm'

567 2104 697 2136 Galliae
719 2107 763 2143 ui,
789 2114 866 2147 pace
887 2104 954 2135 ium
978 2104 1152 2147 rmnposila
1179 2105 1264 2137 luter

566 2168 653 2197 reyes·
675 2157 806 2190 Galliae
836 2161 864 2188 e!
896 2157 1164 2200 Ilispnm'arum,
1206 2168 1263 2190 suo

566 2210 696 2241 muneri
715 2210 970 2252 ‹tninmrumth
988 2210 1091 2242 saluti
1110 2214 1138 2242 (Ἰ
1155 2211 1263 2242 calho-

568 2264 648 2295 [icae
660 2263 737 2305 fidei
753 2267 926 2305 (tttslntc'nlo
943 2264 1127 2296 mulionum
1140 2264 1263 2296 incum-

568 2317 655 2348 [mut.

702 2373 857 2404 Clemens
878 2373 970 2414 Papa
992 2374 1073 2403 vlu

524 2443 750 2470 Venerabitibus
775 2443 916 2469 tratribus
942 2443 1165 2477 archiepiscopo
1193 2444 1265 2478 Luq-

560 2496 686 2522 dunensi
709 2499 740 2522 at.
760 2496 908 2530 episcopis
931 2496 959 2523 in
980 2496 1081 2523 eadem
1111 2496 1265 2529 provincia

562 2550 747 2576 constitutis,

573 2619 660 2651 tuin->-
677 2619 705 2651 in
727 2620 945 2652 „tiss-nivarde·
968 2632 1022 2652 sua
1042 2622 1133 2657 Deus,
1153 2631 1265 2664 ‹pinin-

433 2682 495 2695 ¹··¹*·¹-
530 2672 572 2703 xis
609 2673 746 2715 pom-:itis
783 2673 949 2705 hominum
984 2674 1262 2717 prtum-rentibus,

1290 429 1466 472 permittat,
1485 429 1602 473 quibus
1616 440 1672 462 cor
1686 434 1832 462 nostrum
1853 430 1941 471 gravi
1961 441 2030 464 mo-

1290 483 1381 516 lestia
1393 489 1423 516 et
1434 482 1652 516 sollicitudine
1665 482 1846 523 conficitur,
1857 483 1910 526 qui
1924 483 1956 516 in
1969 483 2028 517 hac

1289 536 1389 580 puppi
1416 536 1582 569 militantis
1604 536 1783 576 Ecclesiae,
1810 535 1932 569 meritis
1955 536 2030 570 licet

1290 595 1319 622 et
1337 589 1456 622 viribus
1473 589 1661 633 imparibus,
1684 589 1749 622 Deo
1770 589 1839 633 ipso
1859 589 1903 622 ita
1923 590 2030 634 dispo-

1290 648 1396 683 nente,
1421 644 1544 676 clavum
1561 649 1717 682 tenemus,
1742 642 1826 676 idem
1846 648 1952 676 tamen
1967 642 2028 675 mi-

1290 697 1426 730 sericors
1440 703 1469 730 et
1484 697 1654 730 miserator
1665 697 1830 737 Dominus,
1851 697 2028 730 secundum

1290 751 1415 783 divitias
1427 750 1578 783 bonitatis
1589 761 1676 791 suae,
1696 761 1755 784 nos
1768 750 1937 784 stillicidiis
1950 761 2029 784 con-

1289 804 1457 837 solationis
1477 814 1553 837 suae
1574 804 1721 847 mitigare
1742 805 1937 848 quandoque
1962 814 2027 837 non

1290 863 1402 891 cessat.

1335 912 1351 953 ξ
1377 911 1406 944 ’1.
1428 911 1506 944 Nam
1538 921 1616 954 paee
1646 911 1729 944 inter
1745 911 1825 944 duos
1845 910 2026 954 pontentis-

1290 964 1388 998 simos
1408 976 1510 1007 reges,
1534 964 1618 998 filios
1639 970 1765 998 nostros
1782 965 1814 997 in
1833 964 1957 999 Christo
1977 975 2029 998 ca-

1290 1019 1445 1059 rissimos,
1462 1018 1646 1052 admirabili
1663 1018 1718 1052 Dei
1736 1018 1932 1060 benignitate
1950 1028 2028 1051 con-

1291 1072 1413 1112 ciliata,
1437 1072 1525 1115 quod
1545 1071 1659 1104 crebro
1680 1077 1710 1104 et
1734 1071 1834 1104 multa
1857 1081 1931 1104 cum
1951 1081 2027 1113 gra-

1290 1125 1406 1159 tiarum
1421 1125 1547 1158 actione
1558 1125 1880 1158 commemorandum
1892 1129 1948 1165 est,
1967 1124 2030 1157 iam

1292 1191 1329 1213 ex
1357 1190 1394 1212 ea
1432 1179 1464 1211 in
1493 1179 1553 1211 isto
1588 1178 1791 1222 potissimum
1831 1178 2032 1212 nobilissimo

1292 1232 1446 1265 Franciae
1455 1241 1565 1274 regno,
1578 1232 1665 1275 quod
1682 1231 1714 1264 in
1727 1231 1901 1264 visceribus
1918 1231 2032 1266 Christi

1293 1286 1444 1329 gerimus,
1469 1286 1641 1319 commoda
1661 1285 1725 1326 illa,
1742 1291 1777 1318 ut
1796 1285 1987 1325 audivimus,
2001 1289 2033 1318 et

1293 1340 1451 1384 spiritales
1486 1339 1638 1372 utilitates
1669 1349 1820 1372 emanare
1860 1338 2030 1383 incipiunt,

1293 1403 1372 1437 quas
1393 1404 1410 1425 a
1430 1403 1555 1426 summa
1572 1392 1626 1425 Dei
1648 1391 1829 1430 clementia,
1849 1397 1881 1425 et
1899 1402 1917 1424 a
1931 1397 2033 1425 vestra

1294 1447 1388 1480 etiam
1414 1446 1567 1490 pastorali
1599 1445 1774 1488 vigilantia,
1797 1446 1911 1478 fratres
1930 1455 2029 1479 vene-

1294 1500 1421 1539 rabiles,
1446 1499 1703 1544 expectabamus.
1720 1499 1785 1532 lam
1796 1498 1881 1532 enim
1903 1498 2034 1542 optatis-

1294 1554 1393 1587 simae
1407 1559 1437 1588 et
1451 1553 1601 1587 divinitus
1615 1553 1749 1587 collatae
1762 1553 1848 1597 pacis
1861 1552 2031 1594 beneficio,

1295 1618 1429 1651 regnum
1445 1607 1529 1641 istud
1547 1607 1794 1651 amplissimum,
1817 1612 1979 1650 tamquam
1998 1616 2036 1640 ex

1295 1661 1381 1704 gravi
1403 1666 1430 1694 et
1452 1661 1635 1705 periculoso
1657 1660 1787 1700 morbo,
1819 1670 1883 1704 quo
1913 1659 1968 1693 diu
1989 1665 2036 1693 est

1295 1714 1492 1754 afflictatum,
1516 1713 1654 1747 recreari
1675 1713 1816 1753 videtur,
1841 1712 1904 1746 iam
1925 1712 2034 1746 divino

1296 1767 1380 1800 illius
1401 1777 1545 1807 munere,
1569 1766 1623 1810 qui
1644 1772 1690 1799 est
1722 1777 1782 1810 pax
1813 1771 1944 1806 nostra,
1979 1765 2034 1810 qui

1295 1833 1359 1856 non
1380 1822 1537 1866 permittit
1556 1832 1614 1855 nos
1639 1821 1753 1854 tentari
1774 1831 1870 1865 supra
1895 1820 1926 1854 id
1947 1821 2034 1865 quod

1296 1886 1477 1919 possumus,
1508 1875 1563 1908 scd
1586 1874 1659 1907 sacit
1672 1885 1745 1907 cum
1765 1873 1940 1908 tentatione
1960 1883 2047 1918 pr0-·

1295 1934 1436 1967 ventum,
1454 1927 1599 1971 respirat,
1612 1933 1644 1961 et
1664 1926 1906 1971 quodammodo
1925 1937 2033 1960 resur-

1296 1982 1340 2025 git
1371 1980 1636 2015 christianissima
1664 1980 1765 2014 Gallia
1799 1986 1829 2013 et
1860 1979 2036 2014 catholicae

1297 2034 1462 2077 religionis
1496 2034 1597 2076 gloria
1614 2061 1620 2073 ‚
1649 2039 1680 2066 et
1700 2039 1788 2067 vetus
1809 2033 1861 2066 ille
1881 2033 2036 2077 splendor

1297 2088 1393 2121 divini
1413 2088 1526 2126 cultus,
1548 2094 1582 2120 ut
1601 2086 1792 2125 audivimus,
1808 2086 1963 2130 paulatim
1986 2097 2035 2120 re-

1297 2142 1383 2175 ditet
1398 2141 1589 2179 reflorescit·‚
1606 2147 1749 2184 pastores
1763 2140 1946 2184 complures
1959 2139 2036 2183 vigi-

1298 2197 1363 2229 lant
1383 2206 1479 2239 super
1507 2205 1636 2237 gregem
1662 2205 1768 2231 suum,
1789 2199 1819 2227 et
1837 2204 1910 2227 oves
1931 2198 2036 2237 pasto-

1298 2260 1367 2282 rum
1383 2259 1490 2280 roccnn
1506 2247 1651 2286 audiunt,
1667 2252 1697 2279 ct
1714 2247 1753 2279 al)
1771 2246 1883 2279 alienis
1896 2246 2032 2288 fugiunt,

1297 2308 1327 2335 ct
1348 2301 1484 2345 Spiritus
1510 2300 1615 2333 Sancti
1637 2300 1768 2332 numine
1789 2299 1885 2332 corda
1906 2305 2034 2343 patrum

1298 2355 1337 2388 ad
1359 2355 1452 2394 tilios,
1470 2360 1498 2387 et
1513 2354 1609 2386 rortla
1625 2353 1763 2386 liliorum
1779 2353 1817 2386 ad
1832 2358 1938 2396 patres
1957 2363 2035 2386 con-

1300 2414 1474 2441 vertuntur.
1499 2407 1584 2446 Quae
1609 2417 1680 2439 cum
1708 2406 1799 2439 nobis
1820 2405 2033 2446 nunciantur,

1299 2462 1417 2494 exultat
1439 2461 1468 2493 in
1492 2461 1554 2493 [too
1585 2459 1715 2503 spiritus
1737 2466 1860 2499 noster,
1893 2459 2037 2503 Eumque

1300 2526 1334 2548 ex
1359 2514 1471 2546 intimo
1489 2513 1595 2545 cordis
1616 2513 1730 2545 antu-iu
1752 2523 1893 2551 orauiuS,
1908 2517 1941 2545 ut
1955 2511 2032 2553 ipsc,

1300 2567 1391 2600 vuius
1417 2567 1555 2611 persei-tu
1581 2572 1653 2599 sunt
1683 2577 1803 2610 opera,
1827 2565 2036 2610 quemadmo-

1300 2621 1376 2653 ‹tum
1395 2621 1511 2664 coepit,
1531 2621 1571 2652 ita
1595 2621 1623 2653 in
1647 2620 1734 2653 vobis
1755 2630 1835 2663 opus
1849 2624 1880 2652 ot
1899 2618 2034 2661 gratiam

1299 2685 1388 2706 suam
1411 2673 1566 2717 perficiat.

2042 276 2091 302 An.
2108 275 2136 303 C.
2159 275 2227 304 ¹59⁹

2068 921 2125 943 Paeo
2142 926 2227 948 compo-

2043 948 2098 971 sita.
2121 948 2228 970 Clemente

2043 977 2142 998 auctore,
2173 975 2228 996 inter

2042 1007 2103 1028 reges
2115 1001 2193 1022 Galliae
2207 1003 2229 1022 et

2043 1028 2157 1055 Hispaniae
2165 1035 2172 1054 ς
