2253 3195
863 233 1010 258 CLEMENS
1029 234 1086 257 vm
1104 234 1153 257 PP.
1666 221 1729 254 ⁶287
1777 231 1824 257 Λη.
1847 231 1876 257 C.
1896 231 1963 258 ¹596

243 281 403 313 cambium
421 280 674 319 etrecambium,
691 281 838 314 usurario
858 288 885 315 et
902 282 986 314 malo
1067 283 1082 323 ἕ
1104 281 1134 314 8.
1159 282 1292 325 Insuper
1313 280 1387 320 tibi,
1411 280 1465 324 qui
1499 280 1529 313 in
1561 285 1702 313 nostram
1733 286 1763 313 et
1792 292 1963 313 rwsumnmso-

242 335 340 367 modo
362 345 418 378 per
440 341 633 368 mercatores
655 335 758 368 diotae
783 336 876 369 Urbis
905 335 987 368 acri·
1020 334 1109 368 Sedis
1122 335 1304 378 praedictae
1317 334 1573 373 subventionem,
1589 334 1629 366 ob
1645 320 1963 391 urgen-{?.t'.¹31.²-133¹‚¹¹'l‚¹l¹{,”3

1741 387 1746 392 ι
1779 378 1848 392 ΟΠῙΙΙΙΟ
1872 378 1964 392 tames-‘15

241 387 367 430 piendis
387 388 468 420 sacta
488 388 657 426 contentis,
682 395 712 421 et
729 388 985 432 dependentibus
1021 394 1077 427 tes,
1101 388 1217 431 quibus
1241 388 1384 431 quotidie
1405 387 1601 431 premimur,
1626 397 1764 420 necessi-
1779 399 1964 429 ᾼμωςιωιῑικιροωο

242 440 281 472 ab
302 441 357 479 eis,
370 448 465 484 prout
485 452 544 485 pro
565 442 765 484 singulorum
778 452 910 474 casuum
925 441 985 473 cir·
1001 467 1003 474 i
1020 447 1109 479 tates,
1133 452 1292 474 summam
1314 441 1477 482 sexaginta
1500 441 1636 473 millium
1658 447 1763 473 scuto-
1779 425 1942 451 ’ΜΓΜΜΙΒΜ

45 233 93 260 An.
111 232 138 259 C.
162 231 230 259 1596

64 1779 166 1800 Prohibet
173 1778 227 1799 ludi-

43 1807 145 1829 cibussub
154 1806 228 1833 poenis

43 1834 77 1856 bie
86 1834 227 1860 expressis,ne

11 1874 13 1879 ·
43 1861 192 1882 tententiarum
200 1859 227 1880 ab

44 1893 69 1909 eo
79 1887 168 1908 latarum
180 1892 226 1906 exe-

44 1914 165 1941 quutionem
191 1913 226 1933 im-

43 1940 135 1967 podiam.

242 495 454 534 cumstantiis,
478 495 556 528 alias
577 495 615 527 de
637 495 706 528 iure
726 495 780 528 tibi
802 495 983 527 faciendum
1001 483 1003 542 l

242 548 402 581 videbitur
433 550 518 591 (non
551 548 697 581 obstante
730 549 898 585 facultate,
928 559 1002 594 seug

242 607 331 634 motu
354 602 487 645 proprio
513 612 570 645 per
594 601 742 634 eumdem
775 601 865 634 Pium
894 599 1002 644 prae-3

242 655 444 687 decessorem
459 655 490 687 in
502 655 643 688 savorem
662 654 737 687 dicti
758 654 984 696 gubernatoris
1001 687 1002 690 ,

241 709 410 751 concessa)
430 709 575 752 partibus
589 708 740 741 iustitiam
762 708 933 746 ministres,
949 720 983 740 a(-
1001 695 1003 766 ἰ

240 762 272 794 in
304 762 407 795 causis
438 762 514 806 ipsis
547 773 611 795 non
642 768 806 806 tamquam
839 762 1003 811 specialis¹

240 815 491 852 commissarius,
515 816 571 848 sed
599 821 696 859 prout
716 816 852 850 solet.in
872 815 984 848 simili-

239 868 298 901 bus
319 869 433 909 causis,
458 869 543 902 iuxta
563 875 691 901 tuarum
722 869 908 902 facultatum
940 875 983 901 te·
1002 875 1003 883 ³

239 932 365 962 norem,
378 928 408 955 et
425 922 623 956 ordinarium
645 922 757 955 Guriae
778 928 851 955 tuae
869 922 983 966 stylum
1001 928 1003 963 j

239 975 407 1018 procedas,
432 986 504 1008 cum
532 981 689 1019 potestate
711 975 831 1008 citandi
852 981 883 1008 et
903 974 1003 1021 iulii-3

239 1028 354 1069 bendi,
378 1040 414 1062 ac
441 1040 662 1072 quascumque
693 1028 901 1061 inhibitiones
927 1027 1003 1071 per*

240 1081 345 1114 dictae
369 1082 463 1114 Urbis
488 1082 737 1124 gubernatorem
766 1082 909 1114 decretas
936 1091 1003 1113 rev

240 1135 386 1175 vocandi,
411 1141 442 1168 et
461 1136 703 1168 criminalitates
724 1141 835 1168 contra
855 1146 982 1167 merca-

242 1195 327 1222 tores
347 1189 499 1227 tollendi‚
525 1189 668 1232 aliasque
688 1194 717 1221 et
743 1188 822 1224 alia,
846 1199 928 1231 quae
953 1188 1004 1224 int

240 1242 425 1286 praemissis
444 1248 475 1276 et
492 1243 578 1276 circa
597 1254 634 1276 ea
654 1243 773 1276 suerint
791 1242 983 1282 necessaria,

242 1302 272 1330 et
291 1297 536 1340 quomodolibet
553 1302 752 1340 opportuna,
776 1296 932 1335 faciendi,
956 1302 984 1328 et

241 1349 319 1382 alias
349 1350 381 1382 in
412 1349 563 1382 omnibus
592 1355 623 1382 et
652 1360 710 1393 per
739 1349 870 1389 omnia,
901 1349 1004 1381 iuxta'

241 1403 488 1436 concessionum
510 1414 568 1447 per
585 1404 715 1436 eosdem
728 1404 891 1436 Romanos
904 1403 984 1435 Pon-

240 1455 341 1490 tifices
373 1457 638 1500 praedecessores
664 1462 790 1489 nostros
812 1462 886 1489 tunc
907 1462 1004 1488 tem—¹

239 1510 328 1554 poris
345 1511 458 1544 Curiae
479 1521 648 1544 causarum
670 1511 814 1543 eiusdem
834 1510 986 1543 Gamerae
1003 1519 1005 1528 ·

240 1564 445 1606 generalibus
477 1564 679 1598 auditoribus
711 1564 866 1596 factarum
895 1568 985 1596 teno-

241 1627 322 1658 rem,
335 1618 526 1651 auctoritate
543 1623 573 1650 et
587 1623 698 1650 tenore
712 1608 882 1657 similibus,
899 1627 987 1649 com-

242 1671 398 1704 mittimus
419 1677 450 1704 et
470 1672 674 1705 mandamus.

287 1727 304 1767 g
323 1725 352 1758 7.
373 1726 559 1759 Mandantes
573 1731 744 1769 propterea
763 1730 793 1758 et
813 1724 987 1758 districtius

242 1779 430 1813 inhibentes
450 1779 615 1823 quibusvis
642 1779 801 1812 iudicibus
829 1785 859 1811 et
878 1789 987 1822 perso-

242 1832 302 1873 nis,
327 1843 535 1877 quocumque
558 1832 690 1866 nomine
720 1832 928 1875 nuncupatis,
952 1843 989 1864 ac

242 1886 355 1929 quovis
379 1886 546 1930 privilegio
572 1886 725 1925 munitis,
752 1885 876 1918 etiamsi
906 1885 989 1918 eius-

243 1939 315 1971 dem
337 1939 367 1972 S.
389 1940 424 1972 R.
449 1939 482 1972 Ε.
507 1939 685 1972 cardinales
698 1938 833 1977 fuerint,
854 1938 913 1971 sub
934 1938 985 1971 in-

243 1992 437 2035 dignationis
463 1998 591 2025 nostrae
616 2002 720 2036 poena
746 1997 777 2025 et
804 1992 984 2033 interdicti,

241 2057 301 2080 nec
321 2057 386 2080 non
417 2047 512 2080 etiam
542 2046 885 2080 excommunicationis
910 2057 985 2079 sen-

241 2100 359 2141 tentiis,
383 2111 482 2144 quas,
506 2100 531 2133 si
552 2111 643 2133 secus
673 2100 829 2140 fecerint,
853 2110 891 2133 eo
918 2100 988 2143 ipso

242 2154 420 2193 incurrant,
449 2159 479 2187 et
499 2164 516 2186 a
544 2154 660 2197 quihus
688 2154 934 2197 (praeterquam
957 2154 988 2186 in

242 2207 356 2240 mortis
384 2207 521 2240 articulo
542 2206 724 2248 constituti)
745 2207 823 2239 alias
853 2218 949 2250 quam
971 2218 989 2240 a

242 2261 388 2294 Romano
409 2261 563 2294 Pontifice
584 2271 644 2304 pro
670 2266 814 2303 tempore
835 2260 988 2293 existente

242 2314 363 2348 absolvi
384 2325 449 2348 non
476 2314 621 2358 possint,
645 2324 704 2347 nec
729 2313 760 2345 in
786 2313 989 2355 obligationi-

242 2367 302 2401 bus
321 2367 524 2412 supradictis,
545 2367 740 2410 illarumque
762 2366 986 2410 exequutioni-

241 2421 312 2462 bus,
336 2427 391 2454 aut
414 2421 484 2454 aliis
515 2420 698 2464 praemissis
723 2425 834 2453 contra
861 2430 989 2452 earum-

243 2475 315 2508 dem
330 2475 547 2518 praesentium
568 2480 713 2508 tenorem
729 2473 986 2517 quomodolibet,

242 2528 315 2569 nisi,
330 2534 365 2561 ut
384 2528 585 2572 praefertur,
613 2538 646 2561 se
667 2527 882 2560 intromittere
897 2554 904 2566 ,
936 2531 990 2558 aut

242 2586 272 2614 te
302 2581 351 2614 vel
386 2581 642 2614 locumtenentes
679 2580 861 2624 praedictos
892 2589 990 2623 super

241 2635 425 2679 praemissis
446 2635 616 2669 molestare
637 2639 854 2679 praesumant.

1020 506 1090 527 rum
1113 500 1260 527 monetae
1286 495 1316 526 in
1345 495 1481 538 pecunia
1502 500 1671 527 numerata
1692 505 1762 527 rea-

1020 547 1091 580 liter
1114 554 1144 580 et
1170 558 1243 580 cum
1272 548 1385 581 effectu
1414 548 1615 591 persolvisti,
1636 548 1760 581 securi-

1022 601 1140 644 tatique
1167 608 1239 634 tuae
1266 602 1435 634 consulere
1466 601 1619 641 volentes,
1643 611 1702 644 pro
1730 611 1764 634 o-

1021 654 1143 686 mnium
1166 660 1195 687 et
1212 654 1413 696 singulorum
1434 655 1686 697 praemissorum
1708 654 1765 687 ob-

1019 708 1198 741 servatione
1212 714 1244 740 et
1261 708 1486 751 exequutione,
1508 708 1603 741 etiam
1634 708 1765 741 nomine

1020 766 1050 793 et
1071 761 1141 793 loco
1162 761 1355 794 damnorum
1383 767 1413 793 et
1434 761 1585 794 interesse
1599 788 1606 800 ,
1630 772 1712 804 quae
1735 767 1765 794 te

1020 814 1083 857 pati
1105 825 1199 857 posse
1220 814 1412 857 contigerit,
1441 814 1550 847 omnia
1579 820 1610 847 et
1639 815 1764 856 singula

1020 867 1163 901 eiusdem
1189 868 1339 901 Gamerae
1360 868 1455 905 bona,
1481 878 1530 899 res
1552 873 1583 899 et
1603 867 1682 907 iura,
1700 873 1763 900 tam

1021 921 1164 961 mobilia,
1188 932 1284 964 quam
1306 920 1447 960 stabilia,
1465 920 1647 963 praesentia
1668 926 1698 953 et
1718 921 1765 953 fu-

1021 979 1101 1013 tura,
1118 974 1254 1007 ubilibet
1274 974 1451 1014 existentia,
1467 974 1587 1006 nedum
1608 973 1765 1016 generali-

1022 1034 1077 1067 ter,
1102 1039 1213 1061 verum
1235 1028 1331 1061 etiam
1352 1027 1535 1071 specialiter
1552 1034 1582 1060 et
1603 1038 1762 1071 expresse,

1021 1081 1052 1113 in
1066 1081 1264 1124 amplissima
1276 1082 1426 1114 Gamerae
1441 1082 1554 1121 forma,
1576 1092 1648 1114 cum
1663 1082 1766 1114 omni-

1020 1136 1079 1168 bus
1100 1141 1128 1169 et
1150 1135 1284 1177 singulis
1302 1136 1464 1175 clausulis,
1489 1135 1625 1168 decretis
1643 1142 1673 1168 et
1693 1146 1767 1169 cau-

1021 1189 1090 1221 telis
1112 1188 1141 1220 in
1164 1188 1323 1221 similibus
1344 1188 1462 1232 apponi
1483 1188 1596 1227 solitis,
1613 1188 1767 1221 latissime

1021 1243 1168 1282 extensis,
1185 1242 1242 1275 tibi
1256 1242 1437 1285 obligamus
1458 1248 1488 1275 et
1501 1241 1763 1285 bipothecamus;

1003 1306 1079 1328 ‘nec
1099 1306 1164 1328 non
1184 1295 1280 1328 etiam
1302 1295 1327 1327 si
1348 1305 1407 1338 pro
1432 1295 1661 1338 consequendo
1683 1294 1768 1327 dicto

1020 1349 1126 1382 officio
1138 1348 1339 1381 auditoratus
1360 1348 1398 1381 ab
1420 1348 1490 1380 aliis
1504 1347 1607 1380 maius
1627 1347 1766 1390 pretium

1003 1408 1184 1446 *repertum
1211 1401 1317 1441 fuerit,
1340 1412 1396 1434 seu
1422 1401 1558 1445 reperiri
1584 1400 1764 1443 contigerit,

1020 1456 1051 1489 id
1077 1466 1173 1489 omne
1194 1461 1224 1488 et
1248 1460 1370 1495 totum,
1398 1455 1462 1487 sive
1483 1465 1582 1498 parra
1608 1454 1673 1487 sive
1699 1465 1767 1487 ma-

1021 1520 1082 1552 gna
1102 1519 1228 1542 summa
1249 1509 1372 1547 existat,
1390 1508 1444 1541 tibi
1468 1508 1577 1548 etiam,
1596 1508 1688 1541 titulo
1710 1508 1768 1541 do-

1021 1563 1158 1595 nationis
1180 1561 1399 1595 irrevocabilis
1419 1561 1503 1594 inter
1520 1561 1606 1594 vivos
1627 1561 1690 1594 dici
1711 1571 1766 1594 so—

1021 1616 1106 1656 litae,
1122 1615 1261 1657 gratiose
1276 1615 1470 1648 remittimus
1482 1620 1513 1647 et
1524 1614 1747 1647 condonamus
1758 1626 1764 1653 ;

1022 1680 1057 1702 ac
1070 1675 1255 1713 praesentes
1268 1669 1309 1701 ad
1322 1668 1540 1712 probandum,
1553 1668 1641 1711 quod
1655 1668 1768 1700 eadem

1021 1734 1148 1757 summa
1168 1723 1200 1755 in
1221 1728 1375 1762 nostram,
1397 1727 1426 1754 et
1446 1721 1535 1755 Sedis
1564 1727 1594 1754 et
1618 1721 1770 1754 Gamerae

1022 1777 1240 1821 praefatarum
1261 1775 1506 1809 subventionem
1529 1786 1681 1808 concessa
1702 1776 1770 1808 sue-

1023 1830 1074 1869 rit,
1090 1830 1217 1873 aliaque
1238 1829 1425 1873 praemissa,
1443 1828 1563 1871 ubique
1586 1833 1648 1861 [am
1669 1828 1701 1860 in
1722 1827 1770 1860 iu-

1005 1884 1125 1925 'dicio,
1150 1894 1245 1928 quam
1273 1889 1360 1916 extra
1390 1882 1553 1923 sufficere,
1576 1892 1637 1915 nec
1667 1882 1708 1914 ad
1738 1881 1772 1914 id

1023 1938 1153 1971 alterius
1166 1936 1367 1981 probationis
1385 1936 1618 1970 adminiculum
1633 1935 1767 1979 requiri,

1023 2002 1082 2025 nec
1104 1997 1144 2032 te,
1176 1996 1230 2023 aut
1250 2000 1491 2034 quemcumque
1513 1989 1611 2021 alium
1638 1988 1769 2021 nomine

1023 2051 1077 2078 tuo
1091 2045 1130 2078 ad
1144 2044 1331 2088 praemissa,
1348 2044 1395 2077 vel
1416 2053 1528 2076 eorum
1541 2043 1660 2086 aliqua,
1673 2042 1769 2075 etiam

1023 2100 1110 2143 quod
1131 2099 1273 2136 litterae,
1298 2098 1449 2131 mandata
1462 2125 1469 2137 ‚
1494 2096 1746 2140 compositiones
1760 2123 1767 2135 ,

1022 2152 1219 2191 solutiones,
1243 2157 1353 2184 nostro
1379 2155 1434 2183 aut
1458 2159 1681 2183 successorum
1711 2159 1770 2181 no-

1023 2211 1163 2239 strorum
1187 2205 1301 2238 ordine
1317 2231 1324 2245 ,
1348 2205 1521 2243 mandato,
1543 2201 1771 2236 commissione

1024 2259 1105 2290 sacta
1125 2257 1254 2298 suerint,
1283 2257 1378 2290 etiam
1404 2258 1444 2290 ad
1464 2256 1569 2296 Sedis,
1597 2256 1768 2294 Gamerae,

1023 2322 1080 2344 seu
1100 2312 1180 2352 fisci,
1197 2317 1252 2344 aut
1271 2311 1367 2344 etiam
1389 2310 1576 2354 quarumvis
1597 2309 1770 2353 particula-

1025 2364 1108 2397 rium
1129 2375 1342 2408 personarum
1366 2363 1503 2397 cuiusvis
1517 2362 1692 2405 dignitatis,
1710 2368 1772 2395 sta-

1025 2424 1091 2457 tus,
1116 2419 1256 2461 gradus,
1281 2418 1403 2451 ordinis
1433 2424 1463 2451 et
1490 2416 1684 2451 conditionis
1709 2416 1773 2450 exi-

1024 2472 1187 2511 stentium,
1212 2472 1395 2505 instantiam
1417 2471 1448 2504 in
1470 2471 1589 2504 iudicio
1611 2471 1658 2503 vel
1686 2476 1773 2503 extra

1024 2526 1242 2569 probandum,
1257 2530 1312 2558 aut
1323 2525 1557 2558 verificandum
1571 2535 1636 2557 non
1656 2524 1768 2564 teneri,

1024 2579 1079 2612 sed
1100 2578 1158 2612 soli
1173 2584 1204 2611 et
1216 2578 1355 2622 simplici
1369 2577 1538 2611 assertioni
1552 2583 1636 2618 tuae,
1651 2577 1772 2621 absque

1025 2632 1157 2666 alterius
1178 2631 1380 2676 probationis
1399 2631 1610 2672 adminiculo,
1627 2631 1704 2664 stari
1719 2631 1772 2665 de-
