2253 3195
257 191 306 218 An.
328 191 358 218 c.
376 191 444 218 1594
489 182 554 215 146

300 1523 420 1545 Exordium.

454 240 557 273 visum
578 240 617 274 de
637 240 700 274 illis
721 240 870 280 extiterit,
904 239 987 272 infra
1004 250 1058 273 sex
1075 249 1202 272 menses

456 305 474 326 a
494 294 546 328 die
571 294 616 327 eis
647 295 804 327 factarum
830 294 1052 338 provisionum
1083 293 1199 326 huius-

456 348 545 380 modi
571 348 818 391 computandos,
846 357 961 380 noram
982 346 1201 390 provisionem

456 411 554 444 super
574 400 636 433 illis
657 410 674 432 a
695 400 779 433 dicta
798 400 879 433 Sede
900 399 1201 443 Apostolicaimpe-

457 459 554 494 trare,
579 460 607 486 et
628 453 750 486 litteras
770 453 909 497 desuper
933 453 966 485 in
983 459 1085 486 totum
1107 464 1202 497 expc-

457 506 537 546 dire‚
570 517 605 539 ac
632 506 703 539 iura
724 506 876 540 Gamerae
901 506 1105 550 Apostolicae
1125 517 1202 550 pro-

456 565 568 603 pterea
588 559 700 598 debita,
716 560 902 603 persolvere
915 560 1049 593 omnino
1070 566 1203 593 tenean-

457 618 519 653 tur,
553 613 722 656 alioquin,
757 623 811 646 sex
838 613 1002 647 mensibus
1031 613 1204 657 praedictis

457 665 584 709 elapsis,
613 665 771 699 beneficia
792 666 861 710 ipsa
880 677 993 699 vacare
1013 672 1205 699 censeantur

459 729 497 751 eo
522 718 604 762 ipso.

500 773 614 805 Datum
636 773 757 806 Romae
778 773 864 817 apud
875 773 905 807 S.
928 773 1059 806 Petrum
1073 773 1134 806 sub
1146 783 1204 805 an—

457 826 535 859 nulo
556 825 726 859 Piscatoris
741 826 792 859 die
804 836 867 860 xxv
886 826 961 859 maii
976 836 1107 867 unxciv,
1124 836 1205 869 pon-

458 877 598 911 tificatus
622 879 725 912 nostri
747 889 832 912 anno
853 889 902 912 111.

493 939 553 967 Dat.
569 940 612 967 die
627 941 662 969 25
682 940 747 968 maii
766 940 842 974 1594,
862 941 960 976 pontif.
977 949 1021 968 an.
1042 948 1078 969 ιιι.

789 1103 861 1136 XCI.

462 1199 507 1232 De
526 1199 702 1243 larqitione
721 1210 898 1232 munerum
918 1201 1090 1243 utriusque
1113 1210 1208 1232 sexus

506 1254 725 1297 Rcyulnribus
745 1253 932 1287 interdieta.

497 1343 632 1371 Clemens
647 1343 817 1377 episcopus,
832 1350 940 1371 servus
952 1351 1106 1371 servorum
1120 1344 1182 1378 Dei,

588 1400 624 1425 ad
640 1401 817 1432 perpetuam
836 1398 880 1425 rei
899 1398 1081 1426 memoriam.

510 1468 689 1511 Religiosac
719 1468 997 1510 congregationes,
1031 1469 1071 1501 ab
1093 1468 1208 1510 insigni

466 1516 633 1556 sanctitate
653 1523 729 1556 viris
750 1523 886 1566 Spiritus
906 1523 1013 1556 Sancti
1034 1522 1142 1555 afflatu
1164 1523 1210 1555 in-

465 1575 613 1616 stitutae,
647 1582 748 1609 tantas
780 1576 932 1609 ecclesiae
967 1576 1020 1609 Dei
1056 1576 1211 1610 utilitates

465 1629 554 1662 omni
574 1635 718 1673 tempore
737 1630 924 1666 attulerunt,
948 1635 981 1662 ut
1002 1630 1042 1662 ad
1063 1640 1116 1663 cas
1133 1640 1210 1663 cou—

465 1684 636 1717 servandas
661 1690 691 1716 et
714 1684 939 1717 instaurandas
964 1684 1100 1717 Romani
1122 1685 1208 1717 Pon-

466 1736 588 1777 tifices,
621 1737 888 1780 praedecessores
914 1737 1028 1776 nostri,
1061 1748 1231 1795 magnam¹

468 1789 536 1823 iure
557 1790 679 1833 optimo
694 1791 891 1833 diligentiam
913 1801 1040 1834 semper
1057 1791 1231 1826 adtribue-t

468 1843 542 1876 rint.
571 1843 649 1876 Nam
671 1854 743 1877 cum
763 1854 800 1877 ea
815 1844 853 1877 sit
868 1855 974 1877 rerum
997 1844 1210 1877 humanarum

469 1897 612 1930 conditio
633 1903 663 1930 et
684 1904 809 1936 natura,
842 1904 875 1931 ut
905 1898 999 1930 etiam
1022 1909 1103 1942 quae
1124 1898 1209 1942 opti-

470 1960 521 1983 mc
554 1950 685 1983 fundata
706 1957 733 1983 ct
768 1951 939 1984 constituta
969 1956 1064 1989 sunt,
1096 1951 1212 1995 partim

470 2003 638 2036 bominum
662 2003 882 2037 imbecillitate
894 2010 925 2037 et
946 2004 985 2037 ad
1007 2004 1126 2036 malum
1140 2015 1214 2047 pro-

471 2056 621 2095 cliritatc,
646 2057 763 2100 partim
779 2057 947 2090 daemonis
967 2057 1082 2090 astutia
1104 2058 1232 2105 paula-1

471 2110 526 2142 tim
550 2110 720 2149 deficiant.
749 2110 864 2148 aenisi
887 2121 963 2143 cura
985 2110 1128 2154 pervigili
1155 2122 1210 2143 su·
1230 2108 1232 2128 ³

470 2169 669 2203 stentcntur,
691 2163 721 2196 in
748 2164 889 2197 deterius
909 2164 1138 2207 prolabantur:
1168 2164 1231 2197 itt-¹

471 2216 558 2249 circo
582 2217 790 2250 Summorum
824 2217 1014 2250 Pontificum
1051 2218 1232 2266 vigilantia3

472 2281 667 2314 magnopere
695 2271 862 2309 laboravit,
887 2277 918 2303 ut
941 2271 1135 2312 regularium
1158 2272 1231 2324 ΟΥ-ἰ

472 2323 582 2356 diuum
605 2323 785 2367 disciplina,
809 2324 1062 2357 autlabesactata
1095 2324 1124 2357 in
1147 2326 1213 2369 pri-

473 2386 548 2409 num
583 2376 817 2416 restitueretur,
841 2384 895 2409 aut
913 2377 1106 2410 salutaribus
1131 2388 1210 2410 con-
1230 2366 1232 2373 ¹

472 2429 692 2462 stitutionilius
713 2430 933 2471 communita,
966 2431 1088 2471 integra
1119 2419 1233 2478 atque]

475 2481 644 2515 incolumis
666 2489 879 2526 permaneret.
915 2483 1056 2523 Quorum
1080 2495 1136 2517 nos
1157 2494 1212 2516 ve-
1231 2489 1233 2532 t

474 2535 575 2577 stigiis
596 2547 654 2579 pro
674 2537 788 2569 eodem
809 2537 904 2570 oflicii
929 2548 1061 2570 munere
1090 2534 1234 2587 insiste-l

476 2600 520 2629 rc,
541 2595 570 2622 et
592 2590 784 2633 pastoralmn
812 2590 940 2624 illorum
963 2590 1235 2632 sollicitudinem⁸

1043 191 1229 216 BULLARIUM
1245 191 1400 215 ROMANUM

1235 240 1407 283 (quantum
1439 247 1612 283 possumus
1630 239 1650 282 )Δ
1675 239 1784 273 divina
1821 239 1979 273 adiutrice

1235 292 1348 334 gratia,
1373 292 1521 336 cupimus
1542 292 1674 326 imitari.

1281 347 1296 388 ξ
1318 345 1348 378 1.
1373 345 1478 385 Quare
1507 356 1548 379 ne
1572 356 1608 379 ex
1629 346 1819 380 muneribus
1833 373 1841 387 ‚
1862 357 1945 391 quae
1963 358 1981 379 a

1218 399 1382 443 ⁴pluribus
1401 399 1574 442 religiosae
1593 400 1675 433 vitae
1699 400 1929 444 posessoribuS,
1944 410 1981 433 ex

1235 452 1351 486 Christi
1371 453 1581 497 patrimonio,
1610 453 1775 497 quibusvis
1794 453 1982 487 hominibus

1237 506 1348 549 quavis
1365 517 1402 539 ex
1422 517 1517 539 causa
1537 517 1633 550 saepe
1655 507 1851 547 tribuuntur,
1875 506 1983 549 gravia

1238 559 1445 592 incommoda
1465 565 1497 592 et
1516 559 1601 592 mala
1616 587 1623 599 ,
1655 559 1751 592 etiam
1780 559 1857 592 honi
1877 559 1983 603 specie

1238 612 1394 653 existant,
1427 623 1621 656 praecavere
1646 613 1822 653 studentes,
1849 612 1909 645 hac
1926 622 1984 646 no-

1237 671 1302 698 stra
1320 671 1479 709 perpetuo
1492 665 1628 698 valitura
1649 665 1888 706 constitutione,
1911 665 1984 698 uni-

1220 718 1336 753 ¹versis
1364 726 1397 756 et
1421 720 1555 762 singulis
1590 719 1823 764 cuiuscumque
1855 718 1985 753 Ordinis

1238 772 1487 806 Mendicantium
1505 773 1555 805 vel
1575 782 1641 805 non
1659 772 1909 805 Mendicantium
1927 771 1985 805 bo-

1238 836 1279 858 na
1299 825 1480 859 immobilia
1511 831 1543 859 et
1573 826 1719 859 redditus
1751 831 1856 859 certos
1876 836 1913 859 ex
1933 825 1983 858 in-

1239 879 1329 912 dulto
1358 878 1536 922 apostolico
1568 878 1804 922 possidentium
1833 879 1984 924 vel‘non

1238 931 1486 975 possidentium,
1513 942 1570 965 seu
1592 931 1731 965 cuiusvis
1763 931 1985 974 congregatio-

1239 985 1299 1026 nis,
1322 985 1485 1019 societatis
1505 991 1540 1018 et·
1556 985 1692 1018 instituti
1706 986 1786 1029 (non
1804 991 1912 1019 tamen
1925 985 1985 1018 mi-

1239 1038 1351 1081 litiae)
1387 1038 1602 1081 Regularibus
1626 1038 1773 1082 personis
1803 1038 1986 1071 utriuslibet
2018 1029 2022 1034 ’

1239 1102 1343 1133 sexus,
1364 1103 1494 1126 omnem
1520 1098 1552 1126 et
1571 1102 1813 1136 quamcumque
1841 1091 1984 1135 largitio-

1240 1155 1314 1178 nem
1335 1150 1366 1178 et
1386 1145 1571 1178 missionem
1599 1155 1770 1178 munerum
1791 1144 1918 1188 penitus
1939 1145 1986 1178 in-

1242 1199 1439 1233 terdicimus.

1286 1252 1301 1296 g
1330 1252 1360 1285 2.
1394 1253 1458 1286 Sub
1489 1264 1551 1297 qua
1582 1253 1801 1297 prohibitione
1831 1263 1982 1297 compre-

1242 1306 1339 1340 hendi
1357 1307 1505 1340 volumus
1518 1307 1626 1341 omnia
1644 1313 1675 1341 et
1686 1307 1813 1350 singula
1830 1307 1981 1351 capitula,
1999 1307 2189 1366 ἓὲῃῶἳωριειιῄ

2079 1360 2084 1364 .
2171 1355 2183 1367 2

1243 1366 1420 1393 conventus
1437 1361 1758 1403 etcongregationes,
1784 1367 1847 1394 tam
1867 1360 1981 1403 singu-

1244 1413 1349 1446 lorum
1381 1414 1664 1452 conventualium,
1700 1413 1982 1454 monasteriorum,

1243 1466 1467 1510 prioratuum,
1502 1467 1818 1511 praepositurarum,
1853 1477 1986 1511 praece-

1244 1520 1436 1564 ptoriarum,
1460 1521 1634 1555 domorum
1655 1527 1686 1554 et
1707 1521 1865 1562 locorum,
1889 1530 1985 1565 quarn

1245 1574 1464 1617 provincialia,
1486 1581 1541 1608 aut
1557 1574 1720 1617 generalia
1733 1574 1901 1608 cuiuslibet
1913 1584 1988 1618 pro-

1245 1627 1367 1661 vinciae
1382 1655 1389 1667 ,
1422 1628 1486 1662 sive
1507 1628 1648 1662 universi
1670 1628 1803 1669 ordinis,
1827 1627 1988 1661 societatis

1245 1687 1297 1714 aut
1320 1681 1466 1722 instituti,
1481 1692 1659 1726 eorumque
1677 1682 1725 1714 vel
1747 1691 1858 1714 earum
1880 1691 1988 1714 came-

1228 1734 1359 1775 ·rarios,
1384 1735 1633 1775 commissarios,
1657 1740 1688 1767 et
1708 1744 1930 1778 quoscumque
1943 1734 1989 1767 ol'-

1247 1787 1366 1821 ticiales
1397 1793 1428 1821 et
1462 1788 1641 1831 singulares
1684 1798 1863 1832 personas:
1902 1787 1989 1831 ipsos

1247 1841 1342 1874 etiam
1365 1841 1527 1881 ordinum,
1563 1841 1849 1884 congregationum
1877 1846 1908 1874 et
1931 1851 1986 1875 so-

1230 1905 1231 1915 *
1247 1895 1397 1928 cictatum
1419 1895 1605 1928 huiusmodi
1619 1894 1802 1938 superiores
1816 1904 1988 1939 quascum-

1230 1959 1309 1992 3que
1331 1948 1501 1990 dignitates
1526 1948 1708 1981 obtinentes
1723 1975 1730 1989 ‚
1769 1948 1864 1981 ctiam
1885 1958 1986 1991 gene-

1250 2002 1330 2034 rales
1355 2007 1385 2034 et
1413 2000 1646 2045 provinciales,
1682 2000 1863 2043 magistros,
1896 2000 1990 2034 mini-

1248 2061 1329 2088 stros
1347 2061 1375 2088 et
1398 2065 1603 2098 quocumque
1635 2054 1767 2088 nomine
1786 2053 1964 2098 praefectos
1979 2081 1986 2095 ,

1249 2119 1306 2141 nec
1325 2119 1388 2141 nou
1417 2113 1654 2148 conventuum,
1695 2107 1986 2147 monasteriorum,

1249 2162 1462 2206 prioratumu‚
1476 2161 1786 2206 praepositurarum,
1803 2166 1991 2206 praecepto-

1249 2216 1380 2255 riarum,
1405 2216 1575 2249 domorum
1607 2221 1637 2248 ct
1655 2215 1801 2248 locorum
1825 2220 1887 2248 tam
1913 2225 1989 2259 pro-

1249 2269 1409 2309 vinciales,
1433 2280 1528 2313 quam
1543 2269 1708 2311 generales
1728 2267 1898 2302 cuiuslibet
1916 2278 1991 2312 pro-

1249 2323 1381 2362 vinciae,
1405 2322 1469 2355 sire
1490 2321 1647 2356 universis
1667 2321 1800 2362 ordinis,
1828 2321 1990 2355 societatis

1249 2382 1302 2409 aut
1324 2375 1469 2416 instituti,
1493 2385 1672 2419 eorumque
1691 2375 1738 2408 rel
1753 2385 1863 2408 earum
1885 2384 1990 2409 came-

1251 2430 1374 2469 rarios,
1414 2428 1674 2466 commissarios,
1709 2434 1739 2462 et
1768 2438 1990 2473 quoscumque

1249 2483 1402 2516 officiales
1434 2488 1463 2516 et
1492 2482 1671 2525 singulares
1700 2492 1872 2525 personas:
1906 2481 1992 2526 ipsos

1250 2536 1344 2570 etiam
1371 2536 1541 2574 ordinum,
1576 2535 1864 2578 congregationum
1891 2540 1921 2569 et
1941 2545 1991 2569 so-

1250 2589 1400 2623 cietatum
1423 2588 1801 2633 huiusmodisuperiores
1821 2597 1991 2633 quascum-

1994 190 2045 218 An.
2066 191 2094 218 c.
2111 172 2194 236 ¹⁵2⁴*-

2021 359 2104 381 Causae
2116 359 2197 382 eden?

1996 385 2037 416 itae
2049 386 2180 408 constitutio·

1996 418 2034 433 nis.

2027 1263 2067 1287 Qui
2078 1262 2150 1288 regula
2174 1267 2190 1277 ·='

2000 1292 2040 1313 hac
2054 1289 2132 1313 constit
2181 1293 2190 1304 ἰ
