2253 3195
279 264 332 292 An.
348 264 377 292 c.
399 265 463 293 ieet
512 257 576 291 670

480 315 523 349 dii
545 315 599 360 qui
619 322 726 360 partes
745 316 910 358 arguentis
934 317 1062 356 fovebit,
1085 317 1219 361 aliquid,
1258 318 1384 351 laureos
1416 328 1638 363 quoscumque
1667 318 1909 361 diligentissime
1929 328 2001 352 exa-

479 370 538 403 nisi
561 369 599 402 de
620 369 760 411 regentis
779 370 920 411 licentia,
935 370 1011 404 dum
1027 371 1219 415 disputatur,
1258 364 1410 412 minabit,
1434 377 1465 405 et
1484 371 1508 404 si
1537 382 1618 416 quos
1650 371 1756 405 minus
1787 371 1920 405 idoneos
1951 371 2001 405 in-

302 540 384 565 negetis
395 549 399 559 ι
409 540 464 561 mnia

279 568 349 588 stu-La
366 568 442 588 iisitet.

294 915 332 936 oxi
344 917 365 934 et
379 913 465 940 qum-lo

280 947 317 970 pra
327 941 406 961 ὤμων
418 947 465 967 pos-

280 970 328 989 sint.

337 1502 468 1525 Theona-iac

284 1529 384 1549 tractatio
404 1530 468 1549 seuva-t

284 1555 304 1576 in
332 1555 468 1576 bebdemada

284 1582 391 1603 habenda.

308 2035 415 2056 tuan-riu-
431 2039 472 2057 ‹tu-

289 2062 370 2082 ilwmin
382 2070 393 2083 a
402 2070 473 2089 {annm

303 2096 319 2134 Ι·
343 2096 473 2136 'fl.'·.t‘'''“'
489 2097 678 2130 progressus
700 2091 985 2128 recognoscantur,
1009 2085 1059 2119 cui
1081 2085 1230 2127 recogni-

1057 270 1239 293 BULLARIUM

480 423 597 457 dicere.

525 477 541 518 ξ
559 475 612 509 46.
633 477 758 519 Regens
778 482 826 510 ter
846 477 877 510 in
899 489 995 518 anno,
1020 479 1152 522 expletis
1171 479 1220 512 le-

479 529 650 571 ctionibus,
673 541 731 574 per
758 531 882 564 litteras
905 532 983 576 quid
1009 537 1040 565 et
1066 538 1221 577 quantum

479 584 597 616 lectum
619 583 715 617 fuerit
742 584 845 628 priori
869 585 1011 627 generali
1039 585 1223 628 significare

479 642 636 677 teneatur,
653 637 708 681 qui
726 638 824 671 semel
843 638 875 671 in
893 648 978 672 anno
996 639 1102 673 studia
1115 639 1223 673 onmia

478 691 627 731 visitare,
655 691 884 736 studentesque
917 692 1083 735 singulos,
1114 693 1224 727 eiectis

479 744 517 778 iis
537 745 591 788 qui
617 755 681 778 non
702 745 917 789 profecerint,
939 757 998 790 per
1028 757 1061 780 se
1089 747 1138 781 vel
1166 758 1225 792 per

480 798 578 831 alium
600 799 754 832 idoneum
775 799 959 833 examinare
980 800 1120 834 debebit.

525 851 615 895 547.
648 852 760 885 Nullus
790 853 830 886 ad
859 853 1114 897 praedicandum
1131 881 1138 894 ‚
1162 854 1223 888 nisi

481 905 642 948 magister,
660 912 714 939 aut
726 906 957 940 baccalaureus
977 907 1135 948 mittatur;
1151 918 1224 951 pos-

480 959 520 992 sit
541 965 646 992 tamen
671 957 833 1002 'generalis
854 960 994 1004 aliquem
1023 971 1059 994 ex
1087 962 1222 995 studen-

482 1012 565 1045 tibus
584 1013 615 1046 in
633 1023 724 1046 sacra
744 1013 906 1056 theologia
923 1013 978 1046 diu
998 1019 1171 1055 versatum,
1195 1019 1226 1048 et

481 1067 521 1100 ad
543 1067 574 1100 id
600 1077 719 1101 munus
737 1068 882 1111 diligenti
903 1068 1049 1101 examine
1072 1067 1225 1102 idoneum

481 1127 666 1165 repertum,
706 1121 833 1155 mittere
873 1127 1018 1165 tempore
1058 1122 1225 1155 dumtaxat

482 1175 771 1219 quadragesimali,
810 1175 881 1209 aliis
919 1185 993 1209 vero
1027 1175 1228 1219 temporibus

482 1228 580 1270 nulli,
607 1239 714 1272 neque
738 1229 972 1269 baccalaureo,
997 1239 1102 1272 neque
1130 1229 1226 1263 etiam

483 1282 605 1324 regenti
632 1282 749 1323 liceat,
781 1292 887 1326 neque
917 1282 1011 1315 etiam
1038 1282 1068 1315 in
1096 1283 1229 1327 propria

483 1335 620 1369 ecclesia
636 1335 841 1380 praedicare,
859 1346 899 1369 ne
919 1341 1056 1369 statutae
1076 1336 1229 1370 lectiones
1246 1361 1247 1366 ,

484 1389 675 1423 deserantur
694 1395 749 1423 aut
770 1389 1034 1422 intermittantur.

529 1444 546 1485 ξ
566 1443 619 1476 48.
632 1443 668 1477 Et
686 1443 761 1487 qnia
778 1453 941 1476 sacrarum
964 1449 992 1475 et
1012 1443 1228 1477 humanarum

484 1497 663 1530 litterarum
685 1497 790 1531 studia
820 1507 892 1530 cum
924 1497 1063 1540 pietate,
1087 1497 1230 1530 bonitate

484 1557 515 1584 ct
543 1551 696 1584 virtutum
727 1550 873 1584 onmium
901 1550 1131 1584 exercitatione
1153 1562 1230 1585 con-

485 1604 592 1637 iuncta
613 1614 681 1637 csse
699 1603 915 1645 debent,ideo
936 1603 1034 1637 semel
1057 1603 1088 1636 in
1109 1603 1230 1637 hebdo-

484 1658 599 1698 mada,
623 1657 674 1690 die
695 1668 711 1689 a
733 1657 833 1701 priori
863 1657 1003 1699 generali
1034 1657 1227 1698 constituto,

485 1711 524 1744 do
545 1710 708 1753 theologia
728 1710 870 1754 practica
891 1710 1050 1743 habeatur
1070 1711 1228 1752 tractatio,

485 1764 515 1796 in
537 1775 601 1808 qua
626 1763 800 1808 praecipue
831 1764 870 1797 de
901 1763 1091 1805 virtutibus,
1116 1763 1232 1808 quibus

485 1817 604 1850 alimur
621 1817 652 1850 in
676 1817 739 1850 vita
759 1817 930 1861 spirituali,
955 1822 985 1850 ct
1007 1817 1045 1850 de
1066 1817 1148 1850 vitiis
1168 1828 1225 1862 op-

485 1871 612 1915 positis,
637 1881 719 1915 qnae
752 1876 915 1914 tamquam
945 1869 1075 1904 morbos
1106 1870 1233 1904 animae

486 1935 668 1965 caveamus,
692 1929 816 1966 agatur.

532 1979 547 2022 g
567 1978 619 2011 40.
643 1978 836 2018 Quotannis,
861 1983 948 2011 certo
965 1983 1047 2011 stato
1070 1983 1230 2022 tempore,

487 2043 505 2064 a
526 2032 634 2076 priore
652 2032 794 2075 generali
808 2032 1011 2075 singulorum
1034 2031 1232 2065 studentium

490 2140 586 2180 tioni,
610 2146 738 2184 praeter
769 2139 911 2184 priorem
941 2145 1117 2173 conventus
1137 2144 1167 2172 et
1188 2139 1233 2172 le-

490 2200 616 2234 ctores,
645 2194 740 2227 etiam
771 2193 976 2238 provincialis
1009 2192 1155 2233 intersit,
1179 2203 1234 2225 seu

491 2248 571 2280 alius
592 2258 608 2280 a
623 2248 772 2290 generale
791 2247 955 2286 delei-tus,
984 2246 1002 2278 ii
1026 2247 1064 2279 de
1086 2246 1236 2279 omnibns

491 2312 573 2346 quae
591 2302 675 2335 circa
705 2301 809 2334 studia
840 2300 1038 2345 pioridenda
1067 2305 1184 2339 erunt,
1206 2305 1237 2333 ct

491 2355 664 2399 praecipue
691 2355 730 2387 di·
757 2354 987 2398 promovendis
1009 2353 1176 2397 discipulis
1197 2354 1236 2387 ad

491 2409 675 2453 ,superiores
696 2409 823 2447 classes,
843 2413 871 2440 et
887 2407 1115 2441 delectoribus
1135 2413 1165 2440 et
1187 2418 1236 2439 re-

492 2469 597 2502 gente,
617 2473 652 2494 a:-
675 2462 817 2505 ipsismet
834 2461 1039 2494 studentibus
1061 2460 1234 2501 mutandis,

493 2527 564 2547 rum
580 2516 685 2559 priori·
700 2515 840 2555 generali
863 2514 1115 2553 communirent,
1134 2525 1237 2558 neque

494 2570 576 2600 circa
603 2569 708 2601 studia
729 2569 850 2613 aliquid
872 2574 1031 2602 statuatur
1059 2568 1126 2601 sins·
1152 2568 1236 2601 eins'-

495 2623 566 2655 dvm
590 2623 686 2666 patris
707 2623 866 2663 generalis
887 2634 1055 2656 consensu.

540 2675 626 2717 ξ-ἾΗ.
658 2677 822 2709 (lem-ralis
852 2677 880 2708 in
909 2676 1088 2709 visitatione
1118 2676 1235 2708 barra-

1260 269 1413 294 nouANmi
2016 271 2069 296 An.
2087 269 2115 296 C.
2131 269 2196 299 1601

2060 330 2200 363 ΒεεοῑιΙιιπςί

2016 363 2102 384 qnoque
2122 363 2200 380 exami-

2016 384 2089 406 nandi.

1256 424 1400 465 venerit,
1435 425 1515 458 itaut
1545 425 1714 459 sufficienti
1746 426 1786 459 ad
1817 425 2001 459 huiusmodi

1257 478 1392 520 gradum
1408 479 1590 513 eruditione
1607 485 1748 519 careant,
1761 478 1832 512 illos
1842 489 1901 522 pro
1912 478 2003 521 igno—

1258 531 1381 564 rantiae
1399 532 1508 572 modo,
1532 537 1587 566 aut
1607 533 1790 577 suspendet,
1813 538 1866 566 aut
1891 532 2000 577 priva-

1258 584 1314 617 bit.
1335 584 1427 624 Quod
1447 585 1542 619 etiam
1564 585 1650 619 eirca
1670 585 1749 619 alios
1768 586 1934 620 studentes
1947 587 2004 620 oh-

1257 644 1412 672 servetur.

1304 691 1391 733 551.
1415 692 1509 727 Curet
1538 693 1629 737 prior
1657 693 1891 738 cuiuscumque
1921 704 2001 727 con·
2040 691 2205 734 Lgciiosacmi

1258 751 1391 786 ventus,
1415 751 1451 780 ut
1469 747 1564 780 lectio
1594 747 1709 781 Sacrae
1728 747 1912 792 Scripturae
1925 775 1932 789 ,
1955 748 2005 781 rel
2019 728 2206 794 ῗζέἶιῐιῖῑῃῗωόἶξ

1259 810 1390 832 casuum
1413 800 1644 841 conscientiae,
1665 812 1702 834 ex
1722 801 1921 845 praescripto
1942 801 2000 835 de-
2018 784 2205 833 iee'f'iiciiiib‘ini'ffi

1260 853 1336 886 creti
1365 853 1535 897 apostolici
1564 853 1690 898 singula
1720 854 1925 889 hebdomada
1949 837 2132 888 lia-''mmm‘'

1259 906 1383 940 beatur.
1407 907 1517 951 Neque
1539 907 1606 952 ipse
1629 908 1720 952 prior
1746 908 1785 940 ab
1817 908 2004 942 huiusmodi

1260 960 1399 993 lectione
1418 961 1559 1005 aliquem
1580 961 1691 995 abesse
1711 961 1885 1006 permittet.
1898 962 2005 995 Lectio

1261 1019 1367 1047 autem
1394 1024 1466 1047 cum
1489 1014 1660 1048 collatione
1680 1025 1745 1048 non
1777 1014 1883 1048 minus
1902 1015 2005 1059 spatio

1262 1067 1356 1100 unius
1385 1067 1485 1101 horae
1514 1067 1661 1109 durabit,
1689 1073 1923 1113 tencanturque
1942 1068 2006 1102 sin-

1261 1120 1327 1163 guli
1345 1121 1530 1155 sacerdotes
1551 1121 1636 1155 circa
1656 1121 1839 1166 propositas
1855 1132 1873 1154 a
1885 1121 2007 1155 lectore

1263 1174 1480 1207 dubitationes
1501 1174 1702 1218 interrogati,
1724 1175 1802 1218 quid
1819 1174 2006 1208 sentiantex

1263 1226 1378 1259 ordine
1408 1226 1622 1270 respondere,
1647 1225 1765 1270 quihus
1792 1226 1888 1259 etiam
1913 1225 2009 1259 liceat

1264 1279 1348 1312 circa
1374 1279 1539 1312 materiam
1568 1280 1762 1323 praelectam
1792 1279 2008 1313 dubitationes

1264 1333 1413 1371 excitare,
1438 1333 1539 1377 iisqne
1569 1333 1672 1367 lector
1696 1333 1879 1367 satisfacere
1900 1339 2008 1367 tenea-

1266 1393 1331 1427 tur,
1355 1397 1392 1420 ac
1421 1392 1594 1431 propterea
1622 1397 1782 1420 summam
1810 1386 1922 1420 saltem
1950 1386 2008 1420 ali-

1265 1450 1361 1484 quam
1377 1450 1508 1473 casuum
1529 1440 1745 1474 conscientiae
1759 1440 1879 1474 habere
1891 1440 2008 1483 singuli

1265 1493 1439 1528 debebunt.
1463 1494 1494 1528 Si
1524 1494 1626 1528 lector
1648 1503 1714 1527 non
1742 1493 1884 1536 legitime
1907 1493 2010 1538 impe-

1265 1547 1351 1581 ditus
1364 1558 1382 1580 a
1403 1548 1541 1590 legendo
1561 1557 1619 1591 per
1636 1547 1875 1581 hebdomadam
1898 1557 2006 1581 cessa-

1265 1600 1356 1641 verit,
1368 1610 1446 1633 voce
1457 1600 1560 1634 activa
1569 1606 1600 1634 et
1612 1600 1737 1644 passiva
1746 1610 1804 1644 per
1813 1610 1933 1634 annum
1944 1600 2011 1645 pri-

1266 1660 1355 1688 vatus
1375 1654 1506 1694 existat3
1529 1654 1554 1687 si
1575 1664 1634 1698 per
1654 1654 1749 1687 aliam
1771 1654 2009 1687 hebdomadam

1266 1709 1297 1741 in
1331 1718 1464 1742 munere
1488 1718 1546 1741 suo
1572 1707 1724 1741 obeundo
1753 1707 1922 1748 defecerit,
1953 1717 2012 1751 per

1267 1761 1432 1795 biennium
1452 1761 1599 1794 eamdem
1621 1761 1734 1794 subeat
1754 1771 1904 1804 poenam.
1926 1760 1959 1794 Si
1980 1760 2012 1794 in

1267 1815 1471 1849 contumacia
1510 1826 1568 1858 per
1607 1814 1732 1848 tertiam
1770 1814 2011 1848 hebdomadam

1267 1869 1496 1909 steterit,ultra
1515 1868 1602 1901 vocis
1620 1867 1740 1901 activae
1753 1873 1781 1900 et
1794 1867 1937 1912 passivae
1948 1867 2013 1912 pri-

1269 1923 1440 1963 vationem,
1458 1933 1516 1967 per
1530 1922 1788 1966 quinquennium
1803 1921 1871 1955 iure
1885 1922 2013 1964 legendi

1268 1987 1443 2021 suspensus
1463 1976 1512 2009 sit.
1537 1975 1567 2009 Si
1593 1976 1706 2009 fratres
1726 1985 1801 2008 vero
1826 1975 1934 2009 studio
1960 1975 2016 2008 ad-

1269 2031 1378 2076 scripti
1400 2030 1530 2064 lectioni
1548 2041 1614 2063 non
1639 2029 1809 2071 adfuerint,
1833 2039 1891 2074 pro
1911 2029 2015 2074 prima

1270 2090 1301 2119 et
1325 2085 1466 2118 secunda
1486 2084 1574 2125 viee,
1597 2083 1629 2116 in
1656 2083 1827 2116 refectorio
1847 2093 1963 2127 panem
1985 2088 2016 2117 et

1270 2150 1386 2183 aquam
1409 2138 1538 2183 publice
1563 2138 1677 2177 edant;
1700 2136 1724 2170 si
1756 2136 1847 2170 tertia
1872 2136 2016 2180 delique-

1270 2193 1345 2233 rint,
1361 2203 1437 2225 voce
1455 2191 1554 2225 activa
1570 2197 1599 2224 et
1614 2190 1736 2235 passiva
1751 2201 1808 2234 per
1822 2189 2013 2230 trienninm,

1271 2246 1405 2290 aliisque
1415 2246 1510 2278 etiam
1522 2243 1786 2289 poenis,arbitrio
1795 2242 2012 2287 provincialis,

1271 2301 1464 2344 plectantur.

1318 2356 1334 2395 ξ
1356 2352 1408 2385 ἴιὶῖ.
1429 2352 1465 2385 [71
1489 2357 1594 2384 anti-ni
1617 2351 1729 2384 fratres
1755 2359 1868 2383 omnes
1888 2349 1918 2383 in
1940 2359 2016 2383 con-

1271 2405 1424 2439 scientiae
1443 2404 1569 2437 casibus
1584 2403 1685 2446 magis
1706 2403 1820 2436 versati
1842 2402 1931 2441 fiant,
1946 2402 2017 2436 nul-

1273 2461 1321 2493 lus
1333 2459 1484 2502 deinceps
1505 2458 1534 2490 in
1557 2457 1698 2501 priorem
1721 2456 1868 2498 eligatur,
1885 2455 2016 2500 quinon

1273 2513 1361 2558 prius
1383 2513 1422 2545 ad
1451 2510 1669 2545 consessiones
1695 2509 1872 2543 audiendas
1900 2507 2017 2542 admis-

1273 2578 1325 2599 sus
1344 2565 1450 2603 suerit,
1464 2570 1518 2597 aut
1535 2564 1647 2597 saltem
1666 2563 1768 2607 spatio
1788 2573 1839 2596 sex
1858 2561 2015 2595 meusium

1275 2621 1418 2666 proxime
1441 2621 1635 2657 futurorum,
1660 2618 1699 2651 ab
1720 2617 1873 2661 episcopo
1894 2615 1968 2653 lori,
1986 2615 2016 2648 in

1273 2685 1338 2719 qno
1360 2673 1448 2717 prior
1469 2679 1511 2705 est
1533 2673 1663 2709 clectus,
1688 2669 1811 2703 adiiiitti
1833 2680 1865 2701 se
1887 2679 2017 2701 curave-

2043 2348 2124 2370 Priori·
2137 2347 2164 2370 oli

2030 2376 2051 2397 «ti
2062 2374 2186 2403 qnantum.
