2253 3195
2 296 5 300 -
47 277 95 304 Αιιῐ
113 279 141 305 C.
162 278 227 305 1597

244 328 268 347 ‚L

243 380 268 421 --ζ
284 380 350 421 Ego
367 379 533 423 Cynthius
546 379 701 412 diaconus
723 378 893 412 cardinalis
911 379 988 410 San-

333 433 374 465 cli
403 432 540 474 Georgii.

244 487 268 528 -ζ-
292 486 358 528 Ego
384 486 658 523 Bartholomaeus,
678 486 707 518 S.
731 485 845 517 Mariae
863 486 893 517 in
914 486 987 517 l‘or-

333 540 411 577 ticu,
439 539 524 571 card.
554 539 690 571 Caesius.

260 609 268 613 ·
292 594 357 636 Ego
382 593 534 632 Andreas,
561 593 592 625 S.
622 592 736 638 Mariae
763 592 792 623 in
821 593 984 632 llomnica,

332 646 414 680 diac.
443 646 528 679 card.
557 646 714 679 Perettus.

243 594 259 635 -l-

541 858 691 892 CLXXIV.

246 965 457 1007 Confirmatio
469 965 638 997 erectionis
649 965 916 1007 Coum—emmonis
930 965 991 997 Do-

290 1019 415 1051 clv-inae
430 1018 639 1052 Christianae
656 1018 692 1050 in
713 1018 842 1050 civitate
854 1018 991 1051 Arenio-

291 1072 396 1111 nensi,
421 1082 494 1103 cum
507 1071 703 1114 simultatum
720 1075 749 1102 et
770 1071 992 1113 t'udulqcntia-

291 1135 366 1157 rum
389 1124 630 1157 nonnullarum
650 1123 848 1157 concessione
864 1124 884 1155 ¹.

454 1213 587 1240 Clemens
608 1213 688 1246 Papa
710 1213 786 1246 vm,

367 1266 403 1293 ad
426 1268 601 1300 perpetuam
622 1265 666 1293 rei
690 1265 871 1293 memoriam.

292 1338 443 1382 Exposcit
467 1338 611 1371 debitum
637 1338 738 1371 nostri
763 1338 928 1381 pastoralis
949 1339 994 1371 os-

249 1392 325 1433 ficii,
352 1397 387 1425 ut
402 1392 434 1425 in
459 1402 529 1425 eam
556 1401 666 1425 curam
691 1396 819 1424 nostrae
843 1391 995 1425 sollicitu-

248 1444 331 1477 dinis
355 1450 460 1488 partes
477 1444 694 1483 intendamus,
721 1455 777 1487 per
794 1455 890 1487 quam
912 1445 995 1477 cliri-

249 1498 439 1531 stifidelibus
456 1497 496 1530 ad
518 1497 724 1531 christianam
744 1498 922 1531 doctrinam
940 1498 996 1531 ad-

249 1549 435 1585 discendam
461 1551 510 1584 via
526 1551 661 1584 faciliter
685 1551 839 1595 aperitur,
855 1551 898 1584 ita
912 1557 944 1585 ut
963 1552 994 1584 in

249 1605 326 1647 ipsis
350 1604 535 1638 huiusmodi
553 1604 699 1637 doctrina
721 1604 853 1638 imbutis
878 1605 909 1637 in
928 1605 996 1638 dies

248 1663 370 1691 crescat
404 1657 585 1691 divinorum
621 1657 823 1690 observantia
859 1668 996 1701 praece-

249 1715 392 1755 ptorum.

295 1764 354 1807 §i
373 1764 451 1798 Cum
473 1765 594 1807 itaque,
610 1764 691 1797 sicut
708 1765 901 1808 accepimus,
918 1775 997 1797 non-

250 1817 330 1850 nulli
354 1817 398 1860 pii
423 1817 648 1851 christifideles
670 1817 833 1851 Avenione
857 1828 997 1851 commo—

251 1875 357 1903 rantes
372 1870 424 1912 pio
437 1870 506 1902 aliis
519 1869 781 1903 christifidelibus
794 1870 825 1903 in
840 1870 899 1911 his,
916 1882 998 1914 quae

252 1923 292 1956 ad
313 1924 448 1957 salutem
466 1928 551 1964 sunt,
572 1923 700 1957 iuvandi
719 1923 879 1957 desiderio
896 1923 996 1963 ducti,

252 1982 283 2010 et
307 1976 546 2010 considerantes
578 1976 609 2008 in
634 1977 682 2010 his
707 1977 942 2011 haereticorum
968 1984 999 2011 et

253 2030 530 2064 schismaticorum
556 2030 696 2063 tenebris
720 2041 786 2064 non
800 2031 904 2064 solum
922 2042 999 2075 pue-

252 2093 305 2116 ros
329 2089 456 2116 teneros
481 2083 513 2115 in
539 2083 685 2116 doctrina
709 2084 880 2116 christiana
915 2084 996 2117 edu-

253 2135 383 2176 candos,
403 2136 457 2169 sed
477 2141 507 2169 et
525 2135 670 2169 homines
686 2142 852 2180 provectos
877 2142 907 2170 et
922 2143 999 2170 natu

254 2189 390 2222 maiores
415 2189 599 2222 huiusmodi
624 2189 790 2223 doetrinae
808 2190 1000 2224 christianae

252 2243 349 2276 rudes
374 2243 405 2275 in
434 2242 486 2276 illa
510 2242 715 2276 instruendos
739 2254 826 2282 esse,
851 2245 891 2277 ab
916 2255 1000 2278 anno

254 2296 381 2330 Domini
407 2296 578 2344 millesimo
603 2297 864 2340 quingentesimo
895 2309 1000 2331 nona—

253 2350 377 2393 gesimo
402 2349 564 2390 secundo,
591 2351 780 2384 auctoritate
812 2350 1000 2384 venerabilis

253 2402 358 2434 fratris
383 2402 511 2435 Ioannis
536 2401 857 2447 Francisci‘cpiscopi
873 2403 1003 2437 Cavalli-

254 2456 369 2497 censis,
390 2461 464 2490 tunc
489 2458 519 2490 in
551 2457 679 2490 civitate
704 2462 813 2490 nostra
838 2457 1002 2500 praedicta

254 2510 464 2544 Avenionensi
491 2510 667 2553 vicelegati,
687 2516 722 2543 ut
740 2521 797 2554 pro
815 2510 1001 2543 huiusmodi

255 2563 406 2598 exercitio
423 2569 581 2604 vacarent,
598 2568 629 2596 et
642 2563 674 2596 in
693 2564 783 2596 vinea
798 2563 922 2597 Domini
940 2565 1003 2597 sru-

258 2622 328 2650 ctus
352 2616 476 2660 aliquos
500 2616 728 2660 producerent,
757 2617 930 2660 quamdam
956 2617 1003 2650 in-

292 2679 303 2705 ¹1
328 2678 365 2705 Ex
382 2678 490 2714 Regest.
506 2677 533 2705 in
548 2678 655 2706 Secret.
677 2677 812 2706 Brevium.

75 1397 196 1418 Exordium,

96 1823 236 1849 (longi-»gasse

52 1850 168 1870 Doctrinae
178 1850 236 1870 Clu-i-

51 1876 133 1897 stianae
149 1877 237 1897 Avenie-

51 1909 77 1923 no
109 1903 236 1923 auctoritate

52 1929 205 1956 archiepiscopi
218 1931 238 1950 et

51 1956 162 1982 vicelegati
179 1957 237 1977 insti-

52 1985 104 2003 tuta.

859 278 1005 301 mix-:Misus
1026 278 1083 300 viu
1105 278 1154 300 Ν».

979 352 983 357 .
1022 331 1070 358 ter
1101 336 1133 358 se
1165 325 1469 368 Congivgationem,
1497 324 1535 356 ad
1561 323 1765 365 christianam

1673 265 1730 298 sill

1022 379 1201 412 doctrinam
1213 378 1308 411 rudes
1321 378 1534 417 edocendum,
1547 377 1766 415 instituerunt,

1022 432 1113 464 cuius
1139 431 1396 474 congregationis
1422 431 1531 465 fideles
1557 437 1665 474 postea
1691 430 1769 463 dile-

1023 485 1063 517 cti
1095 485 1149 517 lilii
1189 485 1288 517 nostri
1315 484 1475 517 Francisci
1513 485 1629 517 Mariae
1661 483 1768 517 Sancti

1023 537 1258 570 Baitliolomaci
1284 538 1315 570 in
1342 538 1446 570 insula
1471 537 1650 582 presbyteri
1669 537 1771 570 cardi-

1023 591 1115 629 nalis,
1142 596 1283 633 tuncque
1308 591 1462 623 ecclesiae
1479 591 1769 629 Ax'enionensis,ex

1022 644 1228 676 concessione
1265 649 1295 676 et
1323 643 1562 686 dispensatione
1594 644 1771 688 apostolica

979 726 984 731 .
1022 697 1196 741 praesulis,
1216 708 1275 740 ope
1297 702 1327 729 et
1348 698 1453 729 favore
1477 697 1590 735 adiuti,
1615 697 1647 729 in
1671 697 1770 730 eccle-

1022 752 1067 784 sia
1091 751 1223 784 Sanctae
1248 749 1397 783 Praxedis
1412 750 1638 783 Avenioncnsis
1651 755 1682 783 ct
1700 749 1770 782 aliis

1024 804 1216 847 quibusdam
1234 803 1313 836 locis
1330 803 1499 836 comitatus
1514 803 1690 835 Venaissini
1710 804 1770 835 liu-

1023 868 1143 901 cusque
1164 868 1244 900 opus
1262 856 1446 890 huiusmodi
1472 856 1718 889 continuarunt.
1740 862 1771 889 et

1025 911 1129 943 adhuc
1153 920 1270 953 magno
1294 919 1368 942 cum
1393 909 1499 942 fructu
1528 909 1559 942 in
1585 909 1639 941 illo
1664 919 1770 952 perse-

1025 970 1144 997 verant.

1070 1017 1084 1059 g
1107 1016 1140 1048 2.
1171 1016 1247 1050 Cum
1273 1022 1392 1055 autem,
1420 1015 1502 1049 sicut
1525 1015 1609 1048 idem
1635 1014 1771 1048 Franci-

1026 1080 1098 1103 scus
1123 1069 1219 1102 Maria
1244 1068 1415 1102 cardinalis
1439 1068 1532 1101 nobis
1560 1079 1662 1112 nuper
1678 1078 1771 1111 cxpo-

1027 1123 1102 1160 suit,
1119 1122 1230 1155 messis
1248 1123 1346 1155 multa
1359 1122 1411 1161 sit,
1427 1122 1565 1165 operarii
1579 1133 1651 1155 vero
1665 1122 1771 1165 pauci,

1026 1177 1153 1219 sintque
1168 1175 1207 1208 ad
1227 1181 1350 1208 tantum
1368 1185 1448 1219 opus
1472 1175 1688 1218 peragendum
1703 1175 1773 1219 plu-

1028 1241 1077 1264 res
1101 1236 1131 1263 et
1156 1229 1299 1262 diversae
1324 1239 1492 1272 personae,
1518 1234 1549 1261 et
1578 1228 1675 1271 aliqui
1704 1229 1775 1262 red-

1027 1284 1111 1317 ditus
1142 1284 1256 1324 annui,
1287 1293 1345 1327 pro
1376 1293 1484 1316 earum
1521 1282 1772 1323 sustentatione,

1027 1337 1223 1375 necessarii,
1256 1336 1388 1380 ipsaque
1420 1335 1634 1379 Congregatio
1670 1337 1775 1370 nullos

1028 1391 1159 1424 omnino
1196 1390 1339 1424 redditus
1378 1389 1515 1428 habeat3
1553 1390 1775 1433 eleemosynae

1028 1449 1149 1483 autem,
1175 1443 1401 1486 refrigescente
1427 1442 1593 1483 charitate,
1621 1443 1664 1475 ita
1687 1454 1777 1475 rarae

1030 1497 1104 1537 sint,
1121 1502 1155 1529 ut
1179 1495 1229 1529 vix
1247 1497 1286 1528 ad
1312 1495 1409 1528 trium
1428 1495 1475 1528 vel
1491 1501 1631 1538 quatuor
1654 1502 1777 1529 susten-

1030 1551 1183 1584 tationem
1201 1549 1348 1582 susficere
1365 1548 1499 1592 possint,
1525 1555 1555 1581 et
1574 1548 1646 1582 ideo
1665 1548 1689 1580 si
1714 1560 1779 1582 au-

1030 1603 1176 1638 ctoritate
1192 1603 1368 1646 apostolica
1392 1602 1575 1636 huiusmodi
1601 1602 1779 1646 Congrega-

1030 1658 1075 1690 tio
1099 1662 1252 1700 perpetuo
1277 1656 1502 1689 institueretur
1526 1656 1576 1695 (in
1601 1667 1698 1699 quam
1723 1656 1779 1689 ho-

1031 1711 1133 1744 mines
1158 1710 1189 1742 in
1213 1710 1329 1743 timore
1342 1709 1468 1743 Domini
1489 1710 1627 1749 emeriti,
1643 1715 1711 1742 tum
1729 1721 1781 1743 ec-

1031 1763 1200 1797 clesiastici
1216 1769 1283 1795 tum
1302 1762 1387 1804 laici,
1415 1763 1446 1794 in
1470 1763 1664 1795 continentia
1684 1762 1779 1796 vitam

1032 1828 1121 1851 suam
1147 1817 1264 1849 ducere
1279 1821 1508 1860 proponentes,
1530 1816 1585 1859 qui
1603 1815 1677 1848 huic
1694 1827 1781 1849 exer-

1032 1871 1106 1904 citio
1130 1869 1263 1912 singulis
1282 1869 1399 1903 festivis
1417 1875 1447 1903 et
1465 1869 1634 1902 dominicis
1652 1874 1683 1902 et
1698 1869 1779 1909 aliis,

1032 1925 1057 1957 si
1083 1934 1163 1967 opus
1187 1929 1281 1961 esset,
1309 1923 1422 1955 diebus
1456 1923 1669 1966 invigilarent,
1696 1923 1782 1955 reei-

1032 1978 1210 2023 perentur).
1234 1983 1262 2010 et
1288 1978 1348 2010 hoe
1364 1977 1504 2020 profecto
1521 1976 1574 2020 pio
1591 1977 1679 2020 operi
1691 1987 1783 2020 prae-

1034 2032 1119 2064 dicto
1144 2030 1318 2064 admodum
1344 2031 1524 2063 consultum
1557 2035 1657 2063 esset:
1684 2040 1782 2072 quare

1033 2085 1118 2118 idem
1144 2084 1334 2117 Franciseus
1360 2083 1457 2116 Maria
1483 2082 1653 2116 cardinalis
1689 2082 1782 2115 nobis

1035 2138 1199 2170 humiliter
1235 2136 1448 2181 supplicavit,
1474 2142 1509 2169 ut
1545 2136 1576 2168 in
1601 2136 1783 2179 praemissis

1035 2196 1217 2236 opportune
1236 2191 1404 2234 providere
1424 2190 1463 2224 de
1483 2190 1683 2233 benignitate
1709 2200 1780 2233 apo-

1035 2245 1147 2278 stoliea
1172 2244 1390 2287 dignaremur.

1081 2299 1095 2339 ξ
1119 2298 1139 2331 3
1171 2298 1248 2337 Nos,
1275 2298 1329 2341 qui
1352 2297 1412 2341 piis
1436 2298 1587 2341 operibus
1612 2296 1710 2329 nostri
1736 2298 1781 2329 l'a-

1037 2352 1120 2385 voris
1134 2350 1329 2395 praesidium
1348 2351 1485 2384 libenter
1496 2350 1710 2394 impertimur,
1721 2350 1783 2383 sin-

1036 2405 1162 2448 gulares
1187 2404 1291 2437 dictae
1316 2403 1578 2447 Congregationis
1597 2413 1749 2447 personas
1767 2414 1784 2435 a

1037 2456 1202 2500 quibusvis
1226 2456 1580 2496 excommunicationis,
1605 2457 1786 2500 suspensio-

1039 2511 1087 2544 nis
1112 2516 1143 2542 et
1179 2509 1361 2549 interdicti,
1396 2510 1531 2552 aliisque
1566 2510 1786 2543 ecclesiasticis

1039 2563 1216 2602 sententiis,
1243 2563 1386 2595 censuris
1411 2568 1438 2595 et
1466 2562 1578 2607 poenis
1603 2573 1619 2594 a
1646 2563 1713 2596 iure
1738 2564 1785 2597 vel

1039 2617 1078 2650 ab
1111 2616 1262 2657 homine,
1289 2617 1398 2660 quavis
1423 2616 1591 2650 occasione
1616 2616 1661 2650 vel
1689 2627 1785 2650 causa

1039 2671 1121 2709 latis,
1145 2670 1169 2703 si
1202 2670 1319 2714 quibus
1348 2670 1589 2714 quomodolibet
1616 2671 1786 2705 innodatae

1784 275 1830 299 An.
1849 274 1877 299 (Ἰ.
1899 274 1963 300 1507

1806 1027 1867 1047 Carti.
1885 1026 1972 1046 Avenie-

1785 1060 1855 1074 nensis
1864 1059 1909 1073 eam
1921 1058 1971 1077 apo-

1786 1081 1861 1100 stolica
1878 1079 1970 1100 aut-tori·

1787 1110 1829 1127 talo
1853 1107 1970 1126 continuari

1787 1134 1847 1160 polii.

1820 2302 1931 2322 Consu-mat
1940 2301 1982 2321 Clo-

1798 2334 1856 2349 mcn·=
1866 2344 1870 2351 ,
