2253 3195
63 280 109 308 An.
127 279 154 307 C.
179 280 246 308 1599

103 766 179 788 Indicit
199 771 247 791 sup-

63 793 187 820 plicationus
215 798 248 813 so-

66 821 142 841 lemnes
154 820 180 839 ad
191 819 247 839 basi-

63 847 114 867 Iicas
130 846 151 866 S.
168 845 247 865 Mariae

64 873 150 894 Maioris
159 874 180 893 cl.
187 872 248 893 S.Pc-

96 1991 196 2013 Hortatur
210 1997 252 2012 mo-

71 2021 139 2039 rantes
166 2019 254 2043 Romae,

71 2047 94 2065 ut
107 2045 192 2066 easdem
212 2045 254 2066 Ba-

71 2072 147 2095 silicas,
162 2074 253 2092 exteros·

73 2102 111 2124 que
146 2100 169 2119 ut
197 2098 253 2118 dusi-

73 2124 164 2148 nnautlas
187 2126 254 2145 eccle-

73 2150 114 2171 sias
132 2151 223 2174 visitent.
234 2154 255 2172 et

72 2177 107 2202 pia
117 2183 189 2204 opera.
198 2184 254 2204 quae

72 2203 106 2224 bie
152 2205 254 2231 praescri-

72 2230 160 2255 buntur,
188 2231 254 2252 adim-

73 2257 148 2283 pteant.

876 279 1023 302 CLEMENS
1044 279 1100 302 VIII
1120 279 1170 302 ΙΨ.

262 334 291 361 et
320 328 529 372 omnipotens
560 327 718 365 vineitur·,
752 326 1002 371 poenitentiam,

263 381 455 421 orationem,
474 381 628 414 ieiunium
644 387 673 413 et
686 381 934 424 eleemosynam.
953 380 1006 412 llis

263 435 349 468 enim
372 436 518 478 placatur
537 435 630 474 Deus,
655 434 708 478 qui
729 434 754 467 si
776 434 890 466 viderit
910 444 1006 476 opera

261 493 365 521 vestra
396 488 504 527 bona,
540 493 570 520 et
601 487 676 530 quia
697 486 841 519 conversi
868 486 942 518 estis
967 486 1006 518 ab

262 541 351 575 omni
365 541 414 574 via
432 541 515 573 mala
528 540 559 573 in
577 540 759 573 sinceritate
777 539 882 572 cordis
896 538 1003 579 vestri,

262 600 441 628 revertetur
466 600 496 627 et
521 595 590 638 lpse
611 604 628 626 a
650 594 758 626 surore
778 593 845 625 irae
865 602 952 631 suae⁷
977 597 1008 624 et

263 659 329 681 non
350 647 505 691 peribitis.

310 704 326 744 ξ
348 701 377 734 6.
402 702 505 744 Atque
526 706 562 733 ut
577 706 663 733 tanto
684 699 848 732 ardentius
869 699 909 732 ad
930 699 1007 732 diri-

263 765 380 788 norum
398 759 676 787 sacramentorum
689 753 883 786 medicinam
896 764 1008 786 accur-

264 809 352 849 ratis,
367 814 397 842 et
418 814 462 849 ut,
491 814 631 841 veterem
653 808 818 841 hominem
840 813 1003 847 exuentes,

264 867 370 894 mente
391 867 422 894 et
441 861 556 905 spiritu
576 861 737 901 renovati,
773 860 944 893 ambuletis
976 860 1006 892 in

264 915 402 948 novitate
422 915 514 955 vitae,
538 925 599 948 nos
620 915 660 947 ad
680 914 830 947 basilicas
850 914 1007 957 Principis

263 969 504 1012 Apostolorum,
529 973 557 1000 et
579 968 713 1001 Sanctae
743 968 861 1000 Mariae
882 967 1008 1000 Maioris

264 1022 303 1054 de
324 1022 408 1054 Urbe
428 1021 574 1064 proxima
594 1021 809 1061 hebdomada,
831 1027 945 1064 quarta
965 1021 1009 1053 ri-

265 1075 522 1108 delicethuiusce
534 1075 652 1108 mensis
666 1075 813 1115 ianuarii,
825 1075 938 1107 diebus
952 1086 1009 1118 per

264 1139 323 1161 nos
345 1128 511 1170 eligendis,
535 1128 694 1161 solemnes
715 1127 965 1171 supplicationes
979 1133 1009 1160 et

264 1182 497 1226 processiones,
513 1187 549 1215 ut
563 1181 661 1215 moris
681 1187 738 1221 est,
763 1180 944 1214 indicimus.
962 1182 1009 1214 Ad

265 1245 345 1279 quas
365 1235 514 1268 basilicas
529 1263 536 1275 ,
567 1235 615 1268 vel
636 1245 747 1268 earum
773 1235 922 1275 alteram,
951 1246 1009 1267 nos

265 1289 325 1333 ipsi
346 1299 410 1322 una
428 1299 500 1321 cum
522 1288 759 1321 venerabilibus
780 1288 931 1321 fratribus
952 1299 1007 1321 no-

266 1341 338 1375 stris
356 1342 490 1375 Sanctae
510 1342 674 1375 Romanae
687 1341 847 1374 Ecclesiae
861 1341 1010 1374 cardina-

265 1395 359 1435 libus,
388 1406 424 1428 ac
456 1395 656 1438 patriarchis,
692 1394 957 1438 archiepiscopis,
979 1400 1010 1428 ct

267 1449 426 1492 episcopis
447 1449 479 1481 in
499 1450 645 1482 Romana
665 1448 758 1482 Curia
787 1448 1006 1490 existentibus,

266 1514 304 1536 ac
328 1503 579 1536 christianorum
611 1513 723 1545 regum
764 1508 795 1535 et
824 1503 1008 1546 principum

266 1556 449 1590 oratoribus
462 1557 494 1589 in
514 1557 600 1590 Urbe
620 1556 907 1596 commorantibus,
925 1557 1010 1589 aliis—

267 1621 329 1653 que
346 1610 507 1654 praelatis,
525 1616 620 1653 atque
641 1610 833 1643 officialibus
846 1611 1010 1644 Romanae

267 1663 396 1704 Curiae,
421 1669 452 1696 et
472 1663 711 1705 magistratibus
731 1663 875 1696 eiusdem
896 1663 1007 1703 Urbis,

266 1717 432 1760 vobisque,
457 1717 544 1750 clero
573 1723 603 1750 et
627 1717 749 1760 populo
770 1717 1008 1758 comitantibus,

268 1771 377 1804 debita
396 1770 494 1803 animi
509 1776 540 1803 et.
553 1771 699 1814 corporis
712 1770 918 1808 demissione,
935 1781 1011 1814 sup-

266 1824 366 1868 plices
386 1824 492 1864 adire,
528 1824 678 1867 ipsasque
708 1824 961 1867 supplicationes
982 1829 1013 1857 et

266 1877 489 1920 processiones
510 1877 674 1909 celebrare
695 1876 931 1909 constituimus.

312 1932 328 1972 ἓ
350 1929 378 1963 7.
403 1931 442 1963 Ut
463 1941 537 1963 vero
564 1941 581 1962 a
607 1930 715 1963 divina
741 1930 884 1963 bonitate
916 1935 1012 1973 atque

269 1983 438 2017 clementia
458 1984 625 2016 uberiores
655 1983 837 2016 communis
865 1994 901 2016 ac
921 1984 1009 2016 salu-

269 2036 345 2070 taris
365 2037 583 2080 poenitentiae
597 2038 719 2069 fructus
740 2037 925 2080 (rapiamus,
959 2047 1014 2069 ros

269 2090 434 2123 universos
455 2095 486 2123 et
509 2090 662 2132 singulos,
682 2096 890 2133 caeterosque
904 2089 1010 2123 utriu-

269 2156 349 2189 sque
382 2155 474 2178 sexus
506 2144 748 2185 christifideles,
773 2144 805 2176 in
826 2144 909 2177 dicta
929 2144 1014 2177 Urbe

270 2199 402 2242 eiusque
423 2198 569 2231 districtu
590 2197 761 2231 existentes
776 2224 783 2237 ‚
817 2208 875 2240 per
894 2197 1014 2230 viscera

271 2251 511 2285 miserittordiae
528 2251 583 2285 Dei
601 2251 703 2284 nostri
723 2251 892 2284 hortamur
919 2256 1014 2294 atque

270 2306 487 2345 obsecramus,
502 2311 537 2338 ut
556 2305 657 2349 quiin
678 2305 790 2338 eadem
804 2305 888 2338 Urbe
906 2310 1010 2345 erunt,

271 2359 355 2392 dicta
375 2359 581 2392 hebdomada
594 2386 601 2399 ,
635 2359 684 2391 vel
702 2358 814 2391 saltem
836 2358 935 2391 altera
959 2368 1011 2391 se-

270 2411 392 2455 quenti,
410 2417 581 2456 postquam
602 2417 786 2455 praesentes
805 2410 931 2444 litterae
956 2422 1015 2454 pu-

269 2465 405 2498 blicatae
419 2465 549 2505 fuerint,
570 2465 702 2498 salutari
723 2464 941 2509 poenitentiae
959 2474 1011 2496 sa-

271 2524 437 2552 cramento
462 2519 501 2552 ad
516 2518 706 2562 praeteritas
724 2519 834 2561 culpas
846 2517 1016 2550 diluendas

271 2572 315 2605 sic
329 2583 361 2605 se
375 2578 580 2616 praeparent,
593 2578 628 2605 ut
638 2573 720 2605 Deus
732 2572 876 2615 placatus
889 2570 1015 2611 flagella

271 2636 347 2659 suae
358 2626 545 2660 iracundiae
559 2631 691 2666 avertat,
708 2626 843 2658 Romam
858 2625 897 2657 ab
912 2623 1016 2657 omni-

272 2680 331 2713 bus
351 2680 502 2724 periculis
515 2679 640 2724 eripiat,
658 2690 694 2713 ac
708 2679 865 2723 populum
880 2678 912 2710 in
930 2677 1014 2711 Urbe

1041 326 1173 370 eiusque
1183 326 1329 359 districtu
1341 325 1539 366 existentem,
1551 325 1673 358 salvum
1688 330 1784 368 atque

1043 379 1238 412 incolumem
1262 384 1399 412 tueatur.
1423 379 1460 412 Et
1479 389 1533 411 vos
1555 378 1697 422 quidem,
1719 377 1784 410 etii

1043 433 1096 476 qui
1118 433 1149 465 in
1170 433 1255 465 Urbe
1275 432 1404 472 suerint,
1428 432 1609 475 praedictas
1626 431 1784 474 Principis

1043 486 1288 529 Apostolorum,
1317 492 1348 519 et
1367 486 1501 518 Sanctae
1521 485 1637 518 Mariae
1657 484 1785 518 Maioris

1043 540 1081 572 de
1112 539 1197 572 Urbe
1226 539 1384 578 basilicas,
1420 544 1474 571 aut
1494 549 1604 571 earum
1630 539 1782 578 alteranr,

1042 592 1096 635 qui
1117 602 1192 624 vcro
1213 598 1301 624 extra
1321 592 1440 625 Urbem
1470 592 1501 624 in
1523 592 1609 625 dicto
1638 592 1786 625 districtu

1043 645 1225 685 extiterint,
1254 645 1421 679 ecelesiam
1449 657 1504 679 seu
1531 646 1692 686 ecclesias,
1728 656 1787 689 per

1043 699 1189 732 locorum
1214 698 1401 732 Ordinarios
1425 710 1480 732 seu
1504 709 1615 732 eorum
1636 699 1784 739 vicarios,

1042 758 1097 786 aut
1122 753 1160 786 de
1181 763 1294 786 corum
1316 753 1486 792 mandato,
1508 758 1536 784 et
1553 752 1590 784 iis
1604 752 1786 784 deficienti-

1043 806 1123 846 bus,
1151 816 1209 849 per
1240 816 1306 845 cOS,
1341 805 1395 848 qui
1429 805 1471 837 ibi
1506 815 1617 837 curam
1639 810 1790 837 exercent

1043 859 1237 899 animarum,
1263 858 1480 902 deputandam
1501 869 1556 890 seu
1575 858 1785 901 deputandas,

1043 923 1250 956 quocumque
1264 912 1332 951 dic,
1361 912 1408 944 vel
1430 911 1689 955 quibuscumque
1716 911 1786 944 die-

1043 966 1102 998 bus
1131 966 1275 998 ciusdem
1298 966 1346 998 vel
1367 965 1531 1008 sequentis
1551 964 1786 1004 hebdomadae,

1043 1019 1155 1052 saltem
1184 1019 1282 1052 semel
1315 1019 1428 1052 devote
1455 1018 1597 1058 visitent,
1622 1024 1652 1050 et
1677 1023 1790 1061 quarta

1044 1084 1080 1105 ac
1100 1078 1186 1105 sexta
1216 1072 1311 1112 seria,
1336 1078 1366 1105 et
1386 1072 1519 1105 sabbato
1541 1071 1685 1104 eiusdem
1706 1072 1787 1105 heb-

1045 1127 1202 1160 domadae
1223 1127 1271 1159 rel
1286 1127 1449 1170 sequentis
1467 1126 1628 1165 ieiunent,
1654 1131 1683 1158 et
1697 1136 1790 1169 prae-

1045 1185 1132 1212 terea
1163 1179 1361 1222 pauperibus
1400 1184 1430 1212 et
1466 1178 1684 1221 indigentibus
1715 1190 1790 1222 per-

1043 1232 1130 1265 sonis
1151 1237 1206 1265 aut
1225 1232 1303 1265 locis
1324 1232 1385 1275 piis
1413 1232 1632 1275 eleemosynas
1657 1232 1790 1265 arbitrio

1044 1296 1102 1319 suo
1133 1291 1278 1328 erogent,
1313 1291 1409 1329 atque
1439 1285 1521 1318 intra
1554 1285 1615 1318 hoc
1649 1290 1786 1329 tempus,

1046 1345 1108 1372 tam
1130 1340 1256 1383 primae
1285 1350 1381 1383 quam
1415 1339 1576 1371 secundae
1607 1339 1788 1372 hebdoma-

1045 1394 1114 1434 dae,
1139 1393 1234 1426 alicui
1259 1393 1447 1437 presbytero
1477 1393 1516 1425 ab
1534 1392 1704 1426 Ordinario
1728 1392 1791 1426 loci

1045 1447 1225 1490 approbato
1256 1452 1391 1490 peccata
1415 1457 1472 1479 sua
1502 1445 1728 1486 confiteantur,
1759 1451 1791 1479 et

1045 1500 1207 1534 dominica
1224 1500 1340 1544 prima,
1362 1505 1417 1532 aut
1436 1500 1588 1537 secunda,
1605 1500 1653 1532 vel
1667 1499 1730 1533 alio
1745 1500 1792 1533 di-

1045 1560 1113 1588 ctae
1144 1554 1261 1598 prioris
1289 1558 1344 1586 aut
1374 1553 1537 1596 sequentis
1567 1553 1791 1586 hebdomadae

1046 1608 1107 1647 die,
1131 1614 1166 1640 ut,
1185 1618 1282 1651 supra
1303 1607 1424 1640 dictum
1452 1612 1496 1639 est
1514 1634 1520 1646 ,
1551 1606 1790 1640 sanctissimum

1045 1660 1263 1694 Eucharistiae
1288 1665 1525 1693 sacramentum
1548 1660 1660 1692 devote
1689 1659 1790 1693 susci-

1045 1712 1145 1755 piant.
1170 1711 1385 1753 Regularibus
1404 1721 1480 1743 vero
1505 1710 1652 1754 personis
1672 1710 1792 1744 utrius-

1047 1776 1108 1809 que
1126 1776 1219 1798 scxus
1239 1765 1271 1797 in
1293 1764 1439 1798 claustris
1464 1770 1620 1808 perpetuo
1642 1764 1788 1807 degenti-

1047 1819 1116 1858 bus,
1138 1823 1193 1851 aut
1212 1817 1281 1850 aliis
1299 1817 1331 1850 in
1350 1828 1479 1850 carcere
1501 1817 1720 1857 existentibus,
1743 1818 1792 1850 vel

1048 1872 1154 1915 aliqua
1180 1871 1325 1915 corporis
1340 1870 1538 1911 infirmitate,
1562 1881 1617 1903 seu
1633 1870 1696 1903 alio
1714 1881 1793 1913 quo-

1048 1935 1187 1969 cumque
1207 1924 1443 1968 impedimento
1462 1923 1610 1963 detentis,
1624 1923 1679 1967 qui
1692 1934 1790 1967 supe-

1049 1979 1115 2012 rius
1135 1989 1295 2022 expressa,
1312 1978 1360 2011 vel
1383 1988 1495 2010 eorum
1515 1977 1622 2021 aliqua
1643 1978 1746 2010 facere
1764 1983 1796 2010 et

1050 2032 1186 2075 implere
1207 2031 1423 2075 nequiverint,
1445 2031 1612 2075 presbyter
1633 2031 1795 2063 consessa-

1049 2085 1125 2124 rius,
1150 2095 1247 2128 quem
1273 2083 1439 2126 elegerint,
1458 2083 1622 2127 praedicta
1643 2083 1752 2116 omnia
1766 2089 1795 2116 et

1048 2137 1185 2180 singula,
1209 2139 1257 2171 vel
1272 2148 1385 2171 eorum
1406 2137 1515 2181 aliqua
1536 2137 1568 2170 in
1585 2137 1647 2170 alia
1668 2137 1794 2180 pietatis

1049 2203 1149 2236 opera
1161 2192 1394 2231 commutandi,
1410 2193 1457 2225 vel
1471 2193 1501 2225 in
1513 2193 1599 2225 aliud
1610 2192 1794 2235 proximum

1051 2253 1158 2281 tamen
1179 2252 1306 2290 tempus
1320 2245 1518 2289 prorogandi
1540 2246 1725 2278 facultatem
1740 2245 1796 2277 ha-

1049 2302 1133 2335 beat.

1094 2356 1108 2398 §
1134 2355 1163 2387 8.
1188 2354 1273 2393 Ouac
1295 2353 1414 2392 omnia,
1439 2359 1471 2385 ut
1494 2363 1558 2393 VOS,
1583 2357 1614 2385 et
1637 2352 1794 2396 praedicti

1050 2407 1276 2442 christifideles
1297 2417 1335 2440 eo
1361 2406 1513 2439 libentius
1533 2411 1697 2449 praestare
1722 2411 1791 2438 stu-

1050 2461 1162 2501 deatis,
1190 2471 1254 2504 quo
1279 2460 1411 2493 uberius
1440 2459 1660 2502 spiritualibus
1681 2469 1795 2492 mune-

1051 2515 1140 2548 ribus
1160 2520 1192 2548 et
1215 2514 1326 2557 gratiis
1355 2524 1409 2547 vos
1436 2513 1628 2546 reficiendos
1651 2524 1718 2546 csse
1743 2524 1796 2546 co-

1050 2568 1223 2611 gnoveritis
1251 2569 1290 2600 de
1319 2567 1552 2611 onmipotentis
1582 2566 1637 2600 Dei
1670 2566 1795 2599 miseri-

1051 2622 1172 2662 cordia,
1196 2632 1232 2655 ac
1253 2622 1420 2654 beatorum
1443 2620 1527 2653 Petri
1548 2625 1579 2653 ct
1603 2620 1692 2653 Pauli
1719 2631 1797 2664 apo-

1051 2677 1207 2709 stolorum
1230 2675 1303 2708 Eius
1324 2674 1513 2708 auctoritate
1534 2673 1662 2715 contisi,
1686 2685 1722 2707 ex
1743 2673 1796 2707 illa

1689 266 1752 299 469
1800 274 1848 300 An.
1870 273 1896 300 c.
1916 273 1983 299 1599

1864 2358 1995 2382 lnam-guntin

1810 2385 1891 2406 eisdem
1920 2385 1995 2411 elargi-
