2253 3195
73 179 119 205 An.
143 177 170 203 c.
189 175 257 204 1593

587 222 713 255 LXVlll.

270 330 478 372 Confirmatis
499 330 617 362 litteris
638 330 788 372 Grcqorii
806 329 905 365 ΧΙΙΙ,
923 338 1011 361 νενο-

312 397 445 437 eamque
457 392 597 436 quodam
613 392 699 425 brevi
711 391 798 424 Sioeti
812 391 880 424 PP.
897 390 930 430 V,
946 390 1016 433 φημ’

287 458 291 462 ”
312 456 469 490 catholico
503 456 644 499 facultas
676 454 860 488 conceditur
901 464 1015 487 ‹fausas

310 530 418 553 omncs
445 520 529 552 inter
552 519 712 562 episcopos
743 522 771 550 et
801 517 955 560 Capilula
979 527 1016 548 ac

313 582 432 615 milites
468 582 670 615 nzilitiarum
701 582 739 614 (Ie
766 581 951 614 Alcantara
986 584 1014 612 et

312 645 350 676 de
371 644 548 678 Calan-ava
567 648 721 677 ivi-temes
741 654 806 676 com
811 642 954 686 ponendi
973 642 992 674 ¹-

474 735 607 762 Clemens
629 735 707 768 Papa
730 733 809 764 vlu.

420 789 456 816 ad
471 789 604 816 futuram
620 789 665 816 rei
681 788 860 816 memoriam.

312 870 410 904 Decet
431 871 612 904 Romanum
633 870 823 903 Pontificem
844 880 941 913 super
956 869 1013 902 do-

270 923 379 956 minici
409 924 515 966 gregis
535 923 667 956 causas·2
698 922 904 956 constitutum
926 921 1014 954 omni

269 977 374 1010 studio
395 987 519 1013 curare,
543 982 574 1009 ut
598 977 681 1009 inter
701 976 846 1019 egregias
864 985 1011 1019 praescr—

270 1032 325 1064 tim
346 1032 577 1065 ecclesiasticas
598 1037 630 1064 et
651 1031 807 1064 militares
835 1041 989 1074 personas
1004 1057 1011 1069 ‚

267 1096 285 1118 a
305 1096 441 1129 quarum
463 1086 569 1130 quiete
590 1096 766 1128 regnorum
799 1085 894 1118 etiam
927 1089 1014 1117 tran—

267 1139 408 1183 quillitas
427 1139 505 1172 oriri
525 1139 701 1179 consuevit,
726 1138 964 1172 controversiae
985 1144 1015 1171 et

267 1192 482 1226 dissensiones
502 1203 615 1226 omnes
635 1203 651 1226 c
676 1192 784 1225 medio
814 1202 910 1236 quam
940 1191 1014 1224 bre-

267 1245 394 1280 vissime
411 1247 575 1285 tollantur,
590 1252 621 1280 et
641 1257 723 1290 quae
744 1245 905 1279 amicabili
927 1256 1015 1279 com-

267 1300 426 1343 positione
449 1310 542 1344 posse
568 1300 698 1343 transigi
721 1299 888 1337 videntur,
912 1299 1015 1332 nulla-

269 1359 360 1387 tenus
374 1354 405 1387 in
419 1354 634 1388 contentionis
654 1354 841 1387 iudiciariae
853 1354 1015 1396 angustias

268 1414 298 1441 et
318 1408 463 1447 dissidia,
487 1408 513 1441 si
534 1408 603 1441 ficri
624 1413 747 1452 potest,
771 1408 1010 1452 pertrahantur.

312 1463 327 1506 g
347 1461 377 1495 1.
402 1463 522 1506 ltaque,
547 1473 631 1501 cum,
649 1462 730 1495 sicut
751 1462 944 1506 accepimus,
971 1462 1014 1494 fe-

268 1515 337 1548 licis
357 1515 591 1548 recordationis
619 1515 793 1557 Gregorius
817 1515 895 1554 XIII,
923 1526 1015 1558 prae-

86 1566 252 1603 Gfess⁰f¹¹¹⁵x¹¹l
270 1568 420 1602 decessor
439 1575 570 1607 noster,
595 1569 758 1602 recolend.
783 1579 918 1602 memor.
945 1569 1014 1602 Cle-

71 1600 146 1615 causas
182 1600 253 1614 omnes

72 1621 124 1645 inwi-
131 1621 217 1641 militias
228 1621 253 1640 di·

71 1649 181 1669 Alcantara
195 1650 216 1668 et
228 1648 253 1667 d«-

71 1675 176 1696 Catatrava
180 1690 187 1701 ‚
191 1676 259 1701 atque

71 1702 254 1728 episcoposeffla-
271 1676 489 1717 decessorum,
513 1676 652 1718 vestigiis
673 1676 872 1709 inhaerendo
886 1676 954 1719 (qui
975 1676 1016 1709 si-

72 1729 254 1756 piiutaflispania-

73 1761 116 1776 ..um
149 1759 254 1778 ,mum
271 1730 361 1764 miles
380 1730 579 1774 provisiones
596 1730 703 1773 quoad
716 1729 840 1773 priores
858 1735 889 1762 et
902 1730 1016 1763 fratres

26 1822 35 1832 ⁹
72 1783 134 1803 ³⁰³²
150 1785 254 1805 ³''⁰⁰²¹'¹‘¹
273 1794 310 1817 ac
335 1784 413 1817 alias
442 1794 597 1828 personas
622 1783 754 1816 militiae
783 1784 889 1817 Sancti
910 1784 1014 1817 Iacobi

270 1838 308 1871 de
328 1838 458 1882 Spatha‚
493 1837 620 1873 Ordinis
655 1838 684 1870 S.
714 1837 893 1880 Augustini,
922 1843 1016 1870 antea

269 1891 422 1935 fecerant)
444 1902 556 1925 omnes
587 1892 658 1924 lites
687 1902 723 1924 ac
752 1891 956 1935 quaestiones
986 1896 1016 1924 et

97 926 236 947 Prooemium.

269 1945 464 1978 differentias
476 1945 506 1978 in
521 1946 665 1978 Romana
682 1945 777 1979 Curia
790 1951 820 1978 et
831 1950 919 1978 extra
930 1955 1012 1986 eam,
1032 1977 1034 1984 ,

269 2009 378 2032 coram
401 1999 533 2032 diversis
554 1999 713 2032 iudicibus
727 1998 898 2032 ordinariis
915 2005 946 2032 et
959 1999 1015 2032 de·
1032 1992 1034 1999 ’

270 2052 392 2094 legatis,
415 2052 447 2085 in
468 2053 579 2096 quavis
596 2052 748 2085 instantia
768 2053 957 2096 pendentes,
985 2056 1034 2085 et'

270 2116 353 2149 quae
370 2106 466 2139 etiam
497 2106 617 2139 moveri
649 2111 780 2150 possent
808 2106 841 2138 in
874 2106 1034 2146 fuuu‘um3

1032 2159 1170 2207 ,omnia
1195 2170 1277 2203 quae
1298 2159 1330 2192 in
1355 2159 1538 2203 praemissis
1564 2169 1623 2202 per
1646 2159 1797 2192 eumdem

271 2159 353 2192 inter
372 2159 572 2197 Toletanum,
587 2159 820 2203 Hispalensem,
840 2160 1015 2193 Granaten-

270 2224 349 2255 sem,
359 2213 665 2257 Compostellanum,
675 2213 879 2246 Valentinum
891 2224 927 2246 ac
936 2214 1016 2246 Bur-

271 2276 400 2309 gensem
431 2267 708 2311 archiepiscopos.
733 2277 858 2300 necnon
890 2267 1013 2300 Cordu-

271 2319 414 2361 bensem,
434 2320 665 2358 Conchensem,
690 2320 906 2358 Cauriensem,
933 2320 1016 2353 Abu-

270 2374 402 2411 lensem,
419 2374 603 2413 Pacensem,
620 2374 843 2413 Gadicensem,
859 2374 1017 2407 Oxomen-

271 2436 350 2467 sem,
374 2427 674 2470 Carthaginensem,
695 2427 926 2465 Giennensem,
955 2427 1016 2459 Ma-

271 2478 457 2520 lacitanum‚
484 2480 719 2521 Civitatensem,
747 2480 1013 2521 Salamantinum‚

308 2549 375 2577 1Ex
398 2550 504 2587 Regest.
534 2552 561 2579 in
585 2551 687 2580 Secret.
712 2551 846 2579 Brevium.

307 2595 323 2622 9.
343 2595 472 2630 Legimus
493 2597 592 2625 caulas
610 2598 703 2633 (am).

323 2647 400 2676 Bun.
423 2649 508 2677 Rorm
530 2650 588 2678 Vol.
610 2651 637 2678 X
883 2651 899 2677 9

889 171 1034 196 cti-:MRNs
1056 171 1112 195 Vll!
1132 172 1180 194 PP.

270 1622 385 1656 mentis
397 1622 460 1662 VII,
473 1623 562 1655 Pauli
579 1623 616 1655 111
631 1628 662 1655 et
674 1622 719 1655 Pii
738 1622 786 1663 IV,
807 1622 903 1655 etiam
921 1633 1014 1666 prae-
1031 1631 1033 1636 ’

1049 221 1296 256 Zamorcnsen'i,
1324 217 1537 260 Seguntinum
1573 222 1603 250 ct
1634 216 1795 260 Pampilo-

1050 284 1181 306 nensem
1208 272 1397 316 episcopos,
1422 281 1600 314 corumque
1624 270 1791 314 Capitula,

1050 337 1174 360 necnon
1210 327 1368 370 praelatos
1400 336 1436 358 ac
1467 335 1689 369 quascumque
1718 324 1796 357 alias

1050 391 1204 424 personas
1247 379 1497 420 ecclesiasticas,
1534 384 1597 412 tam
1634 377 1796 411 seculares

1049 445 1145 478 quam
1165 435 1343 475 regulares,
1369 434 1399 466 in
1431 433 1657 477 Hispaniarum
1689 432 1796 473 regnis

1050 489 1272 528 consistentes,
1297 501 1331 522 ex
1353 499 1427 528 nna,
1451 499 1487 521 ac
1508 487 1645 532 priores,
1666 497 1796 530 praece-

1050 542 1300 584 ptoi·es‚1nilites
1320 548 1347 575 ct
1371 542 1450 574 alios
1472 542 1585 574 fratres
1607 540 1795 573 militiarum

1050 597 1088 629 dc
1118 596 1281 629 Calatrava
1306 599 1336 629 ct
1356 596 1547 635 Alcantara,
1579 593 1796 628 Cisterciensis

1049 649 1194 688 Ordinis,
1224 660 1402 693 eorumque
1433 655 1609 682 conventus
1640 654 1671 681 et
1701 648 1792 687 loca,

1048 704 1193 747 partibus
1211 714 1247 736 ex
1267 704 1378 741 altera,
1394 708 1457 736 tam
1479 714 1576 747 super
1596 703 1794 735 decimarum

1031 757 1280 801 personalium,
1305 756 1517 800 praedialium
1544 767 1580 789 ac
1610 756 1792 793 mixtarum,

1049 822 1175 845 necnon
1197 811 1371 846 novalium.
1395 811 1556 854 pecudum
1578 816 1606 843 et
1628 816 1793 844 armento-

1050 877 1122 898 rum
1150 865 1322 903 solutione,
1346 875 1443 909 quam
1466 865 1563 897 etiam
1584 875 1681 908 super
1701 865 1796 898 iuris-

1050 919 1188 953 dictione
1211 930 1266 952 sen
1296 919 1522 963 praesentandi
1542 929 1696 962 personas
1721 919 1793 952 ido—

1049 984 1125 1006 neas
1147 974 1250 1006 dictae
1272 973 1405 1006 militiae
1430 973 1469 1006 ad
1490 973 1634 1013 vicarias,
1660 983 1793 1017 praece-

1049 1026 1170 1070 ptorias
1188 1032 1219 1059 et
1235 1026 1296 1059 alia
1307 1025 1464 1059 beneficia
1485 1026 1701 1060 ecclesiastica
1714 1027 1797 1060 eius-

1049 1081 1122 1113 dem
1145 1080 1289 1117 militiae‚
1315 1081 1433 1124 illaque
1454 1080 1712 1121 administrandi,
1741 1092 1793 1114 re-

1049 1134 1156 1177 gendi,
1180 1134 1382 1177 gubernandi
1402 1134 1563 1178 rebusque
1584 1134 1654 1167 aliis
1674 1134 1706 1167 in
1719 1135 1798 1168 actis

1049 1199 1218 1221 causarum
1244 1188 1429 1221 huiusmodi
1459 1188 1553 1221 latius
1582 1188 1728 1221 deductis
1758 1189 1796 1221 ad

1048 1253 1081 1276 se
1101 1242 1293 1283 avocaverit,
1311 1242 1445 1286 illasque
1463 1253 1639 1287 earumque
1661 1242 1797 1276 decisio-

1049 1308 1122 1330 nem
1145 1302 1175 1330 et
1195 1297 1499 1330 determinationem
1517 1298 1557 1330 ad
1578 1308 1672 1330 suum
1693 1303 1724 1330 et
1744 1297 1798 1330 Se-

1049 1351 1097 1384 dis
1117 1350 1322 1394 Apostolicae
1348 1350 1586 1394 beneplacitum
1608 1350 1665 1391 (ita
1689 1356 1797 1384 tamen

1049 1405 1136 1449 quod
1157 1404 1285 1437 interim
1304 1410 1410 1448 partes
1431 1404 1518 1448 ipsae
1536 1404 1567 1437 in
1581 1405 1794 1448 possessione,

1049 1459 1081 1491 in
1101 1469 1164 1503 qua
1185 1458 1374 1497 existebant,
1398 1458 1600 1492 manuteneri
1619 1464 1650 1492 et
1667 1459 1795 1492 defendi

1049 1513 1226 1551 deberent,
1250 1512 1395 1556 nihilque
1420 1512 1565 1545 innovari
1587 1513 1718 1555 posset)
1738 1523 1793 1545 su-

1049 1567 1230 1610 spenderit,
1254 1577 1372 1610 easque
1405 1566 1570 1599 universas
1599 1572 1630 1599 et
1655 1566 1796 1609 singulas

1050 1620 1239 1653 charissimo
1260 1619 1292 1652 in
1312 1619 1436 1653 Christo
1462 1619 1529 1653 filio
1548 1620 1697 1664 Philippo
1725 1619 1795 1652 His-

1050 1674 1219 1718 paniarum
1238 1673 1305 1716 regi
1326 1674 1484 1707 catholico
1505 1685 1564 1718 per
1583 1674 1688 1718 ipsum
1714 1684 1793 1706 con-

1050 1728 1230 1761 cordandas
1259 1733 1288 1760 et
1314 1728 1556 1771 componendas
1576 1727 1794 1766 commiserit,

1050 1781 1092 1814 ita
1110 1781 1208 1824 quod,
1224 1781 1308 1814 dicto
1327 1781 1529 1825 beneplacito
1548 1782 1694 1822 durante,
1712 1781 1797 1815 idem

1032 1845 1104 1867 *rex
1132 1835 1309 1868 catholicus
1331 1835 1362 1867 in
1388 1835 1450 1868 illis
1478 1846 1537 1879 pro
1569 1835 1744 1868 concordia
1769 1841 1799 1868 et

1050 1889 1211 1922 amicabili
1241 1889 1475 1933 compositione
1505 1900 1538 1923 se
1567 1889 1794 1934 interponere,

1050 1954 1145 1986 agere
1159 1949 1189 1977 et
1201 1944 1378 1988 procedere
1396 1944 1498 1977 libere
1519 1950 1550 1977 et
1566 1944 1651 1977 licite
1664 1944 1794 1983 valeret,

1050 1998 1227 2043 plenariam
1250 2004 1280 2031 et
1299 1998 1433 2032 liberam
1460 1998 1634 2037 licentiam,
1659 1998 1794 2031 faculta-

1049 2058 1113 2086 tem
1140 2058 1170 2086 et
1193 2052 1417 2086 auctoritatem
1448 2052 1661 2092 concesserit,
1685 2052 1797 2085 decer—

1050 2106 1157 2139 nendo
1183 2111 1290 2150 partes
1323 2106 1406 2149 ipsas
1430 2105 1470 2138 ad
1496 2105 1732 2139 observandum
1761 2115 1799 2138 ea

1050 2223 1160 2255 regem
1193 2213 1410 2253 concordata,
1434 2212 1646 2245 amicabiliter
1667 2222 1799 2256 compo-

1051 2266 1111 2299 sita
1131 2271 1163 2299 et
1183 2266 1353 2299 terminata
1376 2266 1520 2305 fuissent,
1542 2266 1675 2299 omnino
1696 2266 1799 2299 teneri

1051 2326 1082 2354 et
1109 2319 1282 2353 efficaciter
1311 2320 1468 2362 obligatas
1499 2320 1655 2359 existere,
1680 2330 1739 2353 nec
1759 2320 1798 2353 ab

1051 2373 1112 2406 illis
1129 2374 1196 2407 ullo
1216 2384 1358 2417 unquam
1380 2379 1527 2418 ternpore
1548 2374 1672 2408 resilire
1692 2386 1796 2419 posse,

1050 2433 1147 2472 prout
1169 2428 1199 2460 in
1221 2428 1320 2471 ipsius
1340 2427 1485 2471 Gregorii
1507 2428 1621 2462 litteris
1642 2429 1673 2462 in
1696 2430 1799 2462 forma

1052 2481 1167 2521 brevis,
1178 2481 1236 2514 sub
1247 2481 1357 2515 datum
1369 2481 1420 2515 die
1432 2492 1473 2516 xx
1482 2482 1624 2516 octobris
1637 2493 1799 2517 nanxxiv

1052 2534 1220 2578 expeditis,
1240 2535 1366 2579 plenius
1386 2536 1581 2570 continetur.

1098 2590 1114 2630 ξ
1137 2587 1167 2621 2.
1185 2588 1221 2622 Et
1243 2588 1454 2623 nihilominus
1479 2589 1649 2634 episcopus
1667 2596 1698 2625 et
1708 2591 1799 2634 Capi-

1720 157 1761 190 (55
1808 167 1855 193 An.
1874 166 1902 193 e.
1926 166 1993 194 ¹593

1852 1566 1880 1585 Ac
1899 1564 1997 1590 Philippo

1811 1592 1855 1617 regi
1870 1596 1997 1617 componen-

1812 1619 1838 1638 da

1842 1624 1849 1638 ε
1865 1619 1977 1638 οηῐηιιιίςίῑΔ
