2253 3195
223 211 272 237 An.
290 211 320 238 c.
340 209 407 237 1594
458 199 517 233 174

255 261 406 299 'indulgentias

221 300 362 321 ronti-atribus
385 302 406 320 et

220 328 269 348 aliis
282 327 390 352 elargitur.

421 258 508 297 dicti,
523 258 563 291 ad
581 258 698 291 dictam
716 254 1103 290 archiconfraternitatem
1117 253 1165 286 in-

421 311 647 354 grediendam,
672 316 702 342 et
732 309 860 353 piorum
885 317 1022 351 operum
1050 306 1082 338 in
1111 305 1165 338 illa

421 364 609 397 exercitium
630 362 768 406 amplius
788 361 976 398 incitentur,
1001 365 1030 392 et
1051 359 1165 392 exinde

422 418 489 462 ipsa
520 414 858 450 archiconfraternitas
882 413 1082 447 confratrum
1108 423 1166 445 nn-

421 481 511 504 mero
525 477 555 503 et
569 468 748 513 frequentia
762 468 863 510 magis
876 468 1060 507 decoretur,
1073 476 1166 510 prae-

421 524 570 568 dictaque
590 522 735 561 ecclesia,
750 522 799 554 vet
812 521 886 561 alia,
900 521 940 553 ad
954 531 1051 564 quam
1063 519 1164 564 ipsam

421 575 807 611 archiconfraternitatem
830 573 995 608 transferri
1016 573 1163 616 contige-

421 632 482 672 rit,
506 631 537 664 in
559 629 673 663 maiori
701 629 859 662 habeatur
883 627 1111 664 veneratione.
1136 632 1165 660 et

421 685 526 719 tidelis
546 683 657 728 populi
684 694 759 726 erga
781 683 867 716 illam
891 682 1018 716 devotio
1046 691 1166 724 augea-

421 745 483 778 tur,
496 748 561 782 quo
579 737 637 781 ipsi
659 736 865 770 uberioribus
882 735 1030 769 coelestis
1044 734 1167 777 gratiae

421 791 514 825 donis
538 790 749 833 cognoverint
768 801 801 824 se
821 789 897 823 inde
917 800 985 823 esse
1006 789 1162 828 refectas,

421 846 460 878 de
472 844 703 889 omnipotentis
718 843 773 877 Dei
787 842 1020 882 misericordia,
1037 853 1074 875 ac
1086 842 1166 875 Bea-

421 905 527 932 torum
556 898 640 932 Petri
669 904 696 931 et
726 897 814 931 Pauli
845 897 1066 941 apostolorum
1092 895 1168 929 Eius

421 952 611 986 auctoritate
643 951 778 992 confisi,
800 950 952 984 omnibus
976 955 1007 982 et
1032 949 1168 992 singulis

422 1005 589 1049 utriusque
608 1016 700 1038 sexus
719 1004 982 1038 christifidelibus
1000 1013 1074 1037 rere
1091 1013 1168 1047 poe-

424 1058 599 1092 nitentibus
630 1064 658 1091 et
690 1057 865 1097 confessis,
899 1068 936 1091 ac
965 1062 1169 1090 sacrosancta

423 1112 653 1146 communione
675 1111 813 1153 refectis,
841 1111 1038 1155 praedictam
1061 1111 1168 1144 archi-

423 1166 718 1200 confraternitatem
741 1166 780 1199 de
807 1171 933 1198 caetero
962 1164 1169 1208 ingredienti-

424 1221 498 1256 bus.
527 1220 579 1254 die
609 1219 704 1264 primi
732 1219 860 1253 illorum
888 1219 1049 1262 ingressus
1069 1224 1100 1253 et
1120 1229 1170 1252 re-

425 1273 582 1317 ceptionis
602 1272 798 1313 huiusmodi,
822 1283 859 1306 ac
884 1278 947 1311 tam
975 1272 1047 1310 iltis,
1072 1283 1168 1317 quam

1004 206 1187 231 BULLARIUM
1207 205 1359 229 Romamn!

1198 253 1346 287 oratione
1359 252 1575 297 quadraginta
1587 252 1740 286 horarum
1754 252 1859 286 eidem
1873 263 1944 286 ora-

1200 306 1289 347 tioni,
1313 306 1378 339 sive
1399 305 1450 339 die
1477 305 1542 339 sire
1567 311 1672 342 nocte.
1697 305 1942 345 intervenerint,

1199 365 1230 393 et
1248 360 1411 404 psalmum
1426 387 1434 399 ‚
1457 359 1513 403 qui
1545 359 1676 404 incipit:
1700 359 1852 393 Miserere
1883 359 1947 393 mei

1199 413 1302 454 Βειιε,
1330 413 1396 446 sive
1416 413 1463 446 De
1480 412 1666 456 profundis,
1691 421 1780 452 cum,
1796 412 1866 456 ipso
1895 423 1946 446 re-

1199 467 1380 511 sponsorio,
1411 466 1569 510 Requiem
1598 469 1785 505 aeternam,
1808 471 1864 498 aut
1891 465 1946 510 qui

1953 202 2003 230 An.
2020 202 2050 231 C.
2069 184 2145 245 15⁸*-

1961 505 1975 526 h
1984 478 2021 509 [fia
2037 484 2101 506 opera
2118 509 2124 513 ,
2134 462 2152 498 ’κ>

1920 519 1926 524 .
1977 511 2050 526 musco
2105 513 2127 523 aa

1200 520 1261 553 hoc
1282 525 1446 564 praestare
1465 519 1671 559 nesciverint,
1686 529 1841 552 coronam
1863 529 1945 552 reci-
1966 530 2145 562 conf-ratem&

1200 574 1337 607 taverint
1353 584 1413 618 pro
1433 573 1603 607 animabus
1620 573 1652 606 in
1672 572 1863 616 purgatorio
1883 571 1948 606 exi·
1961 558 2061 607 2325?
2092 565 2143 611 3

1201 627 1377 668 stentibus;
1401 627 1543 671 ipsisque
1564 625 1788 666 confratribus,
1812 625 1866 670 qui
1898 625 1948 659 iti-

1202 681 1273 713 dem
1287 691 1361 714 vere
1373 680 1576 724 poenitentes
1589 685 1621 714 et
1641 679 1789 720 confessi,
1804 679 1950 724 qualibet

1200 735 1280 768 feria
1310 734 1452 768 secunda
1483 734 1606 778 primae
1635 733 1861 768 hebdomadae
1887 744 1946 766 cu-

1201 788 1296 822 iusvis
1321 788 1458 828 mensis,
1483 787 1605 822 dictum
1629 792 1775 821 sanctum
1796 787 1950 821 Euchari-

1200 843 1279 876 stiae
1297 847 1545 883 sacramentum,
1561 841 1676 874 devote
1692 846 1724 874 et
1739 851 1813 874 cum
1831 840 1950 874 contri-

1203 897 1305 937 tione,
1328 906 1387 940 pro
1413 895 1534 928 eisdem
1555 893 1738 938 Purgatorii
1758 893 1947 934 animabus,

1200 951 1342 996 psalmos
1353 956 1382 984 et
1397 949 1560 983 orationes
1571 948 1760 983 huiusmodi
1771 948 1948 988 recitando,

1202 1004 1411 1048 susceperint,
1422 1008 1544 1048 septem
1562 1013 1665 1036 annos
1679 1007 1710 1036 et
1722 1001 1858 1036 totidem
1871 1013 1951 1048 qua-

1203 1058 1370 1100 dragenas.
1391 1057 1517 1101 Quique
1543 1056 1575 1089 in
1599 1055 1742 1089 oratorio
1763 1055 1877 1090 officiis
1897 1056 1949 1089 de-

1202 1112 1385 1145 functorum
1408 1110 1622 1151 interfuerint,
1646 1115 1677 1143 et
1694 1120 1832 1154 corpora
1853 1109 1953 1144 dicto-

1205 1175 1276 1198 rum
1295 1165 1493 1198 confratrum
1522 1163 1690 1207 utriusque
1710 1173 1804 1196 sexus
1832 1163 1949 1197 defun-

1204 1225 1328 1253 ctorum
1343 1246 1350 1259 ,
1373 1218 1534 1262 psalmum
1569 1217 1615 1250 De
1630 1216 1808 1261 profundis
1828 1217 1875 1250 vel
1896 1227 1952 1250 co-

1204 1283 1316 1306 ronam
1339 1270 1525 1305 huiusmodi
1547 1270 1724 1311 recitando,
1749 1270 1789 1304 ad
1806 1270 1952 1314 sepultu-
1995 1303 2000 1307 .

427 1327 490 1360 iam
521 1326 670 1370 ingressis
700 1325 914 1360 confratribus
939 1325 1042 1359 dictae
1063 1325 1169 1359 archi·
1185 1341 1188 1355 ι
1206 1336 1273 1359 ram
1296 1323 1534 1365 associaverint,
1552 1323 1769 1368 eumdemque
1791 1323 1952 1368 psalmum

425 1379 695 1414 confraternitatis¹
719 1390 779 1423 pro
800 1385 945 1423 tempore
965 1379 1100 1412 ubilibet
1114 1380 1169 1413 de·
1185 1358 1189 1411 i
1205 1380 1250 1414 De
1275 1377 1452 1423 profundis
1467 1405 1474 1418 ,
1497 1377 1546 1410 vel
1577 1387 1732 1410 coronam
1765 1376 1952 1411 huiusmodi

425 1433 647 1469 cendcntibus.
673 1433 705 1465 in
726 1443 838 1466 eorum
874 1432 986 1465 mortis
1013 1432 1167 1469 articulo.

424 1487 449 1520 si
468 1498 541 1526 vere
561 1486 762 1531 poenitentes
782 1492 809 1520 et
833 1486 980 1524 confessi,
1005 1485 1168 1519 sanctissi-

429 1551 499 1574 mae
513 1540 731 1574 Eucharistiae
744 1545 980 1573 sacramentum
992 1539 1027 1584 [si
1041 1539 1071 1572 id
1086 1550 1174 1573 com-

429 1594 523 1628 mode
544 1594 613 1628 fieri
635 1594 799 1638 potuerit),
822 1593 1029 1638 sumpserint,
1054 1599 1085 1627 et
1109 1604 1170 1627 no-

428 1658 498 1681 men
521 1648 589 1681 lesu
610 1657 677 1685 ore.
701 1647 749 1680 vel
770 1647 882 1681 saltem
904 1647 1019 1688 corde,
1047 1647 1174 1681 iuvoca-

427 1701 549 1741 verint,
571 1711 629 1734 nec
655 1711 718 1734 non
746 1700 897 1734 omnibus
922 1706 950 1733 et
976 1700 1111 1743 singulis
1137 1712 1173 1734 u-

429 1755 573 1799 triusque
605 1765 698 1788 sexus
733 1753 994 1788 christifidelibus
1027 1754 1176 1788 similiter

428 1819 500 1841 rere
522 1807 760 1852 poenitentibus
789 1813 819 1841 et
848 1807 1020 1849 confessis,
1044 1808 1098 1852 qui
1121 1819 1174 1842 ec-

427 1861 558 1896 clesiam
585 1862 631 1894 vel
664 1861 841 1894 oratorium
871 1861 974 1894 dictae
1003 1861 1175 1895 archicon-

429 1914 636 1948 fraternitatis
650 1914 681 1947 in
694 1913 846 1947 Omnium
860 1914 1052 1948 Sanctorum
1069 1926 1106 1949 ac
1118 1925 1176 1959 per

429 1975 527 2002 totam
549 1974 706 2007 octavam,
723 1979 759 2000 ac
781 1967 954 2000 nativitatis
975 1969 1090 2002 Beatae
1112 1969 1176 2002 Ma-

429 2023 494 2055 riae
516 2022 655 2065 Virginis
678 2021 900 2055 festivitatibus
920 2022 1012 2055 annis
1042 2022 1177 2065 singulis

429 2076 542 2109 devote
564 2074 771 2111 visitaverint,
795 2080 822 2107 et
847 2084 905 2119 pro
918 2075 1019 2107 salute
1037 2075 1175 2108 Romani

429 2129 603 2167 Pontificis,
627 2140 770 2174 paceque
791 2136 822 2163 et
843 2129 1074 2174 tranquillitate
1087 2130 1178 2163 Sedis

431 2183 645 2228 ftpostolicae,
663 2195 699 2216 ae
724 2183 870 2216 omnium
892 2183 1076 2227 prin-cipum
1091 2183 1178 2216 chri-

430 2237 629 2276 stianorum,
653 2248 689 2269 aa·
717 2237 810 2270 ctiam
843 2247 901 2280 pro
932 2236 1113 2270 animarum
1147 2237 1178 2271 in

432 2290 621 2329 rui-catorio
643 2289 809 2334 praedicto
827 2289 1031 2323 existentium
1054 2289 1175 2323 libera-

433 2344 530 2378 tione.
554 2349 585 2376 et.
605 2343 682 2376 alias
704 2343 771 2388 pias
791 2342 831 2376 ad
859 2344 957 2377 Deum
992 2354 1103 2387 preces
1129 2344 1178 2376 fu-

433 2397 554 2434 derint,
588 2397 766 2441 phenariam
795 2397 939 2430 emnium
971 2403 1177 2441 peccatorum

434 2461 564 2483 suorum
581 2450 812 2491 indulgentiam
827 2456 854 2484 et
870 2450 1104 2490 remissionem,
1121 2462 1179 2484 au-

434 2504 579 2536 ctoritate
600 2510 626 2537 et
651 2510 762 2537 tenore
777 2504 971 2549 praemissis,
989 2504 1177 2547 elargimur.

436 2558 579 2601 insuper,
592 2558 645 2602 qui
668 2569 739 2591 vere
761 2559 964 2603 poenitentes
987 2558 1178 2597 etconfessi.

1205 1432 1480 1473 christifidelibus,
1496 1431 1592 1465 etiam
1610 1441 1676 1464 non
1693 1430 1892 1464 confratibus
1913 1431 1952 1464 ab

1205 1498 1240 1520 ac
1263 1487 1333 1519 luce
1351 1485 1582 1519 decedentibus
1603 1485 1717 1518 devote
1746 1483 1842 1517 etiam
1873 1484 1954 1518 reci-

1208 1541 1358 1576 tantibus.
1379 1540 1428 1573 vel
1447 1539 1568 1574 dictum
1589 1538 1809 1572 sanctissimae
1825 1538 1953 1573 Eucha-
1975 1570 1977 1572 .

1207 1594 1315 1627 ristiae
1335 1598 1594 1633 sacramentum,
1627 1592 1704 1625 dum
1733 1592 1774 1625 ad
1805 1591 1954 1626 infirmos

1208 1648 1351 1682 defertur
1367 1646 1612 1687 associaverint,
1636 1651 1667 1679 et
1694 1645 1955 1690 processionibus

1208 1702 1312 1736 dictae
1355 1699 1719 1735 archiconfraternitatis
1732 1726 1739 1740 ‚
1775 1710 1811 1733 ex
1844 1699 1956 1744 quavis

1207 1766 1303 1789 causa
1333 1755 1372 1788 de
1404 1753 1532 1787 licentia
1569 1753 1713 1787 eiusdem
1748 1752 1858 1786 vicarii
1896 1763 1956 1797 pro

1210 1815 1355 1853 tempore
1376 1807 1548 1845 faciendis,
1575 1806 1826 1847 intervenerint;
1849 1812 1879 1840 et
1900 1806 1956 1851 qui

1209 1862 1350 1896 secunda
1370 1867 1401 1896 et
1420 1866 1506 1895 sexta
1527 1860 1614 1894 feriis
1637 1860 1808 1894 cuiuslibet
1828 1859 1954 1894 hebdo-

1211 1917 1324 1950 madae
1345 1916 1506 1960 psalmum
1530 1915 1576 1948 De
1594 1914 1771 1959 profundis
1789 1914 1836 1948 vel
1863 1924 1957 1948 coro-

1210 1981 1285 2004 nam
1309 1969 1495 2004 huiusmodi
1518 1979 1576 2014 pro
1596 1968 1765 2003 animabus
1785 1968 1958 2013 praedictis

1211 2024 1371 2064 dixerint,
1402 2023 1523 2068 quique
1555 2022 1665 2056 missas
1697 2033 1756 2067 pro
1789 2022 1959 2056 animabus

1212 2078 1334 2111 eisdem
1355 2076 1512 2110 celebrari
1534 2076 1665 2110 fecerint
1682 2103 1689 2114 ,
1713 2081 1743 2109 et
1763 2075 1890 2120 quoties
1910 2074 1958 2109 in-

1213 2133 1326 2165 firmos
1347 2131 1451 2165 dictae
1472 2128 1834 2164 archicoufraternitatis
1854 2127 1960 2163 visita-

1214 2186 1332 2225 ret-inv,
1357 2195 1483 2218 necnon
1505 2183 1766 2229 processionibus
1788 2182 1891 2217 dietae
1910 2193 1960 2216 ar-

1213 2237 1539 2274 chinone-aternitatis
1558 2237 1639 2271 infra
1656 2242 1800 2271 octavam
1819 2246 1961 2271 comme·

1215 2291 1406 2326 morationis
1418 2291 1641 2325 defunctorum
1652 2290 1691 2324 ad
1705 2289 1873 2324 ecclesiam
1882 2289 1960 2324 San-

1214 2345 1254 2380 cti
1275 2345 1403 2387 Georgii
1426 2344 1466 2378 de
1483 2344 1584 2384 Urbe,
1609 2343 1687 2377 feria
1707 2347 1794 2377 sexta
1815 2342 1846 2376 in
1866 2343 1961 2376 Para-

1213 2411 1304 2433 sceve
1325 2400 1364 2432 acl
1385 2398 1549 2432 basilicam
1563 2397 1720 2441 Principis
1733 2396 1960 2441 Apostolorum

1215 2455 1254 2488 de
1274 2455 1386 2487 eadem
1409 2453 1494 2488 Urbe
1521 2452 1693 2493 faciendis,
1717 2453 1831 2486 devote
1856 2451 1958 2485 inter-

1215 2507 1348 2543 fuerint;
1378 2518 1414 2540 ac
1445 2512 1508 2540 tam
1537 2505 1612 2550 ipsis
1639 2504 1854 2539 confratribus
1880 2504 1957 2549 qui.

1216 2559 1352 2593 corifcssi
1368 2566 1399 2593 et
1414 2558 1655 2597 communicati,
1667 2563 1789 2602 septem
1811 2556 1962 2590 ecclesias

436 2624 470 2644 ac
503 2623 591 2644 sacra
621 2613 849 2646 «vmuuinione
885 2614 1013 2654 refecti,
1046 2609 1320 2647 duranteidictae
1347 2613 1439 2646 Urbis
1460 2610 1664 2650 visitaverint,
1681 2609 1960 2655 qumualiischri-
