2253 3195
22 254 68 282 Λιι,
90 253 119 280 C.
138 253 199 281 1601

12 2967 22 3078 ,49ης

839 254 985 277 ειΕΜΕΝΞ
1006 254 1062 277 viu
1084 255 1134 277 1¹1³.

981 302 1138 340 :Ecclesia
1158 302 1223 339 Dei,
1246 301 1374 345 publico
1393 301 1454 334 hoe
1474 307 1583 334 nostro
1602 306 1629 334 et
1652 301 1742 333 Sedis

265 302 280 342 ξ
301 300 331 333 3
356 301 490 344 Insuper
510 301 603 339 Deus,
620 301 673 344 qui
695 308 741 334 est
763 301 918 333 mirabilis
933 302 962 334 iu

1645 242 1709 275 <380

35 367 204 396 cratiacurqiio.
220 354 338 387 sanetis
351 354 427 393 suis,
446 355 530 387 dedit
545 355 572 387 ei
586 355 722 396 gratiam
744 355 960 393 citrationum,
980 356 1200 398 tApostolicae
1221 356 1369 396 decreto,
1391 366 1528 388 nurnero
1549 355 1740 389 Sanctorum

21 395 132 468 {ffitmssie
144 395 205 446 ³3:3³0?

42 2174 147 2198 Min-acutis
161 2177 202 2198 ela-

30 2207 64 2228 ·ns,
70 2209 135 2230 quoru
139 2210 157 2224 m
165 2205 202 2225 ali-

31 2234 64 2256 {ua
75 2236 121 2252 mox
131 2236 203 2252 recen-

33 2257 96 2278 entur.

220 418 257 440 ao
285 407 484 441 sanctitatem
517 409 585 441 eius
615 409 644 441 in
678 409 793 441 virtute
827 409 964 452 Spiritus

219 513 281 546 vita
302 520 369 547 tum
392 520 460 558 post
476 514 612 551 obitum„
632 515 673 547 ita
695 515 982 551 iiiaiiisestavit,11t¹
999 515 1040 547 sis
1062 526 1096 547 cx
1122 516 1222 548 nobili
1246 516 1366 548 familia
1396 517 1434 549 de
1459 517 1609 549 Peiiafort
1639 516 1743 558 origi-

217 567 285 600 eius
305 567 407 609 gloria
428 578 485 610 pcr
511 567 710 610 amplissima
738 568 962 611 Hispaniarum

218 630 317 662 regna
341 617 551 664 permanarit.
566 621 649 654 Haec
669 621 754 653 euim
777 627 963 654 estsumma

216 673 270 707 Dei
291 674 490 717 benignitas,
515 685 578 718 qua
598 681 726 708 sanctos
753 686 838 715 suos,
859 675 912 718 qui
933 675 963 707 in

217 728 456 771 contemptione
486 728 667 765 bonorum,
692 729 723 761 in
745 729 832 761 omni
855 739 962 762 rerum

217 780 433 814 humanarum
471 782 681 826 despicientia
697 810 704 820 ,
735 788 765 815 et
802 782 833 814 in
869 793 963 816 cruce

218 833 333 868 Christi
355 835 481 868 Domini
510 836 610 868 nostri
641 836 827 877 gloriantes,
852 836 882 868 iu
905 836 963 868 hac

217 887 280 921 vita
302 888 378 921 Eius
403 889 531 922 laudem
558 896 587 922 et
611 890 767 923 honorem
786 889 963 933 amplifica-

217 947 304 982 runt,
325 953 410 975 nunc
431 944 561 976 eosdem
589 943 766 986 glorificat,
788 943 819 976 in
845 942 963 986 quibus

217 995 284 1039 ipse
305 995 538 1029 honorificatus
556 1002 612 1034 est,
634 997 729 1029 veluti
752 997 890 1040 quadam
913 996 960 1028 vi-

217 1049 403 1083 cissitudine
435 1050 587 1089 honoris,
617 1051 763 1084 omnium
801 1051 961 1084 bonorum

217 1102 368 1137 felicitate
394 1104 426 1136 in
451 1105 549 1137 coelis
570 1110 776 1143 remunerat,
801 1111 830 1138 et
851 1104 963 1137 tribuit

217 1155 263 1188 eis
283 1166 402 1189 nomen
423 1157 655 1201 sempiternum
684 1158 771 1201 quod
793 1168 961 1201 nunquam

218 1209 370 1242 interibit.
395 1209 612 1249 Quamobrem
635 1212 674 1244 ad
695 1222 808 1246 eorum
832 1211 963 1244 virtutes

217 1261 388 1296 imitandas
408 1263 616 1297 vehementer
641 1264 766 1298 incitari
788 1264 959 1303 debemus,

218 1326 291 1348 curn
314 1315 500 1350 huiusmodi
521 1317 669 1350 homiues
689 1328 818 1350 aversos
838 1317 877 1349 ab
898 1317 959 1350 ho-

217 1369 370 1409 noribus,
395 1370 426 1402 in
449 1370 713 1404 tribulationibus
728 1399 735 1408 ,
756 1371 786 1403 in
809 1371 963 1413 angustiis

218 1427 339 1455 tantam
362 1424 496 1467 adeptos
516 1435 584 1457 esse
605 1425 742 1468 gloriam
771 1425 937 1457 videamus
952 1452 959 1464 ,

218 1482 253 1509 ut
275 1487 332 1509 sua
365 1477 518 1510 tenuitate
546 1484 575 1510 et
605 1478 786 1511 humilitate
816 1479 961 1511 omnium

217 1530 839 1575 regumamplitudinem,omnemhuius
850 1532 961 1565 mundi

218 1584 487 1617 existimationem
502 1590 534 1618 et
547 1585 734 1627 dignitatem
756 1586 851 1628 longe
869 1596 962 1630 supe-

218 1637 329 1670 rarint.
358 1638 436 1670 Nam
459 1638 603 1672 diversae
625 1644 698 1671 sunt
718 1639 786 1671 viae
806 1638 859 1672 Dei
875 1650 892 1671 a
905 1639 963 1672 viis

218 1691 408 1731 hominum,
430 1692 484 1735 qui
505 1692 536 1724 in
558 1692 646 1725 vanis
666 1693 915 1736 cogitationibus
933 1699 963 1726 et

219 1745 304 1778 curis
329 1745 478 1779 inanibus
498 1746 645 1790 occupati
666 1747 844 1791 loquuntur
864 1746 962 1779 subli-

219 1798 283 1831 mia
300 1798 484 1841 gloriantes.
507 1799 590 1832 Deus
607 1805 714 1832 autem
733 1799 825 1832 sedes
843 1800 961 1832 dueum

217 1852 433 1896 superborum
465 1852 642 1893 destruxit,
675 1858 705 1886 et
737 1863 860 1886 cessare
890 1852 963 1886 secit

219 1905 409 1938 memoriam
443 1915 556 1938 eorum
589 1917 607 1938 a
639 1911 745 1943 terra,
771 1905 961 1939 memoriam

218 1969 293 1992 vero
317 1958 488 1991 humilium
511 1969 605 1992 sensu
634 1959 787 2003 reliquit,
811 1965 842 1993 et
862 1959 962 1992 maxi-

220 2012 279 2045 mis
311 2012 492 2045 bonoribus
529 2012 802 2057 amplissimisque
840 2024 959 2047 monu-

218 2065 336 2099 mentis
357 2066 567 2099 consecravit.

263 2122 280 2162 g
300 2119 331 2153 4.
355 2120 458 2159 Quare
480 2121 609 2153 beatum
635 2121 861 2166 Raymundum
889 2132 959 2154 me-

218 2173 281 2206 rito
298 2173 468 2207 laudamus
496 2179 526 2207 et
546 2174 645 2207 Deum
676 2175 708 2207 in
728 2185 766 2208 eo
792 2175 959 2209 benedici-

219 2237 305 2267 mus,
333 2226 389 2270 qui
420 2226 637 2269 singularibus
662 2228 837 2270 gratiarum
869 2228 963 2261 donis

218 2286 249 2313 et
278 2280 412 2313 summis
445 2279 615 2313 virtutibus
646 2291 718 2314 eum
752 2281 898 2318 ornavit,
923 2281 962 2314 de

217 2333 308 2367 cuius
325 2333 399 2374 vita,
421 2344 549 2367 morum
570 2334 796 2376 sanctimonia,
812 2334 887 2367 fidei
901 2345 960 2378 pu-

216 2387 310 2420 ritate
335 2393 366 2421 et
395 2387 636 2421 admirabilium
658 2387 824 2430 signorum
847 2388 958 2421 multi-

218 2441 327 2474 tudine
346 2451 449 2485 pauca
469 2441 573 2474 solum
602 2442 642 2474 ad
672 2452 880 2475 communem
911 2447 960 2475 to-

216 2494 278 2527 tius
298 2495 458 2528 Ecclesiae
478 2494 650 2528 utilitatem
672 2496 903 2539 proponimus,
926 2501 961 2529 ut

216 2558 329 2581 omnes
350 2548 531 2591 intelligant
545 2549 662 2592 quibus
680 2550 809 2583 tandem
825 2549 877 2582 ille
890 2560 959 2592 gra-

217 2601 310 2635 dibus
328 2601 360 2635 in
381 2602 509 2635 coelum
529 2603 721 2643 ascenderit,
750 2613 786 2636 ac
805 2603 870 2637 Deo
890 2614 961 2647 gra-

217 2653 276 2688 tias
307 2654 506 2688 immortales
543 2661 639 2698 agant
677 2655 745 2689 eius
776 2666 895 2690 nomen
928 2657 960 2690 in

320 2717 396 2745 Bull.
413 2717 497 2746 Rom.
520 2717 580 2745 Vol.
597 2718 624 2746 Χ
816 2719 848 2747 87

981 406 982 418 ³
1000 408 1094 440 fuisse
1115 408 1325 452 adscriptum.

219 460 324 493 Sancti
345 472 403 504 per
423 460 513 503 sigua
535 468 563 493 et
585 462 744 505 prodigia,
763 474 834 495 cum
851 462 881 494 in
897 462 982 503 eius

1044 464 1059 503 ξ
1081 462 1111 495 5.
1140 464 1254 495 Beatus
1272 463 1480 506 Raymundus
1500 462 1741 495 Barchinonen-

1756 253 1805 279 Au.
1827 252 1854 279 C.
1875 253 1935 280 ¹601

1798 474 1903 495 oriundus
1919 480 1943 494 ex

1713 516 1718 521 .
1758 501 1885 522 Barcinona.

1000 578 1071 600 nem
1094 569 1192 601 duxit.
1217 569 1323 601 Prima
1353 570 1383 601 in
1409 570 1547 613 pueritia
1578 569 1743 612 religionis

999 621 1195 654 Christianae
1213 622 1405 655 rudimentis
1427 622 1578 660 imbutus,
1595 623 1655 655 iam
1675 633 1743 655 ma-

999 685 1097 717 gnum
1119 676 1238 719 aliquid
1262 677 1455 720 portendere
1474 677 1653 714 videbatur,
1670 687 1742 709 cum

1000 734 1081 760 esset
1101 729 1217 761 eximia
1239 730 1383 773 corporis
1405 736 1432 762 et
1456 730 1554 762 animi
1578 730 1696 767 indole,
1714 735 1745 763 et

999 787 1133 814 naturae
1155 783 1294 825 quodam
1318 783 1469 816 instinctu
1491 784 1530 816 ad
1550 783 1697 816 virtutem
1714 789 1743 816 et

999 834 1149 876 pietatem
1171 835 1201 867 in
1228 836 1296 868 dies
1322 836 1423 878 magis
1444 837 1674 880 propenderet.

1044 889 1060 929 ξ
1091 887 1120 920 G.
1156 889 1351 922 Adolescens
1382 890 1591 923 humaniores
1622 890 1744 923 litteras

999 946 1062 973 tam
1091 941 1181 975 avide
1213 943 1358 986 arripuit,
1388 949 1419 975 ut
1451 943 1566 985 exiguo
1599 950 1744 986 tempore

999 995 1156 1028 maximos
1177 1006 1366 1039 progressus
1393 997 1513 1035 fecerit,
1536 1003 1565 1030 et
1586 1008 1638 1030 eas
1659 1002 1744 1030 artes

999 1058 1077 1091 quas
1108 1049 1204 1091 plane
1235 1049 1415 1089 didicerat,
1450 1051 1514 1084 Deo
1550 1051 1740 1088 adiuvante,

998 1112 1124 1134 summa
1142 1113 1214 1135 cum
1234 1103 1328 1136 laude
1346 1104 1503 1146 plurimos
1521 1104 1744 1137 Barcliinonae

998 1155 1097 1196 gratis
1122 1156 1278 1188 docuerit.

1043 1209 1059 1250 ξ
1079 1207 1108 1240 7.
1126 1209 1240 1252 Atque,
1263 1216 1297 1242 ut
1318 1221 1334 1242 e
1356 1210 1483 1243 talentis
1504 1211 1563 1244 sibi
1578 1211 1744 1245 aDomino

998 1263 1192 1297 concreditis
1213 1264 1337 1297 lucrum
1354 1265 1470 1297 faceret
1493 1265 1741 1309 amplissimum,

998 1316 1193 1357 Bononiam,
1215 1318 1300 1350 velut
1321 1318 1358 1350 ad
1387 1329 1560 1351 commune
1584 1319 1743 1351 bonarum

998 1370 1114 1403 artium
1137 1370 1351 1409 domicilium,
1366 1372 1610 1416 disciplinarum
1633 1383 1745 1416 empo-

998 1424 1081 1457 rium
1104 1425 1264 1468 prosectus
1285 1432 1352 1465 est,
1377 1426 1431 1459 ubi
1465 1432 1591 1470 tempus
1622 1427 1681 1460 sibi
1703 1427 1743 1459 ad

997 1478 1249 1520 negotiationem
1272 1479 1447 1523 sapientiae
1472 1480 1595 1521 datum,
1613 1491 1677 1514 non
1697 1481 1745 1513 in-

996 1532 1134 1575 sumpsit
1154 1532 1185 1564 in
1203 1533 1292 1566 vanis
1313 1539 1341 1565 et
1364 1533 1549 1566 carnalibus
1562 1533 1742 1572 desideriis,

997 1585 1114 1628 quibus
1132 1592 1218 1620 aetas
1236 1587 1289 1619 illa
1312 1587 1457 1620 iuvenilis
1478 1599 1495 1620 a
1517 1588 1624 1621 studio
1644 1588 1744 1621 virtu-

998 1638 1036 1672 tis
1056 1639 1160 1683 abripi
1181 1650 1277 1684 saepe
1298 1641 1400 1680 solet;
1425 1642 1479 1674 sed
1511 1641 1638 1685 pietatis
1668 1641 1745 1674 offi-

998 1692 1066 1732 ciis,
1089 1704 1125 1726 ac
1146 1694 1313 1737 pontificio
1335 1695 1483 1738 civilique
1506 1695 1566 1728 iuri
1587 1702 1655 1729 toto
1680 1707 1740 1740 pe-

999 1752 1087 1780 ctore
1106 1747 1263 1788 incubuit,
1281 1759 1317 1781 ac
1332 1749 1460 1781 tandem
1476 1749 1617 1782 doctoris
1635 1750 1746 1783 laurea

998 1798 1197 1842 eaeterisque
1223 1799 1389 1833 doctrinae
1410 1800 1588 1842 insignibus
1609 1800 1743 1834 decora-

998 1856 1059 1893 tus,
1082 1862 1191 1886 saeros
1211 1863 1352 1887 canones
1371 1854 1512 1897 publice,
1535 1864 1650 1897 magna
1671 1866 1743 1887 cum

997 1905 1166 1939 hominum
1197 1907 1432 1948 admiratione,
1456 1908 1576 1952 absque
1605 1909 1671 1941 ullo
1691 1909 1745 1942 sti-

997 1959 1132 2004 pendio,
1175 1966 1222 1994 est
1261 1961 1488 2005 interpretatus
1502 1989 1509 2001 ,
1544 1961 1594 1994 eui
1632 1967 1744 2005 postea

998 2023 1070 2046 cum
1090 2013 1225 2047 Senatus
1240 2014 1463 2052 Bononiensis,
1479 2015 1520 2047 ob
1540 2015 1741 2058 praeclaram

998 2067 1066 2100 eius
1098 2067 1334 2109 eruditionem,
1359 2067 1569 2101 honorarium
1603 2079 1640 2101 ex
1669 2079 1743 2101 aere

997 2120 1128 2163 publico
1159 2121 1372 2161 decrevisset,
1408 2121 1475 2164 ipse
1506 2121 1634 2154 labores
1669 2132 1744 2155 suos

998 2173 1133 2207 Domino
1152 2174 1367 2214 sanctificans,
1392 2174 1484 2207 datae
1504 2174 1563 2207 sibi
1585 2185 1602 2206 a
1623 2175 1743 2208 Senatu

996 2228 1165 2271 pecuniae,
1189 2228 1401 2271 omniumque
1422 2238 1552 2268 rerum,
1577 2239 1656 2272 quas
1687 2238 1743 2262 sua

997 2281 1155 2315 industria
1175 2287 1412 2324 comparasset,
1436 2281 1500 2314 Deo
1522 2281 1681 2324 primitias
1706 2293 1741 2315 ac

996 2345 1054 2368 suo
1075 2335 1218 2378 parocho
1240 2335 1381 2368 decimas
1401 2334 1540 2368 fideliter
1569 2335 1736 2370 offerebat.

1042 2391 1057 2430 ξ
1076 2388 1106 2421 8.
1128 2388 1196 2427 Quo
1218 2388 1248 2420 in
1268 2399 1402 2421 munere
1424 2388 1560 2421 docendi
1584 2400 1656 2422 cum
1678 2390 1739 2423 ali-

997 2447 1077 2486 quot
1107 2441 1199 2473 annis
1219 2440 1380 2483 egregiam
1407 2448 1553 2474 navasset
1582 2452 1714 2486 operam
1732 2471 1739 2484 ,

997 2501 1027 2528 et
1044 2494 1106 2526 iam
1128 2493 1196 2526 eius
1214 2493 1405 2526 eruditionis
1431 2494 1515 2526 sama
1540 2505 1598 2538 per
1618 2495 1740 2529 ltaliam

997 2548 1218 2585 increbuisset,
1240 2547 1451 2591 Berengarius
1472 2548 1742 2583 Barchinonensis

997 2602 1177 2647 episcopus,
1194 2601 1262 2635 eius
1275 2601 1447 2635 virtutibus
1467 2613 1504 2635 ac
1524 2602 1656 2636 scicntia
1670 2615 1742 2647 per-

997 2663 1114 2698 motus,
1126 2656 1228 2690 Roma
1242 2655 1282 2689 ad
1296 2666 1386 2689 suam
1408 2655 1574 2689 ecclesiam
1597 2657 1737 2701 rediens,

1792 901 1865 921 Plure:
1880 901 1945 926 gratis

1759 928 1838 948 docuit.

1769 1220 1885 1241 Bononiam
1897 1227 1946 1247 pru-

1759 1247 1862 1268 sicia-itur
1911 1248 1945 1267 ubi

1760 1277 1845 1294 creatur
1865 1274 1945 1297 doctor,

1760 1307 1784 1321 aa·
1807 1301 1891 1326 publicu
1907 1301 1944 1321 tlo-

1761 1330 1794 1348 ret
1807 1334 1906 1348 canones.

1772 2394 1862 2415 Croatur
1879 2400 1942 2414 cano—

1758 2421 1784 2441 ni·
1793 2427 1817 2450 us
1829 2421 1943 2442 Bar-cluna·

1758 2454 1836 2468 nemis.
