<?xml version="1.0" encoding="UTF-8"?>
<!DOCTYPE html PUBLIC "-//W3C//DTD XHTML 1.0 Transitional//EN"
    "http://www.w3.org/TR/xhtml1/DTD/xhtml1-transitional.dtd">
<html xmlns="http://www.w3.org/1999/xhtml" xml:lang="en" lang="en">
 <head>
  <title>
</title>
<meta http-equiv="Content-Type" content="text/html;charset=utf-8" />
  <meta name='ocr-system' content='tesseract 3.04.00' />
  <meta name='ocr-capabilities' content='ocr_page ocr_carea ocr_par ocr_line ocrx_word'/>
</head>
<body>
  <div class='ocr_page' id='page_1' title='image "./bullarumdiplomat10cath_0845.png"; bbox 0 0 2253 3195; ppageno 0'>
   <div class='ocr_carea' id='block_1_1' title="bbox 33 270 209 306">
    <p class='ocr_par' dir='ltr' id='par_1_1' title="bbox 33 270 209 306">
     <span class='ocr_line' id='line_1_1' title="bbox 33 270 209 306; baseline -0.017 -6"><span class='ocrx_word' id='word_1_1' title='bbox 33 274 81 306; x_wconf 70' lang='lat' dir='ltr'>An.</span> <span class='ocrx_word' id='word_1_2' title='bbox 98 271 124 299; x_wconf 91' lang='lat' dir='ltr'>C.</span> <span class='ocrx_word' id='word_1_3' title='bbox 144 270 209 298; x_wconf 71' lang='lat'>1602</span> 
     </span>
    </p>
   </div>
   <div class='ocr_carea' id='block_1_2' title="bbox 837 268 1129 293">
    <p class='ocr_par' dir='ltr' id='par_1_2' title="bbox 837 268 1129 293">
     <span class='ocr_line' id='line_1_2' title="bbox 837 268 1129 293; baseline -0.007 0"><span class='ocrx_word' id='word_1_4' title='bbox 837 268 983 293; x_wconf 80' lang='lat' dir='ltr'>CLEMENS</span> <span class='ocrx_word' id='word_1_5' title='bbox 1002 268 1060 292; x_wconf 86' lang='lat' dir='ltr'>VIII</span> <span class='ocrx_word' id='word_1_6' title='bbox 1081 269 1129 291; x_wconf 83' lang='lat' dir='ltr'>PI’.</span> 
     </span>
    </p>
   </div>
   <div class='ocr_carea' id='block_1_3' title="bbox 224 316 968 467">
    <p class='ocr_par' dir='ltr' id='par_1_3' title="bbox 224 316 968 467">
     <span class='ocr_line' id='line_1_3' title="bbox 226 316 968 361; baseline -0.004 -10"><span class='ocrx_word' id='word_1_7' title='bbox 226 318 419 351; x_wconf 69' lang='lat' dir='ltr'>terrenerint</span> <span class='ocrx_word' id='word_1_8' title='bbox 435 318 633 361; x_wconf 75' lang='lat' dir='ltr'>supplemus.</span> <span class='ocrx_word' id='word_1_9' title='bbox 653 318 821 350; x_wconf 75' lang='lat' dir='ltr'>Praeterea</span> <span class='ocrx_word' id='word_1_10' title='bbox 843 316 968 349; x_wconf 79' lang='lat' dir='ltr'>abbatis</span> 
     </span>
     <span class='ocr_line' id='line_1_4' title="bbox 225 369 964 404; baseline -0.004 0"><span class='ocrx_word' id='word_1_11' title='bbox 225 372 367 404; x_wconf 88' lang='lat' dir='ltr'>eiusdem</span> <span class='ocrx_word' id='word_1_12' title='bbox 397 371 582 403; x_wconf 81' lang='lat' dir='ltr'>monasterii</span> <span class='ocrx_word' id='word_1_13' title='bbox 605 372 718 403; x_wconf 78' lang='lat' dir='ltr'>Beatae</span> <span class='ocrx_word' id='word_1_14' title='bbox 749 370 862 403; x_wconf 81' lang='lat' dir='ltr'>Mariae</span> <span class='ocrx_word' id='word_1_15' title='bbox 888 369 964 402; x_wconf 89' lang='lat' dir='ltr'>Fui-</span> 
     </span>
     <span class='ocr_line' id='line_1_5' title="bbox 224 423 967 467; baseline -0.004 -10"><span class='ocrx_word' id='word_1_16' title='bbox 224 425 332 458; x_wconf 84' lang='lat' dir='ltr'>liensis</span> <span class='ocrx_word' id='word_1_17' title='bbox 354 435 483 462; x_wconf 85' lang='lat' dir='ltr'>munus,</span> <span class='ocrx_word' id='word_1_18' title='bbox 507 425 594 467; x_wconf 83' lang='lat' dir='ltr'>quod</span> <span class='ocrx_word' id='word_1_19' title='bbox 622 435 707 457; x_wconf 77' lang='lat' dir='ltr'>nune</span> <span class='ocrx_word' id='word_1_20' title='bbox 725 424 860 457; x_wconf 83' lang='lat' dir='ltr'>dilectus</span> <span class='ocrx_word' id='word_1_21' title='bbox 882 423 967 455; x_wconf 86' lang='lat' dir='ltr'>silius</span> 
     </span>
    </p>
   </div>
   <div class='ocr_carea' id='block_1_4' title="bbox 178 477 967 521">
    <p class='ocr_par' dir='ltr' id='par_1_4' title="bbox 178 477 967 521">
     <span class='ocr_line' id='line_1_6' title="bbox 178 477 967 521; baseline -0.004 -10"><span class='ocrx_word' id='word_1_22' title='bbox 178 516 179 521; x_wconf 18' lang='lat'>¹</span> <span class='ocrx_word' id='word_1_23' title='bbox 224 479 359 511; x_wconf 88' lang='lat' dir='ltr'>Ioannes</span> <span class='ocrx_word' id='word_1_24' title='bbox 369 478 408 511; x_wconf 88' lang='lat' dir='ltr'>de</span> <span class='ocrx_word' id='word_1_25' title='bbox 417 477 574 514; x_wconf 79' lang='lat' dir='ltr'>Ballandt,</span> <span class='ocrx_word' id='word_1_26' title='bbox 588 477 666 510; x_wconf 85' lang='lat' dir='ltr'>alias</span> <span class='ocrx_word' id='word_1_27' title='bbox 680 477 718 509; x_wconf 67' lang='lat' dir='ltr'>tle</span> <span class='ocrx_word' id='word_1_28' title='bbox 729 477 844 510; x_wconf 82' lang='lat' dir='ltr'>Sancto</span> <span class='ocrx_word' id='word_1_29' title='bbox 859 477 967 508; x_wconf 81' lang='lat' dir='ltr'>Mauro</span> 
     </span>
    </p>
   </div>
   <div class='ocr_carea' id='block_1_5' title="bbox 172 743 986 789">
    <p class='ocr_par' dir='ltr' id='par_1_5' title="bbox 172 743 986 789">
     <span class='ocr_line' id='line_1_7' title="bbox 172 743 986 789; baseline -0.002 -10"><span class='ocrx_word' id='word_1_30' title='bbox 172 768 174 771; x_wconf 85' lang='lat'><em>·</em></span> <span class='ocrx_word' id='word_1_31' title='bbox 223 752 275 779; x_wconf 91' lang='lat' dir='ltr'>aut</span> <span class='ocrx_word' id='word_1_32' title='bbox 298 755 539 789; x_wconf 81' lang='lat' dir='ltr'>quamcumque</span> <span class='ocrx_word' id='word_1_33' title='bbox 561 743 780 777; x_wconf 72' lang='lat' dir='ltr'>dimissionem</span> <span class='ocrx_word' id='word_1_34' title='bbox 803 744 850 775; x_wconf 85' lang='lat' dir='ltr'>vel</span> <span class='ocrx_word' id='word_1_35' title='bbox 873 743 986 777; x_wconf 52' lang='lat' dir='ltr'>ainis-t</span> 
     </span>
    </p>
   </div>
   <div class='ocr_carea' id='block_1_6' title="bbox 67 2662 180 2686">
    <p class='ocr_par' dir='ltr' id='par_1_6' title="bbox 67 2662 180 2686">
     <span class='ocr_line' id='line_1_8' title="bbox 67 2662 180 2686; baseline 0.018 -2"><span class='ocrx_word' id='word_1_36' title='bbox 67 2662 180 2686; x_wconf 74' lang='lat' dir='ltr'>clatnuiao.</span> 
     </span>
    </p>
   </div>
   <div class='ocr_carea' id='block_1_7' title="bbox 224 529 968 736">
    <p class='ocr_par' dir='ltr' id='par_1_7' title="bbox 224 529 968 736">
     <span class='ocr_line' id='line_1_9' title="bbox 224 529 967 568; baseline -0.003 -5"><span class='ocrx_word' id='word_1_37' title='bbox 224 531 366 564; x_wconf 87' lang='lat' dir='ltr'>eiusdem</span> <span class='ocrx_word' id='word_1_38' title='bbox 382 530 568 563; x_wconf 88' lang='lat' dir='ltr'>monasterii</span> <span class='ocrx_word' id='word_1_39' title='bbox 583 530 692 568; x_wconf 82' lang='lat' dir='ltr'>abbas,</span> <span class='ocrx_word' id='word_1_40' title='bbox 707 542 743 562; x_wconf 83' lang='lat' dir='ltr'>ex</span> <span class='ocrx_word' id='word_1_41' title='bbox 758 529 967 562; x_wconf 77' lang='lat' dir='ltr'>concessione</span> 
     </span>
     <span class='ocr_line' id='line_1_10' title="bbox 224 583 968 628; baseline -0.003 -11"><span class='ocrx_word' id='word_1_42' title='bbox 224 585 411 628; x_wconf 85' lang='lat' dir='ltr'>apostolica,</span> <span class='ocrx_word' id='word_1_43' title='bbox 424 584 464 617; x_wconf 90' lang='lat' dir='ltr'>ad</span> <span class='ocrx_word' id='word_1_44' title='bbox 478 584 546 617; x_wconf 87' lang='lat' dir='ltr'>eius</span> <span class='ocrx_word' id='word_1_45' title='bbox 566 584 661 617; x_wconf 84' lang='lat' dir='ltr'>vitam</span> <span class='ocrx_word' id='word_1_46' title='bbox 684 583 816 623; x_wconf 83' lang='lat' dir='ltr'>obtinet,</span> <span class='ocrx_word' id='word_1_47' title='bbox 833 594 868 616; x_wconf 83' lang='lat' dir='ltr'>ex</span> <span class='ocrx_word' id='word_1_48' title='bbox 882 593 968 616; x_wconf 89' lang='lat' dir='ltr'>nune</span> 
     </span>
     <span class='ocr_line' id='line_1_11' title="bbox 224 637 966 681; baseline -0.003 -11"><span class='ocrx_word' id='word_1_49' title='bbox 224 644 317 681; x_wconf 91' lang='lat' dir='ltr'>prout</span> <span class='ocrx_word' id='word_1_50' title='bbox 338 648 374 671; x_wconf 83' lang='lat' dir='ltr'>ex</span> <span class='ocrx_word' id='word_1_51' title='bbox 403 644 498 676; x_wconf 83' lang='lat' dir='ltr'>tunc,</span> <span class='ocrx_word' id='word_1_52' title='bbox 530 643 700 681; x_wconf 78' lang='lat' dir='ltr'>postquam</span> <span class='ocrx_word' id='word_1_53' title='bbox 736 637 966 670; x_wconf 86' lang='lat' dir='ltr'>monasterium</span> 
     </span>
     <span class='ocr_line' id='line_1_12' title="bbox 225 691 964 736; baseline -0.004 -11"><span class='ocrx_word' id='word_1_54' title='bbox 225 691 448 736; x_wconf 81' lang='lat' dir='ltr'>praedictum,</span> <span class='ocrx_word' id='word_1_55' title='bbox 488 702 545 735; x_wconf 89' lang='lat' dir='ltr'>per</span> <span class='ocrx_word' id='word_1_56' title='bbox 570 701 695 724; x_wconf 85' lang='lat' dir='ltr'>cessum</span> <span class='ocrx_word' id='word_1_57' title='bbox 718 691 763 723; x_wconf 87' lang='lat' dir='ltr'>vel</span> <span class='ocrx_word' id='word_1_58' title='bbox 786 691 964 729; x_wconf 90' lang='lat' dir='ltr'>decessum,</span> 
     </span>
    </p>
   </div>
   <div class='ocr_carea' id='block_1_8' title="bbox 224 797 968 946">
    <p class='ocr_par' dir='ltr' id='par_1_8' title="bbox 224 797 968 946">
     <span class='ocr_line' id='line_1_13' title="bbox 224 797 968 840; baseline -0.004 -8"><span class='ocrx_word' id='word_1_59' title='bbox 224 799 349 832; x_wconf 89' lang='lat' dir='ltr'>sionem</span> <span class='ocrx_word' id='word_1_60' title='bbox 371 798 447 832; x_wconf 87' lang='lat' dir='ltr'>dicti</span> <span class='ocrx_word' id='word_1_61' title='bbox 468 798 607 837; x_wconf 89' lang='lat' dir='ltr'>Ioannis,</span> <span class='ocrx_word' id='word_1_62' title='bbox 625 803 677 830; x_wconf 87' lang='lat' dir='ltr'>aut</span> <span class='ocrx_word' id='word_1_63' title='bbox 700 797 968 840; x_wconf 69' lang='lat' dir='ltr'>aliasipiomodo-</span> 
     </span>
     <span class='ocr_line' id='line_1_14' title="bbox 225 849 968 895; baseline -0.004 -11"><span class='ocrx_word' id='word_1_64' title='bbox 225 861 363 895; x_wconf 84' lang='lat' dir='ltr'>cumque</span> <span class='ocrx_word' id='word_1_65' title='bbox 384 861 421 884; x_wconf 83' lang='lat' dir='ltr'>ex</span> <span class='ocrx_word' id='word_1_66' title='bbox 442 850 526 883; x_wconf 89' lang='lat' dir='ltr'>illius</span> <span class='ocrx_word' id='word_1_67' title='bbox 547 860 682 894; x_wconf 87' lang='lat' dir='ltr'>persona</span> <span class='ocrx_word' id='word_1_68' title='bbox 698 860 811 882; x_wconf 82' lang='lat' dir='ltr'>vacare</span> <span class='ocrx_word' id='word_1_69' title='bbox 826 849 968 891; x_wconf 67' lang='lat' dir='ltr'>contige-</span> 
     </span>
     <span class='ocr_line' id='line_1_15' title="bbox 225 902 967 946; baseline -0.004 -9"><span class='ocrx_word' id='word_1_70' title='bbox 225 905 276 946; x_wconf 88' lang='lat' dir='ltr'>rit,</span> <span class='ocrx_word' id='word_1_71' title='bbox 301 904 425 937; x_wconf 87' lang='lat' dir='ltr'>etiamsi</span> <span class='ocrx_word' id='word_1_72' title='bbox 453 904 539 937; x_wconf 72' lang='lat' dir='ltr'>n&#39;unc</span> <span class='ocrx_word' id='word_1_73' title='bbox 569 904 676 936; x_wconf 88' lang='lat' dir='ltr'>forsan</span> <span class='ocrx_word' id='word_1_74' title='bbox 699 908 770 935; x_wconf 83' lang='lat' dir='ltr'>actu</span> <span class='ocrx_word' id='word_1_75' title='bbox 791 906 903 939; x_wconf 75' lang='lat' dir='ltr'>vacet,</span> <span class='ocrx_word' id='word_1_76' title='bbox 927 902 967 934; x_wconf 90' lang='lat' dir='ltr'>ad</span> 
     </span>
    </p>
   </div>
   <div class='ocr_carea' id='block_1_9' title="bbox 226 957 986 999">
    <p class='ocr_par' dir='ltr' id='par_1_9' title="bbox 226 957 986 999">
     <span class='ocr_line' id='line_1_16' title="bbox 226 957 986 999; baseline -0.005 -7"><span class='ocrx_word' id='word_1_77' title='bbox 226 958 485 998; x_wconf 88' lang='lat' dir='ltr'>triennalitatem,</span> <span class='ocrx_word' id='word_1_78' title='bbox 499 957 689 990; x_wconf 85' lang='lat' dir='ltr'>auctoritate</span> <span class='ocrx_word' id='word_1_79' title='bbox 707 963 735 989; x_wconf 87' lang='lat' dir='ltr'>et</span> <span class='ocrx_word' id='word_1_80' title='bbox 751 962 862 990; x_wconf 86' lang='lat' dir='ltr'>tenore</span> <span class='ocrx_word' id='word_1_81' title='bbox 876 966 968 999; x_wconf 87' lang='lat' dir='ltr'>prae-</span> <span class='ocrx_word' id='word_1_82' title='bbox 984 972 986 983; x_wconf 76' lang='grc' dir='ltr'>ι</span> 
     </span>
    </p>
   </div>
   <div class='ocr_carea' id='block_1_10' title="bbox 225 1009 974 2706">
    <p class='ocr_par' dir='ltr' id='par_1_10' title="bbox 225 1009 974 2590">
     <span class='ocr_line' id='line_1_17' title="bbox 225 1009 967 1055; baseline -0.005 -10"><span class='ocrx_word' id='word_1_83' title='bbox 225 1012 328 1048; x_wconf 81' lang='lat' dir='ltr'>dictis,</span> <span class='ocrx_word' id='word_1_84' title='bbox 352 1017 509 1055; x_wconf 86' lang='lat' dir='ltr'>perpetuo</span> <span class='ocrx_word' id='word_1_85' title='bbox 533 1010 730 1049; x_wconf 76' lang='lat' dir='ltr'>reducimus,</span> <span class='ocrx_word' id='word_1_86' title='bbox 755 1009 967 1052; x_wconf 81' lang='lat' dir='ltr'>elusdemque</span> 
     </span>
     <span class='ocr_line' id='line_1_18' title="bbox 225 1062 967 1107; baseline -0.005 -9"><span class='ocrx_word' id='word_1_87' title='bbox 225 1064 489 1107; x_wconf 73' lang='lat' dir='ltr'>Congregationis</span> <span class='ocrx_word' id='word_1_88' title='bbox 507 1063 647 1107; x_wconf 82' lang='lat' dir='ltr'>capitulo</span> <span class='ocrx_word' id='word_1_89' title='bbox 669 1062 824 1105; x_wconf 74' lang='lat' dir='ltr'>generali,</span> <span class='ocrx_word' id='word_1_90' title='bbox 849 1073 885 1095; x_wconf 90' lang='lat' dir='ltr'>ac</span> <span class='ocrx_word' id='word_1_91' title='bbox 913 1073 967 1094; x_wconf 89' lang='lat' dir='ltr'>su-</span> 
     </span>
     <span class='ocr_line' id='line_1_19' title="bbox 226 1116 964 1163; baseline -0.007 -11"><span class='ocrx_word' id='word_1_92' title='bbox 226 1118 345 1163; x_wconf 89' lang='lat' dir='ltr'>periori</span> <span class='ocrx_word' id='word_1_93' title='bbox 369 1124 396 1151; x_wconf 90' lang='lat' dir='ltr'>et</span> <span class='ocrx_word' id='word_1_94' title='bbox 419 1117 596 1158; x_wconf 82' lang='lat' dir='ltr'>monachis,</span> <span class='ocrx_word' id='word_1_95' title='bbox 623 1122 658 1149; x_wconf 61' lang='lat' dir='ltr'>ut,</span> <span class='ocrx_word' id='word_1_96' title='bbox 678 1116 822 1149; x_wconf 86' lang='lat' dir='ltr'>eiusdem</span> <span class='ocrx_word' id='word_1_97' title='bbox 849 1125 964 1148; x_wconf 91' lang='lat' dir='ltr'>mona-</span> 
     </span>
     <span class='ocr_line' id='line_1_20' title="bbox 225 1168 966 1214; baseline -0.007 -9"><span class='ocrx_word' id='word_1_98' title='bbox 225 1172 311 1205; x_wconf 87' lang='lat' dir='ltr'>sterii</span> <span class='ocrx_word' id='word_1_99' title='bbox 340 1171 489 1204; x_wconf 75' lang='lat' dir='ltr'>abbatem</span> <span class='ocrx_word' id='word_1_100' title='bbox 519 1176 589 1214; x_wconf 86' lang='lat' dir='ltr'>post</span> <span class='ocrx_word' id='word_1_101' title='bbox 620 1170 741 1202; x_wconf 87' lang='lat' dir='ltr'>dictum</span> <span class='ocrx_word' id='word_1_102' title='bbox 774 1179 897 1201; x_wconf 86' lang='lat' dir='ltr'>cessum</span> <span class='ocrx_word' id='word_1_103' title='bbox 921 1168 966 1200; x_wconf 81' lang='lat' dir='ltr'>vel</span> 
     </span>
     <span class='ocr_line' id='line_1_21' title="bbox 226 1220 967 1258; baseline -0.008 0"><span class='ocrx_word' id='word_1_104' title='bbox 226 1227 392 1258; x_wconf 73' lang='lat' dir='ltr'>decessum</span> <span class='ocrx_word' id='word_1_105' title='bbox 414 1224 453 1257; x_wconf 90' lang='lat' dir='ltr'>de</span> <span class='ocrx_word' id='word_1_106' title='bbox 467 1228 595 1256; x_wconf 85' lang='lat' dir='ltr'>caetero</span> <span class='ocrx_word' id='word_1_107' title='bbox 606 1223 644 1255; x_wconf 85' lang='lat' dir='ltr'>de</span> <span class='ocrx_word' id='word_1_108' title='bbox 661 1220 799 1254; x_wconf 85' lang='lat' dir='ltr'>triennio</span> <span class='ocrx_word' id='word_1_109' title='bbox 820 1221 851 1253; x_wconf 91' lang='lat' dir='ltr'>in</span> <span class='ocrx_word' id='word_1_110' title='bbox 870 1220 967 1253; x_wconf 87' lang='lat' dir='ltr'>trien-</span> 
     </span>
     <span class='ocr_line' id='line_1_22' title="bbox 225 1274 966 1319; baseline -0.008 -8"><span class='ocrx_word' id='word_1_111' title='bbox 225 1279 314 1312; x_wconf 84' lang='lat' dir='ltr'>nium</span> <span class='ocrx_word' id='word_1_112' title='bbox 326 1278 411 1310; x_wconf 81' lang='lat' dir='ltr'>iuxta</span> <span class='ocrx_word' id='word_1_113' title='bbox 420 1276 581 1319; x_wconf 80' lang='lat' dir='ltr'>regularia</span> <span class='ocrx_word' id='word_1_114' title='bbox 595 1286 708 1309; x_wconf 92' lang='lat' dir='ltr'>eorum</span> <span class='ocrx_word' id='word_1_115' title='bbox 721 1274 865 1308; x_wconf 87' lang='lat' dir='ltr'>instituta</span> <span class='ocrx_word' id='word_1_116' title='bbox 876 1284 966 1317; x_wconf 88' lang='lat' dir='ltr'>prae-</span> 
     </span>
     <span class='ocr_line' id='line_1_23' title="bbox 226 1326 968 1373; baseline -0.007 -9"><span class='ocrx_word' id='word_1_117' title='bbox 226 1331 325 1372; x_wconf 83' lang='lat' dir='ltr'>dicta,</span> <span class='ocrx_word' id='word_1_118' title='bbox 354 1331 478 1369; x_wconf 89' lang='lat' dir='ltr'>libere,</span> <span class='ocrx_word' id='word_1_119' title='bbox 509 1334 606 1373; x_wconf 89' lang='lat' dir='ltr'>prout</span> <span class='ocrx_word' id='word_1_120' title='bbox 638 1334 840 1362; x_wconf 87' lang='lat' dir='ltr'>caeterorum</span> <span class='ocrx_word' id='word_1_121' title='bbox 869 1326 968 1371; x_wconf 87' lang='lat' dir='ltr'>ipsius</span> 
     </span>
     <span class='ocr_line' id='line_1_24' title="bbox 226 1380 969 1427; baseline -0.008 -9"><span class='ocrx_word' id='word_1_122' title='bbox 226 1383 488 1427; x_wconf 74' lang='lat' dir='ltr'>Congregationis</span> <span class='ocrx_word' id='word_1_123' title='bbox 502 1381 773 1420; x_wconf 76' lang='lat' dir='ltr'>monasteriorum</span> <span class='ocrx_word' id='word_1_124' title='bbox 785 1380 969 1424; x_wconf 78' lang='lat' dir='ltr'>superiores</span> 
     </span>
     <span class='ocr_line' id='line_1_25' title="bbox 227 1434 965 1480; baseline -0.007 -10"><span class='ocrx_word' id='word_1_125' title='bbox 227 1437 345 1480; x_wconf 76' lang='lat' dir='ltr'>eligere</span> <span class='ocrx_word' id='word_1_126' title='bbox 366 1437 470 1469; x_wconf 78' lang='lat' dir='ltr'>solent</span> <span class='ocrx_word' id='word_1_127' title='bbox 490 1441 521 1469; x_wconf 88' lang='lat' dir='ltr'>et</span> <span class='ocrx_word' id='word_1_128' title='bbox 540 1442 684 1479; x_wconf 85' lang='lat' dir='ltr'>possunt,</span> <span class='ocrx_word' id='word_1_129' title='bbox 699 1434 818 1476; x_wconf 76' lang='lat' dir='ltr'>eligere</span> <span class='ocrx_word' id='word_1_130' title='bbox 829 1434 965 1471; x_wconf 71' lang='lat' dir='ltr'>valeant,</span> 
     </span>
     <span class='ocr_line' id='line_1_26' title="bbox 227 1487 970 1531; baseline -0.007 -8"><span class='ocrx_word' id='word_1_131' title='bbox 227 1491 408 1524; x_wconf 84' lang='lat' dir='ltr'>facultatem</span> <span class='ocrx_word' id='word_1_132' title='bbox 431 1488 639 1522; x_wconf 82' lang='lat' dir='ltr'>concedimus</span> <span class='ocrx_word' id='word_1_133' title='bbox 652 1493 683 1520; x_wconf 88' lang='lat' dir='ltr'>et</span> <span class='ocrx_word' id='word_1_134' title='bbox 702 1487 918 1531; x_wconf 82' lang='lat' dir='ltr'>impertimur,</span> <span class='ocrx_word' id='word_1_135' title='bbox 934 1496 970 1518; x_wconf 89' lang='lat' dir='ltr'>ac</span> 
     </span>
     <span class='ocr_line' id='line_1_27' title="bbox 226 1539 971 1586; baseline -0.008 -9"><span class='ocrx_word' id='word_1_136' title='bbox 226 1543 425 1577; x_wconf 80' lang='lat' dir='ltr'>ordinamus.</span> <span class='ocrx_word' id='word_1_137' title='bbox 438 1541 583 1586; x_wconf 81' lang='lat' dir='ltr'>Insuper,</span> <span class='ocrx_word' id='word_1_138' title='bbox 595 1551 836 1585; x_wconf 79' lang='lat' dir='ltr'>quamcumque</span> <span class='ocrx_word' id='word_1_139' title='bbox 854 1539 971 1573; x_wconf 86' lang='lat' dir='ltr'>cessio-</span> 
     </span>
     <span class='ocr_line' id='line_1_28' title="bbox 226 1592 969 1638; baseline -0.005 -9"><span class='ocrx_word' id='word_1_140' title='bbox 226 1607 300 1630; x_wconf 88' lang='lat' dir='ltr'>nem</span> <span class='ocrx_word' id='word_1_141' title='bbox 334 1595 499 1638; x_wconf 74' lang='lat' dir='ltr'>regiminis</span> <span class='ocrx_word' id='word_1_142' title='bbox 520 1600 551 1628; x_wconf 87' lang='lat' dir='ltr'>et</span> <span class='ocrx_word' id='word_1_143' title='bbox 581 1593 868 1627; x_wconf 79' lang='lat' dir='ltr'>administrationis</span> <span class='ocrx_word' id='word_1_144' title='bbox 895 1592 969 1625; x_wconf 90' lang='lat' dir='ltr'>dicti</span> 
     </span>
     <span class='ocr_line' id='line_1_29' title="bbox 228 1646 969 1692; baseline -0.007 -9"><span class='ocrx_word' id='word_1_145' title='bbox 228 1649 415 1683; x_wconf 85' lang='lat' dir='ltr'>monasterii</span> <span class='ocrx_word' id='word_1_146' title='bbox 447 1659 505 1692; x_wconf 87' lang='lat' dir='ltr'>per</span> <span class='ocrx_word' id='word_1_147' title='bbox 530 1647 651 1681; x_wconf 88' lang='lat' dir='ltr'>dictum</span> <span class='ocrx_word' id='word_1_148' title='bbox 680 1647 836 1680; x_wconf 85' lang='lat' dir='ltr'>Ioannem</span> <span class='ocrx_word' id='word_1_149' title='bbox 870 1646 969 1678; x_wconf 86' lang='lat' dir='ltr'>abba-</span> 
     </span>
     <span class='ocr_line' id='line_1_30' title="bbox 230 1699 971 1745; baseline -0.007 -9"><span class='ocrx_word' id='word_1_150' title='bbox 230 1710 305 1745; x_wconf 88' lang='lat' dir='ltr'>tem,</span> <span class='ocrx_word' id='word_1_151' title='bbox 324 1703 419 1736; x_wconf 87' lang='lat' dir='ltr'>etiam</span> <span class='ocrx_word' id='word_1_152' title='bbox 438 1702 470 1735; x_wconf 90' lang='lat' dir='ltr'>in</span> <span class='ocrx_word' id='word_1_153' title='bbox 485 1702 632 1734; x_wconf 91' lang='lat' dir='ltr'>manibus</span> <span class='ocrx_word' id='word_1_154' title='bbox 644 1701 772 1741; x_wconf 85' lang='lat' dir='ltr'>nostris,</span> <span class='ocrx_word' id='word_1_155' title='bbox 786 1706 849 1733; x_wconf 91' lang='lat' dir='ltr'>tam</span> <span class='ocrx_word' id='word_1_156' title='bbox 864 1699 896 1732; x_wconf 91' lang='lat' dir='ltr'>in</span> <span class='ocrx_word' id='word_1_157' title='bbox 909 1700 971 1732; x_wconf 86' lang='lat' dir='ltr'>Ro-</span> 
     </span>
     <span class='ocr_line' id='line_1_31' title="bbox 228 1754 971 1799; baseline -0.007 -10"><span class='ocrx_word' id='word_1_158' title='bbox 228 1767 323 1789; x_wconf 82' lang='lat' dir='ltr'>mana</span> <span class='ocrx_word' id='word_1_159' title='bbox 348 1756 441 1789; x_wconf 89' lang='lat' dir='ltr'>Curia</span> <span class='ocrx_word' id='word_1_160' title='bbox 461 1766 558 1799; x_wconf 90' lang='lat' dir='ltr'>quam</span> <span class='ocrx_word' id='word_1_161' title='bbox 577 1760 663 1788; x_wconf 82' lang='lat' dir='ltr'>extra</span> <span class='ocrx_word' id='word_1_162' title='bbox 685 1764 767 1794; x_wconf 88' lang='lat' dir='ltr'>eam,</span> <span class='ocrx_word' id='word_1_163' title='bbox 792 1754 887 1786; x_wconf 89' lang='lat' dir='ltr'>etiam</span> <span class='ocrx_word' id='word_1_164' title='bbox 919 1763 971 1785; x_wconf 81' lang='lat' dir='ltr'>co-</span> 
     </span>
     <span class='ocr_line' id='line_1_32' title="bbox 229 1806 971 1851; baseline -0.007 -8"><span class='ocrx_word' id='word_1_165' title='bbox 229 1822 297 1843; x_wconf 90' lang='lat' dir='ltr'>ram</span> <span class='ocrx_word' id='word_1_166' title='bbox 318 1810 444 1843; x_wconf 90' lang='lat' dir='ltr'>notario</span> <span class='ocrx_word' id='word_1_167' title='bbox 466 1815 496 1842; x_wconf 90' lang='lat' dir='ltr'>et</span> <span class='ocrx_word' id='word_1_168' title='bbox 517 1808 650 1842; x_wconf 87' lang='lat' dir='ltr'>testibus</span> <span class='ocrx_word' id='word_1_169' title='bbox 668 1813 782 1851; x_wconf 89' lang='lat' dir='ltr'>sponte</span> <span class='ocrx_word' id='word_1_170' title='bbox 803 1808 929 1846; x_wconf 85' lang='lat' dir='ltr'>factam,</span> <span class='ocrx_word' id='word_1_171' title='bbox 946 1806 971 1838; x_wconf 87' lang='lat' dir='ltr'>si</span> 
     </span>
     <span class='ocr_line' id='line_1_33' title="bbox 229 1860 972 1908; baseline -0.007 -11"><span class='ocrx_word' id='word_1_172' title='bbox 229 1874 311 1908; x_wconf 86' lang='lat' dir='ltr'>quae</span> <span class='ocrx_word' id='word_1_173' title='bbox 333 1869 439 1896; x_wconf 85' lang='lat' dir='ltr'>tamen</span> <span class='ocrx_word' id='word_1_174' title='bbox 457 1863 538 1895; x_wconf 87' lang='lat' dir='ltr'>facta</span> <span class='ocrx_word' id='word_1_175' title='bbox 551 1867 608 1902; x_wconf 90' lang='lat' dir='ltr'>est,</span> <span class='ocrx_word' id='word_1_176' title='bbox 633 1866 687 1894; x_wconf 85' lang='lat' dir='ltr'>aut</span> <span class='ocrx_word' id='word_1_177' title='bbox 708 1860 859 1903; x_wconf 78' lang='lat' dir='ltr'>deinceps</span> <span class='ocrx_word' id='word_1_178' title='bbox 871 1870 972 1904; x_wconf 87' lang='lat' dir='ltr'>quan-</span> 
     </span>
     <span class='ocr_line' id='line_1_34' title="bbox 229 1913 972 1961; baseline -0.007 -11"><span class='ocrx_word' id='word_1_179' title='bbox 229 1919 414 1961; x_wconf 61' lang='lat' dir='ltr'>dot-umque</span> <span class='ocrx_word' id='word_1_180' title='bbox 432 1916 623 1955; x_wconf 86' lang='lat' dir='ltr'>faciendam,</span> <span class='ocrx_word' id='word_1_181' title='bbox 636 1920 862 1958; x_wconf 82' lang='lat' dir='ltr'>praeterquam</span> <span class='ocrx_word' id='word_1_182' title='bbox 878 1913 909 1945; x_wconf 92' lang='lat' dir='ltr'>in</span> <span class='ocrx_word' id='word_1_183' title='bbox 929 1914 972 1945; x_wconf 85' lang='lat' dir='ltr'>sa-</span> 
     </span>
     <span class='ocr_line' id='line_1_35' title="bbox 229 1966 969 2011; baseline -0.005 -8"><span class='ocrx_word' id='word_1_184' title='bbox 229 1981 337 2004; x_wconf 84' lang='lat' dir='ltr'>vorem</span> <span class='ocrx_word' id='word_1_185' title='bbox 360 1970 502 2003; x_wconf 87' lang='lat' dir='ltr'>eiusdem</span> <span class='ocrx_word' id='word_1_186' title='bbox 517 1967 781 2011; x_wconf 73' lang='lat' dir='ltr'>Congregationis</span> <span class='ocrx_word' id='word_1_187' title='bbox 795 1966 969 2000; x_wconf 86' lang='lat' dir='ltr'>admitten-</span> 
     </span>
     <span class='ocr_line' id='line_1_36' title="bbox 230 2020 972 2065; baseline -0.007 -8"><span class='ocrx_word' id='word_1_188' title='bbox 230 2025 302 2057; x_wconf 89' lang='lat' dir='ltr'>dam</span> <span class='ocrx_word' id='word_1_189' title='bbox 325 2033 389 2056; x_wconf 91' lang='lat' dir='ltr'>non</span> <span class='ocrx_word' id='word_1_190' title='bbox 404 2027 523 2064; x_wconf 86' lang='lat' dir='ltr'>esse,et</span> <span class='ocrx_word' id='word_1_191' title='bbox 536 2027 694 2065; x_wconf 82' lang='lat' dir='ltr'>quatenus</span> <span class='ocrx_word' id='word_1_192' title='bbox 712 2021 819 2054; x_wconf 80' lang='lat' dir='ltr'>forsan</span> <span class='ocrx_word' id='word_1_193' title='bbox 833 2020 972 2053; x_wconf 83' lang='lat' dir='ltr'>admissa</span> 
     </span>
     <span class='ocr_line' id='line_1_37' title="bbox 230 2074 971 2120; baseline -0.007 -10"><span class='ocrx_word' id='word_1_194' title='bbox 230 2077 337 2117; x_wconf 86' lang='lat' dir='ltr'>fuerit,</span> <span class='ocrx_word' id='word_1_195' title='bbox 353 2076 570 2120; x_wconf 83' lang='lat' dir='ltr'>provisionem</span> <span class='ocrx_word' id='word_1_196' title='bbox 584 2086 641 2108; x_wconf 88' lang='lat' dir='ltr'>seu</span> <span class='ocrx_word' id='word_1_197' title='bbox 651 2074 878 2107; x_wconf 78' lang='lat' dir='ltr'>commendam</span> <span class='ocrx_word' id='word_1_198' title='bbox 888 2074 971 2106; x_wconf 84' lang='lat' dir='ltr'>eius-</span> 
     </span>
     <span class='ocr_line' id='line_1_38' title="bbox 230 2127 970 2165; baseline -0.007 -1"><span class='ocrx_word' id='word_1_199' title='bbox 230 2132 302 2165; x_wconf 86' lang='lat' dir='ltr'>dem</span> <span class='ocrx_word' id='word_1_200' title='bbox 314 2129 500 2163; x_wconf 87' lang='lat' dir='ltr'>monasterii</span> <span class='ocrx_word' id='word_1_201' title='bbox 515 2129 547 2161; x_wconf 91' lang='lat' dir='ltr'>in</span> <span class='ocrx_word' id='word_1_202' title='bbox 557 2128 695 2161; x_wconf 86' lang='lat' dir='ltr'>cuiusvis</span> <span class='ocrx_word' id='word_1_203' title='bbox 709 2128 861 2162; x_wconf 78' lang='lat' dir='ltr'>favorem,</span> <span class='ocrx_word' id='word_1_204' title='bbox 875 2127 970 2160; x_wconf 89' lang='lat' dir='ltr'>etiam</span> 
     </span>
     <span class='ocr_line' id='line_1_39' title="bbox 230 2181 972 2228; baseline -0.007 -11"><span class='ocrx_word' id='word_1_205' title='bbox 230 2183 406 2228; x_wconf 85' lang='lat' dir='ltr'>apostolica</span> <span class='ocrx_word' id='word_1_206' title='bbox 427 2181 616 2215; x_wconf 89' lang='lat' dir='ltr'>auctoritate</span> <span class='ocrx_word' id='word_1_207' title='bbox 640 2182 747 2214; x_wconf 82' lang='lat' dir='ltr'>forsan</span> <span class='ocrx_word' id='word_1_208' title='bbox 770 2182 896 2221; x_wconf 82' lang='lat' dir='ltr'>factam,</span> <span class='ocrx_word' id='word_1_209' title='bbox 918 2186 972 2212; x_wconf 83' lang='lat' dir='ltr'>aut</span> 
     </span>
     <span class='ocr_line' id='line_1_40' title="bbox 230 2233 974 2280; baseline -0.004 -12"><span class='ocrx_word' id='word_1_210' title='bbox 230 2237 380 2280; x_wconf 80' lang='lat' dir='ltr'>deinceps</span> <span class='ocrx_word' id='word_1_211' title='bbox 412 2235 603 2275; x_wconf 82' lang='lat' dir='ltr'>faciendam,</span> <span class='ocrx_word' id='word_1_212' title='bbox 636 2234 769 2274; x_wconf 89' lang='lat' dir='ltr'>nullam,</span> <span class='ocrx_word' id='word_1_213' title='bbox 799 2233 921 2266; x_wconf 89' lang='lat' dir='ltr'>irritam</span> <span class='ocrx_word' id='word_1_214' title='bbox 943 2238 974 2265; x_wconf 83' lang='lat' dir='ltr'>et</span> 
     </span>
     <span class='ocr_line' id='line_1_41' title="bbox 231 2286 972 2331; baseline -0.007 -8"><span class='ocrx_word' id='word_1_215' title='bbox 231 2291 381 2331; x_wconf 84' lang='lat' dir='ltr'>inanem,</span> <span class='ocrx_word' id='word_1_216' title='bbox 409 2300 446 2322; x_wconf 83' lang='lat' dir='ltr'>ac</span> <span class='ocrx_word' id='word_1_217' title='bbox 467 2288 586 2322; x_wconf 89' lang='lat' dir='ltr'>nullius</span> <span class='ocrx_word' id='word_1_218' title='bbox 607 2287 733 2320; x_wconf 87' lang='lat' dir='ltr'>roboris</span> <span class='ocrx_word' id='word_1_219' title='bbox 765 2292 792 2319; x_wconf 90' lang='lat' dir='ltr'>et</span> <span class='ocrx_word' id='word_1_220' title='bbox 818 2286 972 2319; x_wconf 86' lang='lat' dir='ltr'>momenti</span> 
     </span>
     <span class='ocr_line' id='line_1_42' title="bbox 231 2340 972 2384; baseline -0.008 -7"><span class='ocrx_word' id='word_1_221' title='bbox 231 2344 325 2377; x_wconf 86' lang='lat' dir='ltr'>fuisse</span> <span class='ocrx_word' id='word_1_222' title='bbox 345 2349 375 2377; x_wconf 90' lang='lat' dir='ltr'>et</span> <span class='ocrx_word' id='word_1_223' title='bbox 396 2345 474 2383; x_wconf 87' lang='lat' dir='ltr'>fore,</span> <span class='ocrx_word' id='word_1_224' title='bbox 492 2354 528 2376; x_wconf 84' lang='lat' dir='ltr'>ac</span> <span class='ocrx_word' id='word_1_225' title='bbox 541 2341 662 2375; x_wconf 91' lang='lat' dir='ltr'>nemini</span> <span class='ocrx_word' id='word_1_226' title='bbox 681 2351 835 2384; x_wconf 83' lang='lat' dir='ltr'>umquam</span> <span class='ocrx_word' id='word_1_227' title='bbox 857 2340 972 2373; x_wconf 84' lang='lat' dir='ltr'>suffra-</span> 
     </span>
     <span class='ocr_line' id='line_1_43' title="bbox 231 2393 972 2440; baseline -0.007 -10"><span class='ocrx_word' id='word_1_228' title='bbox 231 2397 298 2440; x_wconf 68' lang='lat' dir='ltr'>gari</span> <span class='ocrx_word' id='word_1_229' title='bbox 320 2397 449 2437; x_wconf 87' lang='lat' dir='ltr'>debere,</span> <span class='ocrx_word' id='word_1_230' title='bbox 472 2397 528 2429; x_wconf 89' lang='lat' dir='ltr'>sed</span> <span class='ocrx_word' id='word_1_231' title='bbox 553 2407 611 2439; x_wconf 91' lang='lat' dir='ltr'>per</span> <span class='ocrx_word' id='word_1_232' title='bbox 636 2400 821 2439; x_wconf 82' lang='lat' dir='ltr'>praesentes</span> <span class='ocrx_word' id='word_1_233' title='bbox 840 2393 972 2426; x_wconf 89' lang='lat' dir='ltr'>omnino</span> 
     </span>
     <span class='ocr_line' id='line_1_44' title="bbox 234 2449 973 2491; baseline -0.007 -8"><span class='ocrx_word' id='word_1_234' title='bbox 234 2455 414 2483; x_wconf 76' lang='lat' dir='ltr'>revocatam</span> <span class='ocrx_word' id='word_1_235' title='bbox 436 2454 467 2482; x_wconf 88' lang='lat' dir='ltr'>et</span> <span class='ocrx_word' id='word_1_236' title='bbox 487 2449 698 2487; x_wconf 86' lang='lat' dir='ltr'>annullatam,</span> <span class='ocrx_word' id='word_1_237' title='bbox 722 2452 816 2491; x_wconf 88' lang='lat' dir='ltr'>prout</span> <span class='ocrx_word' id='word_1_238' title='bbox 840 2456 973 2478; x_wconf 77' lang='lat' dir='ltr'>exnunc</span> 
     </span>
     <span class='ocr_line' id='line_1_45' title="bbox 234 2500 972 2541; baseline -0.004 -6"><span class='ocrx_word' id='word_1_239' title='bbox 234 2513 421 2537; x_wconf 75' lang='lat' dir='ltr'>revocamus</span> <span class='ocrx_word' id='word_1_240' title='bbox 446 2507 477 2535; x_wconf 82' lang='lat' dir='ltr'>et</span> <span class='ocrx_word' id='word_1_241' title='bbox 496 2502 723 2541; x_wconf 82' lang='lat' dir='ltr'>annullamus,</span> <span class='ocrx_word' id='word_1_242' title='bbox 757 2500 822 2533; x_wconf 85' lang='lat' dir='ltr'>fore</span> <span class='ocrx_word' id='word_1_243' title='bbox 851 2505 881 2532; x_wconf 87' lang='lat' dir='ltr'>et</span> <span class='ocrx_word' id='word_1_244' title='bbox 906 2510 972 2532; x_wconf 79' lang='lat' dir='ltr'>esse</span> 
     </span>
     <span class='ocr_line' id='line_1_46' title="bbox 234 2547 406 2590; baseline -0.006 -1"><span class='ocrx_word' id='word_1_245' title='bbox 234 2547 406 2590; x_wconf 63' lang='lat' dir='ltr'>accenseri.</span> 
     </span>
    </p>

    <p class='ocr_par' dir='ltr' id='par_1_11' title="bbox 234 2606 971 2706">
     <span class='ocr_line' id='line_1_47' title="bbox 278 2606 971 2652; baseline -0.007 -10"><span class='ocrx_word' id='word_1_246' title='bbox 278 2612 294 2652; x_wconf 66' lang='grc' dir='ltr'>ξ</span> <span class='ocrx_word' id='word_1_247' title='bbox 315 2609 549 2642; x_wconf 74' lang='lat' dir='ltr'>4.Praese11les</span> <span class='ocrx_word' id='word_1_248' title='bbox 573 2618 703 2651; x_wconf 81' lang='lat' dir='ltr'>quoque</span> <span class='ocrx_word' id='word_1_249' title='bbox 722 2606 852 2646; x_wconf 79' lang='lat' dir='ltr'>litteras,</span> <span class='ocrx_word' id='word_1_250' title='bbox 876 2606 971 2639; x_wconf 87' lang='lat' dir='ltr'>etiam</span> 
     </span>
     <span class='ocr_line' id='line_1_48' title="bbox 234 2660 969 2706; baseline -0.005 -10"><span class='ocrx_word' id='word_1_251' title='bbox 234 2675 269 2696; x_wconf 80' lang='lat' dir='ltr'>ex</span> <span class='ocrx_word' id='word_1_252' title='bbox 297 2673 335 2696; x_wconf 90' lang='lat' dir='ltr'>co</span> <span class='ocrx_word' id='word_1_253' title='bbox 362 2662 449 2706; x_wconf 86' lang='lat' dir='ltr'>quod</span> <span class='ocrx_word' id='word_1_254' title='bbox 476 2662 560 2695; x_wconf 87' lang='lat' dir='ltr'>idem</span> <span class='ocrx_word' id='word_1_255' title='bbox 588 2662 722 2694; x_wconf 81' lang='lat' dir='ltr'>Ioannes</span> <span class='ocrx_word' id='word_1_256' title='bbox 747 2660 844 2692; x_wconf 84' lang='lat' dir='ltr'>abbas</span> <span class='ocrx_word' id='word_1_257' title='bbox 874 2669 969 2703; x_wconf 86' lang='lat' dir='ltr'>prae-</span> 
     </span>
    </p>
   </div>
   <div class='ocr_carea' id='block_1_11' title="bbox 985 426 992 2673">
    <p class='ocr_par' dir='ltr' id='par_1_12' title="bbox 985 426 992 2673">
     <span class='ocr_line' id='line_1_49' title="bbox 985 426 992 2673; baseline 0 0"><span class='ocrx_word' id='word_1_258' title='bbox 985 426 992 2673; x_wconf 95' lang='lat' dir='ltr'> </span> 
     </span>
    </p>
   </div>
   <div class='ocr_carea' id='block_1_12' title="bbox 1002 254 1744 679">
    <p class='ocr_par' dir='ltr' id='par_1_13' title="bbox 1652 254 1714 286">
     <span class='ocr_line' id='line_1_50' title="bbox 1652 254 1714 286; baseline 0 0"><span class='ocrx_word' id='word_1_259' title='bbox 1652 254 1714 286; x_wconf 67' lang='lat'>779</span> 
     </span>
    </p>

    <p class='ocr_par' dir='ltr' id='par_1_14' title="bbox 1002 312 1744 679">
     <span class='ocr_line' id='line_1_51' title="bbox 1003 312 1743 353; baseline -0.004 -6"><span class='ocrx_word' id='word_1_260' title='bbox 1003 316 1107 348; x_wconf 86' lang='lat' dir='ltr'>missis</span> <span class='ocrx_word' id='word_1_261' title='bbox 1133 325 1197 348; x_wconf 91' lang='lat' dir='ltr'>non</span> <span class='ocrx_word' id='word_1_262' title='bbox 1221 314 1429 353; x_wconf 81' lang='lat' dir='ltr'>consenserit,</span> <span class='ocrx_word' id='word_1_263' title='bbox 1453 323 1511 345; x_wconf 82' lang='lat' dir='ltr'>nec</span> <span class='ocrx_word' id='word_1_264' title='bbox 1533 312 1571 345; x_wconf 90' lang='lat' dir='ltr'>ad</span> <span class='ocrx_word' id='word_1_265' title='bbox 1594 322 1628 345; x_wconf 86' lang='lat' dir='ltr'>ea</span> <span class='ocrx_word' id='word_1_266' title='bbox 1650 321 1743 344; x_wconf 73' lang='lat' dir='ltr'>voca-</span> 
     </span>
     <span class='ocr_line' id='line_1_52' title="bbox 1004 365 1740 403; baseline -0.007 -2"><span class='ocrx_word' id='word_1_267' title='bbox 1004 375 1051 401; x_wconf 84' lang='lat' dir='ltr'>tus</span> <span class='ocrx_word' id='word_1_268' title='bbox 1073 374 1103 401; x_wconf 88' lang='lat' dir='ltr'>et</span> <span class='ocrx_word' id='word_1_269' title='bbox 1123 369 1251 401; x_wconf 85' lang='lat' dir='ltr'>auditus</span> <span class='ocrx_word' id='word_1_270' title='bbox 1272 367 1378 403; x_wconf 77' lang='lat' dir='ltr'>fuerit,</span> <span class='ocrx_word' id='word_1_271' title='bbox 1410 368 1448 399; x_wconf 86' lang='lat' dir='ltr'>dc</span> <span class='ocrx_word' id='word_1_272' title='bbox 1475 366 1632 399; x_wconf 85' lang='lat' dir='ltr'>nullitatis</span> <span class='ocrx_word' id='word_1_273' title='bbox 1652 365 1740 403; x_wconf 81' lang='lat' dir='ltr'>vitio,</span> 
     </span>
     <span class='ocr_line' id='line_1_53' title="bbox 1002 419 1744 462; baseline -0.007 -8"><span class='ocrx_word' id='word_1_274' title='bbox 1002 428 1055 454; x_wconf 93' lang='lat' dir='ltr'>aut</span> <span class='ocrx_word' id='word_1_275' title='bbox 1077 421 1263 454; x_wconf 85' lang='lat' dir='ltr'>intentionis</span> <span class='ocrx_word' id='word_1_276' title='bbox 1276 426 1416 460; x_wconf 86' lang='lat' dir='ltr'>nostrae,</span> <span class='ocrx_word' id='word_1_277' title='bbox 1438 431 1493 452; x_wconf 90' lang='lat' dir='ltr'>seu</span> <span class='ocrx_word' id='word_1_278' title='bbox 1512 419 1574 451; x_wconf 89' lang='lat' dir='ltr'>alio</span> <span class='ocrx_word' id='word_1_279' title='bbox 1588 428 1744 462; x_wconf 87' lang='lat' dir='ltr'>quocum-</span> 
     </span>
     <span class='ocr_line' id='line_1_54' title="bbox 1002 471 1744 518; baseline -0.005 -11"><span class='ocrx_word' id='word_1_280' title='bbox 1002 485 1063 518; x_wconf 90' lang='lat' dir='ltr'>que</span> <span class='ocrx_word' id='word_1_281' title='bbox 1081 475 1206 507; x_wconf 87' lang='lat' dir='ltr'>defectu</span> <span class='ocrx_word' id='word_1_282' title='bbox 1220 473 1324 507; x_wconf 89' lang='lat' dir='ltr'>notari</span> <span class='ocrx_word' id='word_1_283' title='bbox 1345 474 1392 506; x_wconf 78' lang='lat' dir='ltr'>vel</span> <span class='ocrx_word' id='word_1_284' title='bbox 1411 472 1605 516; x_wconf 69' lang='lat' dir='ltr'>impugnari,</span> <span class='ocrx_word' id='word_1_285' title='bbox 1622 477 1676 504; x_wconf 88' lang='lat' dir='ltr'>aut</span> <span class='ocrx_word' id='word_1_286' title='bbox 1698 471 1744 503; x_wconf 92' lang='lat' dir='ltr'>iu-</span> 
     </span>
     <span class='ocr_line' id='line_1_55' title="bbox 1003 526 1744 570; baseline -0.005 -9"><span class='ocrx_word' id='word_1_287' title='bbox 1003 528 1109 570; x_wconf 75' lang='lat' dir='ltr'>fringi,</span> <span class='ocrx_word' id='word_1_288' title='bbox 1128 528 1277 567; x_wconf 84' lang='lat' dir='ltr'>rescindi,</span> <span class='ocrx_word' id='word_1_289' title='bbox 1296 526 1474 567; x_wconf 85' lang='lat' dir='ltr'>retractari,</span> <span class='ocrx_word' id='word_1_290' title='bbox 1488 526 1519 558; x_wconf 90' lang='lat' dir='ltr'>in</span> <span class='ocrx_word' id='word_1_291' title='bbox 1542 526 1589 558; x_wconf 91' lang='lat' dir='ltr'>ius</span> <span class='ocrx_word' id='word_1_292' title='bbox 1609 526 1658 558; x_wconf 86' lang='lat' dir='ltr'>vel</span> <span class='ocrx_word' id='word_1_293' title='bbox 1668 536 1744 558; x_wconf 89' lang='lat' dir='ltr'>con-</span> 
     </span>
     <span class='ocr_line' id='line_1_56' title="bbox 1004 579 1744 619; baseline -0.005 -4"><span class='ocrx_word' id='word_1_294' title='bbox 1004 581 1192 615; x_wconf 85' lang='lat' dir='ltr'>troversiam</span> <span class='ocrx_word' id='word_1_295' title='bbox 1214 580 1379 619; x_wconf 82' lang='lat' dir='ltr'>revocari,</span> <span class='ocrx_word' id='word_1_296' title='bbox 1413 585 1464 612; x_wconf 86' lang='lat' dir='ltr'>aut</span> <span class='ocrx_word' id='word_1_297' title='bbox 1495 580 1647 612; x_wconf 76' lang='lat' dir='ltr'>adversus</span> <span class='ocrx_word' id='word_1_298' title='bbox 1674 579 1744 611; x_wconf 81' lang='lat' dir='ltr'>illas</span> 
     </span>
     <span class='ocr_line' id='line_1_57' title="bbox 1003 632 1742 679; baseline -0.004 -12"><span class='ocrx_word' id='word_1_299' title='bbox 1003 636 1231 679; x_wconf 85' lang='lat' dir='ltr'>quodcumque</span> <span class='ocrx_word' id='word_1_300' title='bbox 1257 633 1377 676; x_wconf 73' lang='lat' dir='ltr'>gratiae</span> <span class='ocrx_word' id='word_1_301' title='bbox 1398 633 1445 665; x_wconf 84' lang='lat' dir='ltr'>vel</span> <span class='ocrx_word' id='word_1_302' title='bbox 1475 632 1613 665; x_wconf 82' lang='lat' dir='ltr'>iustitiae</span> <span class='ocrx_word' id='word_1_303' title='bbox 1635 642 1742 665; x_wconf 88' lang='lat' dir='ltr'>reme-</span> 
     </span>
    </p>
   </div>
   <div class='ocr_carea' id='block_1_13' title="bbox 985 686 1743 731">
    <p class='ocr_par' dir='ltr' id='par_1_15' title="bbox 985 686 1743 731">
     <span class='ocr_line' id='line_1_58' title="bbox 985 686 1743 731; baseline -0.005 -10"><span class='ocrx_word' id='word_1_304' title='bbox 985 689 1091 721; x_wconf 70' lang='lat' dir='ltr'>ldiuin</span> <span class='ocrx_word' id='word_1_305' title='bbox 1124 687 1289 731; x_wconf 86' lang='lat' dir='ltr'>impetrari</span> <span class='ocrx_word' id='word_1_306' title='bbox 1322 687 1504 719; x_wconf 84' lang='lat' dir='ltr'>nullatenus</span> <span class='ocrx_word' id='word_1_307' title='bbox 1540 696 1655 729; x_wconf 89' lang='lat' dir='ltr'>posse,</span> <span class='ocrx_word' id='word_1_308' title='bbox 1689 686 1743 718; x_wconf 84' lang='lat' dir='ltr'>sed</span> 
     </span>
    </p>
   </div>
   <div class='ocr_carea' id='block_1_14' title="bbox 1001 738 1747 1365">
    <p class='ocr_par' dir='ltr' id='par_1_16' title="bbox 1001 738 1747 1365">
     <span class='ocr_line' id='line_1_59' title="bbox 1001 738 1745 784; baseline -0.004 -11"><span class='ocrx_word' id='word_1_309' title='bbox 1001 752 1129 784; x_wconf 83' lang='lat' dir='ltr'>semper</span> <span class='ocrx_word' id='word_1_310' title='bbox 1147 747 1175 773; x_wconf 88' lang='lat' dir='ltr'>et</span> <span class='ocrx_word' id='word_1_311' title='bbox 1193 745 1352 784; x_wconf 85' lang='lat' dir='ltr'>perpetuo</span> <span class='ocrx_word' id='word_1_312' title='bbox 1365 739 1496 775; x_wconf 79' lang='lat' dir='ltr'>validas,</span> <span class='ocrx_word' id='word_1_313' title='bbox 1520 738 1629 771; x_wconf 85' lang='lat' dir='ltr'>sirmas</span> <span class='ocrx_word' id='word_1_314' title='bbox 1650 744 1680 771; x_wconf 89' lang='lat' dir='ltr'>et</span> <span class='ocrx_word' id='word_1_315' title='bbox 1701 739 1745 771; x_wconf 87' lang='lat' dir='ltr'>ef-</span> 
     </span>
     <span class='ocr_line' id='line_1_60' title="bbox 1003 791 1744 835; baseline -0.001 -9"><span class='ocrx_word' id='word_1_316' title='bbox 1003 794 1118 827; x_wconf 82' lang='lat' dir='ltr'>ficaces</span> <span class='ocrx_word' id='word_1_317' title='bbox 1139 794 1274 826; x_wconf 78' lang='lat' dir='ltr'>existere</span> <span class='ocrx_word' id='word_1_318' title='bbox 1289 799 1316 826; x_wconf 88' lang='lat' dir='ltr'>et</span> <span class='ocrx_word' id='word_1_319' title='bbox 1336 794 1413 829; x_wconf 75' lang='lat' dir='ltr'>fore,</span> <span class='ocrx_word' id='word_1_320' title='bbox 1430 802 1568 835; x_wconf 87' lang='lat' dir='ltr'>suosque</span> <span class='ocrx_word' id='word_1_321' title='bbox 1582 791 1744 835; x_wconf 86' lang='lat' dir='ltr'>plenarios</span> 
     </span>
     <span class='ocr_line' id='line_1_61' title="bbox 1003 845 1745 889; baseline -0.003 -9"><span class='ocrx_word' id='word_1_322' title='bbox 1003 854 1031 881; x_wconf 87' lang='lat' dir='ltr'>et</span> <span class='ocrx_word' id='word_1_323' title='bbox 1054 848 1197 889; x_wconf 75' lang='lat' dir='ltr'>integros</span> <span class='ocrx_word' id='word_1_324' title='bbox 1211 846 1342 880; x_wconf 83' lang='lat' dir='ltr'>effeetus</span> <span class='ocrx_word' id='word_1_325' title='bbox 1363 845 1469 879; x_wconf 84' lang='lat' dir='ltr'>sortiri</span> <span class='ocrx_word' id='word_1_326' title='bbox 1485 851 1514 877; x_wconf 90' lang='lat' dir='ltr'>et</span> <span class='ocrx_word' id='word_1_327' title='bbox 1532 845 1691 885; x_wconf 86' lang='lat' dir='ltr'>obtinere,</span> <span class='ocrx_word' id='word_1_328' title='bbox 1708 855 1745 878; x_wconf 88' lang='lat' dir='ltr'>ac</span> 
     </span>
     <span class='ocr_line' id='line_1_62' title="bbox 1003 898 1745 941; baseline -0.005 -8"><span class='ocrx_word' id='word_1_329' title='bbox 1003 901 1108 934; x_wconf 80' lang='lat' dir='ltr'>eidem</span> <span class='ocrx_word' id='word_1_330' title='bbox 1138 899 1385 941; x_wconf 65' lang='lat' dir='ltr'>Congregationi</span> <span class='ocrx_word' id='word_1_331' title='bbox 1407 898 1438 930; x_wconf 91' lang='lat' dir='ltr'>in</span> <span class='ocrx_word' id='word_1_332' title='bbox 1463 898 1615 931; x_wconf 87' lang='lat' dir='ltr'>omnibus</span> <span class='ocrx_word' id='word_1_333' title='bbox 1632 903 1662 930; x_wconf 87' lang='lat' dir='ltr'>et</span> <span class='ocrx_word' id='word_1_334' title='bbox 1687 908 1745 941; x_wconf 89' lang='lat' dir='ltr'>per</span> 
     </span>
     <span class='ocr_line' id='line_1_63' title="bbox 1003 950 1742 996; baseline -0.005 -10"><span class='ocrx_word' id='word_1_335' title='bbox 1003 953 1113 986; x_wconf 87' lang='lat' dir='ltr'>omnia</span> <span class='ocrx_word' id='word_1_336' title='bbox 1138 952 1323 996; x_wconf 85' lang='lat' dir='ltr'>plenissime</span> <span class='ocrx_word' id='word_1_337' title='bbox 1354 951 1532 993; x_wconf 62' lang='lat' dir='ltr'>suffragari.</span> <span class='ocrx_word' id='word_1_338' title='bbox 1566 950 1681 993; x_wconf 71' lang='lat' dir='ltr'>Sieque</span> <span class='ocrx_word' id='word_1_339' title='bbox 1713 955 1742 982; x_wconf 86' lang='lat' dir='ltr'>et</span> 
     </span>
     <span class='ocr_line' id='line_1_64' title="bbox 1002 1003 1744 1049; baseline -0.005 -10"><span class='ocrx_word' id='word_1_340' title='bbox 1002 1017 1065 1040; x_wconf 89' lang='lat' dir='ltr'>non</span> <span class='ocrx_word' id='word_1_341' title='bbox 1087 1006 1190 1045; x_wconf 88' lang='lat' dir='ltr'>aliter,</span> <span class='ocrx_word' id='word_1_342' title='bbox 1223 1016 1280 1049; x_wconf 89' lang='lat' dir='ltr'>per</span> <span class='ocrx_word' id='word_1_343' title='bbox 1305 1014 1526 1048; x_wconf 84' lang='lat' dir='ltr'>quoscumque</span> <span class='ocrx_word' id='word_1_344' title='bbox 1551 1003 1671 1036; x_wconf 82' lang='lat' dir='ltr'>iudices</span> <span class='ocrx_word' id='word_1_345' title='bbox 1691 1013 1744 1036; x_wconf 90' lang='lat' dir='ltr'>or-</span> 
     </span>
     <span class='ocr_line' id='line_1_65' title="bbox 1003 1057 1744 1100; baseline -0.007 -8"><span class='ocrx_word' id='word_1_346' title='bbox 1003 1060 1145 1093; x_wconf 71' lang='lat' dir='ltr'>dinarios</span> <span class='ocrx_word' id='word_1_347' title='bbox 1171 1064 1200 1091; x_wconf 89' lang='lat' dir='ltr'>et</span> <span class='ocrx_word' id='word_1_348' title='bbox 1232 1059 1413 1100; x_wconf 74' lang='lat' dir='ltr'>delegatos,</span> <span class='ocrx_word' id='word_1_349' title='bbox 1447 1057 1541 1090; x_wconf 81' lang='lat' dir='ltr'>etiam</span> <span class='ocrx_word' id='word_1_350' title='bbox 1575 1066 1744 1089; x_wconf 83' lang='lat' dir='ltr'>causarum</span> 
     </span>
     <span class='ocr_line' id='line_1_66' title="bbox 1001 1109 1741 1157; baseline -0.007 -11"><span class='ocrx_word' id='word_1_351' title='bbox 1001 1113 1112 1157; x_wconf 85' lang='lat' dir='ltr'>palatii</span> <span class='ocrx_word' id='word_1_352' title='bbox 1135 1111 1302 1156; x_wconf 84' lang='lat' dir='ltr'>apostolici</span> <span class='ocrx_word' id='word_1_353' title='bbox 1328 1111 1507 1150; x_wconf 87' lang='lat' dir='ltr'>auditores,</span> <span class='ocrx_word' id='word_1_354' title='bbox 1531 1122 1568 1142; x_wconf 85' lang='lat' dir='ltr'>ae</span> <span class='ocrx_word' id='word_1_355' title='bbox 1593 1109 1622 1142; x_wconf 84' lang='lat' dir='ltr'>S.</span> <span class='ocrx_word' id='word_1_356' title='bbox 1644 1110 1679 1142; x_wconf 81' lang='lat' dir='ltr'>R.</span> <span class='ocrx_word' id='word_1_357' title='bbox 1708 1109 1741 1142; x_wconf 87' lang='lat' dir='ltr'>E.</span> 
     </span>
     <span class='ocr_line' id='line_1_67' title="bbox 1003 1163 1746 1206; baseline -0.008 -6"><span class='ocrx_word' id='word_1_358' title='bbox 1003 1167 1193 1206; x_wconf 84' lang='lat' dir='ltr'>cardinales,</span> <span class='ocrx_word' id='word_1_359' title='bbox 1218 1165 1313 1198; x_wconf 79' lang='lat' dir='ltr'>etiam</span> <span class='ocrx_word' id='word_1_360' title='bbox 1335 1165 1373 1197; x_wconf 87' lang='lat' dir='ltr'>de</span> <span class='ocrx_word' id='word_1_361' title='bbox 1394 1165 1493 1196; x_wconf 87' lang='lat' dir='ltr'>latere</span> <span class='ocrx_word' id='word_1_362' title='bbox 1514 1163 1647 1205; x_wconf 75' lang='lat' dir='ltr'>legatos,</span> <span class='ocrx_word' id='word_1_363' title='bbox 1671 1163 1746 1195; x_wconf 88' lang='lat' dir='ltr'>sub-</span> 
     </span>
     <span class='ocr_line' id='line_1_68' title="bbox 1002 1216 1747 1260; baseline -0.008 -7"><span class='ocrx_word' id='word_1_364' title='bbox 1002 1222 1064 1254; x_wconf 88' lang='lat' dir='ltr'>lata</span> <span class='ocrx_word' id='word_1_365' title='bbox 1087 1220 1130 1253; x_wconf 84' lang='lat' dir='ltr'>eis</span> <span class='ocrx_word' id='word_1_366' title='bbox 1160 1225 1188 1252; x_wconf 88' lang='lat' dir='ltr'>et</span> <span class='ocrx_word' id='word_1_367' title='bbox 1210 1229 1323 1252; x_wconf 86' lang='lat' dir='ltr'>eorum</span> <span class='ocrx_word' id='word_1_368' title='bbox 1347 1217 1479 1250; x_wconf 79' lang='lat' dir='ltr'>cuilibet</span> <span class='ocrx_word' id='word_1_369' title='bbox 1510 1216 1622 1260; x_wconf 83' lang='lat' dir='ltr'>quavis</span> <span class='ocrx_word' id='word_1_370' title='bbox 1653 1216 1747 1248; x_wconf 89' lang='lat' dir='ltr'>aliter</span> 
     </span>
     <span class='ocr_line' id='line_1_69' title="bbox 1003 1270 1746 1314; baseline -0.007 -8"><span class='ocrx_word' id='word_1_371' title='bbox 1003 1272 1167 1306; x_wconf 84' lang='lat' dir='ltr'>iudicandi</span> <span class='ocrx_word' id='word_1_372' title='bbox 1200 1278 1230 1305; x_wconf 90' lang='lat' dir='ltr'>et</span> <span class='ocrx_word' id='word_1_373' title='bbox 1261 1270 1498 1314; x_wconf 85' lang='lat' dir='ltr'>interpretandi</span> <span class='ocrx_word' id='word_1_374' title='bbox 1534 1270 1682 1302; x_wconf 82' lang='lat' dir='ltr'>facultate</span> <span class='ocrx_word' id='word_1_375' title='bbox 1718 1275 1746 1301; x_wconf 88' lang='lat' dir='ltr'>et</span> 
     </span>
     <span class='ocr_line' id='line_1_70' title="bbox 1003 1322 1744 1365; baseline -0.007 -5"><span class='ocrx_word' id='word_1_376' title='bbox 1003 1327 1210 1365; x_wconf 80' lang='lat' dir='ltr'>auctoritate,</span> <span class='ocrx_word' id='word_1_377' title='bbox 1246 1324 1381 1357; x_wconf 86' lang='lat' dir='ltr'>iudicari</span> <span class='ocrx_word' id='word_1_378' title='bbox 1403 1330 1433 1356; x_wconf 89' lang='lat' dir='ltr'>et</span> <span class='ocrx_word' id='word_1_379' title='bbox 1454 1323 1582 1356; x_wconf 78' lang='lat' dir='ltr'>definiri</span> <span class='ocrx_word' id='word_1_380' title='bbox 1604 1322 1744 1361; x_wconf 83' lang='lat' dir='ltr'>debere,</span> 
     </span>
    </p>
   </div>
   <div class='ocr_carea' id='block_1_15' title="bbox 1003 1376 1749 1420">
    <p class='ocr_par' dir='ltr' id='par_1_17' title="bbox 1003 1376 1749 1420">
     <span class='ocr_line' id='line_1_71' title="bbox 1003 1376 1749 1420; baseline -0.007 -8"><span class='ocrx_word' id='word_1_381' title='bbox 1003 1391 1040 1413; x_wconf 88' lang='lat' dir='ltr'>ac</span> <span class='ocrx_word' id='word_1_382' title='bbox 1058 1379 1185 1412; x_wconf 82' lang='lat' dir='ltr'>irritum</span> <span class='ocrx_word' id='word_1_383' title='bbox 1201 1385 1231 1411; x_wconf 87' lang='lat' dir='ltr'>et</span> <span class='ocrx_word' id='word_1_384' title='bbox 1252 1378 1347 1411; x_wconf 88' lang='lat' dir='ltr'>inane</span> <span class='ocrx_word' id='word_1_385' title='bbox 1368 1376 1526 1420; x_wconf 84' lang='lat' dir='ltr'>quidquid</span> <span class='ocrx_word' id='word_1_386' title='bbox 1543 1386 1634 1409; x_wconf 83' lang='lat' dir='ltr'>secus</span> <span class='ocrx_word' id='word_1_387' title='bbox 1652 1386 1749 1418; x_wconf 88' lang='lat' dir='ltr'>super</span> 
     </span>
    </p>
   </div>
   <div class='ocr_carea' id='block_1_16' title="bbox 1003 1429 1749 2701">
    <p class='ocr_par' dir='ltr' id='par_1_18' title="bbox 1003 1429 1747 1575">
     <span class='ocr_line' id='line_1_72' title="bbox 1003 1429 1747 1477; baseline -0.007 -11"><span class='ocrx_word' id='word_1_388' title='bbox 1003 1434 1052 1466; x_wconf 88' lang='lat' dir='ltr'>his</span> <span class='ocrx_word' id='word_1_389' title='bbox 1073 1444 1090 1466; x_wconf 88' lang='lat' dir='ltr'>a</span> <span class='ocrx_word' id='word_1_390' title='bbox 1110 1442 1287 1477; x_wconf 77' lang='lat' dir='ltr'>quoquam,</span> <span class='ocrx_word' id='word_1_391' title='bbox 1301 1431 1413 1475; x_wconf 80' lang='lat' dir='ltr'>quavis</span> <span class='ocrx_word' id='word_1_392' title='bbox 1428 1429 1629 1469; x_wconf 83' lang='lat' dir='ltr'>auctoritate,</span> <span class='ocrx_word' id='word_1_393' title='bbox 1644 1429 1747 1462; x_wconf 84' lang='lat' dir='ltr'>scien-</span> 
     </span>
     <span class='ocr_line' id='line_1_73' title="bbox 1004 1483 1746 1529; baseline -0.007 -9"><span class='ocrx_word' id='word_1_394' title='bbox 1004 1494 1052 1520; x_wconf 88' lang='lat' dir='ltr'>ter</span> <span class='ocrx_word' id='word_1_395' title='bbox 1076 1488 1123 1520; x_wconf 74' lang='lat' dir='ltr'>rel</span> <span class='ocrx_word' id='word_1_396' title='bbox 1155 1487 1361 1529; x_wconf 74' lang='lat' dir='ltr'>ignoranter,</span> <span class='ocrx_word' id='word_1_397' title='bbox 1396 1484 1570 1527; x_wconf 81' lang='lat' dir='ltr'>contigerit</span> <span class='ocrx_word' id='word_1_398' title='bbox 1597 1483 1746 1516; x_wconf 86' lang='lat' dir='ltr'>attentari</span> 
     </span>
     <span class='ocr_line' id='line_1_74' title="bbox 1004 1541 1219 1575; baseline -0.009 -1"><span class='ocrx_word' id='word_1_399' title='bbox 1004 1541 1219 1575; x_wconf 87' lang='lat' dir='ltr'>decernimus.</span> 
     </span>
    </p>

    <p class='ocr_par' dir='ltr' id='par_1_19' title="bbox 1005 1590 1749 2701">
     <span class='ocr_line' id='line_1_75' title="bbox 1049 1590 1743 1636; baseline -0.006 -11"><span class='ocrx_word' id='word_1_400' title='bbox 1049 1596 1065 1636; x_wconf 64' lang='grc' dir='ltr'>ξ</span> <span class='ocrx_word' id='word_1_401' title='bbox 1091 1594 1120 1627; x_wconf 72' lang='grc'>5.</span> <span class='ocrx_word' id='word_1_402' title='bbox 1150 1593 1306 1633; x_wconf 82' lang='lat' dir='ltr'>Quocirca</span> <span class='ocrx_word' id='word_1_403' title='bbox 1339 1592 1462 1636; x_wconf 81' lang='lat' dir='ltr'>dilectis</span> <span class='ocrx_word' id='word_1_404' title='bbox 1487 1591 1560 1623; x_wconf 82' lang='lat' dir='ltr'>filiis</span> <span class='ocrx_word' id='word_1_405' title='bbox 1587 1590 1743 1623; x_wconf 82' lang='lat' dir='ltr'>Tliolosa-</span> 
     </span>
     <span class='ocr_line' id='line_1_76' title="bbox 1005 1643 1743 1689; baseline -0.009 -8"><span class='ocrx_word' id='word_1_406' title='bbox 1005 1648 1106 1689; x_wconf 85' lang='lat' dir='ltr'>nensi,</span> <span class='ocrx_word' id='word_1_407' title='bbox 1130 1647 1279 1681; x_wconf 88' lang='lat' dir='ltr'>Remensi</span> <span class='ocrx_word' id='word_1_408' title='bbox 1300 1652 1328 1679; x_wconf 88' lang='lat' dir='ltr'>et</span> <span class='ocrx_word' id='word_1_409' title='bbox 1349 1644 1594 1679; x_wconf 85' lang='lat' dir='ltr'>Lombardiensi</span> <span class='ocrx_word' id='word_1_410' title='bbox 1619 1643 1743 1676; x_wconf 78' lang='lat' dir='ltr'>officia-</span> 
     </span>
     <span class='ocr_line' id='line_1_77' title="bbox 1005 1697 1746 1745; baseline -0.009 -11"><span class='ocrx_word' id='word_1_411' title='bbox 1005 1702 1088 1734; x_wconf 80' lang='lat' dir='ltr'>libus</span> <span class='ocrx_word' id='word_1_412' title='bbox 1108 1712 1166 1745; x_wconf 87' lang='lat' dir='ltr'>per</span> <span class='ocrx_word' id='word_1_413' title='bbox 1177 1705 1361 1744; x_wconf 75' lang='lat' dir='ltr'>praesentes</span> <span class='ocrx_word' id='word_1_414' title='bbox 1375 1697 1607 1732; x_wconf 88' lang='lat' dir='ltr'>committimus</span> <span class='ocrx_word' id='word_1_415' title='bbox 1617 1702 1647 1729; x_wconf 89' lang='lat' dir='ltr'>et</span> <span class='ocrx_word' id='word_1_416' title='bbox 1657 1706 1746 1728; x_wconf 87' lang='lat' dir='ltr'>man-</span> 
     </span>
     <span class='ocr_line' id='line_1_78' title="bbox 1006 1751 1746 1797; baseline -0.009 -9"><span class='ocrx_word' id='word_1_417' title='bbox 1006 1755 1119 1788; x_wconf 88' lang='lat' dir='ltr'>damus</span> <span class='ocrx_word' id='word_1_418' title='bbox 1140 1760 1298 1797; x_wconf 87' lang='lat' dir='ltr'>quatenus</span> <span class='ocrx_word' id='word_1_419' title='bbox 1327 1753 1398 1796; x_wconf 78' lang='lat' dir='ltr'>ipsi,</span> <span class='ocrx_word' id='word_1_420' title='bbox 1422 1751 1469 1784; x_wconf 74' lang='lat' dir='ltr'>vel</span> <span class='ocrx_word' id='word_1_421' title='bbox 1493 1752 1568 1790; x_wconf 86' lang='lat' dir='ltr'>duo,</span> <span class='ocrx_word' id='word_1_422' title='bbox 1590 1756 1643 1782; x_wconf 88' lang='lat' dir='ltr'>aut</span> <span class='ocrx_word' id='word_1_423' title='bbox 1664 1760 1746 1782; x_wconf 85' lang='lat' dir='ltr'>unus</span> 
     </span>
     <span class='ocr_line' id='line_1_79' title="bbox 1006 1803 1747 1850; baseline -0.007 -11"><span class='ocrx_word' id='word_1_424' title='bbox 1006 1817 1129 1845; x_wconf 73' lang='lat' dir='ltr'>eorum,</span> <span class='ocrx_word' id='word_1_425' title='bbox 1146 1818 1203 1850; x_wconf 84' lang='lat' dir='ltr'>per</span> <span class='ocrx_word' id='word_1_426' title='bbox 1223 1817 1255 1839; x_wconf 85' lang='lat' dir='ltr'>se</span> <span class='ocrx_word' id='word_1_427' title='bbox 1275 1807 1324 1839; x_wconf 75' lang='lat' dir='ltr'>vel</span> <span class='ocrx_word' id='word_1_428' title='bbox 1338 1805 1449 1845; x_wconf 87' lang='lat' dir='ltr'>alium,</span> <span class='ocrx_word' id='word_1_429' title='bbox 1465 1815 1520 1837; x_wconf 86' lang='lat' dir='ltr'>seu</span> <span class='ocrx_word' id='word_1_430' title='bbox 1540 1803 1630 1843; x_wconf 82' lang='lat' dir='ltr'>alios,</span> <span class='ocrx_word' id='word_1_431' title='bbox 1655 1813 1747 1846; x_wconf 88' lang='lat' dir='ltr'>prae-</span> 
     </span>
     <span class='ocr_line' id='line_1_80' title="bbox 1005 1859 1747 1900; baseline -0.007 -6"><span class='ocrx_word' id='word_1_432' title='bbox 1005 1867 1110 1894; x_wconf 86' lang='lat' dir='ltr'>sentes</span> <span class='ocrx_word' id='word_1_433' title='bbox 1136 1861 1258 1893; x_wconf 83' lang='lat' dir='ltr'>litteras</span> <span class='ocrx_word' id='word_1_434' title='bbox 1290 1865 1321 1892; x_wconf 87' lang='lat' dir='ltr'>et</span> <span class='ocrx_word' id='word_1_435' title='bbox 1342 1859 1372 1891; x_wconf 91' lang='lat' dir='ltr'>in</span> <span class='ocrx_word' id='word_1_436' title='bbox 1396 1859 1440 1891; x_wconf 85' lang='lat' dir='ltr'>eis</span> <span class='ocrx_word' id='word_1_437' title='bbox 1466 1863 1617 1891; x_wconf 85' lang='lat' dir='ltr'>contenta</span> <span class='ocrx_word' id='word_1_438' title='bbox 1649 1867 1747 1900; x_wconf 88' lang='lat' dir='ltr'>quae-</span> 
     </span>
     <span class='ocr_line' id='line_1_81' title="bbox 1006 1910 1747 1958; baseline -0.011 -11"><span class='ocrx_word' id='word_1_439' title='bbox 1006 1926 1162 1958; x_wconf 79' lang='lat' dir='ltr'>cumque,</span> <span class='ocrx_word' id='word_1_440' title='bbox 1186 1913 1241 1946; x_wconf 87' lang='lat' dir='ltr'>ubi</span> <span class='ocrx_word' id='word_1_441' title='bbox 1263 1919 1294 1946; x_wconf 87' lang='lat' dir='ltr'>et</span> <span class='ocrx_word' id='word_1_442' title='bbox 1314 1912 1444 1956; x_wconf 83' lang='lat' dir='ltr'>quando</span> <span class='ocrx_word' id='word_1_443' title='bbox 1469 1922 1550 1954; x_wconf 87' lang='lat' dir='ltr'>opus</span> <span class='ocrx_word' id='word_1_444' title='bbox 1572 1910 1676 1950; x_wconf 82' lang='lat' dir='ltr'>fuerit,</span> <span class='ocrx_word' id='word_1_445' title='bbox 1711 1921 1747 1942; x_wconf 72' lang='lat' dir='ltr'>ac</span> 
     </span>
     <span class='ocr_line' id='line_1_82' title="bbox 1006 1963 1748 2013; baseline -0.011 -11"><span class='ocrx_word' id='word_1_446' title='bbox 1006 1968 1131 2013; x_wconf 87' lang='lat' dir='ltr'>quoties</span> <span class='ocrx_word' id='word_1_447' title='bbox 1150 1978 1209 2011; x_wconf 89' lang='lat' dir='ltr'>pro</span> <span class='ocrx_word' id='word_1_448' title='bbox 1223 1972 1313 2011; x_wconf 86' lang='lat' dir='ltr'>parte</span> <span class='ocrx_word' id='word_1_449' title='bbox 1334 1965 1508 2010; x_wconf 86' lang='lat' dir='ltr'>superioris</span> <span class='ocrx_word' id='word_1_450' title='bbox 1529 1963 1687 2007; x_wconf 72' lang='lat' dir='ltr'>generalis</span> <span class='ocrx_word' id='word_1_451' title='bbox 1702 1963 1748 1995; x_wconf 87' lang='lat' dir='ltr'>di-</span> 
     </span>
     <span class='ocr_line' id='line_1_83' title="bbox 1007 2016 1748 2063; baseline -0.009 -9"><span class='ocrx_word' id='word_1_452' title='bbox 1007 2027 1074 2054; x_wconf 85' lang='lat' dir='ltr'>ctae</span> <span class='ocrx_word' id='word_1_453' title='bbox 1095 2019 1359 2063; x_wconf 68' lang='lat' dir='ltr'>Congregationis</span> <span class='ocrx_word' id='word_1_454' title='bbox 1380 2017 1499 2051; x_wconf 88' lang='lat' dir='ltr'>fuerint</span> <span class='ocrx_word' id='word_1_455' title='bbox 1520 2016 1675 2060; x_wconf 84' lang='lat' dir='ltr'>requisiti,</span> <span class='ocrx_word' id='word_1_456' title='bbox 1698 2025 1748 2048; x_wconf 87' lang='lat' dir='ltr'>so-</span> 
     </span>
     <span class='ocr_line' id='line_1_84' title="bbox 1006 2069 1747 2117; baseline -0.008 -10"><span class='ocrx_word' id='word_1_457' title='bbox 1006 2074 1156 2107; x_wconf 86' lang='lat' dir='ltr'>lemniter</span> <span class='ocrx_word' id='word_1_458' title='bbox 1180 2073 1403 2117; x_wconf 74' lang='lat' dir='ltr'>publicantes,</span> <span class='ocrx_word' id='word_1_459' title='bbox 1432 2082 1468 2104; x_wconf 86' lang='lat' dir='ltr'>ac</span> <span class='ocrx_word' id='word_1_460' title='bbox 1498 2071 1529 2103; x_wconf 91' lang='lat' dir='ltr'>in</span> <span class='ocrx_word' id='word_1_461' title='bbox 1562 2069 1747 2113; x_wconf 80' lang='lat' dir='ltr'>praemissis</span> 
     </span>
     <span class='ocr_line' id='line_1_85' title="bbox 1007 2123 1748 2169; baseline -0.008 -8"><span class='ocrx_word' id='word_1_462' title='bbox 1007 2128 1111 2161; x_wconf 87' lang='lat' dir='ltr'>eidem</span> <span class='ocrx_word' id='word_1_463' title='bbox 1132 2125 1377 2169; x_wconf 71' lang='lat' dir='ltr'>Congregationi</span> <span class='ocrx_word' id='word_1_464' title='bbox 1397 2124 1533 2157; x_wconf 77' lang='lat' dir='ltr'>efficacis</span> <span class='ocrx_word' id='word_1_465' title='bbox 1555 2123 1748 2156; x_wconf 80' lang='lat' dir='ltr'>defensionis</span> 
     </span>
     <span class='ocr_line' id='line_1_86' title="bbox 1006 2176 1747 2226; baseline -0.009 -11"><span class='ocrx_word' id='word_1_466' title='bbox 1006 2181 1167 2226; x_wconf 87' lang='lat' dir='ltr'>praesidio</span> <span class='ocrx_word' id='word_1_467' title='bbox 1188 2180 1380 2217; x_wconf 83' lang='lat' dir='ltr'>assistentes,</span> <span class='ocrx_word' id='word_1_468' title='bbox 1421 2178 1535 2211; x_wconf 65' lang='lat' dir='ltr'>saciant</span> <span class='ocrx_word' id='word_1_469' title='bbox 1556 2176 1747 2209; x_wconf 75' lang='lat' dir='ltr'>auctoritate</span> 
     </span>
     <span class='ocr_line' id='line_1_87' title="bbox 1008 2228 1747 2273; baseline -0.011 -7"><span class='ocrx_word' id='word_1_470' title='bbox 1008 2239 1126 2272; x_wconf 78' lang='lat' dir='ltr'>nostra,</span> <span class='ocrx_word' id='word_1_471' title='bbox 1142 2230 1429 2273; x_wconf 72' lang='lat' dir='ltr'>Congregationem</span> <span class='ocrx_word' id='word_1_472' title='bbox 1446 2229 1547 2272; x_wconf 73' lang='lat' dir='ltr'>ipsam</span> <span class='ocrx_word' id='word_1_473' title='bbox 1559 2228 1747 2262; x_wconf 81' lang='lat' dir='ltr'>eorunnlem</span> 
     </span>
     <span class='ocr_line' id='line_1_88' title="bbox 1006 2274 1747 2329; baseline -0.008 -11"><span class='ocrx_word' id='word_1_474' title='bbox 1006 2285 1259 2329; x_wconf 79' lang='lat' dir='ltr'>praemissorum</span> <span class='ocrx_word' id='word_1_475' title='bbox 1288 2274 1402 2317; x_wconf 75' lang='lat' dir='ltr'>effectu</span> <span class='ocrx_word' id='word_1_476' title='bbox 1449 2281 1581 2325; x_wconf 76' lang='lat' dir='ltr'>pacifice</span> <span class='ocrx_word' id='word_1_477' title='bbox 1621 2280 1681 2313; x_wconf 89' lang='lat' dir='ltr'>frui</span> <span class='ocrx_word' id='word_1_478' title='bbox 1719 2287 1747 2312; x_wconf 89' lang='lat' dir='ltr'>et</span> 
     </span>
     <span class='ocr_line' id='line_1_89' title="bbox 1006 2334 1749 2380; baseline -0.008 -9"><span class='ocrx_word' id='word_1_479' title='bbox 1006 2339 1162 2380; x_wconf 78' lang='lat' dir='ltr'>gaudere,</span> <span class='ocrx_word' id='word_1_480' title='bbox 1190 2347 1254 2370; x_wconf 90' lang='lat' dir='ltr'>non</span> <span class='ocrx_word' id='word_1_481' title='bbox 1275 2335 1497 2380; x_wconf 87' lang='lat' dir='ltr'>permittentes</span> <span class='ocrx_word' id='word_1_482' title='bbox 1516 2344 1586 2367; x_wconf 88' lang='lat' dir='ltr'>eam</span> <span class='ocrx_word' id='word_1_483' title='bbox 1609 2334 1749 2376; x_wconf 81' lang='lat' dir='ltr'>desuper</span> 
     </span>
     <span class='ocr_line' id='line_1_90' title="bbox 1007 2387 1747 2434; baseline -0.008 -10"><span class='ocrx_word' id='word_1_484' title='bbox 1007 2402 1024 2424; x_wconf 87' lang='lat' dir='ltr'>a</span> <span class='ocrx_word' id='word_1_485' title='bbox 1037 2401 1213 2434; x_wconf 82' lang='lat' dir='ltr'>quoquam,</span> <span class='ocrx_word' id='word_1_486' title='bbox 1226 2389 1336 2433; x_wconf 73' lang='lat' dir='ltr'>quavis</span> <span class='ocrx_word' id='word_1_487' title='bbox 1350 2387 1551 2426; x_wconf 79' lang='lat' dir='ltr'>auctoritate,</span> <span class='ocrx_word' id='word_1_488' title='bbox 1566 2387 1747 2430; x_wconf 87' lang='lat' dir='ltr'>quomodo-</span> 
     </span>
     <span class='ocr_line' id='line_1_91' title="bbox 1008 2440 1748 2478; baseline -0.005 -2"><span class='ocrx_word' id='word_1_489' title='bbox 1008 2444 1085 2477; x_wconf 85' lang='lat' dir='ltr'>libet</span> <span class='ocrx_word' id='word_1_490' title='bbox 1106 2443 1246 2477; x_wconf 82' lang='lat' dir='ltr'>indebite</span> <span class='ocrx_word' id='word_1_491' title='bbox 1278 2442 1459 2478; x_wconf 83' lang='lat' dir='ltr'>molestari;</span> <span class='ocrx_word' id='word_1_492' title='bbox 1495 2440 1748 2473; x_wconf 52' lang='lat' dir='ltr'>contradictores</span> 
     </span>
     <span class='ocr_line' id='line_1_92' title="bbox 1007 2495 1749 2541; baseline -0.005 -12"><span class='ocrx_word' id='word_1_493' title='bbox 1007 2497 1168 2541; x_wconf 81' lang='lat' dir='ltr'>quoslibet</span> <span class='ocrx_word' id='word_1_494' title='bbox 1188 2508 1224 2529; x_wconf 83' lang='lat' dir='ltr'>ae</span> <span class='ocrx_word' id='word_1_495' title='bbox 1238 2495 1422 2540; x_wconf 64' lang='lat' dir='ltr'>praemissis</span> <span class='ocrx_word' id='word_1_496' title='bbox 1436 2504 1499 2527; x_wconf 90' lang='lat' dir='ltr'>non</span> <span class='ocrx_word' id='word_1_497' title='bbox 1515 2499 1674 2537; x_wconf 76' lang='lat' dir='ltr'>parentes,</span> <span class='ocrx_word' id='word_1_498' title='bbox 1693 2504 1749 2536; x_wconf 87' lang='lat' dir='ltr'>per</span> 
     </span>
     <span class='ocr_line' id='line_1_93' title="bbox 1008 2547 1748 2593; baseline -0.007 -9"><span class='ocrx_word' id='word_1_499' title='bbox 1008 2561 1158 2584; x_wconf 76' lang='lat' dir='ltr'>censuras</span> <span class='ocrx_word' id='word_1_500' title='bbox 1173 2556 1202 2583; x_wconf 91' lang='lat' dir='ltr'>et</span> <span class='ocrx_word' id='word_1_501' title='bbox 1223 2559 1343 2593; x_wconf 83' lang='lat' dir='ltr'>poenas</span> <span class='ocrx_word' id='word_1_502' title='bbox 1361 2547 1603 2587; x_wconf 74' lang='lat' dir='ltr'>ecclesiasticas,</span> <span class='ocrx_word' id='word_1_503' title='bbox 1621 2547 1748 2589; x_wconf 83' lang='lat' dir='ltr'>aliaque</span> 
     </span>
     <span class='ocr_line' id='line_1_94' title="bbox 1007 2601 1745 2648; baseline -0.007 -11"><span class='ocrx_word' id='word_1_504' title='bbox 1007 2610 1189 2648; x_wconf 85' lang='lat' dir='ltr'>opportuna</span> <span class='ocrx_word' id='word_1_505' title='bbox 1211 2603 1288 2636; x_wconf 83' lang='lat' dir='ltr'>iuris</span> <span class='ocrx_word' id='word_1_506' title='bbox 1310 2609 1340 2636; x_wconf 89' lang='lat' dir='ltr'>et</span> <span class='ocrx_word' id='word_1_507' title='bbox 1361 2603 1431 2635; x_wconf 74' lang='lat' dir='ltr'>facti</span> <span class='ocrx_word' id='word_1_508' title='bbox 1452 2601 1606 2641; x_wconf 85' lang='lat' dir='ltr'>remedia,</span> <span class='ocrx_word' id='word_1_509' title='bbox 1631 2601 1745 2644; x_wconf 86' lang='lat' dir='ltr'>appel-</span> 
     </span>
     <span class='ocr_line' id='line_1_95' title="bbox 1007 2655 1747 2701; baseline -0.005 -10"><span class='ocrx_word' id='word_1_510' title='bbox 1007 2658 1123 2691; x_wconf 84' lang='lat' dir='ltr'>latione</span> <span class='ocrx_word' id='word_1_511' title='bbox 1138 2657 1325 2701; x_wconf 84' lang='lat' dir='ltr'>postposita,</span> <span class='ocrx_word' id='word_1_512' title='bbox 1338 2655 1584 2700; x_wconf 75' lang='lat' dir='ltr'>cOmpescendo,</span> <span class='ocrx_word' id='word_1_513' title='bbox 1602 2655 1747 2688; x_wconf 79' lang='lat' dir='ltr'>invocato</span> 
     </span>
    </p>
   </div>
   <div class='ocr_carea' id='block_1_17' title="bbox 1761 263 1942 289">
    <p class='ocr_par' dir='ltr' id='par_1_20' title="bbox 1761 263 1942 289">
     <span class='ocr_line' id='line_1_96' title="bbox 1761 263 1942 289; baseline 0.006 -1"><span class='ocrx_word' id='word_1_514' title='bbox 1761 263 1808 289; x_wconf 73' lang='lat' dir='ltr'>An.</span> <span class='ocrx_word' id='word_1_515' title='bbox 1827 264 1856 289; x_wconf 77' lang='lat' dir='ltr'>G.</span> <span class='ocrx_word' id='word_1_516' title='bbox 1877 263 1942 289; x_wconf 73' lang='lat'>1602</span> 
     </span>
    </p>
   </div>
   <div class='ocr_carea' id='block_1_18' title="bbox 1763 1596 1946 1649">
    <p class='ocr_par' dir='ltr' id='par_1_21' title="bbox 1763 1596 1946 1649">
     <span class='ocr_line' id='line_1_97' title="bbox 1800 1596 1946 1621; baseline 0 -5"><span class='ocrx_word' id='word_1_517' title='bbox 1800 1596 1946 1621; x_wconf 70' lang='lat' dir='ltr'>Exequutores</span> 
     </span>
     <span class='ocr_line' id='line_1_98' title="bbox 1763 1623 1868 1649; baseline -0.01 -6"><span class='ocrx_word' id='word_1_518' title='bbox 1763 1623 1868 1649; x_wconf 67' lang='lat' dir='ltr'>deputati.</span> 
     </span>
    </p>
   </div>
  </div>
 </body>
</html>
