2253 3195
48 436 77 457 Dc
93 436 206 462 gratiarum

20 462 104 483 actione
111 462 154 483 Duo
161 463 206 482 rett-

11 510 13 519 Α
22 491 62 510 tlon
71 490 99 510 ta.

11 1415 13 1418 ,
51 1390 92 1413 Jlis
107 1391 208 1417 peractis,

23 1419 45 1437 et
59 1423 71 1437 n
86 1418 162 1443 legatis
177 1423 209 1438 re-

23 1444 91 1470 ceptis
114 1444 209 1465 Clemens

23 1470 137 1491 :lenm-um
148 1471 176 1491 ab
187 1477 208 1491 o-

23 1498 106 1518 mnihus
115 1498 209 1519 censuris

11 1524 122 1554 jabsolrit.

21 220 69 246 Λη.
92 219 120 245 c.
144 218 211 246 1596

846 221 993 244 cLEttENs
1012 221 1067 244 vm
1087 221 1136 244 PI'.

220 267 273 307 sis,
290 278 353 311 qua
374 268 450 310 (Deo
470 269 604 302 tarento)
631 269 833 311 profitentu-is
900 280 970 312 ,ιι-ι·-

221 326 319 364 pctuo
340 331 601 364 permansurum.

266 374 445 417 lubensque
467 374 498 406 in
521 375 672 408 omnibus
705 375 781 408 locis
814 375 902 415 regni
925 374 968 407 tui

221 427 340 469 gratias
361 428 411 469 agi
433 428 646 471 omnipotenti
669 429 733 461 Dco
754 440 812 471 pro
836 434 897 460 tam
922 428 969 460 in-

221 480 302 522 signi
323 481 480 514 beneficio
501 482 591 514 abeo
606 487 746 525 recepto.
764 482 859 514 Prout
873 481 966 513 ctiam

221 533 316 568 latius
348 535 534 567 continetur
571 535 601 567 in
634 535 696 567 alia
727 534 880 567 schedula
912 545 969 577 per

221 588 371 620 eumdem
405 588 555 621 Cosmum
592 588 630 620 de
668 587 821 620 mandato
857 593 968 619 nostro

221 640 340 673 ibidem
373 641 502 684 publice
535 641 616 673 lecta
644 646 674 673 et
699 641 914 684 promulgata,
939 646 969 673 et

221 704 278 737 per
298 694 428 727 eosdem
449 694 601 727 Iacobum
624 700 651 727 et
680 695 857 727 Arnaldum
886 704 965 737 pro-

220 753 387 780 curatores
412 753 482 780 tuos
504 757 617 781 corum
647 747 789 791 propriis
820 747 969 780 manibus

219 801 422 844 subscripta;
459 801 549 834 cuius
583 808 728 835 tenorem
765 801 817 834 hic
846 807 876 834 et
910 813 969 845 pro

219 854 314 898 plene
339 855 460 887 inserto
483 860 519 889 ,et
552 865 702 898 expresso
736 855 847 887 haberi
879 856 969 888 volu-

221 919 303 941 mus.
327 908 411 947 Quas
432 909 563 952 quidem
589 908 802 952 poenitentias
828 914 858 941 et.
878 919 970 941 man-

222 961 308 1003 data,
332 961 430 995 iidem
459 962 595 994 Iacobus
616 967 647 995 et
672 962 971 1006 Arnaldus,procu-

220 1020 345 1048 ratores
366 1015 422 1056 tui,
443 1021 535 1057 grato
563 1022 593 1048 et
618 1015 731 1048 libenti
751 1015 860 1048 animo
889 1015 970 1048 reci-

221 1080 298 1113 pere
319 1075 350 1103 et
366 1075 533 1113 acceptare
551 1070 712 1110 dixerunt,
735 1076 929 1114 receperunt.
941 1076 968 1103 et

221 1129 440 1167 acceptarunt,
464 1130 495 1157 et
522 1124 577 1157 illa
602 1125 680 1168 (Deo
700 1124 838 1167 favente)
859 1124 970 1157 obser-

221 1188 297 1210 vare
315 1183 343 1210 et
359 1177 445 1211 bona
465 1178 529 1211 fide
550 1178 729 1222 adimplere
750 1178 972 1222 promiserunt

223 1236 253 1264 et
274 1231 432 1271 iurarunt,
450 1232 541 1265 tactis
559 1231 676 1265 iterum
698 1231 911 1275 corporaliter
924 1242 972 1264 sa-

225 1285 401 1317 crosanctis
421 1285 476 1318 Dei
497 1285 672 1328 evangeliis
692 1285 896 1329 supradictis.

268 1341 284 1382 ξ
306 1339 358 1372 11.
382 1340 420 1372 Et
439 1340 628 1381 successive,
650 1350 708 1373 nos
729 1346 757 1373 te
775 1340 807 1372 in
825 1339 972 1383 personis

223 1398 472 1436 procuratorum
486 1399 615 1426 tuorum
625 1393 865 1437 praedictorum
875 1404 893 1425 a
902 1393 973 1437 qui-

224 1446 332 1479 busvis
357 1447 489 1480 maioris
510 1447 863 1488 excommunicationis,
887 1447 972 1480 aliis-

225 1510 287 1543 que
311 1500 489 1539 sententiis,
514 1501 658 1534 censuris
678 1506 708 1534 et
733 1501 846 1544 poenis
871 1501 973 1534 eccle-

224 1552 371 1593 siasticis,
399 1564 480 1597 quas
500 1554 762 1597 quibuscumque
786 1554 973 1588 haeresibus

224 1607 443 1647 adhaerendo,
465 1612 494 1640 et
514 1618 738 1651 quaecumque
758 1607 841 1640 facta
861 1608 973 1641 haere-

224 1660 330 1694 ticalia
340 1660 585 1701 committendo,
601 1672 657 1694 seu
672 1661 901 1705 permittendo,
919 1667 974 1695 aut

224 1714 355 1747 illorum
385 1715 555 1747 occasione
585 1715 831 1758 quomodolibet
864 1715 972 1748 incur-

224 1778 324 1808 reras,
348 1773 379 1801 et
398 1768 432 1800 in
452 1779 533 1811 quas
554 1778 612 1811 per
643 1768 744 1801 felicis
773 1769 973 1802 recordatio-

225 1822 275 1855 nis
295 1822 417 1855 Sixtum
439 1822 720 1866 praedecessorem
745 1823 947 1866 praedictum
962 1850 969 1863 ,

225 1885 284 1918 per
305 1875 374 1909 eius
394 1875 515 1909 litteras
527 1876 709 1919 praedictas
729 1875 902 1909 incurrisse
917 1876 973 1909 de-

227 1929 364 1962 claratus
382 1929 488 1962 fueras
506 1929 645 1973 (etiamsi
668 1929 707 1962 de
732 1940 818 1962 anno
838 1940 973 1964 MDLxxn

227 1983 357 2016 eosdem
378 1994 505 2016 errores
525 1988 556 2016 et
575 1984 725 2018 haereses
741 1984 871 2017 Parisiis
885 1985 974 2017 abiu—

226 2036 346 2069 raveris
366 2042 397 2069 et
417 2037 593 2070 detestatus
620 2037 738 2078 fueris,
760 2043 791 2071 et
809 2044 921 2082 postea
941 2038 973 2071 in

227 2090 357 2123 eosdem
379 2100 505 2123 errores
524 2095 555 2123 et
572 2090 720 2124 haereses
741 2091 885 2134 relapsus
905 2091 971 2134 sis),

227 2143 417 2177 auctoritate
445 2143 641 2187 apostolica,
665 2144 862 2177 absolvimus
888 2150 918 2178 et
939 2145 975 2177 li-

227 2197 421 2237 beravimus,
437 2202 468 2230 et
488 2196 519 2229 in
540 2197 701 2239 gremium
713 2198 847 2231 Sanctae
867 2198 975 2231 Eccle-

228 2250 294 2284 siae
315 2250 509 2294 recepimus,
535 2256 565 2283 et
584 2256 770 2284 sanctorum
791 2262 975 2284 sacramen-

229 2309 335 2337 torum
349 2303 590 2347 participationi
606 2303 816 2343 restituimus,
827 2304 859 2336 in
874 2305 976 2337 forma

229 2358 389 2391 Ecclesiae
414 2363 590 2395 consuetaz
619 2363 786 2401 sperantes
817 2363 848 2391 et
874 2359 976 2391 confi—

231 2412 363 2453 dentes,
391 2413 479 2456 quod
510 2417 544 2445 tu
574 2417 694 2458 tantam
724 2412 818 2445 huius
843 2412 977 2446 Sanctae

231 2466 320 2499 Sedis
340 2471 372 2499 et
391 2471 535 2499 nostram
554 2465 786 2508 benignitatem
812 2477 973 2509 recogno-

231 2530 332 2560 scens,
357 2520 453 2553 talem
475 2524 505 2552 te
530 2519 562 2552 in
590 2520 753 2561 futurum,
778 2520 868 2553 sactis
886 2520 973 2564 ipsis,

231 2572 409 2617 praestabis
433 2578 463 2606 et
483 2573 649 2614 ostendes,
672 2579 708 2608 ut
733 2578 843 2607 sancta
875 2579 978 2607 mater

231 2626 373 2660 Ecclesia
393 2626 433 2660 de
454 2631 543 2660 tanto
563 2626 724 2670 profectu,
748 2631 867 2671 tuaque
887 2626 920 2661 in
941 2627 978 2660 il-

280 2688 359 2717 Ball.
376 2689 461 2718 Rom.
477 2688 537 2717 Vol.
554 2689 589 2716 Χ.
808 2690 842 2717 60

1654 209 1718 242 ‚⁶313

1006 269 1066 300 lam
1090 268 1259 301 devotioni·
1282 268 1465 301 ferventiori
1490 268 1520 300 in
1542 267 1624 307 dios,
1650 268 1752 307 magis

1004 333 1039 353 ac
1065 321 1187 363 magis,
1211 321 1387 365 spiritualis
1412 321 1520 364 gaudii
1552 327 1578 353 ct
1611 320 1752 353 laetitiae

1003 375 1117 407 sentiat
1145 380 1366 417 augmentum.

1048 428 1062 470 ξ
1085 427 1136 460 iz).
1161 428 1267 471 Teque
1289 428 1384 461 ctiam
1407 428 1437 460 in
1459 427 1595 461 Domino
1617 428 1751 460 hortan-

1005 485 1060 517 tcs,
1085 486 1119 513 ut
1139 481 1352 523 poenitentias
1373 482 1528 513 salutares
1550 481 1748 524 praedictas,

1003 534 1128 576 aliaque
1150 534 1325 576 praemissa
1346 546 1363 566 a
1383 535 1487 573 nobis,
1506 541 1535 566 ut
1557 535 1749 578 praefertur,

1004 586 1157 625 iniunrta,
1182 598 1245 619 non
1272 588 1376 620 solum
1411 587 1535 628 integre
1561 594 1590 620 et
1619 588 1753 620 inviola-

1004 641 1126 679 biliter,
1150 642 1205 674 sed
1226 642 1322 674 etiam
1345 643 1507 675 (annulate
1528 649 1554 675 et
1584 649 1617 675 ut
1645 643 1754 675 catho-

1004 694 1101 727 licum
1122 695 1302 738 principem
1325 701 1355 728 et
1376 706 1485 735 regem
1507 707 1581 728 vere
1609 696 1754 728 christia-

1004 747 1173 780 nissimum
1192 749 1293 785 decet.
1311 760 1347 781 ex
1370 754 1437 782 toto
1455 749 1552 782 corde
1573 749 1753 792 adimplere

1004 812 1170 844 procures,
1194 807 1230 834 ut.
1251 801 1282 833 in
1304 801 1365 834 hoc
1392 807 1537 834 nostram
1568 807 1595 834 et
1619 803 1753 835 Sanctae

1004 854 1094 888 Sedis
1115 855 1317 898 Apostolicac
1338 855 1609 895 benevolentiam,
1637 855 1669 887 in
1691 855 1755 887 alio

1005 918 1080 941 vero
1094 908 1234 943 saeculo,
1250 907 1358 940 divina
1371 908 1429 940 tibi
1448 908 1615 941 assistente
1637 908 1751 950 gratia,

1005 967 1156 995 aeternae
1186 962 1407 995 retributionis
1437 962 1573 1004 gloriam
1599 962 1754 1006 consequi

1006 1016 1171 1057 merearis.

1051 1071 1067 1111 ξ
1090 1068 1140 1102 13.
1166 1069 1235 1102 Non
1264 1070 1468 1102 obstantibus
1489 1069 1695 1113 praemissis,
1718 1081 1754 1103 ac

1006 1123 1171 1166 quibusvis
1192 1123 1279 1163 aliis,
1304 1130 1368 1156 tam
1394 1124 1495 1158 felicis
1518 1124 1755 1157 recordationis

1006 1176 1081 1209 Sixti
1102 1177 1269 1220 praedicti,
1290 1182 1322 1210 et
1343 1177 1414 1221 piae
1434 1177 1611 1210 memoriae
1632 1177 1754 1220 Grego-

1006 1230 1044 1263 rii
1064 1231 1249 1274 XlV,quam
1278 1242 1563 1275 quorumcumque
1594 1231 1756 1263 Romano-

1006 1296 1078 1318 rum
1099 1286 1292 1319 Pontificum
1319 1287 1607 1330 praedecessorum
1626 1291 1755 1319 nostro-

1006 1350 1089 1380 rum,
1114 1340 1229 1373 litteris
1246 1346 1277 1373 et
1297 1340 1594 1381 constitutionibus,
1613 1351 1649 1373 ac
1670 1340 1756 1373 ordi-

1007 1393 1192 1426 nationibus
1213 1394 1408 1437 apostolicis‚
1433 1399 1545 1427 contra
1563 1393 1753 1433 haereticos,

1007 1447 1104 1480 etiam
1124 1448 1278 1491 relapsos,
1297 1447 1493 1491 illorumque
1512 1448 1680 1481 credentes
1701 1448 1709 1463 ¹
1724 1453 1750 1480 et

1007 1502 1159 1538 fautores,
1176 1501 1450 1544 quandocumque
1471 1501 1574 1541 editis,
1592 1507 1623 1534 et
1640 1501 1672 1533 in
1686 1512 1758 1534 cor-

1007 1565 1087 1598 pore
1107 1554 1186 1588 iuris
1206 1555 1333 1595 clausis,
1351 1555 1410 1587 sub
1431 1555 1691 1598 quibuscumque
1711 1560 1757 1587 te-

1007 1608 1141 1641 noribus
1161 1613 1192 1641 et
1218 1608 1346 1648 formis,
1375 1613 1405 1641 et
1431 1608 1596 1651 quibusvis
1617 1608 1753 1650 deroga-

1008 1661 1165 1694 toriarum
1188 1660 1402 1703 derogatoriis
1423 1660 1558 1704 aliisque
1580 1660 1753 1698 clausulis,

1008 1726 1045 1747 ac
1065 1714 1265 1747 irritantibus
1283 1720 1314 1746 et
1334 1714 1404 1747 aliis
1422 1713 1562 1747 decretis
1582 1713 1615 1746 in
1632 1719 1759 1746 contra-

1007 1768 1092 1800 rium
1117 1767 1308 1800 facientibus
1335 1767 1606 1811 quibuscumque.
1636 1767 1758 1806 Quibus

1008 1821 1170 1861 omnibus,
1187 1832 1299 1854 eorum
1317 1826 1444 1854 tenores
1463 1820 1688 1864 praesentibus
1699 1831 1758 1864 pro

1007 1875 1203 1908 sufficienter
1224 1874 1381 1918 expressis
1405 1875 1572 1915 babentes,
1598 1874 1660 1907 illis
1681 1874 1758 1907 alias

1009 1929 1041 1961 in
1055 1940 1113 1962 suo
1126 1929 1245 1962 robore
1259 1928 1491 1972 permansuris,
1507 1928 1567 1961 hac
1584 1928 1653 1961 vice
1665 1928 1759 1960 dum—

1009 1988 1094 2016 taxat
1107 1982 1291 2026 specialiter
1312 1993 1526 2026 expresseque
1548 1982 1754 2024 derogamus,

1010 2042 1041 2070 et
1057 2036 1192 2070 caeteris
1206 2036 1379 2069 contrariis
1395 2035 1665 2079 quibuscumque.

1055 2091 1071 2132 g
1092 2089 1145 2122 14.
1170 2089 1255 2122 Nulli
1276 2100 1353 2131 ergo
1374 2089 1508 2122 omnino
1533 2088 1703 2121 hominum
1722 2087 1759 2120 li-

1010 2149 1079 2177 ceat
1099 2144 1182 2176 hanc
1202 2143 1353 2187 paginam
1379 2148 1508 2176 nostrae
1533 2141 1755 2181 absolutionis,

1010 2197 1234 2235 restitutionis,
1256 2196 1467 2235 liberationis,
1489 2194 1693 2238 receptionis,
1710 2204 1760 2227 re-

1010 2249 1196 2290 stitutionis,
1212 2249 1406 2283 hortationis
1427 2254 1457 2281 et
1478 2247 1697 2290 derogationis
1712 2246 1760 2279 in-

1012 2304 1163 2346 fringere,
1177 2304 1226 2337 vel
1241 2303 1268 2336 ei
1287 2314 1367 2337 ausu
1388 2303 1562 2336 temerario
1584 2300 1756 2335 contraire.

1011 2357 1042 2391 Si
1061 2357 1132 2401 quis
1150 2363 1256 2391 autem
1275 2358 1337 2391 lioc
1358 2362 1515 2390 attentare
1535 2365 1761 2400 praesumpse-

1011 2410 1062 2450 rit,
1087 2409 1344 2452 indignationem
1370 2409 1603 2453 omnipotentis
1628 2408 1706 2447 Dei,
1731 2414 1762 2440 et

1012 2464 1184 2497 Beatorum
1194 2464 1278 2497 Petri
1294 2470 1324 2497 et
1333 2464 1423 2497 Pauli
1438 2463 1662 2507 apostolorum
1672 2461 1757 2501 Eius,

1012 2529 1044 2551 se
1065 2517 1191 2551 noverit
1210 2518 1429 2551 incursurum.

1055 2574 1171 2607 Datum
1201 2572 1322 2605 Romae
1353 2572 1439 2615 apud
1459 2570 1489 2605 S.
1513 2571 1655 2611 Petrum,
1676 2579 1762 2603 anno

1050 2636 1059 2662 t
1080 2635 1159 2663 Forte
1175 2634 1227 2670 legi
1248 2634 1329 2662 debet
1348 2635 1528 2662 adherentes.
1640 2633 1723 2668 (nm.)

1766 219 1817 246 Λη.
1833 219 1861 246 C.
1886 219 1953 246 1596

1788 440 1839 460 Eum
1850 440 1953 463 bortatur,

1767 470 1787 486 ut
1802 473 1856 493 «quan
1872 467 1911 486 sibi
1924 474 1953 486 in-

1768 494 1839 513 iant-ta
1855 496 1900 513 <unt
1917 494 1953 513 ad-

1769 521 1860 546 impleat.

1783 1081 1897 1106 Dwngatio
1908 1087 1956 1101 cmit-

1769 1109 1882 1128 trariarum

1791 2092 1902 2114 clausulae
1911 2097 1960 2119 μου·

1773 2120 1839 2140 nates.
