2253 3195
1977 249 2026 276 Αη.
2047 250 2075 276 c.
2093 250 2158 279 1597
2187 245 2190 249 ’
2210 229 2218 235 ’

1218 294 1327 338 peritis
1358 301 1387 327 et
1417 295 1548 329 inferius
1575 297 1749 340 expressisf.
1773 298 1900 331 interim
1929 304 1959 331 et
1989 312 2159 338 esqueaumme
2196 300 2221 323 Ψ

1219 348 1326 390 quoad
1347 349 1433 391 apud
1451 348 1571 381 dictum
1586 349 1704 391 ,Al-gerii
1719 351 1874 394 oppidum
1895 362 1959 384 non
1975 338 2160 391 ffissssfflfflali
2182 342 2190 350 ς

1219 401 1280 433 erit
1299 400 1406 444 aliqua
1426 402 1543 435 domus
1562 409 1617 435 aut
1637 409 1826 444 conventus,
1849 405 1961 448 quovis
1975 392 2160 445 lllllfisst-xss'f'ffil
2185 433 2191 439 ,
2231 407 2233 411 ’

1219 453 1282 486 alio
1303 453 1435 487 nomine
1452 460 1647 499 nuncupata,
1670 455 1735 489 sive
1755 457 1961 499 congregatio
1976 445 2160 498 {sssslall'ssttffi's

1977 498 2006 518 ibi
2021 498 2105 519 denium
2123 498 2160 519 ha-

244 244 293 271 An.
315 244 343 272 c.
362 245 429 272 1597
475 235 539 269 358
1027 245 1210 270 suammet!
1226 245 1380 271 nonarum

444 299 583 327 neantur
603 300 632 326 et
647 294 782 326 debeant
801 293 832 325 in
854 293 1110 336 redemptionem
1125 293 1185 325 hu-

244 387 272 406 Η
289 347 582 408 Γξξῧιῐιῃι»ιιιιίἕὲῗἱυεηιοᾶῐ
614 356 789 390 puerorum
817 346 1018 390 captivorum
1049 347 1185 380 minoris

253 388 264 397 ι·
275 388 285 401 e
299 390 303 399 t

245 413 281 428 εις
297 408 400 428 sach-xm
444 400 566 439 aetatis,
583 410 664 443 quos
684 399 850 442 praedicto
867 400 916 432 vel
930 399 994 432 alio
1014 400 1112 433 modo
1133 410 1185 433 re-

443 453 566 486 dimere
586 452 761 496 potuerint,
785 453 1077 487 animadvertentes
1100 464 1185 487 sem-

267 1307 330 1328 Ratio
344 1307 431 1327 adnuim-

248 1336 332 1354 stratorl
343 1334 432 1354 red-les.-

443 516 500 548 per
512 505 672 538 redimere
689 505 761 539 illos
788 507 845 550 qui
863 507 894 539 in
909 507 1022 540 maiori
1041 508 1186 551 periculo

442 558 614 599 extiterint,
637 564 670 591 ut
693 569 711 591 a
731 559 906 593 christiana
925 560 989 594 fide
1010 571 1075 594 non
1101 561 1183 594 defi-

443 612 540 651 ciant,
564 617 595 644 et
615 612 703 655 quod
725 612 757 645 in
774 612 834 646 hac
855 614 1079 658 redemptione
1102 625 1184 658 pue-

442 674 553 697 rorum
573 665 774 708 captivorum
795 658 999 710 exponantur
1018 667 1094 700 dicti
1117 673 1184 701 tre-

443 718 527 751 centi
548 718 655 751 ducati
675 729 734 762 pro
748 719 909 752 alimentis
926 720 1086 753 dictorum
1108 721 1188 754 duo·

442 782 514 804 rum
528 772 663 805 fratrum
684 778 719 805 ut
735 783 833 816 supra
846 773 1046 814 relictorum,
1059 784 1118 817 pro
1132 774 1187 807 illo

444 829 601 868 tempore,
616 835 681 868 quo
693 825 769 858 dicti
782 826 896 859 fratres
913 827 999 870 apud
1007 827 1184 869 Algerium,

443 878 491 911 vel
512 878 611 911 alium
626 879 750 912 Africae
770 879 877 913 locum
900 881 932 913 in
949 880 1115 924 praedicto
1129 881 1188 914 mi-

443 932 576 965 nisterio
596 943 662 965 non
682 933 812 973 suerint,
835 933 884 967 vel
914 934 968 966 illa
996 944 1082 978 pars,
1106 945 1188 978 quae

444 985 623 1019 decurrerit
643 997 703 1030 pro
724 992 792 1019 rata
823 986 908 1020 illius
929 987 1099 1032 temporis,
1123 999 1188 1032 quo

444 1038 564 1072 ibidem
585 1040 782 1073 commorari
803 1040 967 1074 desierint.
982 1041 1138 1085 Quodque
1157 1042 1188 1075 in

444 1092 608 1136 praedicta
626 1093 850 1137 redemptione
867 1105 1056 1138 puerorum,
1073 1106 1190 1139 expen-

445 1146 540 1179 datur
560 1146 655 1179 etiam
680 1147 711 1179 id
732 1148 819 1191 quod
839 1148 997 1191 supererit
1017 1159 1054 1182 ex
1072 1149 1190 1182 relictis

445 1199 484 1232 ad
502 1199 759 1233 subveniendum
784 1201 1026 1235 necessitatibus
1043 1201 1187 1245 captivo-

447 1263 530 1291 rum,
543 1253 568 1286 si
583 1253 661 1296 quid
673 1253 848 1297 aliquando
857 1255 1027 1298 supererit.
1039 1255 1085 1288 Ad
1097 1255 1186 1294 haee,

447 1306 533 1349 quod
562 1307 746 1350 supradicta
775 1308 891 1341 domus
922 1307 1032 1351 oppidi
1065 1308 1190 1341 Madriti

449 1365 593 1392 teneatur
610 1365 638 1392 et
661 1360 775 1393 debeat
795 1361 932 1394 reddere
946 1361 1085 1394 rationes
1106 1361 1203 1394 dieto·

447 1412 701 1446 administratori
715 1413 882 1447 nominato
896 1419 925 1447 et
939 1414 1138 1447 nominando
1152 1414 1191 1447 ab

448 1465 517 1509 ipso
531 1476 617 1507 rege,
638 1467 678 1499 de
692 1467 784 1500 dictis
805 1468 956 1501 trecentis
973 1468 1096 1501 ducatis
1116 1468 1192 1502 assi-

447 1519 551 1560 gnatis
568 1529 628 1563 pro
647 1520 771 1553 alendis
791 1521 965 1564 praedictis
985 1521 1112 1554 duobus
1128 1522 1191 1555 sra-

449 1571 560 1612 uibus,
577 1573 631 1616 qui
652 1574 737 1617 apud
758 1573 904 1608 infideles
924 1575 1120 1608 conunorari
1135 1576 1191 1608 de-

447 1624 533 1665 hem,
545 1636 582 1658 ac
599 1626 695 1659 etiam
717 1627 756 1659 de
772 1627 918 1670 pecuniis
939 1627 1000 1660 iltis
1017 1638 1115 1671 supra
1135 1628 1191 1661 de-

448 1678 567 1721 putatis
598 1679 638 1712 ad
669 1679 926 1714 subveniendum
951 1681 1192 1715 necessitatibus

448 1731 659 1775 captivorum.
690 1733 847 1776 Quodque
879 1733 954 1767 dicti
982 1734 1046 1767 duo
1078 1736 1192 1769 fratres

448 1795 503 1817 seu
526 1786 666 1825 religiosi
689 1792 859 1819 teneantur
871 1788 911 1821 ad
932 1788 961 1820 id
984 1799 1020 1821 ex
1038 1788 1100 1821 illis
1120 1800 1193 1833 par-

450 1837 534 1870 tibus
556 1838 683 1871 mittere
696 1850 804 1872 veram
823 1840 1010 1874 relationem
1029 1848 1190 1876 etcertam

449 1891 545 1924 fidem
566 1902 621 1924 seu
647 1893 996 1937 attestationem,quod
1017 1895 1117 1929 dictas
1137 1907 1192 1940 pe-

450 1944 561 1977 cunias
583 1946 787 1989 exposuerint
809 1946 839 1979 in
861 1947 1065 1981 necessitates
1085 1949 1189 1983 dicto-

451 2009 521 2030 rum
536 1998 753 2041 captivorum‘,
769 2010 907 2039 necnon,
928 2001 1014 2044 quod
1032 2001 1057 2033 si
1072 2001 1191 2035 dictum

452 2051 616 2084 residuum
639 2062 702 2085 non
729 2053 866 2086 sullieiat
897 2054 937 2086 ad
968 2054 1192 2088 redimendum

452 2114 550 2136 unum
572 2104 745 2148 captivum,
767 2106 865 2149 possit
886 2106 964 2139 illud
987 2118 1058 2140 cum
1088 2108 1193 2151 quoli-

452 2157 503 2190 bet
524 2158 588 2190 alio
609 2158 711 2201 pretio
732 2160 897 2200 coniungi.
919 2166 949 2193 et
969 2161 1044 2204 poni
1067 2172 1124 2205 pro
1146 2173 1195 2194 re-

452 2211 638 2254 demptione
659 2213 818 2246 tia-torum
850 2225 1026 2258 puerorum
1047 2215 1191 2259 captivo-

455 2275 523 2296 rum
546 2265 680 2298 minoris
699 2267 822 2300 aetatis.
847 2267 1026 2307 Praeterea,
1050 2269 1123 2312 quia
1147 2269 1194 2302 in-

455 2318 553 2350 tentio
580 2319 655 2351 dicti
678 2320 838 2353 Laui-oniti
867 2321 1008 2365 episc-opi
1039 2328 1082 2355 est
1109 2324 1194 2366 quod

454 2371 529 2403 dicti
551 2372 664 2415 raptixi
694 2373 831 2407 balneant
852 2380 881 2407 et
903 2375 1058 2419 recipiant
1080 2376 1193 2409 liuius-

456 2425 541 2456 modi
564 2425 756 2459 bem-livium
779 2438 851 2460 rum
875 2427 927 2460 illa
960 2429 1072 2461 maiori
1103 2440 1193 2463 com-

458 2478 622 2517 moditate,
646 2491 709 2523 qua
732 2481 799 2513 lieri
823 2481 932 2524 possit,
946 2482 1044 2514 voluit
1065 2487 1092 2514 et
1112 2482 1197 2515 ordi-

458 2531 540 2563 navit
559 2533 644 2574 quod
669 2533 751 2565 «livia
775 2534 887 2574 religio
910 2534 1022 2567 ltalieat
1046 2541 1072 2567 et
1096 2534 1197 2579 perci-

459 2583 519 2626 piat
553 2585 653 2617 dirtos
686 2588 839 2625 redditus.
864 2588 999 2632 illosque
1028 2588 1194 2621 distribuat

460 2639 556 2672 modo
577 2646 607 2672 et
634 2642 735 2674 torma
753 2647 783 2674 et
805 2641 866 2674 illis
887 2642 1127 2675 conditionibus
1143 2653 1196 2675 su-

1220 507 1402 551 aliquorum
1423 508 1683 552 presbyterorum
1713 515 1744 542 et
1770 509 1960 544 elericorum
1976 524 2033 571 i'ffi'
2048 524 2160 546 aebotsoi-

1986 556 1988 559 '
2005 557 2013 571 Γ
2029 567 2034 571 .

1220 561 1445 601 saecularium,
1466 572 1522 594 seu
1539 562 1727 605 quorumvis
1739 562 1894 596 Ordinum
1914 575 1960 597 re-

1220 614 1393 656 gularium,
1415 614 1446 647 in
1467 625 1531 658 qua
1550 615 1590 647 ab
1610 615 1796 649 infidelibus
1817 626 1963 650 commo-

1222 667 1285 699 rari
1304 667 1542 711 permittantur,
1574 668 1628 712 qui
1649 668 1745 701 etiam
1777 669 1817 702 ab
1843 669 1962 702 eisdem

1221 720 1406 754 infidelibus
1437 721 1666 764 permittantur
1693 722 1810 755 docere
1830 723 1961 766 praedi-

1221 779 1304 806 ctam
1319 773 1417 807 tidem
1430 774 1633 815 catholicam,
1652 785 1689 808 ac
1701 780 1902 809 sacramenta
1915 786 1966 809 ec-

1222 826 1400 860 clesiastica
1421 826 1496 870 ipsis
1516 827 1649 870 captivis
1669 827 1866 861 ministrare:
1890 839 1964 861 nam

1222 890 1294 912 eum
1313 879 1456 922 primum
1467 879 1654 914 huiusmodi
1675 881 1791 914 domus
1812 887 1866 914 aut
1886 892 1964 915 con-

1223 939 1349 973 ventus,
1378 944 1435 967 seu
1466 934 1674 977 congregatio
1705 935 1964 979 presbyterorum

1223 992 1251 1020 et
1273 987 1466 1021 clericorum
1487 987 1609 1020 dictum
1630 987 1773 1021 officium
1801 988 1906 1021 facere
1937 994 1968 1022 et

1224 1041 1403 1074 institutum
1435 1051 1562 1075 servare
1591 1047 1622 1075 et
1651 1041 1787 1085 implere
1810 1042 1967 1085 permissa

1223 1094 1329 1135 fuerit,
1347 1094 1451 1128 dictus
1470 1095 1659 1128 Laurentius
1679 1095 1848 1139 episcopus
1868 1095 1968 1128 votuit

1224 1152 1253 1180 et
1274 1147 1446 1185 ordinavit,
1463 1148 1551 1191 quod
1569 1152 1645 1180 tunc
1657 1147 1741 1181 dicta
1759 1148 1874 1190 religio
1886 1140 1968 1182 'San-

1224 1201 1384 1234 ctissimae
1407 1200 1570 1234 Trinitatis
1598 1201 1700 1234 dictos
1730 1201 1876 1235 redditus
1902 1202 1964 1235 du-

1225 1260 1393 1287 centorum
1415 1259 1445 1287 et
1466 1254 1609 1298 quinque
1633 1254 1772 1287 millium
1793 1255 1968 1299 morapeti-

1225 1317 1354 1347 nortun,
1390 1307 1535 1340 deductis
1567 1307 1655 1351 prius
1675 1318 1712 1341 ex
1738 1307 1801 1341 illis
1829 1307 1964 1349 salariis,

1225 1360 1289 1394 sive
1310 1360 1513 1394 mercedibus
1526 1361 1717 1404 supradietis
1729 1361 1969 1395 administrato-

1225 1414 1268 1447 ris
1288 1420 1319 1448 et
1335 1414 1452 1447 notarii
1473 1414 1641 1458 praedicti,
1666 1420 1836 1448 teneantur
1856 1420 1887 1448 et
1907 1415 1965 1449 de-

1225 1468 1322 1501 beant
1342 1467 1471 1501 realiter
1491 1473 1519 1501 et
1549 1478 1622 1501 cum
1644 1467 1760 1502 effectu
1780 1468 1875 1509 dare,
1898 1474 1964 1502 tra-

1226 1522 1301 1555 dere
1322 1527 1352 1554 et
1372 1521 1563 1564 consignare
1583 1521 1767 1565 praedictae
1784 1521 1894 1555 domui
1915 1527 1970 1556 aut

1226 1574 1407 1614 conventui,
1431 1578 1486 1607 seu
1516 1573 1771 1616 congregationi,
1803 1573 1828 1607 si
1857 1584 1969 1608 omnes

1227 1627 1371 1660 redditus
1402 1626 1558 1670 praedicti
1591 1627 1708 1660 suerint
1737 1627 1908 1661 necessarii
1928 1628 1968 1662 ad

1226 1680 1490 1714 sustentationem
1509 1687 1539 1713 et
1557 1680 1770 1714 ministerium
1788 1681 1969 1724 praedicto-

1228 1746 1297 1768 rum
1319 1734 1582 1778 preleyterorum
1597 1740 1626 1766 et
1645 1733 1836 1767 clericorum
1857 1744 1968 1768 saecu-

1227 1788 1354 1828 larium,
1377 1798 1433 1821 seu
1461 1787 1658 1829 regularium
1690 1786 1721 1819 in
1747 1787 1862 1827 domo,
1893 1798 1970 1821 con-

1227 1847 1333 1879 ventu,
1357 1852 1412 1873 seu
1433 1840 1683 1882 congregatione
1705 1840 1868 1884 praedicta
1898 1841 1966 1874 exi-

1226 1894 1390 1933 stentium,
1418 1894 1466 1926 vel
1489 1893 1584 1926 etiam
1606 1899 1729 1937 partem
1756 1893 1855 1933 illam,
1887 1904 1970 1938 quae

1227 1949 1266 1981 ad
1284 1948 1473 1981 eorumdem
1493 1942 1676 1980 luiiusmo‘di
1703 1947 1970 1981 sustentationem

1227 2008 1257 2035 et
1279 2001 1492 2035 ministerium
1515 2000 1859 2040 fueritnecessa1·ia,ut
1878 2011 1971 2045 prae-

1228 2056 1338 2094 fertur,
1362 2054 1416 2099 qui
1437 2054 1568 2098 quidem
1590 2054 1693 2087 facere
1713 2054 1849 2088 debeant
1874 2059 1906 2088 et
1926 2059 1970 2088 te-

1229 2115 1366 2142 neantur
1385 2107 1494 2141 omnia
1516 2113 1543 2140 et
1568 2107 1704 2149 singula,
1728 2117 1810 2152 quae
1839 2118 1856 2140 a
1876 2118 1970 2152 prae-

1228 2161 1321 2194 dictis
1333 2160 1484 2194 fratribus
1501 2171 1556 2194 seu
1577 2160 1735 2201 religiosis
1748 2160 1970 2195 Sanctissimae

1228 2214 1390 2248 Trinitatis
1411 2214 1480 2247 lieri
1511 2219 1540 2247 et
1567 2214 1707 2247 exerceri
1730 2214 1848 2248 debere
1875 2224 1970 2258 supe-

1231 2268 1297 2301 rius
1317 2267 1438 2300 dictum
1458 2273 1521 2300 est:
1535 2278 1571 2299 ae
1592 2267 1687 2299 etiam
1708 2266 1910 2311 praedictum
1922 2277 1972 2300 re-

1229 2322 1357 2355 siduum
1371 2321 1401 2354 in
1418 2320 1603 2354 huiusmodi
1619 2319 1860 2354 necessitatibus
1871 2319 1972 2353 dicto-

1232 2386 1301 2407 rum
1324 2374 1523 2417 ‹·aptivorum
1546 2379 1576 2406 et
1592 2372 1842 2415 aegrotantium,
1855 2383 1892 2406 ac
1912 2382 1971 2417 pro

1233 2427 1428 2461 redimendis
1456 2427 1563 2471 pueris
1593 2426 1764 2471 praedictis
1791 2426 1972 2470 expendere

1231 2487 1261 2514 ‹·t
1282 2491 1415 2521 erogare
1435 2480 1591 2518 ‹lein-anu
1615 2485 1642 2512 et
1666 2479 1707 2512 ita
1735 2479 1789 2512 fiat
1810 2484 1840 2512 et
1861 2478 1971 2512 obser-

1232 2541 1332 2574 vetur,
1348 2534 1411 2567 sive
1433 2533 1617 2566 lmiusmodi
1635 2533 1761 2572 domus,
1784 2537 1969 2572 conventus,

1231 2594 1283 2621 aut
1302 2587 1508 2628 congregatio
1528 2587 1567 2619 ad
1595 2592 1736 2631 teinpus,
1755 2586 1820 2619 sive
1842 2585 1872 2618 in
1894 2595 1969 2628 per-

1232 2647 1364 2685 petuum
1376 2641 1460 2685 apud
1475 2639 1674 2685 praedictum
1685 2638 1803 2682 Algerii
1816 2637 1971 2682 oppidum
