<?xml version="1.0" encoding="UTF-8"?>
<!DOCTYPE html PUBLIC "-//W3C//DTD XHTML 1.0 Transitional//EN"
    "http://www.w3.org/TR/xhtml1/DTD/xhtml1-transitional.dtd">
<html xmlns="http://www.w3.org/1999/xhtml" xml:lang="en" lang="en">
 <head>
  <title>
</title>
<meta http-equiv="Content-Type" content="text/html;charset=utf-8" />
  <meta name='ocr-system' content='tesseract 3.04.00' />
  <meta name='ocr-capabilities' content='ocr_page ocr_carea ocr_par ocr_line ocrx_word'/>
</head>
<body>
  <div class='ocr_page' id='page_1' title='image "./bullarumdiplomat10cath_0073.png"; bbox 0 0 2253 3195; ppageno 0'>
   <div class='ocr_carea' id='block_1_1' title="bbox 17 199 203 229">
    <p class='ocr_par' dir='ltr' id='par_1_1' title="bbox 17 199 203 229">
     <span class='ocr_line' id='line_1_1' title="bbox 17 199 203 229; baseline -0.011 0"><span class='ocrx_word' id='word_1_1' title='bbox 17 202 70 229; x_wconf 84' lang='lat' dir='ltr'>An.</span> <span class='ocrx_word' id='word_1_2' title='bbox 88 200 117 228; x_wconf 81' lang='lat' dir='ltr'>C.</span> <span class='ocrx_word' id='word_1_3' title='bbox 136 199 203 228; x_wconf 73' lang='lat'>1593</span> 
     </span>
    </p>
   </div>
   <div class='ocr_carea' id='block_1_2' title="bbox 51 896 171 918">
    <p class='ocr_par' dir='ltr' id='par_1_2' title="bbox 51 896 171 918">
     <span class='ocr_line' id='line_1_2' title="bbox 51 896 171 918; baseline -0.008 0"><span class='ocrx_word' id='word_1_4' title='bbox 51 896 171 918; x_wconf 84' lang='lat' dir='ltr'>Exordium.</span> 
     </span>
    </p>
   </div>
   <div class='ocr_carea' id='block_1_3' title="bbox 0 1215 206 1454">
    <p class='ocr_par' dir='ltr' id='par_1_3' title="bbox 21 1215 205 1271">
     <span class='ocr_line' id='line_1_3' title="bbox 22 1215 205 1245; baseline 0.011 -9"><span class='ocrx_word' id='word_1_5' title='bbox 22 1215 119 1245; x_wconf 68' lang='lat' dir='ltr'>Qapitula</span> <span class='ocrx_word' id='word_1_6' title='bbox 138 1218 205 1238; x_wconf 77' lang='lat' dir='ltr'>eccle-</span> 
     </span>
     <span class='ocr_line' id='line_1_4' title="bbox 21 1244 204 1271; baseline 0.022 -9"><span class='ocrx_word' id='word_1_7' title='bbox 21 1247 98 1271; x_wconf 73' lang='lat' dir='ltr'>siarum</span> <span class='ocrx_word' id='word_1_8' title='bbox 108 1244 204 1266; x_wconf 73' lang='lat' dir='ltr'>cathalo-</span> 
     </span>
    </p>

    <p class='ocr_par' dir='ltr' id='par_1_4' title="bbox 0 1271 205 1346">
     <span class='ocr_line' id='line_1_5' title="bbox 0 1271 205 1297; baseline 0.005 -6"><span class='ocrx_word' id='word_1_9' title='bbox 0 1288 3 1291; x_wconf 32' lang='lat'>4</span> <span class='ocrx_word' id='word_1_10' title='bbox 21 1274 70 1297; x_wconf 76' lang='lat' dir='ltr'>mae</span> <span class='ocrx_word' id='word_1_11' title='bbox 81 1271 159 1296; x_wconf 74' lang='lat' dir='ltr'>primas</span> <span class='ocrx_word' id='word_1_12' title='bbox 170 1272 205 1292; x_wconf 85' lang='lat' dir='ltr'>de-</span> 
     </span>
     <span class='ocr_line' id='line_1_6' title="bbox 22 1299 205 1320; baseline 0.016 -4"><span class='ocrx_word' id='word_1_13' title='bbox 22 1301 87 1317; x_wconf 75' lang='lat' dir='ltr'>cimas</span> <span class='ocrx_word' id='word_1_14' title='bbox 101 1303 142 1318; x_wconf 81' lang='lat' dir='ltr'>non</span> <span class='ocrx_word' id='word_1_15' title='bbox 160 1299 205 1320; x_wconf 80' lang='lat' dir='ltr'>sine</span> 
     </span>
     <span class='ocr_line' id='line_1_7' title="bbox 37 1323 205 1346; baseline 0.012 -2"><span class='ocrx_word' id='word_1_16' title='bbox 37 1323 80 1343; x_wconf 75' lang='lat' dir='ltr'>ravi</span> <span class='ocrx_word' id='word_1_17' title='bbox 92 1323 205 1346; x_wconf 80' lang='lat' dir='ltr'>incommo-</span> 
     </span>
    </p>

    <p class='ocr_par' dir='ltr' id='par_1_5' title="bbox 22 1352 206 1454">
     <span class='ocr_line' id='line_1_8' title="bbox 38 1352 205 1377; baseline 0.012 -7"><span class='ocrx_word' id='word_1_18' title='bbox 38 1354 49 1368; x_wconf 90' lang='grc' dir='ltr'>ο</span> <span class='ocrx_word' id='word_1_19' title='bbox 60 1355 97 1371; x_wconf 83' lang='lat' dir='ltr'>exe</span> <span class='ocrx_word' id='word_1_20' title='bbox 115 1352 205 1377; x_wconf 76' lang='lat' dir='ltr'>uiposse</span> 
     </span>
     <span class='ocr_line' id='line_1_9' title="bbox 22 1379 206 1404; baseline 0.011 -8"><span class='ocrx_word' id='word_1_21' title='bbox 22 1379 48 1396; x_wconf 73' lang='lat' dir='ltr'>eo</span> <span class='ocrx_word' id='word_1_22' title='bbox 66 1382 99 1397; x_wconf 87' lang='lat' dir='ltr'>mo</span> <span class='ocrx_word' id='word_1_23' title='bbox 117 1382 128 1398; x_wconf 85' lang='grc' dir='ltr'>ο</span> <span class='ocrx_word' id='word_1_24' title='bbox 143 1384 206 1404; x_wconf 84' lang='lat' dir='ltr'>expo-</span> 
     </span>
     <span class='ocr_line' id='line_1_10' title="bbox 22 1405 206 1432; baseline 0 -6"><span class='ocrx_word' id='word_1_25' title='bbox 22 1406 86 1429; x_wconf 85' lang='lat' dir='ltr'>nunt,</span> <span class='ocrx_word' id='word_1_26' title='bbox 101 1411 143 1432; x_wconf 82' lang='lat' dir='ltr'>quo</span> <span class='ocrx_word' id='word_1_27' title='bbox 163 1405 206 1426; x_wconf 75' lang='lat' dir='ltr'>sue-</span> 
     </span>
     <span class='ocr_line' id='line_1_11' title="bbox 24 1435 205 1454; baseline -0.006 -1"><span class='ocrx_word' id='word_1_28' title='bbox 24 1435 71 1454; x_wconf 84' lang='lat' dir='ltr'>runt</span> <span class='ocrx_word' id='word_1_29' title='bbox 83 1437 205 1453; x_wconf 71' lang='lat' dir='ltr'>concessae.</span> 
     </span>
    </p>
   </div>
   <div class='ocr_carea' id='block_1_4' title="bbox 551 248 623 282">
    <p class='ocr_par' dir='ltr' id='par_1_6' title="bbox 551 248 623 282">
     <span class='ocr_line' id='line_1_12' title="bbox 551 248 623 282; baseline -0.014 -1"><span class='ocrx_word' id='word_1_30' title='bbox 551 248 623 282; x_wconf 83' lang='lat' dir='ltr'>LXI.</span> 
     </span>
    </p>
   </div>
   <div class='ocr_carea' id='block_1_5' title="bbox 832 199 1126 224">
    <p class='ocr_par' dir='ltr' id='par_1_7' title="bbox 832 199 1126 224">
     <span class='ocr_line' id='line_1_13' title="bbox 832 199 1126 224; baseline -0.007 -1"><span class='ocrx_word' id='word_1_31' title='bbox 832 199 978 223; x_wconf 84' lang='lat' dir='ltr'>CLEMENS</span> <span class='ocrx_word' id='word_1_32' title='bbox 998 199 1055 223; x_wconf 83' lang='lat' dir='ltr'>VIII</span> <span class='ocrx_word' id='word_1_33' title='bbox 1077 199 1126 224; x_wconf 84' lang='lat' dir='ltr'>PP.</span> 
     </span>
    </p>
   </div>
   <div class='ocr_carea' id='block_1_6' title="bbox 993 244 1740 346">
    <p class='ocr_par' dir='ltr' id='par_1_8' title="bbox 993 244 1740 346">
     <span class='ocr_line' id='line_1_14' title="bbox 993 244 1740 280; baseline -0.005 0"><span class='ocrx_word' id='word_1_34' title='bbox 993 258 1056 280; x_wconf 90' lang='lat' dir='ltr'>non</span> <span class='ocrx_word' id='word_1_35' title='bbox 1074 247 1141 279; x_wconf 83' lang='lat' dir='ltr'>sine</span> <span class='ocrx_word' id='word_1_36' title='bbox 1163 245 1304 279; x_wconf 79' lang='lat' dir='ltr'>eiusdem</span> <span class='ocrx_word' id='word_1_37' title='bbox 1332 244 1408 278; x_wconf 90' lang='lat' dir='ltr'>cleri</span> <span class='ocrx_word' id='word_1_38' title='bbox 1440 245 1647 277; x_wconf 88' lang='lat' dir='ltr'>incommodo</span> <span class='ocrx_word' id='word_1_39' title='bbox 1669 255 1740 277; x_wconf 81' lang='lat' dir='ltr'>exe.-</span> 
     </span>
     <span class='ocr_line' id='line_1_15' title="bbox 993 298 1735 346; baseline -0.005 -12"><span class='ocrx_word' id='word_1_40' title='bbox 993 302 1046 346; x_wconf 87' lang='lat' dir='ltr'>qui</span> <span class='ocrx_word' id='word_1_41' title='bbox 1068 307 1190 345; x_wconf 73' lang='lat' dir='ltr'>possct&#39;,</span> <span class='ocrx_word' id='word_1_42' title='bbox 1219 300 1448 344; x_wconf 84' lang='lat' dir='ltr'>cupientesque</span> <span class='ocrx_word' id='word_1_43' title='bbox 1480 298 1663 342; x_wconf 77' lang='lat' dir='ltr'>prat-missis</span> <span class='ocrx_word' id='word_1_44' title='bbox 1688 309 1735 338; x_wconf 83' lang='lat' dir='ltr'>ea,</span> 
     </span>
    </p>
   </div>
   <div class='ocr_carea' id='block_1_7' title="bbox 218 351 1739 399">
    <p class='ocr_par' dir='ltr' id='par_1_9' title="bbox 218 351 1739 399">
     <span class='ocr_line' id='line_1_16' title="bbox 218 351 1739 399; baseline -0.005 -9"><span class='ocrx_word' id='word_1_45' title='bbox 218 356 427 399; x_wconf 72' lang='lat' dir='ltr'>Confirmatio</span> <span class='ocrx_word' id='word_1_46' title='bbox 448 355 634 388; x_wconf 74' lang='lat' dir='ltr'><em>concordiae</em></span> <span class='ocrx_word' id='word_1_47' title='bbox 660 355 762 386; x_wconf 71' lang='lat' dir='ltr'>initae</span> <span class='ocrx_word' id='word_1_48' title='bbox 793 354 877 385; x_wconf 74' lang='lat' dir='ltr'>inter</span> <span class='ocrx_word' id='word_1_49' title='bbox 907 364 957 385; x_wconf 82' lang='lat' dir='ltr'>cc·</span> <span class='ocrx_word' id='word_1_50' title='bbox 994 366 1057 398; x_wconf 84' lang='lat' dir='ltr'>qua</span> <span class='ocrx_word' id='word_1_51' title='bbox 1078 360 1195 398; x_wconf 73' lang='lat' dir='ltr'>potest,</span> <span class='ocrx_word' id='word_1_52' title='bbox 1219 354 1343 386; x_wconf 76' lang='lat' dir='ltr'>ratione</span> <span class='ocrx_word' id='word_1_53' title='bbox 1365 352 1510 391; x_wconf 81' lang='lat' dir='ltr'>occurri,</span> <span class='ocrx_word' id='word_1_54' title='bbox 1533 362 1596 395; x_wconf 79' lang='lat' dir='ltr'>quo</span> <span class='ocrx_word' id='word_1_55' title='bbox 1617 351 1739 384; x_wconf 79' lang='lat' dir='ltr'>facilius</span> 
     </span>
    </p>
   </div>
   <div class='ocr_carea' id='block_1_8' title="bbox 260 414 961 586">
    <p class='ocr_par' dir='ltr' id='par_1_10' title="bbox 260 414 961 586">
     <span class='ocr_line' id='line_1_17' title="bbox 260 414 960 461; baseline -0.004 -10"><span class='ocrx_word' id='word_1_56' title='bbox 260 417 453 451; x_wconf 68' lang='lat' dir='ltr'>clesiastae&#39;cos</span> <span class='ocrx_word' id='word_1_57' title='bbox 471 417 658 461; x_wconf 67' lang='lat' dir='ltr'>provinciae</span> <span class='ocrx_word' id='word_1_58' title='bbox 687 414 902 450; x_wconf 78' lang='lat' dir='ltr'>Cathulom&#39;ae</span> <span class='ocrx_word' id='word_1_59' title='bbox 932 420 960 448; x_wconf 79' lang='lat' dir='ltr'>ct</span> 
     </span>
     <span class='ocr_line' id='line_1_18' title="bbox 262 479 961 524; baseline -0.006 -11"><span class='ocrx_word' id='word_1_60' title='bbox 262 481 458 524; x_wconf 76' lang='lat' dir='ltr'><em>Philippum</em></span> <span class='ocrx_word' id='word_1_61' title='bbox 480 480 519 512; x_wconf 89' lang='lat' dir='ltr'>II</span> <span class='ocrx_word' id='word_1_62' title='bbox 535 479 717 522; x_wconf 69' lang='lat' dir='ltr'>Hispaniae</span> <span class='ocrx_word' id='word_1_63' title='bbox 739 488 844 520; x_wconf 55' lang='lat' dir='ltr'>»eglom</span> <span class='ocrx_word' id='word_1_64' title='bbox 864 489 961 520; x_wconf 67' lang='lat' dir='ltr'>super</span> 
     </span>
     <span class='ocr_line' id='line_1_19' title="bbox 261 541 961 586; baseline -0.003 -11"><span class='ocrx_word' id='word_1_65' title='bbox 261 544 420 576; x_wconf 74' lang='lat' dir='ltr'>solutione</span> <span class='ocrx_word' id='word_1_66' title='bbox 446 544 574 586; x_wconf 76' lang='lat' dir='ltr'>primae</span> <span class='ocrx_word' id='word_1_67' title='bbox 602 541 743 573; x_wconf 75' lang='lat' dir='ltr'>decimae</span> <span class='ocrx_word' id='word_1_68' title='bbox 766 553 784 573; x_wconf 75' lang='lat' dir='ltr'>a</span> <span class='ocrx_word' id='word_1_69' title='bbox 807 541 961 573; x_wconf 68' lang='lat' dir='ltr'>Romanis</span> 
     </span>
    </p>
   </div>
   <div class='ocr_carea' id='block_1_9' title="bbox 263 604 878 648">
    <p class='ocr_par' dir='ltr' id='par_1_11' title="bbox 263 604 878 648">
     <span class='ocr_line' id='line_1_20' title="bbox 263 604 878 648; baseline -0.003 -9"><span class='ocrx_word' id='word_1_70' title='bbox 263 605 476 648; x_wconf 75' lang='lat' dir='ltr'>Pontificibus</span> <span class='ocrx_word' id='word_1_71' title='bbox 496 604 595 637; x_wconf 76' lang='lat' dir='ltr'>eidem</span> <span class='ocrx_word' id='word_1_72' title='bbox 619 605 688 647; x_wconf 58' lang='lat' dir='ltr'>reni</span> <span class='ocrx_word' id='word_1_73' title='bbox 708 615 878 637; x_wconf 66' lang='lat' dir='ltr'>concessae.</span> 
     </span>
    </p>
   </div>
   <div class='ocr_carea' id='block_1_10' title="bbox 369 704 808 786">
    <p class='ocr_par' dir='ltr' id='par_1_12' title="bbox 369 704 808 786">
     <span class='ocr_line' id='line_1_21' title="bbox 424 704 757 738; baseline 0 -7"><span class='ocrx_word' id='word_1_74' title='bbox 424 705 556 732; x_wconf 80' lang='lat' dir='ltr'><strong>Clemens</strong></span> <span class='ocrx_word' id='word_1_75' title='bbox 578 705 656 738; x_wconf 80' lang='lat' dir='ltr'>Papa</span> <span class='ocrx_word' id='word_1_76' title='bbox 679 704 757 734; x_wconf 85' lang='lat' dir='ltr'>vm,</span> 
     </span>
     <span class='ocr_line' id='line_1_22' title="bbox 369 758 808 786; baseline -0.007 0"><span class='ocrx_word' id='word_1_77' title='bbox 369 759 405 786; x_wconf 82' lang='lat' dir='ltr'>ad</span> <span class='ocrx_word' id='word_1_78' title='bbox 420 759 554 786; x_wconf 82' lang='lat' dir='ltr'>futuram</span> <span class='ocrx_word' id='word_1_79' title='bbox 569 759 613 785; x_wconf 82' lang='lat' dir='ltr'>rei</span> <span class='ocrx_word' id='word_1_80' title='bbox 630 758 808 786; x_wconf 25' lang='lat' dir='ltr'>memoriam*</span> 
     </span>
    </p>
   </div>
   <div class='ocr_carea' id='block_1_11' title="bbox 217 838 971 2648">
    <p class='ocr_par' dir='ltr' id='par_1_13' title="bbox 217 838 964 1148">
     <span class='ocr_line' id='line_1_23' title="bbox 263 838 962 882; baseline -0.003 -9"><span class='ocrx_word' id='word_1_81' title='bbox 263 841 324 873; x_wconf 89' lang='lat' dir='ltr'>Pro</span> <span class='ocrx_word' id='word_1_82' title='bbox 350 845 459 873; x_wconf 89' lang='lat' dir='ltr'>nostro</span> <span class='ocrx_word' id='word_1_83' title='bbox 487 850 619 872; x_wconf 81' lang='lat' dir='ltr'>numere</span> <span class='ocrx_word' id='word_1_84' title='bbox 648 839 678 871; x_wconf 92' lang='lat' dir='ltr'>in</span> <span class='ocrx_word' id='word_1_85' title='bbox 708 838 756 871; x_wconf 78' lang='lat' dir='ltr'>liis</span> <span class='ocrx_word' id='word_1_86' title='bbox 778 845 883 882; x_wconf 85' lang='lat' dir='ltr'>partes</span> <span class='ocrx_word' id='word_1_87' title='bbox 904 849 962 871; x_wconf 90' lang='lat' dir='ltr'>no-</span> 
     </span>
     <span class='ocr_line' id='line_1_24' title="bbox 217 892 964 936; baseline -0.004 -9"><span class='ocrx_word' id='word_1_88' title='bbox 217 899 301 935; x_wconf 76' lang='lat' dir='ltr'>stras</span> <span class='ocrx_word' id='word_1_89' title='bbox 322 893 460 926; x_wconf 85' lang='lat' dir='ltr'>libenter</span> <span class='ocrx_word' id='word_1_90' title='bbox 474 892 720 936; x_wconf 82' lang='lat' dir='ltr'>interponimus,</span> <span class='ocrx_word' id='word_1_91' title='bbox 738 902 819 935; x_wconf 87' lang='lat' dir='ltr'>quae</span> <span class='ocrx_word' id='word_1_92' title='bbox 831 892 871 925; x_wconf 83' lang='lat' dir='ltr'>ad</span> <span class='ocrx_word' id='word_1_93' title='bbox 889 903 964 924; x_wconf 87' lang='lat' dir='ltr'>con—</span> 
     </span>
     <span class='ocr_line' id='line_1_25' title="bbox 221 946 963 991; baseline -0.003 -11"><span class='ocrx_word' id='word_1_94' title='bbox 221 947 365 980; x_wconf 85' lang='lat' dir='ltr'>cordiam</span> <span class='ocrx_word' id='word_1_95' title='bbox 394 953 424 980; x_wconf 86' lang='lat' dir='ltr'>et</span> <span class='ocrx_word' id='word_1_96' title='bbox 443 958 556 991; x_wconf 83' lang='lat' dir='ltr'>pacem</span> <span class='ocrx_word' id='word_1_97' title='bbox 577 946 660 982; x_wconf 83' lang='lat' dir='ltr'>inter</span> <span class='ocrx_word' id='word_1_98' title='bbox 678 946 852 979; x_wconf 86' lang='lat' dir='ltr'>catholicos</span> <span class='ocrx_word' id='word_1_99' title='bbox 872 957 963 988; x_wconf 70' lang='lat' dir='ltr'>reges</span> 
     </span>
     <span class='ocr_line' id='line_1_26' title="bbox 221 999 963 1043; baseline -0.001 -10"><span class='ocrx_word' id='word_1_100' title='bbox 221 1006 251 1033; x_wconf 87' lang='lat' dir='ltr'>et</span> <span class='ocrx_word' id='word_1_101' title='bbox 271 1000 499 1033; x_wconf 83' lang='lat' dir='ltr'>ecclesiasticas</span> <span class='ocrx_word' id='word_1_102' title='bbox 529 1010 681 1043; x_wconf 76' lang='lat' dir='ltr'>personas</span> <span class='ocrx_word' id='word_1_103' title='bbox 700 1010 797 1042; x_wconf 89' lang='lat' dir='ltr'>super</span> <span class='ocrx_word' id='word_1_104' title='bbox 825 999 963 1032; x_wconf 80' lang='lat' dir='ltr'>exactio-</span> 
     </span>
     <span class='ocr_line' id='line_1_27' title="bbox 220 1052 964 1097; baseline -0.001 -11"><span class='ocrx_word' id='word_1_105' title='bbox 220 1053 313 1086; x_wconf 82' lang='lat' dir='ltr'>nibus</span> <span class='ocrx_word' id='word_1_106' title='bbox 326 1053 500 1097; x_wconf 85' lang='lat' dir='ltr'>apostolica</span> <span class='ocrx_word' id='word_1_107' title='bbox 513 1052 701 1085; x_wconf 85' lang='lat' dir='ltr'>auctoritate</span> <span class='ocrx_word' id='word_1_108' title='bbox 714 1052 876 1091; x_wconf 79' lang='lat' dir='ltr'>faciendis,</span> <span class='ocrx_word' id='word_1_109' title='bbox 893 1063 964 1096; x_wconf 87' lang='lat' dir='ltr'>per-</span> 
     </span>
     <span class='ocr_line' id='line_1_28' title="bbox 221 1106 582 1148; baseline 0 -10"><span class='ocrx_word' id='word_1_110' title='bbox 221 1106 321 1139; x_wconf 85' lang='lat' dir='ltr'>tinere</span> <span class='ocrx_word' id='word_1_111' title='bbox 340 1106 582 1148; x_wconf 76' lang='lat' dir='ltr'>dignoscuntur.</span> 
     </span>
    </p>

    <p class='ocr_par' dir='ltr' id='par_1_14' title="bbox 220 1159 971 2593">
     <span class='ocr_line' id='line_1_29' title="bbox 264 1159 963 1203; baseline 0 -11"><span class='ocrx_word' id='word_1_112' title='bbox 264 1161 279 1203; x_wconf 69' lang='lat'>§</span> <span class='ocrx_word' id='word_1_113' title='bbox 300 1159 328 1192; x_wconf 81' lang='grc'>’1.</span> <span class='ocrx_word' id='word_1_114' title='bbox 364 1160 471 1203; x_wconf 89' lang='lat' dir='ltr'>Nuper</span> <span class='ocrx_word' id='word_1_115' title='bbox 502 1159 661 1203; x_wconf 87' lang='lat' dir='ltr'>siquidem</span> <span class='ocrx_word' id='word_1_116' title='bbox 694 1159 900 1192; x_wconf 86' lang='lat' dir='ltr'>charissimus</span> <span class='ocrx_word' id='word_1_117' title='bbox 933 1159 963 1192; x_wconf 92' lang='lat' dir='ltr'>in</span> 
     </span>
     <span class='ocr_line' id='line_1_30' title="bbox 220 1213 965 1257; baseline -0.001 -10"><span class='ocrx_word' id='word_1_118' title='bbox 220 1213 345 1248; x_wconf 86' lang='lat' dir='ltr'>Christo</span> <span class='ocrx_word' id='word_1_119' title='bbox 366 1213 450 1246; x_wconf 80' lang='lat' dir='ltr'>filius</span> <span class='ocrx_word' id='word_1_120' title='bbox 470 1218 580 1246; x_wconf 85' lang='lat' dir='ltr'>noster</span> <span class='ocrx_word' id='word_1_121' title='bbox 598 1213 774 1257; x_wconf 83' lang='lat' dir='ltr'>Philippus,</span> <span class='ocrx_word' id='word_1_122' title='bbox 798 1213 965 1257; x_wconf 83' lang='lat' dir='ltr'>Hispania-</span> 
     </span>
     <span class='ocr_line' id='line_1_31' title="bbox 220 1266 964 1307; baseline -0.001 -7"><span class='ocrx_word' id='word_1_123' title='bbox 220 1278 292 1300; x_wconf 86' lang='lat' dir='ltr'>rum</span> <span class='ocrx_word' id='word_1_124' title='bbox 313 1278 366 1300; x_wconf 86' lang='lat' dir='ltr'>rex</span> <span class='ocrx_word' id='word_1_125' title='bbox 398 1267 586 1307; x_wconf 87' lang='lat' dir='ltr'>catholicus,</span> <span class='ocrx_word' id='word_1_126' title='bbox 610 1278 646 1299; x_wconf 86' lang='lat' dir='ltr'>ac</span> <span class='ocrx_word' id='word_1_127' title='bbox 676 1266 782 1299; x_wconf 83' lang='lat' dir='ltr'>dilecti</span> <span class='ocrx_word' id='word_1_128' title='bbox 813 1266 870 1299; x_wconf 83' lang='lat' dir='ltr'>filii</span> <span class='ocrx_word' id='word_1_129' title='bbox 899 1267 964 1300; x_wconf 88' lang='lat' dir='ltr'>sin-</span> 
     </span>
     <span class='ocr_line' id='line_1_32' title="bbox 220 1321 965 1364; baseline -0.001 -10"><span class='ocrx_word' id='word_1_130' title='bbox 220 1322 295 1364; x_wconf 80' lang='lat' dir='ltr'>gula</span> <span class='ocrx_word' id='word_1_131' title='bbox 314 1321 571 1361; x_wconf 83' lang='lat' dir='ltr'>Tarraconensis,</span> <span class='ocrx_word' id='word_1_132' title='bbox 588 1321 813 1361; x_wconf 84' lang='lat' dir='ltr'>Gerundensis,</span> <span class='ocrx_word' id='word_1_133' title='bbox 835 1321 965 1354; x_wconf 86' lang='lat' dir='ltr'>Barchi—</span> 
     </span>
     <span class='ocr_line' id='line_1_33' title="bbox 220 1374 966 1417; baseline -0.003 -8"><span class='ocrx_word' id='word_1_134' title='bbox 220 1375 382 1416; x_wconf 89' lang='lat' dir='ltr'>nonensis,</span> <span class='ocrx_word' id='word_1_135' title='bbox 406 1374 611 1417; x_wconf 79' lang='lat' dir='ltr'>Urgellensis,</span> <span class='ocrx_word' id='word_1_136' title='bbox 634 1375 827 1415; x_wconf 88' lang='lat' dir='ltr'>Illerdensis,</span> <span class='ocrx_word' id='word_1_137' title='bbox 850 1375 966 1408; x_wconf 90' lang='lat' dir='ltr'>Elnen-</span> 
     </span>
     <span class='ocr_line' id='line_1_34' title="bbox 220 1428 964 1470; baseline -0.001 -8"><span class='ocrx_word' id='word_1_138' title='bbox 220 1429 262 1462; x_wconf 86' lang='lat' dir='ltr'>sis</span> <span class='ocrx_word' id='word_1_139' title='bbox 277 1457 284 1470; x_wconf 91' lang='lat'>,</span> <span class='ocrx_word' id='word_1_140' title='bbox 318 1428 478 1469; x_wconf 79' lang='lat' dir='ltr'>Vicensis,</span> <span class='ocrx_word' id='word_1_141' title='bbox 520 1428 721 1462; x_wconf 86' lang='lat' dir='ltr'>Dertusensis</span> <span class='ocrx_word' id='word_1_142' title='bbox 756 1428 964 1461; x_wconf 85' lang='lat' dir='ltr'>ecclesiarum</span> 
     </span>
     <span class='ocr_line' id='line_1_35' title="bbox 221 1481 965 1525; baseline 0 -10"><span class='ocrx_word' id='word_1_143' title='bbox 221 1481 363 1525; x_wconf 87' lang='lat' dir='ltr'>Capitula</span> <span class='ocrx_word' id='word_1_144' title='bbox 376 1481 468 1514; x_wconf 90' lang='lat' dir='ltr'>nobis</span> <span class='ocrx_word' id='word_1_145' title='bbox 481 1481 597 1525; x_wconf 79' lang='lat' dir='ltr'>exponi</span> <span class='ocrx_word' id='word_1_146' title='bbox 616 1482 759 1514; x_wconf 82' lang='lat' dir='ltr'>fecerunt</span> <span class='ocrx_word' id='word_1_147' title='bbox 773 1482 860 1525; x_wconf 90' lang='lat' dir='ltr'>quod</span> <span class='ocrx_word' id='word_1_148' title='bbox 874 1493 965 1525; x_wconf 84' lang='lat' dir='ltr'>prae-</span> 
     </span>
     <span class='ocr_line' id='line_1_36' title="bbox 223 1535 965 1578; baseline -0.001 -10"><span class='ocrx_word' id='word_1_149' title='bbox 223 1535 306 1568; x_wconf 82' lang='lat' dir='ltr'>dicta</span> <span class='ocrx_word' id='word_1_150' title='bbox 326 1535 480 1578; x_wconf 87' lang='lat' dir='ltr'>Capitula,</span> <span class='ocrx_word' id='word_1_151' title='bbox 516 1546 597 1578; x_wconf 84' lang='lat' dir='ltr'>quae</span> <span class='ocrx_word' id='word_1_152' title='bbox 627 1546 699 1568; x_wconf 88' lang='lat' dir='ltr'>cum</span> <span class='ocrx_word' id='word_1_153' title='bbox 729 1535 902 1568; x_wconf 85' lang='lat' dir='ltr'>nominatis</span> <span class='ocrx_word' id='word_1_154' title='bbox 934 1535 965 1567; x_wconf 92' lang='lat' dir='ltr'>in</span> 
     </span>
     <span class='ocr_line' id='line_1_37' title="bbox 223 1579 965 1632; baseline -0.001 -11"><span class='ocrx_word' id='word_1_155' title='bbox 223 1588 426 1632; x_wconf 81' lang='lat' dir='ltr'>infrascripta</span> <span class='ocrx_word' id='word_1_156' title='bbox 447 1587 620 1621; x_wconf 87' lang='lat' dir='ltr'>concordia</span> <span class='ocrx_word' id='word_1_157' title='bbox 638 1579 820 1621; x_wconf 85' lang='lat' dir='ltr'>universum</span> <span class='ocrx_word' id='word_1_158' title='bbox 843 1588 965 1621; x_wconf 87' lang='lat' dir='ltr'>clerum</span> 
     </span>
     <span class='ocr_line' id='line_1_38' title="bbox 220 1641 962 1686; baseline 0.001 -12"><span class='ocrx_word' id='word_1_159' title='bbox 220 1641 420 1686; x_wconf 71' lang='lat' dir='ltr'>principatus</span> <span class='ocrx_word' id='word_1_160' title='bbox 459 1641 662 1675; x_wconf 86' lang='lat' dir='ltr'>Cathaloniae</span> <span class='ocrx_word' id='word_1_161' title='bbox 700 1647 962 1685; x_wconf 68' lang='lat' dir='ltr'>repraesentant,</span> 
     </span>
     <span class='ocr_line' id='line_1_39' title="bbox 220 1695 966 1739; baseline 0.001 -11"><span class='ocrx_word' id='word_1_162' title='bbox 220 1695 510 1729; x_wconf 80' lang='lat' dir='ltr'>animadvertentes</span> <span class='ocrx_word' id='word_1_163' title='bbox 528 1695 661 1737; x_wconf 76' lang='lat' dir='ltr'>gratiam</span> <span class='ocrx_word' id='word_1_164' title='bbox 683 1695 807 1739; x_wconf 78' lang='lat' dir='ltr'>primae</span> <span class='ocrx_word' id='word_1_165' title='bbox 822 1696 966 1729; x_wconf 82' lang='lat' dir='ltr'>decimae</span> 
     </span>
     <span class='ocr_line' id='line_1_40' title="bbox 221 1748 967 1792; baseline -0.003 -9"><span class='ocrx_word' id='word_1_166' title='bbox 221 1748 376 1792; x_wconf 88' lang='lat' dir='ltr'>cuiusque</span> <span class='ocrx_word' id='word_1_167' title='bbox 406 1748 600 1792; x_wconf 82' lang='lat' dir='ltr'>parochialis</span> <span class='ocrx_word' id='word_1_168' title='bbox 621 1748 775 1782; x_wconf 85' lang='lat' dir='ltr'>eeclesiae</span> <span class='ocrx_word' id='word_1_169' title='bbox 803 1749 834 1781; x_wconf 91' lang='lat' dir='ltr'>in</span> <span class='ocrx_word' id='word_1_170' title='bbox 863 1749 967 1782; x_wconf 91' lang='lat' dir='ltr'>omni-</span> 
     </span>
     <span class='ocr_line' id='line_1_41' title="bbox 220 1801 966 1847; baseline 0 -12"><span class='ocrx_word' id='word_1_171' title='bbox 220 1801 280 1835; x_wconf 88' lang='lat' dir='ltr'>bus</span> <span class='ocrx_word' id='word_1_172' title='bbox 307 1801 534 1847; x_wconf 77' lang='lat' dir='ltr'>Hispaniarum</span> <span class='ocrx_word' id='word_1_173' title='bbox 562 1802 670 1844; x_wconf 77' lang='lat' dir='ltr'>regnis</span> <span class='ocrx_word' id='word_1_174' title='bbox 701 1808 732 1835; x_wconf 88' lang='lat' dir='ltr'>et</span> <span class='ocrx_word' id='word_1_175' title='bbox 762 1802 874 1835; x_wconf 88' lang='lat' dir='ltr'>insulis</span> <span class='ocrx_word' id='word_1_176' title='bbox 904 1803 966 1836; x_wconf 87' lang='lat' dir='ltr'>illis</span> 
     </span>
     <span class='ocr_line' id='line_1_42' title="bbox 222 1855 966 1899; baseline 0.001 -11"><span class='ocrx_word' id='word_1_177' title='bbox 222 1855 441 1889; x_wconf 86' lang='lat' dir='ltr'>adiacentibus</span> <span class='ocrx_word' id='word_1_178' title='bbox 462 1856 584 1888; x_wconf 90' lang='lat' dir='ltr'>dudum</span> <span class='ocrx_word' id='word_1_179' title='bbox 614 1866 671 1899; x_wconf 85' lang='lat' dir='ltr'>per</span> <span class='ocrx_word' id='word_1_180' title='bbox 696 1855 797 1889; x_wconf 88' lang='lat' dir='ltr'>felicis</span> <span class='ocrx_word' id='word_1_181' title='bbox 816 1857 966 1889; x_wconf 83' lang='lat' dir='ltr'>recorda-</span> 
     </span>
     <span class='ocr_line' id='line_1_43' title="bbox 223 1908 965 1952; baseline 0.001 -12"><span class='ocrx_word' id='word_1_182' title='bbox 223 1908 317 1941; x_wconf 85' lang='lat' dir='ltr'>tionis</span> <span class='ocrx_word' id='word_1_183' title='bbox 346 1908 435 1941; x_wconf 88' lang='lat' dir='ltr'>Pium</span> <span class='ocrx_word' id='word_1_184' title='bbox 462 1909 582 1952; x_wconf 85' lang='lat' dir='ltr'>Papam</span> <span class='ocrx_word' id='word_1_185' title='bbox 610 1909 650 1947; x_wconf 88' lang='lat' dir='ltr'>V,</span> <span class='ocrx_word' id='word_1_186' title='bbox 683 1909 965 1952; x_wconf 77' lang='lat' dir='ltr'>praedecessorem</span> 
     </span>
     <span class='ocr_line' id='line_1_44' title="bbox 223 1962 967 2006; baseline 0.003 -12"><span class='ocrx_word' id='word_1_187' title='bbox 223 1967 379 2002; x_wconf 85' lang='lat' dir='ltr'>nostrum,</span> <span class='ocrx_word' id='word_1_188' title='bbox 392 1963 432 1995; x_wconf 84' lang='lat' dir='ltr'>ad</span> <span class='ocrx_word' id='word_1_189' title='bbox 446 1962 714 2006; x_wconf 88' lang='lat' dir='ltr'>quinquennium,</span> <span class='ocrx_word' id='word_1_190' title='bbox 730 1969 760 1996; x_wconf 89' lang='lat' dir='ltr'>et</span> <span class='ocrx_word' id='word_1_191' title='bbox 773 1969 883 2006; x_wconf 88' lang='lat' dir='ltr'>postea</span> <span class='ocrx_word' id='word_1_192' title='bbox 896 1963 967 2006; x_wconf 90' lang='lat' dir='ltr'>plu—</span> 
     </span>
     <span class='ocr_line' id='line_1_45' title="bbox 224 2014 963 2059; baseline 0.004 -12"><span class='ocrx_word' id='word_1_193' title='bbox 224 2014 286 2047; x_wconf 84' lang='lat' dir='ltr'>ries</span> <span class='ocrx_word' id='word_1_194' title='bbox 308 2025 325 2048; x_wconf 86' lang='lat' dir='ltr'>a</span> <span class='ocrx_word' id='word_1_195' title='bbox 346 2015 445 2048; x_wconf 86' lang='lat' dir='ltr'>felicis</span> <span class='ocrx_word' id='word_1_196' title='bbox 461 2016 695 2049; x_wconf 84' lang='lat' dir='ltr'>recordationis</span> <span class='ocrx_word' id='word_1_197' title='bbox 714 2016 868 2059; x_wconf 79' lang='lat' dir='ltr'>Gregorio</span> <span class='ocrx_word' id='word_1_198' title='bbox 886 2017 963 2057; x_wconf 87' lang='lat' dir='ltr'>XIII,</span> 
     </span>
     <span class='ocr_line' id='line_1_46' title="bbox 225 2068 967 2109; baseline 0.003 -8"><span class='ocrx_word' id='word_1_199' title='bbox 225 2079 262 2101; x_wconf 90' lang='lat' dir='ltr'>ac</span> <span class='ocrx_word' id='word_1_200' title='bbox 282 2068 397 2102; x_wconf 88' lang='lat' dir='ltr'>deinde</span> <span class='ocrx_word' id='word_1_201' title='bbox 417 2069 502 2102; x_wconf 83' lang='lat' dir='ltr'>Sixto</span> <span class='ocrx_word' id='word_1_202' title='bbox 520 2069 554 2109; x_wconf 85' lang='lat' dir='ltr'>V,</span> <span class='ocrx_word' id='word_1_203' title='bbox 578 2075 609 2102; x_wconf 85' lang='lat' dir='ltr'>et</span> <span class='ocrx_word' id='word_1_204' title='bbox 628 2069 800 2103; x_wconf 87' lang='lat' dir='ltr'>novissime</span> <span class='ocrx_word' id='word_1_205' title='bbox 818 2081 835 2103; x_wconf 87' lang='lat' dir='ltr'>a</span> <span class='ocrx_word' id='word_1_206' title='bbox 855 2070 967 2104; x_wconf 89' lang='lat' dir='ltr'>similis</span> 
     </span>
     <span class='ocr_line' id='line_1_47' title="bbox 225 2121 968 2167; baseline 0.004 -13"><span class='ocrx_word' id='word_1_207' title='bbox 225 2121 400 2155; x_wconf 87' lang='lat' dir='ltr'>memoriae</span> <span class='ocrx_word' id='word_1_208' title='bbox 429 2122 583 2164; x_wconf 78' lang='lat' dir='ltr'>Gregorio</span> <span class='ocrx_word' id='word_1_209' title='bbox 612 2123 688 2162; x_wconf 84' lang='lat' dir='ltr'>XIV,</span> <span class='ocrx_word' id='word_1_210' title='bbox 719 2124 968 2167; x_wconf 83' lang='lat' dir='ltr'>praedecessore</span> 
     </span>
     <span class='ocr_line' id='line_1_48' title="bbox 223 2175 965 2218; baseline 0.004 -11"><span class='ocrx_word' id='word_1_211' title='bbox 223 2180 344 2215; x_wconf 87' lang='lat' dir='ltr'>nostro,</span> <span class='ocrx_word' id='word_1_212' title='bbox 365 2186 423 2218; x_wconf 87' lang='lat' dir='ltr'>per</span> <span class='ocrx_word' id='word_1_213' title='bbox 442 2186 514 2208; x_wconf 84' lang='lat' dir='ltr'>suas</span> <span class='ocrx_word' id='word_1_214' title='bbox 532 2175 562 2208; x_wconf 89' lang='lat' dir='ltr'>in</span> <span class='ocrx_word' id='word_1_215' title='bbox 583 2176 683 2208; x_wconf 78' lang='lat' dir='ltr'>forma</span> <span class='ocrx_word' id='word_1_216' title='bbox 703 2176 807 2209; x_wconf 83' lang='lat' dir='ltr'>brevis</span> <span class='ocrx_word' id='word_1_217' title='bbox 833 2177 965 2216; x_wconf 76' lang='lat' dir='ltr'>litteras,</span> 
     </span>
     <span class='ocr_line' id='line_1_49' title="bbox 224 2227 965 2269; baseline 0.001 -7"><span class='ocrx_word' id='word_1_218' title='bbox 224 2227 282 2262; x_wconf 88' lang='lat' dir='ltr'>suh</span> <span class='ocrx_word' id='word_1_219' title='bbox 304 2228 412 2261; x_wconf 87' lang='lat' dir='ltr'>datum</span> <span class='ocrx_word' id='word_1_220' title='bbox 435 2228 580 2261; x_wconf 83' lang='lat' dir='ltr'>videlieet</span> <span class='ocrx_word' id='word_1_221' title='bbox 602 2239 681 2263; x_wconf 78' lang='lat' dir='ltr'>xxm</span> <span class='ocrx_word' id='word_1_222' title='bbox 703 2229 839 2262; x_wconf 83' lang='lat' dir='ltr'>ianuarii</span> <span class='ocrx_word' id='word_1_223' title='bbox 856 2240 965 2269; x_wconf 81' lang='lat' dir='ltr'>MDXCI,</span> 
     </span>
     <span class='ocr_line' id='line_1_50' title="bbox 224 2281 965 2326; baseline 0.001 -12"><span class='ocrx_word' id='word_1_224' title='bbox 224 2281 468 2314; x_wconf 83' lang='lat' dir='ltr'>rationabilibus</span> <span class='ocrx_word' id='word_1_225' title='bbox 489 2282 527 2315; x_wconf 87' lang='lat' dir='ltr'>de</span> <span class='ocrx_word' id='word_1_226' title='bbox 556 2282 669 2322; x_wconf 82' lang='lat' dir='ltr'>causis,</span> <span class='ocrx_word' id='word_1_227' title='bbox 694 2282 733 2315; x_wconf 86' lang='lat' dir='ltr'>ad</span> <span class='ocrx_word' id='word_1_228' title='bbox 755 2282 840 2315; x_wconf 88' lang='lat' dir='ltr'>aliud</span> <span class='ocrx_word' id='word_1_229' title='bbox 870 2283 965 2326; x_wconf 88' lang='lat' dir='ltr'>quin-</span> 
     </span>
     <span class='ocr_line' id='line_1_51' title="bbox 225 2334 970 2379; baseline 0.003 -12"><span class='ocrx_word' id='word_1_230' title='bbox 225 2334 402 2379; x_wconf 87' lang='lat' dir='ltr'>quennium</span> <span class='ocrx_word' id='word_1_231' title='bbox 423 2341 645 2378; x_wconf 81' lang='lat' dir='ltr'>prorogatam,</span> <span class='ocrx_word' id='word_1_232' title='bbox 670 2340 767 2379; x_wconf 89' lang='lat' dir='ltr'>prout</span> <span class='ocrx_word' id='word_1_233' title='bbox 786 2335 816 2368; x_wconf 92' lang='lat' dir='ltr'>in</span> <span class='ocrx_word' id='word_1_234' title='bbox 838 2336 970 2379; x_wconf 78' lang='lat' dir='ltr'>singulis</span> 
     </span>
     <span class='ocr_line' id='line_1_52' title="bbox 225 2389 970 2433; baseline 0.001 -12"><span class='ocrx_word' id='word_1_235' title='bbox 225 2389 509 2432; x_wconf 86' lang='lat' dir='ltr'>praedecessorum</span> <span class='ocrx_word' id='word_1_236' title='bbox 542 2390 731 2422; x_wconf 88' lang='lat' dir='ltr'>eorumdem</span> <span class='ocrx_word' id='word_1_237' title='bbox 768 2390 907 2433; x_wconf 88' lang='lat' dir='ltr'>desuper</span> <span class='ocrx_word' id='word_1_238' title='bbox 939 2390 970 2422; x_wconf 88' lang='lat' dir='ltr'>in</span> 
     </span>
     <span class='ocr_line' id='line_1_53' title="bbox 224 2441 967 2486; baseline 0.003 -12"><span class='ocrx_word' id='word_1_239' title='bbox 224 2441 326 2474; x_wconf 79' lang='lat' dir='ltr'>forma</span> <span class='ocrx_word' id='word_1_240' title='bbox 346 2441 450 2475; x_wconf 90' lang='lat' dir='ltr'>brevis</span> <span class='ocrx_word' id='word_1_241' title='bbox 467 2442 621 2486; x_wconf 85' lang='lat' dir='ltr'>expeditis</span> <span class='ocrx_word' id='word_1_242' title='bbox 642 2442 755 2475; x_wconf 89' lang='lat' dir='ltr'>litteris</span> <span class='ocrx_word' id='word_1_243' title='bbox 769 2442 967 2483; x_wconf 86' lang='lat' dir='ltr'>continetur;</span> 
     </span>
     <span class='ocr_line' id='line_1_54' title="bbox 224 2495 971 2539; baseline 0.001 -11"><span class='ocrx_word' id='word_1_244' title='bbox 224 2496 250 2528; x_wconf 89' lang='lat' dir='ltr'>si</span> <span class='ocrx_word' id='word_1_245' title='bbox 271 2495 392 2529; x_wconf 86' lang='lat' dir='ltr'>eisdem</span> <span class='ocrx_word' id='word_1_246' title='bbox 414 2495 511 2529; x_wconf 91' lang='lat' dir='ltr'>modo</span> <span class='ocrx_word' id='word_1_247' title='bbox 540 2502 571 2529; x_wconf 87' lang='lat' dir='ltr'>et</span> <span class='ocrx_word' id='word_1_248' title='bbox 601 2497 721 2536; x_wconf 80' lang='lat' dir='ltr'>forma,</span> <span class='ocrx_word' id='word_1_249' title='bbox 745 2496 862 2539; x_wconf 90' lang='lat' dir='ltr'>quibus</span> <span class='ocrx_word' id='word_1_250' title='bbox 893 2507 971 2529; x_wconf 91' lang='lat' dir='ltr'>con-</span> 
     </span>
     <span class='ocr_line' id='line_1_55' title="bbox 226 2549 971 2593; baseline 0.003 -11"><span class='ocrx_word' id='word_1_251' title='bbox 226 2559 314 2582; x_wconf 85' lang='lat' dir='ltr'>cessa</span> <span class='ocrx_word' id='word_1_252' title='bbox 341 2555 397 2590; x_wconf 82' lang='lat' dir='ltr'>est,</span> <span class='ocrx_word' id='word_1_253' title='bbox 421 2549 626 2593; x_wconf 86' lang='lat' dir='ltr'>exequutioni</span> <span class='ocrx_word' id='word_1_254' title='bbox 656 2550 916 2591; x_wconf 80' lang='lat' dir='ltr'>demandaretur,</span> <span class='ocrx_word' id='word_1_255' title='bbox 941 2550 971 2584; x_wconf 92' lang='lat' dir='ltr'>id</span> 
     </span>
    </p>

    <p class='ocr_par' dir='ltr' id='par_1_15' title="bbox 265 2611 763 2648">
     <span class='ocr_line' id='line_1_56' title="bbox 265 2611 763 2648; baseline 0 -9"><span class='ocrx_word' id='word_1_256' title='bbox 265 2613 275 2639; x_wconf 86' lang='lat' dir='ltr'>l</span> <span class='ocrx_word' id='word_1_257' title='bbox 295 2611 330 2639; x_wconf 81' lang='lat' dir='ltr'>Ex</span> <span class='ocrx_word' id='word_1_258' title='bbox 347 2611 453 2648; x_wconf 79' lang='lat' dir='ltr'>[legest.</span> <span class='ocrx_word' id='word_1_259' title='bbox 471 2611 496 2639; x_wconf 89' lang='lat' dir='ltr'>in</span> <span class='ocrx_word' id='word_1_260' title='bbox 512 2612 616 2640; x_wconf 82' lang='lat' dir='ltr'>Secret.</span> <span class='ocrx_word' id='word_1_261' title='bbox 631 2611 763 2640; x_wconf 80' lang='lat' dir='ltr'>Breviuin.</span> 
     </span>
    </p>
   </div>
   <div class='ocr_carea' id='block_1_12' title="bbox 980 857 991 2626">
    <p class='ocr_par' dir='ltr' id='par_1_16' title="bbox 980 857 991 2626">
     <span class='ocr_line' id='line_1_57' title="bbox 980 857 991 2626; baseline 0 0"><span class='ocrx_word' id='word_1_262' title='bbox 980 857 991 2626; x_wconf 95' lang='lat' dir='ltr'> </span> 
     </span>
    </p>
   </div>
   <div class='ocr_carea' id='block_1_13' title="bbox 976 404 1739 450">
    <p class='ocr_par' dir='ltr' id='par_1_17' title="bbox 976 404 1739 450">
     <span class='ocr_line' id='line_1_58' title="bbox 976 404 1739 450; baseline -0.004 -10"><span class='ocrx_word' id='word_1_263' title='bbox 976 407 1033 446; x_wconf 64' lang='lat' dir='ltr'>{ad</span> <span class='ocrx_word' id='word_1_264' title='bbox 1055 408 1128 444; x_wconf 85' lang='lat' dir='ltr'>illa,</span> <span class='ocrx_word' id='word_1_265' title='bbox 1158 419 1239 450; x_wconf 70' lang='lat' dir='ltr'>quac·</span> <span class='ocrx_word' id='word_1_266' title='bbox 1274 412 1441 443; x_wconf 72' lang='lat' dir='ltr'>tenentur,</span> <span class='ocrx_word' id='word_1_267' title='bbox 1466 406 1504 438; x_wconf 80' lang='lat' dir='ltr'>ab</span> <span class='ocrx_word' id='word_1_268' title='bbox 1539 405 1613 449; x_wconf 86' lang='lat' dir='ltr'>ipsis</span> <span class='ocrx_word' id='word_1_269' title='bbox 1639 404 1739 438; x_wconf 77' lang='lat' dir='ltr'>adlm—</span> 
     </span>
    </p>
   </div>
   <div class='ocr_carea' id='block_1_14' title="bbox 994 458 1745 1146">
    <p class='ocr_par' dir='ltr' id='par_1_18' title="bbox 994 458 1745 1093">
     <span class='ocr_line' id='line_1_59' title="bbox 996 458 1739 504; baseline 0 -13"><span class='ocrx_word' id='word_1_270' title='bbox 996 461 1074 504; x_wconf 88' lang='lat' dir='ltr'>pleri</span> <span class='ocrx_word' id='word_1_271' title='bbox 1096 461 1232 500; x_wconf 74' lang='lat' dir='ltr'>valcant,</span> <span class='ocrx_word' id='word_1_272' title='bbox 1251 460 1400 503; x_wconf 61' lang='lat' dir='ltr'>ipsaeque</span> <span class='ocrx_word' id='word_1_273' title='bbox 1419 470 1574 503; x_wconf 76' lang='lat' dir='ltr'>personae</span> <span class='ocrx_word' id='word_1_274' title='bbox 1590 458 1739 491; x_wconf 83' lang='lat' dir='ltr'>ecclcsia-</span> 
     </span>
     <span class='ocr_line' id='line_1_60' title="bbox 994 513 1739 550; baseline -0.001 -5"><span class='ocrx_word' id='word_1_275' title='bbox 994 514 1090 547; x_wconf 69' lang='lat' dir='ltr'>sticac</span> <span class='ocrx_word' id='word_1_276' title='bbox 1112 526 1203 550; x_wconf 73' lang='lat' dir='ltr'>onus,</span> <span class='ocrx_word' id='word_1_277' title='bbox 1229 514 1289 546; x_wconf 81' lang='lat' dir='ltr'>illis</span> <span class='ocrx_word' id='word_1_278' title='bbox 1311 525 1380 546; x_wconf 70' lang='lat' dir='ltr'>cam</span> <span class='ocrx_word' id='word_1_279' title='bbox 1402 514 1442 546; x_wconf 87' lang='lat' dir='ltr'>ob</span> <span class='ocrx_word' id='word_1_280' title='bbox 1465 524 1592 545; x_wconf 81' lang='lat' dir='ltr'>causam</span> <span class='ocrx_word' id='word_1_281' title='bbox 1615 513 1739 545; x_wconf 88' lang='lat' dir='ltr'>incum-</span> 
     </span>
     <span class='ocr_line' id='line_1_61' title="bbox 995 565 1741 610; baseline -0.003 -11"><span class='ocrx_word' id='word_1_282' title='bbox 995 568 1092 603; x_wconf 78' lang='lat' dir='ltr'>bcns,</span> <span class='ocrx_word' id='word_1_283' title='bbox 1121 573 1310 610; x_wconf 70' lang='lat' dir='ltr'>supportare</span> <span class='ocrx_word' id='word_1_284' title='bbox 1339 567 1480 609; x_wconf 76' lang='lat' dir='ltr'>possint,</span> <span class='ocrx_word' id='word_1_285' title='bbox 1508 567 1547 599; x_wconf 82' lang='lat' dir='ltr'>ad</span> <span class='ocrx_word' id='word_1_286' title='bbox 1578 565 1741 598; x_wconf 80' lang='lat' dir='ltr'>infrascri-</span> 
     </span>
     <span class='ocr_line' id='line_1_62' title="bbox 996 620 1740 664; baseline 0 -12"><span class='ocrx_word' id='word_1_287' title='bbox 996 626 1081 664; x_wconf 84' lang='lat' dir='ltr'>ptam</span> <span class='ocrx_word' id='word_1_288' title='bbox 1110 621 1329 660; x_wconf 83' lang='lat' dir='ltr'>concordiam,</span> <span class='ocrx_word' id='word_1_289' title='bbox 1354 631 1435 663; x_wconf 82' lang='lat' dir='ltr'>quae</span> <span class='ocrx_word' id='word_1_290' title='bbox 1466 620 1497 653; x_wconf 88' lang='lat' dir='ltr'>iu</span> <span class='ocrx_word' id='word_1_291' title='bbox 1529 620 1740 653; x_wconf 83' lang='lat' dir='ltr'>instrumento</span> 
     </span>
     <span class='ocr_line' id='line_1_63' title="bbox 995 674 1741 718; baseline -0.003 -10"><span class='ocrx_word' id='word_1_292' title='bbox 995 675 1133 718; x_wconf 85' lang='lat' dir='ltr'>desuper</span> <span class='ocrx_word' id='word_1_293' title='bbox 1164 674 1328 712; x_wconf 80' lang='lat' dir='ltr'>consecto,</span> <span class='ocrx_word' id='word_1_294' title='bbox 1353 674 1443 706; x_wconf 81' lang='lat' dir='ltr'>cuius</span> <span class='ocrx_word' id='word_1_295' title='bbox 1472 679 1615 707; x_wconf 87' lang='lat' dir='ltr'>tenorem</span> <span class='ocrx_word' id='word_1_296' title='bbox 1649 683 1741 717; x_wconf 86' lang='lat' dir='ltr'>prae-</span> 
     </span>
     <span class='ocr_line' id='line_1_64' title="bbox 996 727 1742 761; baseline -0.003 0"><span class='ocrx_word' id='word_1_297' title='bbox 996 728 1140 761; x_wconf 86' lang='lat' dir='ltr'>sentibus</span> <span class='ocrx_word' id='word_1_298' title='bbox 1161 727 1257 760; x_wconf 82' lang='lat' dir='ltr'>inseri</span> <span class='ocrx_word' id='word_1_299' title='bbox 1280 733 1306 759; x_wconf 80' lang='lat' dir='ltr'>ct</span> <span class='ocrx_word' id='word_1_300' title='bbox 1331 727 1463 759; x_wconf 74' lang='lat' dir='ltr'>inferius</span> <span class='ocrx_word' id='word_1_301' title='bbox 1484 727 1622 760; x_wconf 80' lang='lat' dir='ltr'>adscribi</span> <span class='ocrx_word' id='word_1_302' title='bbox 1644 732 1673 760; x_wconf 90' lang='lat' dir='ltr'>et</span> <span class='ocrx_word' id='word_1_303' title='bbox 1688 737 1742 759; x_wconf 87' lang='lat' dir='ltr'>an-</span> 
     </span>
     <span class='ocr_line' id='line_1_65' title="bbox 997 779 1742 819; baseline -0.003 -6"><span class='ocrx_word' id='word_1_304' title='bbox 997 781 1100 814; x_wconf 86' lang='lat' dir='ltr'>notari</span> <span class='ocrx_word' id='word_1_305' title='bbox 1123 780 1266 819; x_wconf 80' lang='lat' dir='ltr'>fecimus,</span> <span class='ocrx_word' id='word_1_306' title='bbox 1289 780 1382 813; x_wconf 80' lang='lat' dir='ltr'>latius</span> <span class='ocrx_word' id='word_1_307' title='bbox 1403 780 1596 819; x_wconf 83' lang='lat' dir='ltr'>continetur,</span> <span class='ocrx_word' id='word_1_308' title='bbox 1613 779 1742 812; x_wconf 86' lang='lat' dir='ltr'>insimul</span> 
     </span>
     <span class='ocr_line' id='line_1_66' title="bbox 998 833 1742 878; baseline -0.004 -10"><span class='ocrx_word' id='word_1_309' title='bbox 998 835 1204 874; x_wconf 73' lang='lat' dir='ltr'>devenerunt,</span> <span class='ocrx_word' id='word_1_310' title='bbox 1215 834 1372 878; x_wconf 79' lang='lat' dir='ltr'>nobisque</span> <span class='ocrx_word' id='word_1_311' title='bbox 1392 834 1556 866; x_wconf 86' lang='lat' dir='ltr'>humiliter</span> <span class='ocrx_word' id='word_1_312' title='bbox 1569 833 1742 877; x_wconf 83' lang='lat' dir='ltr'>supplicari</span> 
     </span>
     <span class='ocr_line' id='line_1_67' title="bbox 999 886 1743 930; baseline -0.004 -9"><span class='ocrx_word' id='word_1_313' title='bbox 999 890 1140 921; x_wconf 83' lang='lat' dir='ltr'>fecerunt</span> <span class='ocrx_word' id='word_1_314' title='bbox 1171 894 1203 921; x_wconf 88' lang='lat' dir='ltr'>ut</span> <span class='ocrx_word' id='word_1_315' title='bbox 1234 888 1440 921; x_wconf 59' lang='lat' dir='ltr'>concordiam</span> <span class='ocrx_word' id='word_1_316' title='bbox 1472 886 1658 920; x_wconf 84' lang='lat' dir='ltr'>huiusmodi</span> <span class='ocrx_word' id='word_1_317' title='bbox 1687 897 1743 930; x_wconf 88' lang='lat' dir='ltr'>ap-</span> 
     </span>
     <span class='ocr_line' id='line_1_68' title="bbox 999 941 1743 986; baseline -0.003 -11"><span class='ocrx_word' id='word_1_318' title='bbox 999 943 1135 986; x_wconf 86' lang='lat' dir='ltr'>probare</span> <span class='ocrx_word' id='word_1_319' title='bbox 1147 948 1175 975; x_wconf 79' lang='lat' dir='ltr'>ct</span> <span class='ocrx_word' id='word_1_320' title='bbox 1190 942 1396 981; x_wconf 75' lang='lat' dir='ltr'>confirmare,</span> <span class='ocrx_word' id='word_1_321' title='bbox 1408 941 1671 984; x_wconf 78' lang='lat' dir='ltr'>auctoritatisque</span> <span class='ocrx_word' id='word_1_322' title='bbox 1685 951 1743 973; x_wconf 90' lang='lat' dir='ltr'>no-</span> 
     </span>
     <span class='ocr_line' id='line_1_69' title="bbox 998 994 1745 1036; baseline -0.003 -7"><span class='ocrx_word' id='word_1_323' title='bbox 998 1002 1079 1029; x_wconf 84' lang='lat' dir='ltr'>strae</span> <span class='ocrx_word' id='word_1_324' title='bbox 1100 997 1217 1029; x_wconf 86' lang='lat' dir='ltr'>robore</span> <span class='ocrx_word' id='word_1_325' title='bbox 1249 996 1450 1029; x_wconf 81' lang='lat' dir='ltr'>communire</span> <span class='ocrx_word' id='word_1_326' title='bbox 1479 996 1517 1028; x_wconf 84' lang='lat' dir='ltr'>de</span> <span class='ocrx_word' id='word_1_327' title='bbox 1549 994 1745 1036; x_wconf 73' lang='lat' dir='ltr'>benignitate</span> 
     </span>
     <span class='ocr_line' id='line_1_70' title="bbox 999 1050 1415 1093; baseline 0 -11"><span class='ocrx_word' id='word_1_328' title='bbox 999 1050 1175 1093; x_wconf 81' lang='lat' dir='ltr'>apostolica</span> <span class='ocrx_word' id='word_1_329' title='bbox 1196 1050 1415 1092; x_wconf 72' lang='lat' dir='ltr'>dignarenutr.</span> 
     </span>
    </p>

    <p class='ocr_par' dir='ltr' id='par_1_19' title="bbox 1043 1101 1745 1146">
     <span class='ocr_line' id='line_1_71' title="bbox 1043 1101 1745 1146; baseline -0.003 -10"><span class='ocrx_word' id='word_1_330' title='bbox 1043 1104 1057 1146; x_wconf 64' lang='grc' dir='ltr'>ξ</span> <span class='ocrx_word' id='word_1_331' title='bbox 1078 1103 1108 1136; x_wconf 68' lang='lat'>2.</span> <span class='ocrx_word' id='word_1_332' title='bbox 1133 1104 1214 1141; x_wconf 69' lang='lat' dir='ltr'>Nos,</span> <span class='ocrx_word' id='word_1_333' title='bbox 1240 1103 1293 1146; x_wconf 84' lang='lat' dir='ltr'>qui</span> <span class='ocrx_word' id='word_1_334' title='bbox 1324 1102 1465 1135; x_wconf 83' lang='lat' dir='ltr'>honestis</span> <span class='ocrx_word' id='word_1_335' title='bbox 1491 1102 1634 1135; x_wconf 73' lang='lat' dir='ltr'>fidelium</span> <span class='ocrx_word' id='word_1_336' title='bbox 1664 1101 1745 1134; x_wconf 76' lang='lat' dir='ltr'>votis</span> 
     </span>
    </p>
   </div>
   <div class='ocr_carea' id='block_1_15' title="bbox 982 1155 1744 1199">
    <p class='ocr_par' dir='ltr' id='par_1_20' title="bbox 982 1155 1744 1199">
     <span class='ocr_line' id='line_1_72' title="bbox 982 1155 1744 1199; baseline -0.004 -9"><span class='ocrx_word' id='word_1_337' title='bbox 982 1157 1135 1190; x_wconf 39' lang='lat' dir='ltr'>*libenter</span> <span class='ocrx_word' id='word_1_338' title='bbox 1152 1157 1336 1195; x_wconf 85' lang='lat' dir='ltr'>annuimus,</span> <span class='ocrx_word' id='word_1_339' title='bbox 1362 1166 1463 1199; x_wconf 86' lang='lat' dir='ltr'>eaque</span> <span class='ocrx_word' id='word_1_340' title='bbox 1487 1155 1648 1188; x_wconf 75' lang='lat' dir='ltr'>favoribus</span> <span class='ocrx_word' id='word_1_341' title='bbox 1668 1165 1744 1199; x_wconf 92' lang='lat' dir='ltr'>pro-</span> 
     </span>
    </p>
   </div>
   <div class='ocr_carea' id='block_1_16' title="bbox 999 1208 1781 2647">
    <p class='ocr_par' dir='ltr' id='par_1_21' title="bbox 999 1208 1781 2647">
     <span class='ocr_line' id='line_1_73' title="bbox 999 1208 1744 1254; baseline -0.004 -11"><span class='ocrx_word' id='word_1_342' title='bbox 999 1211 1165 1254; x_wconf 83' lang='lat' dir='ltr'>sequimur</span> <span class='ocrx_word' id='word_1_343' title='bbox 1178 1210 1380 1254; x_wconf 83' lang='lat' dir='ltr'>opportunis,</span> <span class='ocrx_word' id='word_1_344' title='bbox 1396 1209 1545 1242; x_wconf 89' lang='lat' dir='ltr'>eumdem</span> <span class='ocrx_word' id='word_1_345' title='bbox 1560 1208 1744 1252; x_wconf 87' lang='lat' dir='ltr'>Philippum</span> 
     </span>
     <span class='ocr_line' id='line_1_74' title="bbox 999 1261 1745 1307; baseline -0.007 -9"><span class='ocrx_word' id='word_1_346' title='bbox 999 1275 1107 1307; x_wconf 70' lang='lat' dir='ltr'>regern</span> <span class='ocrx_word' id='word_1_347' title='bbox 1129 1270 1159 1296; x_wconf 88' lang='lat' dir='ltr'>et</span> <span class='ocrx_word' id='word_1_348' title='bbox 1178 1264 1358 1306; x_wconf 70' lang='lat' dir='ltr'>singulares</span> <span class='ocrx_word' id='word_1_349' title='bbox 1379 1273 1533 1306; x_wconf 85' lang='lat' dir='ltr'>personas</span> <span class='ocrx_word' id='word_1_350' title='bbox 1560 1261 1745 1295; x_wconf 87' lang='lat' dir='ltr'>huiusmodi</span> 
     </span>
     <span class='ocr_line' id='line_1_75' title="bbox 999 1316 1746 1362; baseline -0.005 -11"><span class='ocrx_word' id='word_1_351' title='bbox 999 1330 1017 1352; x_wconf 89' lang='lat' dir='ltr'>a</span> <span class='ocrx_word' id='word_1_352' title='bbox 1037 1318 1201 1362; x_wconf 78' lang='lat' dir='ltr'>quibusvis</span> <span class='ocrx_word' id='word_1_353' title='bbox 1226 1316 1588 1356; x_wconf 74' lang='lat' dir='ltr'>excommunicationis,</span> <span class='ocrx_word' id='word_1_354' title='bbox 1613 1325 1746 1359; x_wconf 85' lang='lat' dir='ltr'>suspen·</span> 
     </span>
     <span class='ocr_line' id='line_1_76' title="bbox 999 1368 1747 1414; baseline -0.005 -8"><span class='ocrx_word' id='word_1_355' title='bbox 999 1373 1097 1406; x_wconf 86' lang='lat' dir='ltr'>sionis</span> <span class='ocrx_word' id='word_1_356' title='bbox 1115 1379 1144 1406; x_wconf 87' lang='lat' dir='ltr'>et</span> <span class='ocrx_word' id='word_1_357' title='bbox 1167 1372 1327 1405; x_wconf 85' lang='lat' dir='ltr'>interdicti</span> <span class='ocrx_word' id='word_1_358' title='bbox 1357 1371 1491 1414; x_wconf 85' lang='lat' dir='ltr'>aliisque</span> <span class='ocrx_word' id='word_1_359' title='bbox 1524 1368 1747 1403; x_wconf 85' lang='lat' dir='ltr'>ecclesiasticis</span> 
     </span>
     <span class='ocr_line' id='line_1_77' title="bbox 999 1422 1746 1468; baseline -0.007 -9"><span class='ocrx_word' id='word_1_360' title='bbox 999 1426 1175 1465; x_wconf 74' lang='lat' dir='ltr'>sententiis,</span> <span class='ocrx_word' id='word_1_361' title='bbox 1200 1425 1343 1459; x_wconf 87' lang='lat' dir='ltr'>censuris</span> <span class='ocrx_word' id='word_1_362' title='bbox 1365 1430 1395 1458; x_wconf 88' lang='lat' dir='ltr'>et</span> <span class='ocrx_word' id='word_1_363' title='bbox 1415 1424 1547 1468; x_wconf 84' lang='lat' dir='ltr'>poenis,</span> <span class='ocrx_word' id='word_1_364' title='bbox 1572 1434 1588 1455; x_wconf 89' lang='lat' dir='ltr'>a</span> <span class='ocrx_word' id='word_1_365' title='bbox 1610 1423 1678 1455; x_wconf 87' lang='lat' dir='ltr'>iure</span> <span class='ocrx_word' id='word_1_366' title='bbox 1698 1422 1746 1456; x_wconf 90' lang='lat' dir='ltr'>vel</span> 
     </span>
     <span class='ocr_line' id='line_1_78' title="bbox 999 1477 1748 1523; baseline -0.005 -10"><span class='ocrx_word' id='word_1_367' title='bbox 999 1481 1038 1513; x_wconf 82' lang='lat' dir='ltr'>ab</span> <span class='ocrx_word' id='word_1_368' title='bbox 1065 1480 1214 1517; x_wconf 77' lang='lat' dir='ltr'>bomine,</span> <span class='ocrx_word' id='word_1_369' title='bbox 1236 1479 1345 1523; x_wconf 79' lang='lat' dir='ltr'>quavis</span> <span class='ocrx_word' id='word_1_370' title='bbox 1376 1478 1550 1511; x_wconf 33' lang='lat' dir='ltr'>occasione*</span> <span class='ocrx_word' id='word_1_371' title='bbox 1573 1477 1621 1509; x_wconf 75' lang='lat' dir='ltr'>vel</span> <span class='ocrx_word' id='word_1_372' title='bbox 1651 1486 1748 1509; x_wconf 81' lang='lat' dir='ltr'>causa</span> 
     </span>
     <span class='ocr_line' id='line_1_79' title="bbox 1001 1530 1747 1577; baseline -0.007 -10"><span class='ocrx_word' id='word_1_373' title='bbox 1001 1534 1091 1573; x_wconf 87' lang='lat' dir='ltr'>latis,</span> <span class='ocrx_word' id='word_1_374' title='bbox 1115 1534 1141 1566; x_wconf 88' lang='lat' dir='ltr'>si</span> <span class='ocrx_word' id='word_1_375' title='bbox 1162 1533 1278 1577; x_wconf 83' lang='lat' dir='ltr'>quibus</span> <span class='ocrx_word' id='word_1_376' title='bbox 1303 1531 1550 1575; x_wconf 88' lang='lat' dir='ltr'>quomodolibet</span> <span class='ocrx_word' id='word_1_377' title='bbox 1574 1530 1747 1563; x_wconf 85' lang='lat' dir='ltr'>innodatae</span> 
     </span>
     <span class='ocr_line' id='line_1_80' title="bbox 1001 1583 1747 1628; baseline -0.007 -8"><span class='ocrx_word' id='word_1_378' title='bbox 1001 1587 1147 1624; x_wconf 85' lang='lat' dir='ltr'>existunt,</span> <span class='ocrx_word' id='word_1_379' title='bbox 1173 1587 1212 1619; x_wconf 87' lang='lat' dir='ltr'>ad</span> <span class='ocrx_word' id='word_1_380' title='bbox 1234 1586 1383 1618; x_wconf 71' lang='lat' dir='ltr'>esse-:tum</span> <span class='ocrx_word' id='word_1_381' title='bbox 1411 1584 1627 1628; x_wconf 85' lang='lat' dir='ltr'>praesentium</span> <span class='ocrx_word' id='word_1_382' title='bbox 1655 1583 1747 1616; x_wconf 89' lang='lat' dir='ltr'>dum-</span> 
     </span>
     <span class='ocr_line' id='line_1_81' title="bbox 1002 1637 1747 1683; baseline -0.005 -9"><span class='ocrx_word' id='word_1_383' title='bbox 1002 1647 1083 1674; x_wconf 79' lang='lat' dir='ltr'>taxat</span> <span class='ocrx_word' id='word_1_384' title='bbox 1105 1640 1380 1683; x_wconf 69' lang='lat' dir='ltr'>consequendum,</span> <span class='ocrx_word' id='word_1_385' title='bbox 1405 1638 1520 1671; x_wconf 87' lang='lat' dir='ltr'>harum</span> <span class='ocrx_word' id='word_1_386' title='bbox 1540 1637 1622 1670; x_wconf 87' lang='lat' dir='ltr'>serie</span> <span class='ocrx_word' id='word_1_387' title='bbox 1643 1637 1747 1670; x_wconf 89' lang='lat' dir='ltr'>absol-</span> 
     </span>
     <span class='ocr_line' id='line_1_82' title="bbox 1001 1692 1748 1730; baseline -0.003 -5"><span class='ocrx_word' id='word_1_388' title='bbox 1001 1700 1107 1727; x_wconf 87' lang='lat' dir='ltr'>ventes</span> <span class='ocrx_word' id='word_1_389' title='bbox 1130 1699 1159 1726; x_wconf 89' lang='lat' dir='ltr'>et</span> <span class='ocrx_word' id='word_1_390' title='bbox 1180 1693 1343 1725; x_wconf 84' lang='lat' dir='ltr'>absolutas</span> <span class='ocrx_word' id='word_1_391' title='bbox 1371 1692 1438 1725; x_wconf 88' lang='lat' dir='ltr'>sore</span> <span class='ocrx_word' id='word_1_392' title='bbox 1470 1696 1651 1730; x_wconf 86' lang='lat' dir='ltr'>censentes;</span> <span class='ocrx_word' id='word_1_393' title='bbox 1674 1701 1748 1723; x_wconf 86' lang='lat' dir='ltr'>nec-</span> 
     </span>
     <span class='ocr_line' id='line_1_83' title="bbox 1001 1745 1747 1789; baseline -0.004 -9"><span class='ocrx_word' id='word_1_394' title='bbox 1001 1758 1064 1781; x_wconf 90' lang='lat' dir='ltr'>non</span> <span class='ocrx_word' id='word_1_395' title='bbox 1086 1747 1278 1781; x_wconf 85' lang='lat' dir='ltr'>concordiae</span> <span class='ocrx_word' id='word_1_396' title='bbox 1304 1753 1335 1780; x_wconf 87' lang='lat' dir='ltr'>et</span> <span class='ocrx_word' id='word_1_397' title='bbox 1359 1745 1563 1779; x_wconf 90' lang='lat' dir='ltr'>instrumenti</span> <span class='ocrx_word' id='word_1_398' title='bbox 1591 1745 1747 1789; x_wconf 83' lang='lat' dir='ltr'>praefato-</span> 
     </span>
     <span class='ocr_line' id='line_1_84' title="bbox 1002 1798 1747 1843; baseline -0.005 -9"><span class='ocrx_word' id='word_1_399' title='bbox 1002 1812 1072 1834; x_wconf 89' lang='lat' dir='ltr'>rum</span> <span class='ocrx_word' id='word_1_400' title='bbox 1106 1801 1247 1834; x_wconf 82' lang='lat' dir='ltr'>veriores</span> <span class='ocrx_word' id='word_1_401' title='bbox 1280 1807 1406 1833; x_wconf 89' lang='lat' dir='ltr'>tenores</span> <span class='ocrx_word' id='word_1_402' title='bbox 1437 1798 1659 1843; x_wconf 89' lang='lat' dir='ltr'>praesentibus</span> <span class='ocrx_word' id='word_1_403' title='bbox 1689 1808 1747 1842; x_wconf 86' lang='lat' dir='ltr'>pro</span> 
     </span>
     <span class='ocr_line' id='line_1_85' title="bbox 1000 1852 1745 1899; baseline -0.005 -11"><span class='ocrx_word' id='word_1_404' title='bbox 1000 1855 1157 1899; x_wconf 73' lang='lat' dir='ltr'>expressis</span> <span class='ocrx_word' id='word_1_405' title='bbox 1178 1855 1334 1887; x_wconf 85' lang='lat' dir='ltr'>habentes</span> <span class='ocrx_word' id='word_1_406' title='bbox 1347 1882 1354 1894; x_wconf 81' lang='lat'>,</span> <span class='ocrx_word' id='word_1_407' title='bbox 1375 1852 1561 1887; x_wconf 87' lang='lat' dir='ltr'>huiusmodi</span> <span class='ocrx_word' id='word_1_408' title='bbox 1581 1852 1745 1896; x_wconf 86' lang='lat' dir='ltr'>supplica-</span> 
     </span>
     <span class='ocr_line' id='line_1_86' title="bbox 1002 1904 1748 1947; baseline -0.007 -5"><span class='ocrx_word' id='word_1_409' title='bbox 1002 1909 1142 1942; x_wconf 84' lang='lat' dir='ltr'>tionibus</span> <span class='ocrx_word' id='word_1_410' title='bbox 1162 1907 1317 1947; x_wconf 81' lang='lat' dir='ltr'>inclinati,</span> <span class='ocrx_word' id='word_1_411' title='bbox 1336 1906 1543 1940; x_wconf 77' lang='lat' dir='ltr'>concordiam</span> <span class='ocrx_word' id='word_1_412' title='bbox 1563 1904 1748 1938; x_wconf 88' lang='lat' dir='ltr'>huiusmodi</span> 
     </span>
     <span class='ocr_line' id='line_1_87' title="bbox 1001 1960 1749 2006; baseline -0.005 -10"><span class='ocrx_word' id='word_1_413' title='bbox 1001 1969 1030 1996; x_wconf 86' lang='lat' dir='ltr'>et</span> <span class='ocrx_word' id='word_1_414' title='bbox 1052 1963 1191 2006; x_wconf 88' lang='lat' dir='ltr'>desuper</span> <span class='ocrx_word' id='word_1_415' title='bbox 1218 1962 1400 1995; x_wconf 87' lang='lat' dir='ltr'>confectum</span> <span class='ocrx_word' id='word_1_416' title='bbox 1426 1960 1694 2000; x_wconf 85' lang='lat' dir='ltr'>instrumentum,</span> <span class='ocrx_word' id='word_1_417' title='bbox 1719 1964 1749 1992; x_wconf 88' lang='lat' dir='ltr'>et</span> 
     </span>
     <span class='ocr_line' id='line_1_88' title="bbox 1002 2013 1749 2061; baseline -0.005 -12"><span class='ocrx_word' id='word_1_418' title='bbox 1002 2023 1098 2061; x_wconf 89' lang='lat' dir='ltr'>prout</span> <span class='ocrx_word' id='word_1_419' title='bbox 1120 2016 1173 2049; x_wconf 89' lang='lat' dir='ltr'>illa</span> <span class='ocrx_word' id='word_1_420' title='bbox 1193 2021 1415 2055; x_wconf 88' lang='lat' dir='ltr'>concernunt,</span> <span class='ocrx_word' id='word_1_421' title='bbox 1433 2014 1546 2047; x_wconf 52' lang='lat' dir='ltr'>*omnia</span> <span class='ocrx_word' id='word_1_422' title='bbox 1567 2020 1598 2046; x_wconf 90' lang='lat' dir='ltr'>et</span> <span class='ocrx_word' id='word_1_423' title='bbox 1623 2013 1749 2055; x_wconf 83' lang='lat' dir='ltr'>singula</span> 
     </span>
     <span class='ocr_line' id='line_1_89' title="bbox 1002 2067 1750 2114; baseline -0.005 -11"><span class='ocrx_word' id='word_1_424' title='bbox 1002 2070 1129 2114; x_wconf 88' lang='lat' dir='ltr'>quaein</span> <span class='ocrx_word' id='word_1_425' title='bbox 1144 2070 1229 2103; x_wconf 88' lang='lat' dir='ltr'>dieto</span> <span class='ocrx_word' id='word_1_426' title='bbox 1244 2069 1469 2108; x_wconf 82' lang='lat' dir='ltr'>instrumento,</span> <span class='ocrx_word' id='word_1_427' title='bbox 1486 2067 1616 2101; x_wconf 87' lang='lat' dir='ltr'>inl&#39;erius</span> <span class='ocrx_word' id='word_1_428' title='bbox 1631 2067 1750 2101; x_wconf 87' lang='lat' dir='ltr'>adscri-</span> 
     </span>
     <span class='ocr_line' id='line_1_90' title="bbox 1002 2122 1750 2168; baseline -0.005 -11"><span class='ocrx_word' id='word_1_429' title='bbox 1002 2130 1078 2168; x_wconf 87' lang='lat' dir='ltr'>pto,</span> <span class='ocrx_word' id='word_1_430' title='bbox 1103 2123 1327 2162; x_wconf 88' lang='lat' dir='ltr'>continentur,</span> <span class='ocrx_word' id='word_1_431' title='bbox 1353 2129 1380 2155; x_wconf 91' lang='lat' dir='ltr'>et</span> <span class='ocrx_word' id='word_1_432' title='bbox 1404 2122 1477 2155; x_wconf 89' lang='lat' dir='ltr'>inde</span> <span class='ocrx_word' id='word_1_433' title='bbox 1498 2127 1633 2165; x_wconf 85' lang='lat' dir='ltr'>sequuta</span> <span class='ocrx_word' id='word_1_434' title='bbox 1653 2130 1750 2164; x_wconf 83' lang='lat' dir='ltr'>quae-</span> 
     </span>
     <span class='ocr_line' id='line_1_91' title="bbox 1003 2173 1749 2221; baseline -0.007 -10"><span class='ocrx_word' id='word_1_435' title='bbox 1003 2188 1153 2221; x_wconf 87' lang='lat' dir='ltr'>cumque,</span> <span class='ocrx_word' id='word_1_436' title='bbox 1177 2176 1301 2210; x_wconf 86' lang='lat' dir='ltr'>etiamsi</span> <span class='ocrx_word' id='word_1_437' title='bbox 1320 2177 1359 2209; x_wconf 86' lang='lat' dir='ltr'>ad</span> <span class='ocrx_word' id='word_1_438' title='bbox 1378 2175 1577 2209; x_wconf 85' lang='lat' dir='ltr'>exactionem</span> <span class='ocrx_word' id='word_1_439' title='bbox 1599 2173 1749 2218; x_wconf 82' lang='lat' dir='ltr'>pecunia-</span> 
     </span>
     <span class='ocr_line' id='line_1_92' title="bbox 1002 2229 1746 2267; baseline -0.005 -4"><span class='ocrx_word' id='word_1_440' title='bbox 1002 2241 1074 2263; x_wconf 90' lang='lat' dir='ltr'>rum</span> <span class='ocrx_word' id='word_1_441' title='bbox 1102 2231 1132 2263; x_wconf 92' lang='lat' dir='ltr'>in</span> <span class='ocrx_word' id='word_1_442' title='bbox 1155 2231 1267 2263; x_wconf 86' lang='lat' dir='ltr'>eadem</span> <span class='ocrx_word' id='word_1_443' title='bbox 1298 2229 1471 2263; x_wconf 88' lang='lat' dir='ltr'>concordia</span> <span class='ocrx_word' id='word_1_444' title='bbox 1500 2233 1746 2267; x_wconf 85' lang='lat' dir='ltr'>contentarum,</span> 
     </span>
     <span class='ocr_line' id='line_1_93' title="bbox 1004 2280 1751 2316; baseline -0.005 0"><span class='ocrx_word' id='word_1_445' title='bbox 1004 2283 1099 2316; x_wconf 84' lang='lat' dir='ltr'>etiarn</span> <span class='ocrx_word' id='word_1_446' title='bbox 1121 2289 1192 2316; x_wconf 86' lang='lat' dir='ltr'>ante</span> <span class='ocrx_word' id='word_1_447' title='bbox 1211 2283 1396 2315; x_wconf 87' lang='lat' dir='ltr'>huiusmodi</span> <span class='ocrx_word' id='word_1_448' title='bbox 1415 2287 1557 2314; x_wconf 83' lang='lat' dir='ltr'>nostram</span> <span class='ocrx_word' id='word_1_449' title='bbox 1579 2280 1751 2313; x_wconf 85' lang='lat' dir='ltr'>confirma-</span> 
     </span>
     <span class='ocr_line' id='line_1_94' title="bbox 1004 2334 1747 2378; baseline -0.004 -9"><span class='ocrx_word' id='word_1_450' title='bbox 1004 2336 1136 2377; x_wconf 91' lang='lat' dir='ltr'>tionem,</span> <span class='ocrx_word' id='word_1_451' title='bbox 1158 2337 1189 2369; x_wconf 93' lang='lat' dir='ltr'>in</span> <span class='ocrx_word' id='word_1_452' title='bbox 1211 2343 1311 2370; x_wconf 87' lang='lat' dir='ltr'>totum</span> <span class='ocrx_word' id='word_1_453' title='bbox 1335 2336 1382 2368; x_wconf 83' lang='lat' dir='ltr'>vel</span> <span class='ocrx_word' id='word_1_454' title='bbox 1404 2336 1435 2367; x_wconf 90' lang='lat' dir='ltr'>in</span> <span class='ocrx_word' id='word_1_455' title='bbox 1457 2340 1581 2378; x_wconf 87' lang='lat' dir='ltr'>partem</span> <span class='ocrx_word' id='word_1_456' title='bbox 1609 2334 1648 2367; x_wconf 66' lang='lat' dir='ltr'>ffl‘t</span> <span class='ocrx_word' id='word_1_457' title='bbox 1669 2344 1747 2378; x_wconf 90' lang='lat' dir='ltr'>pro-</span> 
     </span>
     <span class='ocr_line' id='line_1_95' title="bbox 1005 2388 1751 2433; baseline -0.004 -10"><span class='ocrx_word' id='word_1_458' title='bbox 1005 2400 1149 2431; x_wconf 81' lang='lat' dir='ltr'>cessum,</span> <span class='ocrx_word' id='word_1_459' title='bbox 1178 2390 1354 2433; x_wconf 84' lang='lat' dir='ltr'>apostolica</span> <span class='ocrx_word' id='word_1_460' title='bbox 1390 2388 1601 2427; x_wconf 83' lang='lat' dir='ltr'>auctoritate,</span> <span class='ocrx_word' id='word_1_461' title='bbox 1640 2394 1751 2421; x_wconf 86' lang='lat' dir='ltr'>tenore</span> 
     </span>
     <span class='ocr_line' id='line_1_96' title="bbox 1006 2442 1748 2487; baseline -0.001 -12"><span class='ocrx_word' id='word_1_462' title='bbox 1006 2443 1234 2487; x_wconf 77' lang='lat' dir='ltr'>praesentium,</span> <span class='ocrx_word' id='word_1_463' title='bbox 1260 2443 1479 2486; x_wconf 86' lang='lat' dir='ltr'>approbamus</span> <span class='ocrx_word' id='word_1_464' title='bbox 1511 2448 1541 2475; x_wconf 88' lang='lat' dir='ltr'>et</span> <span class='ocrx_word' id='word_1_465' title='bbox 1572 2442 1748 2475; x_wconf 85' lang='lat' dir='ltr'>confirma-</span> 
     </span>
     <span class='ocr_line' id='line_1_97' title="bbox 1005 2495 1752 2540; baseline -0.003 -11"><span class='ocrx_word' id='word_1_466' title='bbox 1005 2508 1086 2537; x_wconf 89' lang='lat' dir='ltr'>mus,</span> <span class='ocrx_word' id='word_1_467' title='bbox 1108 2497 1233 2540; x_wconf 88' lang='lat' dir='ltr'>illisque</span> <span class='ocrx_word' id='word_1_468' title='bbox 1255 2502 1428 2540; x_wconf 79' lang='lat' dir='ltr'>perpetuae</span> <span class='ocrx_word' id='word_1_469' title='bbox 1443 2501 1473 2528; x_wconf 88' lang='lat' dir='ltr'>et</span> <span class='ocrx_word' id='word_1_470' title='bbox 1488 2495 1680 2529; x_wconf 81' lang='lat' dir='ltr'>inviolabilis</span> <span class='ocrx_word' id='word_1_471' title='bbox 1698 2495 1752 2527; x_wconf 87' lang='lat' dir='ltr'>fir-</span> 
     </span>
     <span class='ocr_line' id='line_1_98' title="bbox 1009 2549 1781 2593; baseline 0 -11"><span class='ocrx_word' id='word_1_472' title='bbox 1009 2549 1127 2583; x_wconf 85' lang='lat' dir='ltr'>mitatis</span> <span class='ocrx_word' id='word_1_473' title='bbox 1138 2550 1239 2583; x_wconf 85' lang='lat' dir='ltr'>robur</span> <span class='ocrx_word' id='word_1_474' title='bbox 1252 2549 1432 2590; x_wconf 86' lang='lat' dir='ltr'>adiicimus,</span> <span class='ocrx_word' id='word_1_475' title='bbox 1443 2549 1628 2593; x_wconf 89' lang='lat' dir='ltr'>supplentes</span> <span class='ocrx_word' id='word_1_476' title='bbox 1642 2558 1753 2582; x_wconf 90' lang='lat' dir='ltr'>omnes</span> <span class='ocrx_word' id='word_1_477' title='bbox 1776 2589 1781 2593; x_wconf 36' lang='grc'>,</span> 
     </span>
     <span class='ocr_line' id='line_1_99' title="bbox 1009 2602 1749 2647; baseline -0.003 -10"><span class='ocrx_word' id='word_1_478' title='bbox 1009 2609 1038 2637; x_wconf 86' lang='lat' dir='ltr'>et</span> <span class='ocrx_word' id='word_1_479' title='bbox 1058 2603 1202 2646; x_wconf 81' lang='lat' dir='ltr'>singulos</span> <span class='ocrx_word' id='word_1_480' title='bbox 1222 2609 1285 2637; x_wconf 89' lang='lat' dir='ltr'>tam</span> <span class='ocrx_word' id='word_1_481' title='bbox 1305 2602 1382 2636; x_wconf 89' lang='lat' dir='ltr'>iuris</span> <span class='ocrx_word' id='word_1_482' title='bbox 1395 2613 1491 2647; x_wconf 90' lang='lat' dir='ltr'>quam</span> <span class='ocrx_word' id='word_1_483' title='bbox 1505 2602 1578 2637; x_wconf 87' lang='lat' dir='ltr'>sacti</span> <span class='ocrx_word' id='word_1_484' title='bbox 1597 2602 1749 2643; x_wconf 84' lang='lat' dir='ltr'>defectus,</span> 
     </span>
    </p>
   </div>
   <div class='ocr_carea' id='block_1_17' title="bbox 1668 185 1938 222">
    <p class='ocr_par' dir='ltr' id='par_1_22' title="bbox 1668 185 1938 222">
     <span class='ocr_line' id='line_1_100' title="bbox 1668 185 1938 222; baseline 0.015 -4"><span class='ocrx_word' id='word_1_485' title='bbox 1668 185 1711 218; x_wconf 70' lang='lat'>45</span> <span class='ocrx_word' id='word_1_486' title='bbox 1757 195 1804 221; x_wconf 74' lang='lat' dir='ltr'>An.</span> <span class='ocrx_word' id='word_1_487' title='bbox 1823 195 1852 222; x_wconf 86' lang='lat' dir='ltr'>c.</span> <span class='ocrx_word' id='word_1_488' title='bbox 1872 194 1938 222; x_wconf 84' lang='lat'>1593</span> 
     </span>
    </p>
   </div>
   <div class='ocr_carea' id='block_1_18' title="bbox 1756 468 1940 574">
    <p class='ocr_par' dir='ltr' id='par_1_23' title="bbox 1756 468 1940 574">
     <span class='ocr_line' id='line_1_101' title="bbox 1783 468 1940 492; baseline -0.006 -3"><span class='ocrx_word' id='word_1_489' title='bbox 1783 468 1851 492; x_wconf 78' lang='lat' dir='ltr'>Quare</span> <span class='ocrx_word' id='word_1_490' title='bbox 1868 468 1940 488; x_wconf 84' lang='lat' dir='ltr'>initam</span> 
     </span>
     <span class='ocr_line' id='line_1_102' title="bbox 1756 495 1940 515; baseline -0.005 0"><span class='ocrx_word' id='word_1_491' title='bbox 1756 495 1810 515; x_wconf 73' lang='lat' dir='ltr'>intm-</span> <span class='ocrx_word' id='word_1_492' title='bbox 1821 501 1842 515; x_wconf 83' lang='lat' dir='ltr'>sc</span> <span class='ocrx_word' id='word_1_493' title='bbox 1854 500 1940 515; x_wconf 73' lang='lat' dir='ltr'>criticor-</span> 
     </span>
     <span class='ocr_line' id='line_1_103' title="bbox 1756 521 1940 542; baseline 0 -1"><span class='ocrx_word' id='word_1_494' title='bbox 1756 522 1811 542; x_wconf 77' lang='lat' dir='ltr'>diam</span> <span class='ocrx_word' id='word_1_495' title='bbox 1821 521 1940 542; x_wconf 77' lang='lat' dir='ltr'>confirmari</span> 
     </span>
     <span class='ocr_line' id='line_1_104' title="bbox 1756 550 1835 574; baseline 0 -6"><span class='ocrx_word' id='word_1_496' title='bbox 1756 550 1835 574; x_wconf 84' lang='lat' dir='ltr'>potunt.</span> 
     </span>
    </p>
   </div>
   <div class='ocr_carea' id='block_1_19' title="bbox 1761 1108 1945 1156">
    <p class='ocr_par' dir='ltr' id='par_1_24' title="bbox 1761 1108 1945 1156">
     <span class='ocr_line' id='line_1_105' title="bbox 1811 1108 1945 1128; baseline -0.022 0"><span class='ocrx_word' id='word_1_497' title='bbox 1811 1108 1861 1128; x_wconf 83' lang='lat' dir='ltr'>Eam</span> <span class='ocrx_word' id='word_1_498' title='bbox 1877 1109 1945 1127; x_wconf 73' lang='lat' dir='ltr'>ratam</span> 
     </span>
     <span class='ocr_line' id='line_1_106' title="bbox 1761 1133 1944 1156; baseline -0.005 -2"><span class='ocrx_word' id='word_1_499' title='bbox 1761 1134 1825 1154; x_wconf 79' lang='lat' dir='ltr'>habet,</span> <span class='ocrx_word' id='word_1_500' title='bbox 1835 1133 1944 1156; x_wconf 66' lang='lat' dir='ltr'>Clemens.</span> 
     </span>
    </p>
   </div>
  </div>
 </body>
</html>
