2253 3195
253 231 306 258 An.
321 230 350 258 c.
373 231 442 259 1597
486 218 550 256 336

452 281 548 315 etiam
566 278 843 322 derogatoriarum
863 277 1088 320 derogatoriis,
1105 277 1194 311 aliis-

452 344 515 378 que
539 332 772 366 efficacioribus
801 337 832 364 et
857 331 994 364 insolitis
1022 331 1194 372 clausulis,

452 386 716 428 irritantibusque
741 390 773 417 et
800 384 870 417 aliis
891 384 1027 418 decretis
1052 395 1193 428 quomo-

453 439 595 479 dolibet,
619 438 715 472 etiam
739 448 797 481 per
822 448 881 471 nos
907 443 938 471 et
959 437 1077 471 Sedem
1102 448 1193 471 eam-

454 493 526 525 dem
549 491 727 532 concessis,
751 491 950 524 confirmatis
970 497 1000 524 et
1025 491 1193 525 innovatis.

453 545 574 584 Quibus
594 544 755 585 omnibus,
771 544 897 578 etiamsi
912 555 971 588 pro
990 544 1119 578 illorum
1133 546 1198 578 suf-

455 598 575 631 ficienti
604 598 812 641 derogatione
844 598 884 631 de
914 597 994 639 illis,
1019 609 1197 643 eorumque

452 652 527 684 totis
559 652 724 685 tenoribus
753 651 920 695 specialis,
944 652 1115 695 specifica,
1139 663 1195 686 ex-

452 715 563 749 pressa
582 710 614 738 et
632 705 808 745 individua,
831 715 868 738 ac
885 705 925 738 de
948 705 1047 738 verbo
1069 706 1109 739 ad
1128 717 1199 739 ver-

452 758 542 799 bum,
565 769 630 791 non
651 764 759 792 autem
779 769 837 802 per
853 759 1012 792 clausulas
1032 760 1198 801 generales

454 812 539 845 idem
564 812 796 856 importantes,
820 812 942 846 mentio
957 840 964 854 ,
988 823 1045 846 seu
1069 813 1199 857 quaevis

454 866 517 899 alia
542 867 704 910 expressio
729 866 894 907 habenda,
921 872 977 900 aut
1003 867 1111 911 aliqua
1137 867 1199 900 alia

455 919 612 963 exquisita
638 920 743 953 forma
765 920 805 953 ad
829 920 891 953 hoe
916 921 1073 954 servanda
1092 921 1174 954 foret
1188 933 1196 961 ;

455 972 518 1006 illis
531 972 610 1006 alias
622 973 655 1005 in
669 983 728 1006 suo
749 973 866 1006 robore
887 973 1119 1017 permansuris,
1139 973 1200 1007 hac

454 1025 522 1059 vice
543 1026 708 1059 dumtaxat
727 1026 911 1070 specialiter
927 1032 958 1059 et
977 1037 1124 1070 expresse
1145 1027 1200 1060 de-

454 1089 627 1122 rogamus,
651 1080 820 1113 contrariis
840 1079 1112 1125 quibuseumque.
1138 1082 1200 1114 Aut

454 1132 479 1166 si
513 1132 697 1177 aliquibus,
727 1134 944 1167 communiter
967 1134 1016 1167 vel
1047 1133 1172 1167 divisim
1188 1162 1195 1175 ,

454 1187 493 1219 ab
519 1186 632 1220 eadem
658 1187 698 1220 sit
723 1187 804 1221 Sede
829 1187 1006 1228 indultum,
1029 1188 1117 1232 quod
1144 1188 1195 1220 in-

456 1239 579 1280 terdici,
595 1240 764 1284 suspendi,
780 1240 829 1273 vel
841 1240 1116 1274 excommunicari
1133 1251 1198 1274 non

460 1293 583 1336 possint
608 1303 666 1337 per
692 1293 814 1326 litteras
836 1294 1028 1338 apostolicas
1054 1304 1119 1327 non
1148 1294 1195 1327 sa-

455 1346 575 1380 cientes
592 1347 720 1391 plenam
739 1353 769 1380 et
781 1356 963 1391 expressam
975 1375 982 1387 ,
999 1358 1035 1381 ae
1048 1348 1087 1381 de
1100 1347 1198 1381 verbo

455 1400 494 1432 ad
515 1400 665 1440 verbum,
689 1401 728 1434 de
750 1400 875 1434 indulto
896 1401 1081 1435 huiusmodi
1102 1411 1196 1434 men-

456 1453 599 1494 tionem;
623 1459 653 1487 et
672 1454 836 1497 quibusvis
865 1454 935 1487 aliis
964 1455 1138 1498 privilegiis
1168 1460 1199 1488 et

456 1507 571 1541 litteris
597 1508 798 1552 apostolicis,
822 1508 1028 1551 generalibus
1048 1509 1096 1542 vel
1120 1520 1195 1553 spe-

456 1560 608 1601 cialibus,
638 1571 920 1605 quorumcumque
952 1568 1101 1595 tenorum
1127 1562 1195 1596 exi-

455 1619 550 1654 stant,
567 1625 626 1658 per
643 1625 725 1658 quae
744 1615 967 1658 praesentibus
985 1625 1050 1648 non
1071 1626 1198 1659 expres-

455 1678 507 1709 sa,
531 1668 579 1701 vel
601 1668 742 1701 totaliter
761 1679 827 1702 non
852 1669 971 1702 inserta
995 1669 1127 1703 effectus
1145 1680 1198 1703 ea-

457 1731 527 1754 rum
558 1722 709 1766 impediri
742 1723 844 1756 valeat
877 1723 1123 1766 quomodolibet
1151 1724 1198 1757 vel

455 1774 587 1816 differri,
608 1781 637 1808 et
656 1775 694 1808 de
716 1775 833 1819 quibus
853 1786 1135 1821 quorumcumque
1153 1782 1200 1810 to-

457 1828 495 1860 tis
519 1828 685 1861 tenoribus
717 1828 756 1862 de
789 1829 886 1861 verbo
911 1830 951 1862 ad
982 1830 1115 1863 verbum
1137 1830 1197 1863 ha-

457 1881 562 1913 benda
584 1881 624 1914 sit
649 1881 679 1914 in
701 1882 818 1914 nostris
838 1881 952 1915 litteris
979 1883 1100 1916 mentio
1128 1894 1200 1927 spe-

455 1935 554 1967 cialis.
571 1934 725 1968 Volumus
745 1940 851 1968 autem
870 1936 956 1978 quod
975 1936 999 1969 si
1020 1936 1127 1980 aliqua
1140 1936 1202 1969 alia

457 1988 655 2029 indulgentia
669 1988 760 2021 suerit
777 1999 834 2032 per
847 1998 905 2021 nos
923 1989 1026 2022 eidem
1048 1989 1201 2023 ecclesiae

455 2054 510 2075 seu
528 2042 671 2086 capellae
685 2052 847 2081 concessa,
859 2041 983 2075 litterae
997 2042 1084 2085 ipsae
1095 2043 1201 2086 quoad

457 2095 690 2137 indulgentiam
706 2094 891 2128 huiusmodi
912 2095 975 2128 sint
995 2095 1114 2135 nullae,
1130 2096 1201 2129 nul-

457 2149 582 2192 liusque
611 2149 727 2181 valoris
751 2155 778 2181 et
812 2149 966 2181 momenti
998 2149 1142 2182 existant.
1167 2150 1202 2182 ΕΙ,

459 2203 590 2246 insuper
610 2214 644 2235 ex
667 2213 751 2235 nunc
773 2202 868 2236 etiam
902 2202 1027 2235 irritum
1054 2203 1201 2236 decerni-

459 2267 528 2288 mus
549 2262 580 2288 et
605 2256 699 2288 inane
726 2256 750 2288 si
778 2267 870 2289 secus
890 2256 1053 2299 superbis
1078 2268 1095 2289 a
1116 2267 1199 2300 quo·

458 2321 574 2353 «paam,
605 2309 716 2353 quavis
747 2309 959 2349 auctoritate,
987 2309 1126 2342 scienter
1155 2310 1201 2343 vel

459 2363 656 2402 ignoranter,
681 2362 850 2403 contigerit
870 2363 1031 2396 attentari.

505 2418 520 2457 ς
543 2416 594 2449 12.
625 2416 707 2449 Nulli
729 2427 806 2457 ergo
827 2417 959 2449 omniuo
981 2416 1149 2449 bominum
1169 2416 1204 2449 li-

297 2469 349 2508 „Jm'
365 2472 378 2483 ¹¹
460 2475 525 2501 reat
547 2470 626 2502 bam·
649 2470 796 2513 pagio-'nn
818 2475 1002 2502 nostrornm
1029 2469 1203 2503 absolutio-

462 2522 520 2560 nis,
542 2523 796 2566 approbationis,
820 2522 1075 2556 confirmationis
1095 2523 1203 2565 singu-

463 2576 566 2607 lorum
588 2575 803 2615 dau-renuunt,
824 2576 1046 2620 suppletionis,
1070 2575 1205 2609 erectio-

464 2627 522 2666 nis,
548 2628 767 2670 institutionis,
790 2629 1025 2673 applicationis,
1046 2629 1205 2673 approba-

1036 230 1220 254 BULLARIUM
1236 230 1389 255 Romnum

1232 278 1338 319 tionis,
1350 278 1476 320 indulti,
1486 279 1733 322 constitutionis,
1743 279 1969 325 deputationiS,

1230 331 1496 377 singularumque
1520 333 1777 374 concessionum,
1805 334 1970 377 elargitio-

1230 395 1308 418 num
1324 412 1331 426 ,
1354 386 1517 427 mandati,
1538 386 1773 429 derogationis,
1800 387 1973 420 voluntatis

1230 439 1472 482 praedictorum
1495 439 1683 482 infringere,
1705 440 1755 473 vel
1775 439 1804 473 ei
1824 451 1903 473 ausu
1922 446 1971 473 te-

1230 492 1371 525 merario
1401 492 1583 533 contraire;
1617 493 1643 526 si
1670 493 1742 537 quis
1775 498 1882 526 autem
1913 492 1974 526 hoc

1231 550 1387 579 attentare
1415 546 1686 590 praesumpserit,
1719 546 1974 589 indignationem

1231 598 1462 642 omnipotentis
1484 599 1562 640 Dei,
1583 610 1620 632 ae
1639 600 1811 633 Beatorum
1838 599 1924 632 Petri
1945 604 1976 632 et

1230 651 1321 684 Pauli
1334 652 1563 696 Apostolorum
1578 653 1654 686 Eius
1674 663 1707 686 se
1727 652 1853 686 noverit
1869 652 1976 685 incur-

1231 715 1355 738 surum.
1479 697 1483 701 ⁵

1275 759 1390 792 Datum
1416 759 1538 793 Romae
1565 760 1651 803 apud
1676 760 1707 794 S.
1731 760 1860 793 Petrum
1890 770 1976 793 anno

1232 811 1464 846 Incarnationis
1482 813 1670 846 Dominicae
1687 813 1859 847 millesimo
1876 813 1974 857 quin-

1233 866 1412 909 gentesimo
1431 867 1643 909 nonagesimo
1660 872 1759 907 sexto,
1771 877 1859 900 nono
1869 867 1974 900 kalen.

1234 919 1352 960 martii,
1375 919 1582 963 pontificatus
1606 919 1707 953 nostri
1727 930 1812 953 anno
1832 925 1930 954 sexto.

1268 981 1330 1008 Dat.
1350 981 1394 1009 die
1413 981 1443 1008 21
1462 981 1592 1009 februarii
1609 982 1687 1016 1597,
1707 976 1804 1017 pontif.
1821 989 1866 1008 an.
1886 987 1923 1008 vl.

1566 1161 1636 1195 CLI.

1235 1266 1425 1310 Colleqv'ales
1449 1266 1579 1310 colleqii
1605 1267 1806 1300 medicorum
1831 1268 1976 1301 civitatis

1277 1329 1531 1362 Medv‘olauensz's
1548 1334 1701 1363 creantur
1713 1330 1843 1363 comites
1852 1329 1977 1373 palati-

1277 1391 1314 1424 ni
1333 1391 1522 1424 etAuratae
1542 1391 1686 1424 militiae
1705 1392 1828 1435 equites
1841 1391 1861 1425 ¹.

1287 1479 1412 1507 Dilectis
1432 1479 1504 1506 filiis
1525 1479 1697 1507 doctoribus
1716 1479 1927 1514 philosophiae

1233 1542 1267 1562 ac
1281 1533 1448 1561 medicinae
1460 1533 1580 1568 collegii
1598 1532 1734 1561 civitatis
1746 1532 1979 1560 Hediolanensis

1404 1585 1562 1616 clemens
1582 1586 1677 1627 Papa
1698 1585 1792 1616 vlu.

1511 1649 1619 1678 nilecti
1633 1649 1700 1683 filii,

1277 1704 1406 1731 salutem
1422 1705 1454 1731 et.
1469 1703 1666 1737 apostolicam
1685 1702 1936 1731 benedictionem.

1988 231 2036 258 An.
2053 230 2082 259 c.
2103 231 2168 261 ¹597

2217 259 2229 273 V

2200 277 2207 287 ⁸
2223 286 2230 294 ι

1278 1776 1442 1809 Romanus
1469 1774 1614 1808 Pontifex
1641 1774 1818 1817 gratiarum
1846 1784 1978 1808 suarum
2020 1779 2140 1802 Exordium·

1235 1828 1320 1861 dona
1347 1827 1410 1861 illis
1438 1827 1577 1861 libenter
1603 1826 1762 1870 impertiri
1794 1826 1975 1868 consuevit,

1235 1893 1376 1927 quorum
1406 1882 1508 1926 pietas
1538 1887 1569 1915 et
1593 1881 1718 1923 religio,
1741 1881 1979 1926 singularisque

1236 1936 1267 1969 in
1297 1935 1513 1979 Apostolieam
1545 1935 1658 1968 Sedem
1690 1935 1768 1969 sides
1793 1940 1824 1968 et
1851 1934 1979 1969 devotio

1236 1994 1311 2022 nota
1332 1994 1361 2021 et
1383 1993 1551 2032 perspecta
1571 1993 1629 2021 est.

1281 2042 1296 2084 ,ξ
1321 2042 1351 2074 ’1.
1375 2042 1474 2081 Sane,
1499 2052 1590 2081 cum,
1614 2040 1693 2074 sieut
1717 2040 1918 2085 accepimus,
1941 2050 1979 2074 ex
1994 2045 2179 2093 iumfiffigfflgg

1236 2094 1448 2138 dispositione
1481 2099 1674 2128 statutorum
1706 2094 1798 2128 vestri
1829 2093 2008 2146 collegii,ss

2009 2099 2132 2120 orinioutum
2142 2102 2178 2120 no·
2212 2107 2214 2110 >

2010 2125 2092 2150 intans.
2105 2126 2127 2146 οι
2141 2124 2179 2146 do-

1236 2159 1318 2192 quae
1331 2148 1463 2192 antiqua
1476 2154 1560 2188 sunt,
1575 2148 1770 2192 quicumque
1784 2146 1815 2180 in
1830 2147 1908 2181 illud
1922 2146 1980 2180 ad·
1994 2152 2098 2200 dimin.
2108 2151 2178 2174 ‘⁸⁰⁰‘-

1237 2201 1318 2235 mitti
1337 2202 1474 2245 petierit,
1498 2207 1671 2245 antequam
1693 2201 1886 2245 recepiatur,
1902 2211 1979 2235 suae

1238 2255 1376 2288 sznniliae
1402 2255 1432 2287 in
1454 2255 1579 2288 cixitate
1603 2253 1831 2288 Mediolanensi
1856 2253 1977 2286 nobili-

1238 2314 1334 2341 tatem
1360 2314 1391 2341 et
1416 2307 1656 2351 antiquitatem,
1680 2306 1792 2339 saltem
1813 2317 1831 2339 a
1851 2312 1980 2340 eentum

1239 2362 1348 2405 viginti
1371 2361 1473 2401 annis,
1499 2366 1529 2394 et
1550 2361 1654 2405 ipsum
1672 2365 1728 2393 aut
1746 2359 1813 2393 eius
1833 2364 1982 2404 parentes

1238 2422 1337 2449 artem
1350 2415 1490 2459 aliquam
1506 2414 1599 2448 vilem
1615 2423 1779 2458 nunqnam
1790 2414 1978 2455 exercuisse,

1239 2469 1375 2512 probare
1390 2474 1545 2508 teneatur,
1561 2478 1658 2511 super
1675 2467 1791 2511 quibus
1811 2467 1982 2510 diligenter

1239 2527 1267 2554 vt
1282 2526 1430 2555 accurate
1445 2520 1563 2564 inquiri
1579 2520 1753 2554 consuevit:
1771 2525 1800 2553 ct
1815 2525 1981 2564 praeterea

1240 2575 1390 2618 pietatem
1405 2573 1612 2607 christianam
1626 2579 1745 2613 tenere,
1759 2579 1789 2607 et
1803 2572 1980 2606 catholicae

1276 2639 1285 2662 ¹
1306 2636 1341 2664 Ex
1358 2637 1465 2673 ssegest.
1483 2636 1509 2663 in
1520 2636 1623 2664 Secret.
1641 2635 1774 2663 lli-evium.
