2253 3195
225 231 275 257 An.
293 231 321 259 c.
342 231 408 259 ¹505
455 222 520 255 ⁶244
1006 233 1189 257 BULLARIUM
1209 234 1362 258 Romnum
1698 228 1700 230 ’
1959 235 2009 262 An.
2026 235 2054 263 c,
2073 236 2151 266 1595„
2177 232 2188 243 ’-

424 291 580 320 scensem,
608 286 639 314 et
668 281 764 314 Ionae
789 281 894 314 Hohol
919 281 1011 314 electi
1038 281 1071 314 in
1091 281 1162 324 epi-
1200 281 1346 315 davimus
1358 282 1557 316 dilectofilio
1569 287 1682 316 nostro
1701 283 1783 318 Iulio
1802 284 1943 318 Antonio
1975 296 2141 320 Poenitentiaiio

240 342 407 363 nerumuoiuina
423 344 556 377 scopum
571 334 774 367 Pinscensem
786 339 817 367 et
829 334 1058 375 Iuroviensem,
1068 340 1100 368 et
1111 334 1165 367 Mi·
1199 335 1387 379 presbytero
1406 336 1561 369 cardinali
1575 341 1704 370 sanctae
1715 337 1834 371 Mariae
1845 331 1944 371 Tran-
1957 326 2141 372 {litif'atssss‘il't's‘fi

224 369 367 394 praelatorum
375 375 408 389 su·
1920 391 1926 397 .
1958 377 2052 402 ipsorum
2066 382 2079 397 a
2092 382 2141 399 cen·
2164 395 2166 400 .

224 401 262 420 vra
291 396 408 415 numiuam-
424 387 542 420 chaelis
559 387 777 431 Kopystensky
797 387 940 431 episcopi
957 387 1165 421 Premissien-
1200 388 1353 432 styberim
1368 394 1497 422 sanctae
1509 389 1680 423 Severinae
1696 390 1812 423 maiori
1831 401 1944 434 poem-
1957 403 2019 424 suris.

223 427 269 442 rum
294 422 328 442 hie
355 424 408 443 reci·
441 440 447 445 .

224 452 301 469 tantur.

423 450 464 473 sis
484 446 515 473 et
534 439 780 480 Samboriensis,
796 446 825 473 et
845 440 1006 474 Gedeonis
1024 441 1166 474 Balaban

423 494 564 537 episcopi
595 494 828 538 Leopoliensis‚
860 500 891 528 et
919 495 1061 539 Dionysii
1089 495 1164 529 Zbi-

423 546 530 590 ruisky
550 546 692 590 episcopi
716 547 932 588 Chelmensis,
957 548 996 581 ab
1026 548 1072 582 eis
1096 559 1167 592 spe-

422 599 546 632 cialiter
572 600 780 641 constitutus‚
804 606 835 634 et
862 601 978 634 missus
1003 612 1068 635 una
1093 612 1166 635 cum

422 653 600 686 reverendo
621 653 653 686 in
673 653 799 687 Christo
824 660 915 698 patre
946 655 1079 691 domino
1106 656 1167 700 Hy-

421 705 509 749 patio
529 706 644 750 Pociey
663 707 891 750 protothronio
908 708 1166 742 Wlodimiriensi

422 764 452 792 et
482 759 640 793 Brestensi
661 760 813 804 episcopo
838 761 983 795 eiusdem
1002 761 1163 803 nationis,

422 812 521 845 altero
541 823 579 845 ex
598 814 864 857 procuratoribus
878 815 1039 848 dictorum
1060 815 1165 849 domi-

421 874 538 898 norum
559 866 790 909 praelatorum,
814 873 845 900 et
865 868 988 910 collega
1016 879 1101 909 meo,
1126 869 1166 902 ad

422 917 595 951 ineundam
617 925 648 952 et
667 920 906 964 suscipiendam
918 920 1072 954 unionem
1087 921 1166 955 San-

421 971 537 1005 ctitatis
557 972 687 1006 Vestrae
709 979 740 1006 et
759 974 789 1008 S.
813 975 848 1008 R.
872 975 921 1015 Ε.,
942 980 1038 1019 atque
1058 976 1098 1009 ad
1112 975 1166 1009 de-

421 1025 585 1058 serendam
607 1026 747 1060 debitam
778 1028 996 1061 obedientiam
1022 1028 1165 1072 ipsorum

421 1079 578 1119 omnium,
591 1085 621 1113 et
635 1079 732 1113 totius
745 1081 953 1114 ecclesiastici
970 1092 1082 1115 eorum
1103 1087 1167 1115 sta-

422 1138 482 1171 tus,
505 1138 536 1165 et
555 1132 663 1166 ovium
684 1133 729 1166 eis
749 1134 994 1168 commissarum
1019 1135 1162 1177 nornine,

421 1184 497 1218 huic
526 1185 662 1218 Sanctae
692 1186 766 1220 Sedi
797 1186 884 1220 Beati
914 1187 998 1220 Petri
1029 1193 1059 1221 et
1086 1187 1165 1222 San-

421 1238 519 1271 ctitati
545 1238 685 1276 Vestrae,
709 1240 754 1273 uti
779 1251 907 1274 summo
938 1242 1058 1285 pastori
1087 1242 1163 1275 uni-

421 1293 550 1325 versalis
568 1293 738 1333 Ecclesiae,
760 1294 799 1327 ad
813 1295 910 1338 pedes
924 1295 1067 1328 ciusdem
1088 1296 1165 1330 San-

421 1346 538 1379 ctitatis
556 1347 684 1381 Vestrae
706 1348 842 1391 positus,
867 1358 902 1381 ac
929 1348 1163 1393 infrascriptam

420 1408 550 1432 sanctae
577 1400 776 1434 orthodoxae
801 1402 876 1434 fidei
907 1402 1138 1445 professionem
1154 1431 1161 1444 ,

422 1453 508 1486 iuxta
521 1454 664 1487 ‘formam
685 1454 814 1488 Graecis
834 1456 873 1488 ad
892 1456 1047 1489 unitatem
1061 1456 1164 1490 dictae

420 1505 555 1540 Sanctae
576 1507 739 1541 Romanae
764 1508 923 1542 Ecclesiae
955 1510 1165 1544 redeuntibus

421 1560 664 1604 praescriptam,
683 1562 825 1595 facturus
838 1568 869 1595 et
889 1562 1075 1603 emissurus,
1099 1568 1163 1597 tam

420 1613 553 1657 proprio
581 1615 711 1648 nomine
744 1616 982 1659 praedictorum
1016 1616 1165 1651 domino·

420 1676 492 1699 rum
513 1666 746 1712 archiepiscopi
761 1674 791 1701 et
802 1668 1028 1712 episcoporum
1043 1669 1164 1703 Ruthe-

420 1729 535 1752 norum
551 1730 697 1753 meorum
708 1721 946 1765 principalium,
958 1732 1053 1766 quam
1067 1723 1162 1756 etiarn

420 1782 492 1805 meo
506 1773 640 1816 proprio
653 1773 748 1806 simul
763 1785 835 1807 curn
851 1775 1017 1818 praedicto
1031 1776 1164 1810 domino

420 1826 556 1869 Hypatio
584 1827 813 1870 protothronio
845 1828 1102 1863 Wlodimiriensi
1133 1835 1164 1863 et

420 1878 577 1912 Brestensi
592 1879 755 1924 episcopo,
770 1886 983 1924 procuratore
997 1887 1027 1915 et
1041 1882 1163 1925 collega

421 1941 504 1971 meo,
522 1933 678 1976 polliceor
695 1939 726 1966 et
744 1934 908 1977 promitto,
924 1935 1010 1978 quod
1033 1935 1092 1979 ipsi
1106 1936 1161 1969 do-

420 1985 496 2017 mini
518 1985 780 2030 archiepiscopus
794 1992 825 2020 et
838 1987 980 2031 episcopi
1000 1987 1086 2020 illam
1107 1999 1159 2021 ra-

420 2043 482 2070 tam
505 2043 536 2070 ct
554 2044 676 2077 gratam
699 2039 882 2079 habebunt,
908 2050 944 2073 ac
963 2041 1158 2084 suscipient,
1178 2046 1181 2051 ’

1178 2095 1414 2147 inisti-ationes,
1434 2094 1493 2128 ‘vel
1521 2094 1625 2128 officia
1652 2095 1798 2135 existant,
1823 2095 1889 2131 sive
1913 2095 1939 2130 si

1178 2149 1181 2196 Ι
1199 2148 1260 2181 iam
1282 2148 1468 2187 obtineant,
1494 2147 1559 2181 sive
1584 2147 1610 2181 si
1631 2148 1677 2181 eis
1696 2147 1774 2181 alias
1794 2147 1826 2181 in
1847 2147 1937 2182 sutu-

419 2096 450 2124 et
470 2092 700 2135 acceptabunt,
725 2098 754 2125 et
775 2092 858 2125 intra
880 2091 1006 2136 tempus
1026 2103 1159 2138 compc-

420 2149 488 2177 tens
509 2144 715 2178 ratiticahunt
740 2151 766 2178 et
790 2146 1041 2185 confirmabunt,
1066 2153 1162 2191 atque

420 2198 458 2229 dc
479 2208 583 2237 novo,
608 2198 693 2231 iux-ta
726 2199 923 2242 praedictam
957 2200 1094 2232 sormam
1123 2201 1162 2233 de

420 2250 516 2283 verbo
537 2250 576 2283 ad
598 2251 744 2290 vei-hum,
768 2251 884 2285 sacient
905 2256 935 2285 ct
957 2252 1115 2294 emittent,
1131 2259 1163 2287 et

420 2314 532 2337 eorum
555 2316 652 2338 manu
673 2305 901 2348 subscriptam,
922 2311 953 2338 ct
973 2306 1078 2348 sigillo
1098 2307 1159 2340 ob-

419 2358 588 2396 signatam,
605 2359 644 2391 ad
660 2358 866 2391 sanititatem
883 2359 1023 2392 Vestram
1037 2365 1067 2393 et
1081 2360 1162 2394 hanc

419 2410 566 2444 Sanctam
578 2411 794 2455 Apostoliram
804 2412 917 2444 Sedcm
931 2412 1158 2455 transmittent,

420 2470 516 2507 prout
537 2465 692 2508 s··quitu··.
716 2465 822 2498 Firma
843 2466 917 2505 tide,
938 2470 992 2499 etc.
1017 2467 1036 2499 ¹.

465 2519 480 2558 ς
502 2518 531 2549 8.
557 2519 660 2556 Quare
680 2529 738 2551 nos
763 2519 984 2552 commisimus
1013 2525 1044 2553 ct
1071 2529 1161 2553 man-

455 2589 465 2615 1
488 2589 570 2615 l'rout
585 2598 675 2624 nupt-n,
693 2589 814 2625 quamtis
834 2598 885 2616 non
902 2590 936 2617 sit
951 2591 1083 2627 apposita,
1100 2599 1159 2619 cum

419 2632 453 2659 uit
468 2632 606 2668 impressa

1179 1909 1180 1917 ,
1198 1887 1266 1916 ctos
1287 1881 1484 1926 promoveri,
1508 1886 1539 1915 et
1558 1891 1785 1926 quaecumque
1805 1886 1837 1914 et
1856 1891 1938 1925 qua-

1201 443 1352 476 tentiario
1372 447 1496 484 nostro,
1517 448 1554 476 ut
1573 444 1703 477 eosdem
1722 443 1896 488 Hypatium
1913 450 1945 478 et

1200 496 1364 540 Cyrillum,
1380 496 1550 540 episcopos
1563 502 1596 529 et
1607 502 1764 536 oratores,
1780 496 1944 530 ac'eorum

1201 549 1352 590 comites,
1376 549 1550 583 familiares
1579 554 1611 583 et
1639 549 1852 591 domesticos,
1879 556 1944 583 tam

1200 603 1406 648 presbyteros
1426 608 1458 635 et
1477 603 1623 644 clericos,
1644 613 1742 647 quam
1763 603 1860 637 etiam
1879 603 1942 636 lai-

1201 666 1256 689 cos
1276 661 1307 688 et
1327 655 1405 694 alias
1425 666 1648 700 quascumque
1665 666 1820 700 personas
1841 656 1946 690 dictae

1200 708 1341 741 nationis
1361 708 1588 742 Ruthenorum
1612 709 1735 742 Romae
1760 715 1946 753 praesentes

1200 772 1218 794 a
1238 762 1405 805 quibusvis
1425 762 1780 804 excommunicationis,
1803 773 1942 807 suspen-

1200 815 1299 848 sionis
1320 820 1352 849 et
1371 815 1545 856 interdicti,
1568 815 1704 859 aliisque
1723 815 1946 850 ecclesiasticis

1200 867 1382 909 sententiis,
1413 868 1558 902 censuris
1587 873 1619 902 et
1649 868 1784 912 poenis,
1807 868 1841 902 in
1865 879 1946 913 quas

1199 927 1335 966 propter
1353 922 1542 966 praemissa,
1558 932 1614 956 seu
1626 922 1777 963 schisma,
1793 922 1945 956 haereses

1200 981 1233 1009 et
1252 986 1379 1009 errores
1389 975 1561 1019 praefatos,
1576 975 1694 1020 quibus
1706 976 1816 1009 forsan
1826 975 1945 1009 adhae-

1200 1029 1309 1070 serint,
1326 1028 1574 1072 quomodolibet
1593 1028 1811 1069 incurrerunt,
1835 1033 1945 1062 aucto·
1962 1029 1968 1032 '

1200 1083 1294 1116 ritate
1313 1087 1434 1123 nostra,
1455 1082 1488 1115 in
1504 1087 1643 1126 utroque
1662 1082 1734 1115 foro
1754 1082 1899 1116 absolvat
1910 1081 1945 1116 in

1200 1136 1304 1170 forma
1323 1135 1478 1169 ecclesiae
1502 1140 1677 1176 consueta,
1700 1145 1760 1168 nec
1783 1145 1849 1169 non
1869 1145 1944 1169 cum

1200 1189 1322 1223 eisdem
1341 1189 1517 1233 episcopis,
1540 1199 1577 1222 ac
1603 1198 1717 1222 eorum
1745 1188 1941 1230 comitibus,

1200 1242 1412 1276 familiaribus
1435 1247 1467 1275 et
1494 1241 1699 1282 domesticis,
1722 1246 1755 1275 et
1779 1241 1945 1286 quibusvis

1199 1296 1270 1330 aliis
1289 1296 1447 1340 personis,
1471 1295 1664 1340 presbyteris
1689 1300 1720 1329 et
1747 1295 1873 1329 clericis
1889 1306 1944 1329 su-

1198 1360 1258 1394 per
1277 1348 1514 1392 irregularitate
1534 1359 1593 1393 per
1612 1359 1667 1382 eos
1690 1348 1944 1393 praemissorum

1199 1403 1370 1437 occasione
1399 1408 1587 1443 contracta,
1620 1403 1774 1447 quodque
1802 1402 1944 1436 clericali

1199 1457 1396 1496 charactere,
1420 1466 1485 1500 quo
1506 1461 1601 1489 antea
1620 1456 1682 1489 rite
1702 1455 1846 1499 insigniti
1873 1455 1943 1489 sue-

1199 1515 1294 1550 runt,
1322 1509 1474 1553 illiusque
1497 1508 1672 1553 privilegiis
1691 1509 1761 1550 uti,
1788 1519 1826 1542 ac
1845 1508 1877 1542 in
1901 1519 1940 1543 o-

1199 1563 1329 1596 mnibus
1346 1563 1444 1596 etiarn
1464 1563 1563 1596 sacris
1580 1568 1612 1596 et
1631 1563 1871 1607 presbyteratus
1891 1572 1944 1596 or-

1199 1617 1328 1650 dinibus
1349 1620 1444 1650 antea
1464 1615 1526 1649 rite
1544 1616 1701 1660 susceptis
1720 1615 1818 1650 etiam
1843 1615 1876 1649 in
1895 1615 1943 1650 al-

1198 1669 1276 1703 taris
1310 1668 1492 1702 ministerio
1523 1669 1729 1710 ministrare,
1763 1679 1820 1702 seu
1855 1668 1942 1703 dicto

1199 1723 1397 1762 charactere,
1420 1722 1476 1765 qui
1502 1721 1644 1764 insigniti
1665 1731 1731 1755 non
1751 1727 1835 1762 sunt,
1858 1721 1939 1756 insi-

1198 1775 1293 1819 gniri,
1310 1775 1379 1809 etsi
1396 1774 1505 1808 idonei
1520 1774 1650 1815 suerint,
1667 1775 1708 1809 ad
1719 1785 1832 1809 omnes
1844 1774 1942 1809 etiam

1198 1839 1306 1862 sacros
1325 1833 1357 1862 et
1387 1828 1629 1873 presbyteratus
1660 1828 1790 1862 ordines
1814 1828 1943 1872 praedi-

1199 1936 1382 1979 tiacumque
1392 1935 1547 1969 beneficia
1559 1935 1773 1969 ecclesiastica
1781 1945 1854 1969 cum
1864 1945 1943 1970 cura

1197 1994 1230 2023 et
1249 1989 1317 2022 sine
1345 1998 1433 2028 cura,
1457 1988 1581 2022 etiarnsi
1602 1988 1821 2029 canonicatus,
1841 1998 1939 2033 prae—

1198 2042 1339 2082 bendae,
1375 2041 1564 2084 dignitates,
1600 2047 1790 2085 personatus
1803 2068 1811 2082 ‚
1839 2041 1942 2075 admi-

1198 2212 1268 2234 rum
1296 2201 1450 2235 canonice
1481 2201 1703 2242 conserantur,
1736 2201 1880 2245 recipere
1908 2206 1941 2236 et

1197 2255 1354 2295 obtinere,
1372 2260 1403 2288 et
1423 2255 1530 2299 quoad
1548 2254 1684 2288 vixerint
1701 2253 1857 2294 retinere·,
1880 2265 1940 2290 nec

1197 2318 1261 2342 non
1283 2318 1356 2342 cum
1383 2308 1503 2342 eisdem
1523 2307 1700 2352 episcopis,
1724 2312 1760 2340 ut
1782 2307 1936 2348 ecclesiis,

1197 2362 1313 2406 quibus
1333 2361 1488 2395 canonice
1512 2365 1681 2406 praesunt,
1704 2371 1759 2394 seu
1785 2361 1938 2404 praefecti

1197 2415 1346 2455 suerunt,
1370 2425 1535 2459 praeesse,
1559 2420 1590 2448 et
1610 2424 1744 2447 munere
1763 2424 1936 2448 consecra-

1198 2468 1292 2501 tionis
1313 2479 1371 2512 per
1391 2479 1446 2502 eos
1465 2473 1560 2501 antea
1580 2467 1639 2501 rite
1657 2473 1806 2512 suscepto
1827 2467 1886 2508 uti,
1908 2471 1940 2502 et.

1196 2522 1235 2554 ad
1267 2521 1344 2555 alius
1374 2521 1495 2555 similes
1519 2520 1740 2562 cathedrales,
1766 2521 1814 2555 vel
1841 2520 1937 2554 etiam

1197 2574 1353 2615 maiores,
1376 2574 1471 2608 etiam
1494 2574 1759 2618 metropolitanas
1787 2573 1938 2608 ecclesias

1197 2627 1373 2667 transferri,
1397 2632 1428 2660 et
1450 2626 1512 2660 illis
1534 2637 1692 2671 praeesse,
1717 2626 1820 2660 libore
1843 2632 1875 2660 et
1892 2625 1934 2659 li-
