2253 3195
276 226 327 254 An.
346 226 375 254 c,
394 227 462 255 icoo
507 218 570 252 502

321 722 454 742 Obstantium

272 748 388 773 derogatio.

296 1732 415 1754 Exordium

310 2159 370 2179 nant.
386 2161 444 2180 ,tt-tc-

263 2186 378 2206 b'nidimu
397 2187 446 2207 ΓΠ.

262 2213 445 2233 nmen-thunium-

261 2241 317 2258 nnlla
328 2240 384 2259 *latia
399 2241 444 2259 111111-

261 2267 318 2286 ιιυιιι
342 2267 371 2285 vul
387 2267 445 2286 1111111.

271 2302 275 2310 ι
295 2300 298 2310 l

475 283 538 311 tate
559 278 803 322 quomodolibet
827 280 1001 319 molestari,
1018 281 1211 324 perturbari,

473 331 521 363 vel
540 331 730 374 inquietari:
758 332 1011 367 contradictores
1040 344 1214 377 quoscum-

473 395 534 427 que
548 395 605 427 per
619 395 769 417 censuras
783 391 811 418 et
825 396 946 429 poenas
959 387 1190 421 ecclesiasticas
1204 416 1211 429 ,

472 437 598 480 aliaque
612 444 794 482 opportuna
815 439 893 473 iuris
913 446 943 473 et
964 441 1036 474 sacti
1057 442 1211 482 remedia,

472 491 685 534 appellatione
695 493 884 536 postposita,
896 495 1142 538 compescendo,
1160 495 1211 528 in—

472 549 582 576 vocato
603 544 699 578 etiam
721 546 760 578 ad
781 546 853 584 hoc,
871 547 894 579 si
911 557 991 591 opus
1004 548 1107 589 fuerit,
1124 549 1214 582 auxi-

470 597 513 630 lio
534 597 658 630 brachii
683 599 867 633 saecularis.

516 652 531 692 ξ
552 650 582 683 [1.
607 651 676 684 Non
704 652 906 686 obstantibus
931 654 1214 689 constitutionibus

471 709 501 736 et
518 704 778 738 ordinationibus
799 707 995 750 apostolicis,
1013 708 1214 753 caeterisque

470 757 641 791 contrariis
665 758 936 804 quibuscumque.

513 811 626 843 Datum
648 811 768 845 Romae
788 814 873 857 apud
892 814 922 848 S.
939 815 1069 848 Petrum
1084 816 1143 849 sub
1157 826 1213 848 an-

470 864 546 897 nulo
568 864 747 903 Piscatoris‚
773 867 824 900 die
844 878 888 901 xn
907 868 984 901 iunii
1007 879 1082 909 ime,
1105 870 1212 913 ponti-

469 917 582 951 ficatus
602 919 702 952 nostri
724 930 811 953 anno
832 931 874 954 1x.

505 979 562 1005 Uati
581 979 622 1008 die
639 981 672 1007 12
693 981 758 1008 iunii
778 982 854 1014 1600,
873 983 968 1018 pontis.
993 992 1036 1011 an.
1056 991 1089 1011 tx.

750 1161 929 1195 CCXXXIII.

469 1266 678 1310 Confirmatio
700 1268 942 1308 moderationis,
966 1269 1164 1302 reductionis
1180 1274 1209 1302 et

510 1330 750 1373 suppressionis
759 1331 926 1364 (latiorum
939 1342 959 1364 α
972 1331 1141 1364 cardinale
1150 1333 1174 1365 A
1184 1332 1208 1364 l-

510 1392 713 1426 debrandino
733 1393 860 1426 civitati
879 1398 907 1426 et
927 1393 1063 1427 ducatui
1084 1394 1204 1428 Ferra-

509 1455 613 1487 riensi
632 1465 853 1488 concessarum
875 1456 894 1488 ¹.

671 1545 805 1573 clemens
827 1545 904 1579 Papa
924 1546 1011 1580 vul,

589 1599 625 1625 ad
645 1602 819 1632 perpetuam
838 1601 883 1626 ret
905 1601 1085 1627 memoriam.

508 1669 643 1703 Paterna
668 1677 777 1704 nostra
805 1681 879 1714 erga
911 1671 1056 1705 subditos
1083 1678 1208 1706 nostros

464 1723 601 1757 charitas
621 1734 680 1757 nos
708 1724 883 1765 admonet,
905 1730 939 1758 ut
964 1735 1022 1766 ea,
1047 1737 1129 1770 quae
1148 1737 1208 1771 pro

463 1778 604 1822 ipsorum
620 1777 823 1811 subditorum
839 1779 1070 1812 commoditate
1088 1786 1117 1814 et
1131 1781 1208 1814 sub-

463 1831 632 1871 levatione,
656 1831 846 1865 auctoritate
867 1838 897 1865 et
918 1833 1070 1866 mandato
1091 1835 1208 1868 nostris

461 1895 612 1918 concessa
632 1890 716 1925 sunt,
741 1891 773 1918 ut
796 1892 952 1929 perpetuo
971 1886 1116 1920 firmiora
1134 1888 1207 1921 sub-

460 1938 584 1979 sistant,
608 1938 803 1982 apostoticae
833 1940 1088 1974 confirmationis
1112 1951 1206 1984 prae-

461 1992 543 2025 sidio
565 1992 768 2029 roboremus,
793 1998 888 2035 prout
911 1992 940 2025 in
963 1993 1100 2026 Domino
1121 1995 1206 2028 salu-

461 2045 562 2079 briter
583 2045 800 2089 conspicimus
821 2046 982 2089 expedire.

506 2099 573 2141 31.
602 2099 678 2132 Cum
714 2099 820 2143 itaque
849 2099 927 2132 alias
955 2099 1090 2133 dilectus
1123 2100 1207 2133 filius

462 2158 570 2185 noster
589 2152 712 2190 Petrus,
738 2152 836 2185 sancti
856 2152 977 2185 Nicolni
1009 2152 1039 2185 in
1060 2153 1203 2194 Carcere,

461 2205 616 2239 diaconus
637 2205 808 2238 cardinalis
830 2205 1092 2239 Aldobrandinus
1119 2218 1203 2240 nun-

462 2265 606 2302 cupatus,
622 2265 731 2291 noster
751 2259 929 2292 secundum
949 2270 1078 2292 carnem
1093 2272 1129 2293 ex
1145 2261 1206 2293 l'ra·

464 2319 509 2344 tre
539 2322 693 2354 germano
720 2322 840 2356 nepos,
865 2312 1000 2345 civitatis
1021 2319 1051 2346 et
1072 2313 1207 2347 ducatus

463 2371 645 2398 nostrorum
669 2365 904 2403 Ferrariensis,
933 2371 961 2398 et
997 2366 1025 2398 in
1060 2366 1207 2400 universa

461 2418 550 2451 ltalia
568 2419 607 2451 acl
629 2430 851 2463 quoscumque
873 2419 1035 2463 principes
1056 2426 1165 2453 noster
1178 2426 1207 2453 et

462 2473 662 2516 Apostolicae
684 2473 774 2506 Sedis
791 2473 829 2505 «le
844 2473 943 2506 latere
965 2473 1098 2515 legatus,
1114 2480 1143 2507 ct
1159 2480 1206 2507 to-

462 2525 521 2558 tius
549 2527 653 2559 Status
685 2527 914 2565 livelesiastici,
940 2533 1078 2571 tuncque
1110 2528 1205 2561 etiam

462 2580 617 2612 exercitus
639 2581 856 2620 ecclesiastici,
881 2582 1039 2622 generalis
1052 2582 1203 2625 superin-

501 2644 506 2669 Ι
530 2641 564 2667 Ex
584 2641 689 2677 [legent.
708 2643 733 2668 in
749 2644 840 2669 Svcret
871 2642 994 2670 llrevium

1058 233 1241 258 BULLARIUM
1260 235 1414 261 ROMANUM

1231 284 1403 334 {tendens⁷
1428 285 1536 319 volens
1557 293 1700 320 nostram
1729 293 1760 321 et
1788 289 1989 333 Apostolicae

1249 335 1338 370 Sedis
1366 347 1441 381 erga
1469 338 1552 372 cives
1573 345 1603 372 et
1632 340 1770 384 populos
1800 341 1934 376 civitatis
1959 347 1990 376 et

1231 376 1233 417 l
1250 389 1383 424 ducatus
1403 397 1586 425 nostrorum
1607 393 1830 435 Ferrariensis,
1850 395 1908 428 sub
1929 395 1989 428 im-

1250 443 1425 477 mediatum
1447 451 1591 478 nostruin
1614 451 1644 479 et
1664 446 1805 480 eiusdem
1823 448 1913 481 Sedis
1930 449 1988 482 do-

1230 496 1384 541 gminium
1405 504 1479 531 tunc
1501 506 1658 543 receptos,
1675 500 1862 534 charitatem
1884 506 1989 535 osten-

1229 544 1232 604 Ξ
1249 551 1337 593 dere,
1360 553 1551 587 auctoritate
1572 553 1632 587 sibi
1651 565 1710 598 per
1727 565 1785 588 nos
1809 555 1963 589 attributa
1978 583 1985 597 ‚

1229 610 1232 655 g
1249 604 1389 639 diversas
1409 606 1550 649 gabellas
1564 634 1571 647 ,
1595 607 1680 641 datia
1706 613 1737 641 et
1762 618 1860 642 onera
1876 636 1883 649 ,
1906 619 1989 653 quae

1230 658 1231 661 ’
1248 664 1342 691 antea
1362 659 1392 692 in
1414 659 1538 694 civitate
1559 666 1588 693 et
1609 661 1727 695 ducatu
1739 661 1912 705 praedictis
1925 662 1989 696 exi-

1230 711 1417 754 &gebantuig
1440 713 1557 758 partim
1577 713 1608 747 in
1629 719 1732 748 totum
1753 715 1938 749 substulerit
1957 721 1989 750 et

1248 765 1470 806 annullaverit‚
1493 767 1610 810 partim
1628 767 1826 809 diminuerit,
1843 768 1940 802 modo
1959 774 1987 801 et

1249 818 1350 851 forma
1377 818 1598 863 infrascriptis,
1626 819 1789 854 videlicet:

1228 916 1231 942 Ξ
1247 934 1502 976 Moderamento,
1524 935 1709 976 riduzione,
1732 937 1956 980 suppressione
1974 947 1990 969 e

1289 989 1398 1031 qrazie
1409 989 1689 1032 respectivamente
1698 989 1745 1023 de'
1753 989 1828 1022 dazi
1839 1000 1855 1022 e
1867 988 1989 1034 qabelle

1289 1042 1369 1084 fatte
1387 1041 1459 1074 alla
1477 1042 1555 1075 cittd
1576 1052 1592 1075 e
1618 1042 1764 1076 dominio
1789 1042 1825 1076 di
1843 1043 1987 1077 Ferrara

1226 1128 1229 1132 ,
1289 1094 1382 1127 dalla
1401 1094 1533 1129 Santitd
1557 1094 1593 1128 di
1614 1095 1731 1129 Nostro
1755 1095 1891 1139 Siynore
1912 1096 1983 1131 Cle-

1225 1141 1228 1190 ᾗ
1288 1151 1392 1180 mente
1411 1148 1507 1191 Papa
1531 1148 1623 1182 VIII.

1287 1245 1427 1279 Essendo
1454 1256 1512 1289 per
1536 1246 1566 1279 la
1594 1245 1719 1279 infinita
1738 1244 1930 1290 providenza
1951 1247 1982 1281 di

1243 1298 1294 1332 chi
1315 1299 1378 1332 mai
1399 1309 1483 1340 erra,
1500 1310 1516 1333 e
1536 1299 1621 1333 dalla
1637 1299 1687 1333 cui
1706 1309 1802 1333 mano
1822 1310 1882 1333 con
1903 1300 1984 1333 inef-

1243 1351 1338 1385 fabile
1362 1352 1460 1386 modo
1484 1353 1589 1397 pende
1614 1353 1690 1396 ogni
1715 1354 1858 1397 potesta,
1881 1363 1981 1396 regno

1223 1406 1281 1452 Jed
1306 1405 1464 1450 imperio,
1489 1416 1505 1439 e
1526 1407 1657 1449 ragione
1683 1407 1713 1440 di
1740 1417 1876 1450 regnare
1891 1434 1898 1447 ‚
1922 1417 1939 1440 e
1959 1407 1984 1440 si

1242 1470 1382 1502 {uerna
1402 1460 1422 1493 il
1444 1465 1537 1501 tutto,
1561 1460 1679 1494 ridotta
1709 1466 1820 1504 questa
1847 1460 1982 1494 nobilis-

1242 1514 1323 1548 sima
1343 1514 1430 1554 cina,
1454 1513 1571 1547 ducato
1592 1524 1609 1547 e
1629 1514 1777 1548 distretto
1798 1513 1829 1547 di
1850 1514 1985 1548 Ferrara

1242 1573 1326 1601 sotto
1343 1567 1474 1601 t'antico
1495 1578 1511 1601 e
1532 1567 1784 1601 clementissimo
1809 1567 1944 1609 grembo
1969 1578 1985 1600 e

1243 1626 1353 1654 manto
1367 1620 1450 1654 della
1464 1631 1522 1654 sua
1539 1631 1612 1654 cara
1626 1621 1737 1654 madre
1750 1621 1846 1655 Santa
1861 1621 1983 1661 Chiesa,

1243 1680 1291 1707 tra
1310 1674 1332 1706 li
1353 1674 1443 1707 molti
1465 1685 1481 1707 e
1502 1674 1645 1707 continui
1667 1674 1805 1718 pensieri
1826 1673 1884 1708 che
1904 1683 1984 1707 sono

1242 1727 1270 1760 al
1296 1737 1393 1761 cuore
1414 1727 1476 1760 alla
1495 1727 1617 1761 Santita
1648 1727 1678 1760 di
1709 1727 1824 1761 Nostro
1849 1726 1984 1770 Signore

1242 1781 1404 1815 Clemente
1429 1786 1552 1821 ottavo,
1576 1791 1688 1825 preme
1715 1781 1796 1814 oltre
1827 1780 1925 1814 modo
1952 1779 1983 1813 di

1242 1834 1356 1868 vedere
1376 1834 1438 1867 ben
1464 1839 1572 1878 presto
1592 1833 1735 1867 sollevati
1754 1833 1858 1877 questi
1875 1832 1984 1877 popoli

1242 1888 1327 1921 dallo
1352 1887 1524 1921 smisurato
1545 1897 1621 1931 peso
1642 1887 1674 1919 di
1697 1887 1794 1920 molte
1814 1896 1980 1929 gravezze,

1242 1941 1324 1974 nelle
1355 1941 1441 1984 quali
1474 1951 1532 1984 per
1562 1940 1660 1982 lungo
1681 1945 1790 1984 tempo
1811 1949 1890 1973 sono
1911 1940 1987 1973 stati

1242 1994 1363 2034 invehi,
1387 2005 1403 2027 e
1435 1994 1465 2027 di
1495 1993 1615 2027 vederli
1641 1993 1894 2027 ell'ettualmente
1924 2002 1982 2036 go·

1241 2048 1316 2081 dere
1334 2047 1354 2080 li
1376 2047 1459 2081 dolci
1482 2047 1566 2080 srutti
1588 2047 1619 2080 di
1642 2047 1750 2091 quella
1769 2046 1866 2080 Sama
1887 2046 1979 2080 Sede.

1241 2100 1330 2135 Onde
1343 2101 1533 2142 rimirando,
1548 2101 1706 2135 ancorche
1720 2101 1752 2135 di
1767 2101 1909 2142 lontano,
1924 2111 1984 2135 con

1241 2153 1365 2198 pietoso
1383 2154 1496 2187 occhio
1519 2154 1537 2186 il
1561 2160 1653 2191 tutto,
1678 2165 1694 2187 e
1714 2154 1901 2197 rivolgendo
1922 2153 1981 2187 l'a-

1241 2207 1328 2240 nimo
1355 2218 1371 2240 a
1403 2207 1610 2241 considerare
1637 2208 1666 2240 lo
1692 2213 1774 2241 stato
1806 2207 1836 2240 in
1869 2206 1928 2240 che
1959 2206 1984 2240 si

1242 2267 1341 2299 trova,
1366 2272 1422 2305 per
1443 2261 1528 2294 buon
1550 2261 1722 2305 principio,
1746 2260 1856 2304 saggio
1885 2271 1902 2294 e
1927 2270 1981 2294 ca-

1241 2325 1335 2358 parra
1349 2315 1434 2348 dello
1454 2314 1625 2348 sviscerato
1647 2324 1757 2347 amore
1778 2319 1914 2358 paterno
1926 2312 1985 2347 che

1241 2373 1334 2411 porta
1359 2368 1445 2405 loro,
1470 2378 1486 2400 e
1507 2367 1579 2401 dell'
1595 2367 1760 2400 indicibile
1782 2366 1941 2401 desiderio
1967 2376 1983 2399 e

1241 2422 1464 2456 sollecitudine
1495 2421 1554 2455 clie
1580 2422 1663 2455 tiene
1691 2422 1722 2454 di
1751 2421 1880 2465 giovare
1911 2421 1983 2455 uni-

1242 2476 1454 2508 versalinente
1475 2485 1491 2507 a
1513 2475 1596 2515 tutti,
1622 2474 1640 2507 l'
1656 2474 1871 2507 illustrissimo
1892 2485 1908 2507 e
1928 2484 1980 2507 re-

1242 2529 1472 2562 verendissimo
1490 2529 1634 2570 signore,
1661 2528 1680 2561 il
1702 2528 1830 2570 signore
1853 2527 1979 2566 Pietro,

1242 2593 1298 2625 per
1319 2583 1347 2615 la
1368 2583 1473 2615 divina
1496 2581 1729 2621 misericordia,
1746 2581 1907 2614 cardinale
1924 2580 1978 2614 At-

1241 2635 1444 2669 dobrandino
1463 2636 1492 2669 di
1515 2641 1626 2679 questa
1649 2635 1722 2669 cittii
1743 2645 1759 2667 e
1784 2633 1928 2667 dominio
1949 2633 1980 2666 di

2005 240 2053 268 An.
2067 240 2094 268 C.
2121 241 2188 272 ¹60⁰

2020 1251 2142 1273 Doctarauo
2151 1256 2186 1273 nu·

1997 1278 2123 1303 sponsionis,
2142 1283 2186 1299 mo-

1997 1304 2125 1330 derationis,
2143 1307 2186 1328 ete..

1998 1331 2024 1352 de
2042 1331 2118 1358 quihus
2143 1331 2186 1358 agt—

1999 1359 2041 1378 tur.
