2253 3195
257 241 437 270 An.c.1601
489 233 551 267 758

1041 243 1224 267 numanum
1245 243 1398 266 aomixun

455 303 533 337 pore
559 292 746 325 charitative
773 292 1056 331 introductarum,
1079 296 1196 324 statum
1233 290 1359 324 catione
1379 291 1408 324 S.
1433 290 1560 324 loannis
1580 291 1811 333 Evangelistae,
1831 291 1973 324 construi

455 352 485 379 ct
509 345 692 385 commoda,
708 350 736 378 et
760 355 798 377 eo
818 343 1021 388 propensius,
1038 344 1114 377 duni
1130 354 1199 377 sae-
1233 349 1263 376 et
1280 343 1444 377 aedificari
1474 344 1605 383 fecerat,
1629 349 1665 376 ut
1689 343 1768 377 inibi
1794 349 1923 377 eentum
1945 349 1975 377 et

455 399 580 431 culares
591 398 630 430 ad
644 397 676 430 id
689 397 905 440 prospicimus
927 397 1095 430 intendere
1110 396 1199 440 prin-
1233 397 1448 440 quadraginta
1482 407 1641 441 personae
1679 397 1847 441 utriusque
1884 408 1976 431 sexus

455 452 542 495 cipes
561 450 776 492 (orthodoxae
800 450 898 483 veluti
923 449 998 483 fidei
1028 450 1205 492 zelatores„
1232 450 1370 484 Domino
1406 450 1580 484 servientes
1616 451 1748 489 fratres,
1781 461 1910 484 sorores
1940 461 1976 484 ae

457 503 967 548 etpiorumopen-umamatores)
981 508 1109 537 nostrae
1123 513 1197 536 eon·
1235 503 1398 537 ministros
1412 503 1636 547 nuncupatos,
1668 503 1723 547 qui
1754 503 1784 537 S.
1808 503 1977 546 Augustini

455 557 661 590 siderationis
680 557 781 590 aciem
801 556 981 600 dirigimus,
1005 568 1041 590 ac
1063 557 1196 601 dispen-
1234 557 1378 600 regulam
1411 557 1632 597 observarent,
1655 556 1862 590 laudabiliter
1880 556 1974 590 insti-

457 611 518 644 diis
537 617 568 645 et
584 611 849 645 indemnitatibus
866 621 1050 651 occurrere,
1073 616 1104 644 et
1123 621 1199 655 pro·
1215 614 1219 631 ¹
1234 616 1349 652 tuerat,
1376 610 1605 654 sapienterque
1625 609 1782 651 ediderat,
1808 615 1844 643 ut.
1861 610 1977 654 partim

458 665 593 698 sectibus
605 675 718 698 eorum
732 665 902 698 consulere
921 669 1113 707 satagentes,
1136 664 1197 705 his,
1211 635 1220 709 l
1235 674 1347 697 eorum
1361 674 1421 708 per
1438 663 1505 697 dies
1525 674 1562 697 ae
1579 668 1701 704 noctes,
1719 662 1822 697 missis
1835 669 1865 696 et
1882 663 1978 697 etiam

457 729 540 762 quae
567 729 626 762 pro
647 718 790 763 ipsorum
816 718 1024 762 hospitalium
1044 724 1073 752 et
1104 729 1201 752 xeno·
1216 714 1219 754 ἒ
1235 717 1324 751 horis
1354 717 1518 751 canonicis
1536 717 1739 751 celebrandis
1760 716 1975 758 intenderent,

1991 227 2166 280 Amotffss

281 1848 381 1869 sntuntt
397 1856 448 1869 uiru-

264 1875 318 1894 uulla
338 1877 449 1900 prum-ata

265 1901 313 1920 huic
349 1902 448 1928 tia-qutun

459 773 651 806 dochioruin
676 772 829 806 laudabili
853 783 1007 806 succursu
1036 778 1065 805 et
1086 773 1202 815 guber-

458 826 524 867 nio,
545 831 575 859 et
595 826 640 859 eis
669 837 686 858 a
711 825 865 859 Romanis
890 825 1101 859 Pontificibus
1126 836 1202 859 con-

459 889 623 912 cessorum
654 878 899 912 conservatione
930 878 1198 922 privilegiorum,

458 937 697 976 processerunt,
718 937 755 975 pt
772 931 803 964 in
824 937 1015 975 perpetuum
1026 942 1064 965 eo
1079 931 1202 965 firmius

459 985 582 1018 illibata
602 985 788 1029 perdurent,
803 995 868 1029 quo
883 985 1093 1028 frequentiori
1113 982 1203 1019 Sedis

459 1037 662 1082 ,apostolicae
680 1037 795 1071 fuerint
806 1037 969 1082 praesidio
983 1049 1042 1082 pro
1057 1044 1202 1083 tempore

460 1092 624 1133 roborata,
647 1098 775 1126 nostrae
796 1092 1040 1136 approbationis
1066 1092 1204 1126 admini-

460 1147 567 1179 culum
590 1146 819 1190 impendimus,
843 1157 880 1180 ac
905 1146 1075 1191 hospitalia
1095 1152 1123 1180 et
1151 1147 1204 1191 pia

463 1201 534 1234 loca
558 1199 757 1241 huiusmodi,
781 1205 811 1233 et
831 1210 945 1234 eorum
972 1200 1124 1233 ecclesias
1139 1228 1146 1240 ,
1169 1206 1201 1234 ut

462 1265 480 1288 a
500 1253 765 1287 christifideliluis
789 1263 848 1297 pro
870 1253 1050 1286 devotionis
1081 1253 1200 1287 revivi-

461 1307 594 1345 scentia,
612 1313 641 1341 et
654 1318 786 1341 suorum
799 1307 980 1350 expiatione
993 1307 1199 1348 delictorum,

461 1367 492 1395 et
511 1361 626 1395 exinde
646 1361 756 1395 salutis
779 1371 855 1394 suae
876 1361 1120 1395 conservatione
1138 1372 1204 1395 me-

461 1415 524 1448 rito
534 1415 1018 1457 venerantur,indulgentiarum
1034 1414 1203 1459 prosequi-

462 1480 535 1502 mur
555 1468 738 1513 impendiis,
753 1475 784 1502 et
798 1469 877 1502 alias
895 1469 925 1501 in
947 1468 996 1501 his
1009 1468 1086 1502 dicti
1107 1469 1203 1502 oflicii

460 1522 561 1555 nostri
583 1528 690 1566 partes
712 1522 931 1556 favorabiliter
952 1522 1200 1566 interponimus,

461 1576 538 1609 dum
560 1585 618 1619 pro
639 1586 819 1619 pauperum
841 1582 871 1608 et
892 1575 1028 1609 aliarum
1050 1585 1204 1620 persona-

462 1639 531 1661 rum
553 1629 792 1673 praedictarum
813 1629 957 1672 diligenti
979 1640 1066 1665 cura.
1090 1629 1204 1663 allino-

462 1683 515 1716 nia
538 1688 565 1716 et
588 1683 757 1723 solamine,
783 1684 813 1717 id
830 1683 1054 1728 ‘conspicimus
1085 1684 1115 1717 in
1137 1685 1202 1718 Do-

463 1736 551 1769 mino
571 1736 744 1770 salubriter
760 1737 920 1781 expedire.

509 1791 525 1831 g
549 1789 574 1823 l.
597 1790 680 1824 Sane
700 1790 909 1823 charissimus
924 1790 953 1823 in
976 1790 1099 1824 Christo
1121 1790 1206 1824 lilius

465 1843 620 1876 llenricus
658 1844 855 1877 Francorum
890 1850 921 1877 ct
952 1844 1111 1878 Navarrae
1154 1856 1205 1878 rex

464 1896 760 1936 christianissimis,
789 1903 851 1930 tam
873 1908 932 1931 suo
949 1908 1045 1941 quam
1067 1897 1206 1931 dilecto-

465 1962 535 1983 rum
559 1950 700 1984 liliorum
730 1951 903 1995 praepositi
930 1957 1146 1984 mercatorum
1177 1958 1207 1985 et

464 2005 584 2038 scabini
611 2004 746 2038 civitatis
768 2005 954 2038 Parisiensis
979 2011 1006 2037 et
1033 2005 1155 2050 syndici
1178 2011 1205 2038 et

464 2058 732 2099 gubernatorum,
754 2068 878 2091 necnon
905 2058 1205 2092 administratorum

465 2119 494 2146 et
516 2112 767 2153 magistrorum,
791 2118 821 2145 et
845 2113 977 2145 fratrum
1004 2118 1030 2145 et
1058 2122 1206 2145 sororum

466 2166 632 2210 hospitalis
655 2166 776 2199 Daunus
799 2166 857 2198 mi
881 2165 1080 2210 nuncupati,
1111 2166 1206 2199 etiam

466 2219 652 2252 l'arisiensis
677 2219 883 2258 nominihus,
907 2219 1002 2252 nobis
1029 2230 1132 2263 nuper
1150 2231 1204 2252 ex-

467 2273 540 2317 poni
575 2273 663 2313 ferit,
687 2273 773 2317 qumi
806 2273 928 2306 (luduin
961 2273 1060 2306 felicis
1096 2285 1205 2306 rerur-

466 2326 604 2358 «tationis
629 2326 733 2359 sixtus
767 2327 849 2370 l’apa
881 2326 938 2366 ll',
979 2326 1210 2370 praedeeessor

468 2386 586 2418 nosti-r,
604 2390 660 2423 per
680 2391 766 2418 eum,
783 2391 818 2412 ex
841 2379 995 2412 relatione
1016 2380 1121 2412 clarae
1137 2391 1206 2412 tue-

469 2433 588 2466 nun-izu-
619 2433 767 2466 Ludos-ivi
795 2434 870 2466 dum
905 2433 976 2466 vixit
1013 2434 1208 2466 tram-orum

470 2487 552 2526 rugis
573 2487 846 2523 rluistiatussiini.
871 2493 1014 2531 :triu-pto„
1038 2487 1124 2531 quod
1155 2487 1209 2519 lto-

469 2539 581 2582 spitalu·
615 2540 798 2573 huiusmodi
835 2540 944 2584 (quod
977 2542 1112 2573 Sanetus
1145 2540 1207 2573 lat-

469 2592 600 2624 ‹luvirus
633 2594 821 2626 cornitulum
856 2594 1053 2627 l0'rancortuu
1088 2604 1139 2626 rex
1181 2593 1210 2626 iu

469 2644 631 2686 singulare
651 2646 846 2689 paupertatis
861 2646 1033 2685 refugium,
1050 2646 1109 2679 suli
1125 2646 1212 2679 invo-

1236 771 1353 815 partim
1376 782 1451 804 vero
1471 770 1682 815 pauperibus,
1701 769 1835 804 infinitis
1848 770 1979 804 morbo-

1236 835 1307 857 rum
1333 824 1505 867 generibus
1530 823 1682 868 respersis
1707 830 1879 864 vacarent,
1905 835 1978 858 cum

1238 877 1315 911 inibi
1345 877 1479 918 viduae,
1507 877 1644 921 pupilli,
1675 877 1847 920 gravidae,
1877 887 1977 921 puer-

1237 942 1344 976 perae,
1367 931 1458 965 senio
1479 930 1616 965 confecti
1639 931 1841 971 foverentur;
1864 937 1892 965 et
1914 931 1981 964 vul-

1237 985 1369 1019 neribus
1398 984 1571 1025 confracti,
1595 991 1629 1018 ut
1665 985 1781 1018 mentis
1816 990 1982 1029 compotes

1238 1039 1420 1078 evaderent,
1432 1038 1480 1071 vel
1494 1037 1614 1071 mortui
1628 1036 1880 1071 misericorditer
1891 1047 1979 1082 sepe-

1239 1093 1386 1133 lirentur,
1421 1091 1643 1136 spiritualibus
1667 1091 1830 1125 alimentis
1850 1091 1978 1133 indige-

1239 1147 1309 1187 bat;
1341 1146 1378 1179 iis
1398 1156 1455 1180 seu
1487 1145 1582 1179 certis
1602 1145 1673 1179 aliis
1698 1155 1734 1178 ex
1755 1145 1860 1179 causis
1881 1145 1983 1179 addu-

1238 1206 1318 1241 ctus,
1343 1200 1513 1244 hospitale,
1535 1210 1571 1233 ac
1592 1199 1678 1233 illius
1697 1199 1876 1232 Ecclesiam
1888 1199 1983 1233 certis

1238 1254 1313 1287 anni
1333 1253 1445 1287 diebus
1467 1253 1678 1294 visitantibus,
1702 1263 1761 1286 nec
1774 1263 1839 1287 non
1859 1252 1983 1286 confra-

1240 1307 1380 1341 ternitati
1411 1313 1597 1340 sanctorum
1620 1306 1749 1340 loannis
1770 1306 1929 1351 Baptistae
1950 1311 1984 1340 et

1238 1361 1358 1395 Nicolai
1380 1361 1522 1405 episcopi
1544 1367 1572 1394 et
1595 1361 1809 1401 confessoris,
1833 1371 1870 1394 ac
1901 1370 1978 1394 san-

1239 1421 1361 1448 ctarum
1393 1414 1523 1457 Agnetis
1554 1420 1585 1448 et
1612 1414 1746 1448 Ceciliae
1773 1413 1934 1457 virginum
1952 1419 1983 1448 et

1241 1473 1437 1513 martyrum,
1468 1467 1499 1501 in
1521 1468 1632 1501 eadem
1654 1467 1796 1501 Ecclesia
1817 1467 1978 1507 fundatae,

1240 1521 1389 1566 illiusque
1414 1532 1473 1566 pro
1507 1527 1651 1566 tempore
1672 1520 1880 1554 existentibus
1899 1530 1979 1555 con-

1240 1574 1403 1615 fratribus,
1427 1575 1583 1609 nonnulla
1603 1573 1980 1619 privilegia,“praeroga-

1240 1629 1319 1662 tivas
1339 1634 1370 1662 et
1387 1628 1465 1662 alias
1485 1627 1615 1671 gratias,
1632 1627 1765 1662 diversis
1783 1627 1983 1672 temporibus

1240 1682 1394 1716 concessit
1423 1687 1454 1715 et
1473 1681 1626 1724 elargitus
1646 1681 1702 1716 fuit
1719 1709 1726 1721 ‚
1759 1691 1861 1726 eaque
1897 1686 1983 1726 post-

1241 1736 1394 1776 modum,
1431 1741 1458 1768 et
1493 1735 1554 1768 alia
1580 1734 1767 1779 privilegia,
1798 1740 1829 1767 et,
1860 1734 1982 1768 indulta

1240 1800 1258 1822 a
1279 1789 1350 1834 piae
1371 1788 1547 1823 memoriae
1566 1787 1729 1822 NicolaoV
1749 1794 1780 1822 et
1798 1787 1918 1822 Calixto
1931 1787 1980 1829 tv,

1241 1842 1393 1877 Romanis
1425 1841 1645 1881 Pontificibus,
1674 1841 1770 1875 etiam
1793 1841 1982 1885 praedeces-

1240 1896 1368 1930 soribus
1388 1895 1516 1934 nostris,
1533 1906 1569 1928 ar.
1591 1895 1686 1928 etiam
1707 1906 1724 1929 a
1745 1895 1827 1928 Sede
1847 1895 1983 1939 Aposto-

1242 1950 1314 1990 liea,
1338 1960 1401 1983 non
1423 1949 1570 1982 obstante
1591 1959 1797 1993 quacumque
1827 1947 1982 1983 similium

1243 2003 1484 2047 privilegiorum
1499 2008 1528 2036 et
1550 2002 1749 2036 indultorum
1769 2008 1878 2046 postea
1898 2011 1985 2036 ema-

1242 2063 1316 2091 nata
1338 2057 1563 2097 revocatione,
1588 2056 1692 2090 eidem
1726 2055 1876 2101 hospitali
1906 2066 1984 2090 con·
2008 2067 2010 2074 ·

1243 2121 1340 2150 cessa,
1356 2116 1383 2143 ct
1400 2109 1576 2143 successive
1598 2109 1789 2143 recolendae
1808 2108 1985 2143 memoriae

1244 2164 1449 2198 lunari—utitis
1470 2164 1532 2198 t'ltt
1555 2170 1582 2196 et
1611 2163 1790 2197 Alexander
1811 2162 1860 2202 Vt,
1884 2173 1921 2196 ac
1932 2161 1985 2197 lu-

1244 2218 1304 2251 lius
1325 2219 1360 2256 ΙΙ.
1383 2228 1507 2250 necnon
1522 2218 1585 2251 Leo
1610 2218 1646 2257 Χ,
1671 2228 1707 2250 ac
1720 2217 1866 2250 Clemens
1893 2216 1942 2251 Vll
1956 2221 1986 2251 et

1245 2272 1317 2305 Pius
1339 2272 1386 2310 tv,
1415 2271 1511 2304 etiam
1533 2271 1668 2305 Rotnani
1690 2270 1872 2311 Pontifices,
1892 2269 1984 2304 simi-

1245 2325 1317 2359 liter
1350 2325 1614 2370 pramlecessores
1651 2324 1771 2365 nostri,
1812 2323 1987 2368 praemissa

1244 2378 1352 2411 omnia
1373 2390 1389 2410 a
1404 2377 1469 2411 suis
1489 2377 1664 2422 respective
1685 2376 1986 2422 praedecessorilnts

1245 2442 1406 2469 cont-ossa,
1419 2431 1594 2475 apostoliea
1611 2430 1812 2469 auctoritate,
1828 2430 1987 2475 approba-
2030 2422 2033 2429 ’

1246 2490 1357 2518 verunt
1380 2490 1406 2517 ‹·t
1431 2483 1833 2528 confirmaverunt,etalia
1851 2483 1890 2517 ‹tn
1905 2492 1986 2517 novo

1246 2539 1341 2572 otiam
1373 2544 1598 2571 cuin-esserunt
1633 2543 1661 2570 et
1684 2537 1810 2579 elargiti
1837 2537 1983 2577 fuerunt,

1246 2592 1340 2625 vtiauu
1372 2591 1571 2636 respective,
1596 2597 1688 2636 prout
1710 2591 1739 2624 in
1761 2590 1894 2633 singulis
1914 2589 1983 2623 sin-

1246 2647 1396 2685 gulorum
1431 2645 1716 2689 pramloevssoruni
1746 2643 1984 2688 praedium-nm

2024 1739 2082 1764 Qun
2103 1733 2117 1753 <¹

1996 1771 2056 1788 sores
2074 1767 2116 1792 'Q

1997 1792 2052 1814 confi
2069 1802 2077 1810 υ
