2253 3195
462 214 528 250 940

435 287 525 322 CXX.
546 288 701 323 Statuitur
721 288 807 332 quod
829 298 943 323 causae
964 295 1181 324 mercatorum

524 341 745 375 Universitatis
765 342 995 384 Anconitanae,
1019 344 1074 387 qui
1095 355 1181 378 mer-

523 405 576 428 ces
588 405 672 436 suas,
688 399 750 428 tarn
765 395 805 428 ad
822 405 982 438 grossum,
1001 403 1036 430 ut
1053 405 1178 439 vocant,

523 459 620 492 quam
638 448 788 482 minutim
809 450 963 492 vendunt,
984 450 1182 486 definiantur

522 511 581 545 per
593 502 742 535 consules
760 509 976 536 mercatorum
992 504 1097 538 dictae
1109 505 1182 539 Uni-

525 554 691 596 versitatis,
712 554 787 589 235.

434 618 540 653 CXXI.
561 619 654 658 Quod
674 619 706 652 in
729 619 866 654 crimine
887 621 1049 655 assassinii
1069 629 1181 657 contra

521 684 678 718 personas
687 674 918 709 ecclesiasticas
927 676 1104 711 declaratio
1115 688 1182 722 spe-

522 733 586 761 ctet
609 728 649 762 ad
676 728 817 762 iudicem
847 730 1122 772 ecclesiasticum,
1151 737 1200 766 et'

522 787 634 815 contra
647 781 766 816 milites
777 783 921 827 aliasque
938 795 1094 827 personas
1105 796 1180 819 con-

521 841 633 869 ventus
654 841 685 869 et
704 835 873 880 hospitalis
893 836 922 870 S.
944 838 1073 872 loannis
1100 839 1176 873 Hie-

521 889 744 934 rosolymitani
757 889 918 933 pertineat
937 891 976 925 ad
998 902 1109 925 eorum
1125 904 1178 926 su-

519 943 676 987 periores,
694 943 846 977 adiuncto
867 944 1020 990 episeopo
1034 946 1108 987 loci,
1122 958 1178 980 an-

520 1003 650 1041 tequam
677 996 800 1031 iudiees
828 998 1010 1032 saeculares
1035 999 1176 1044 aliquam

520 1050 771 1084 declaratoriam
801 1051 941 1095 desuper
969 1052 1095 1093 serant,
1130 1054 1177 1087 vel

519 1104 559 1137 ad
583 1114 763 1148 poenarum
795 1105 1046 1149 exequutionem
1079 1107 1175 1142 deve-

521 1158 623 1199 niant,
647 1157 722 1192 238.

431 1211 552 1246 cxxlt.
576 1212 658 1246 Unio
678 1212 819 1246 nationis
839 1213 1007 1248 Ruthenae
1028 1225 1100 1248 cum
1123 1216 1178 1250 Ec-

520 1265 618 1299 clesia
638 1266 796 1308 Romana,
821 1265 896 1300 239.

432 1327 568 1362 CXXIII.
590 1329 790 1373 Approbatio
810 1329 1018 1373 Pontificalis
1037 1332 1180 1366 Romani

518 1393 578 1430 pro
605 1383 820 1417 caeremoniis
851 1389 881 1417 et
909 1384 1024 1418 ritibus
1055 1386 1094 1419 ab
1122 1387 1178 1420 Ec-

519 1436 635 1470 clesiae
667 1437 849 1471 Catholicae
880 1438 1040 1483 episcopis
1068 1440 1197 1488 eliser-¹

521 1489 632 1524 randis
651 1501 758 1535 nuper
778 1491 928 1533 restituti,
956 1491 1030 1525 946.

430 1551 558 1586 cxxtv.
582 1552 626 1586 De
651 1553 866 1597 exequutione
885 1553 1018 1588 Concilii
1039 1555 1175 1589 Triden-

521 1605 577 1639 tini
598 1612 711 1640 eontra
731 1607 895 1649 regulares
910 1635 917 1649 ,
945 1618 1010 1641 non
1031 1609 1178 1643 subditos

520 1659 691 1704 episeopis,
713 1666 801 1694 extra
819 1661 957 1695 claustra
977 1662 1103 1697 notorie
1122 1664 1177 1697 dc·
1195 1666 1197 1709 f

520 1714 714 1758 linquentes,
735 1721 766 1748 et
787 1715 826 1749 de
846 1716 959 1760 poenis
980 1726 1092 1750 eorum
1119 1728 1175 1751 su—
1195 1741 1197 1753 .

519 1767 706 1812 periorum‚
731 1769 785 1813 qui
820 1769 892 1803 illos
923 1770 1039 1814 punire
1070 1772 1197 1813 ticeli-i

520 1828 611 1863 gunt,
632 1821 707 1855 249.

431 1882 551 1917 CXXV.
575 1884 796 1929 Metropolitae
819 1885 1041 1920 Ruthenorum
1064 1898 1177 1922 conce-

520 1938 609 1971 ditur
626 1938 760 1972 facultas
781 1940 991 1974 consecrandi
1009 1941 1179 1986 episcopos

519 1991 567 2024 sui
582 1991 662 2024 ritus
678 2003 737 2036 pro
751 1993 895 2027 ecclesiis
909 1994 1106 2036 vacantibus,
1123 1996 1177 2040 qni

521 2050 626 2078 tamen
649 2046 855 2090 metropolita
884 2058 900 2080 a
930 2048 1076 2081 Romano
1096 2049 1178 2083 Pon-

521 2098 605 2132 tifice
627 2099 739 2133 debeat
762 2100 963 2141 confirmari,
987 2100 1062 2135 250.

431 2160 565 2195 CXXVI.
600 2162 766 2207 Episcopis
794 2163 1113 2197 wlodimiriensilms
1148 2172 1179 2199 et

521 2216 742 2250 Bresiensitms
757 2243 764 2257 ,
789 2217 917 2251 rutheni
940 2217 1040 2258 ritus,
1065 2228 1175 2252 conce-

521 2269 608 2303 ditur
628 2281 703 2303 usus
724 2271 857 2304 vestium
888 2282 1075 2310 sacrarum,
1100 2283 1179 2316 quas

520 2323 706 2357 Saccacinm
727 2325 901 2368 appellant,
931 2326 1176 2359 dalmatiearmn

521 2382 551 2410 et
573 2377 752 2411 tunicarum
776 2378 886 2418 instar,
911 2380 987 2413 dum
1009 2390 1177 2414 sacrosan-

521 2437 606 2464 ctum
637 2432 751 2465 missac
780 2432 975 2466 sacrificium
1006 2434 1178 2478 divinaque

522 2484 625 2518 officia
636 2486 812 2529 pontificali
826 2497 916 2520 more
926 2487 1177 2529 cetetni-:tnt,⁹2.'r2.

434 2545 579 2580 CXXVII.
602 2547 778 2581 Moderatio
799 2549 904 2582 bullae
925 2549 1000 2583 Sixti
1023 2549 1044 2582 V
1066 2556 1177 2583 contra

523 2599 655 2633 clericos
677 2602 759 2635 male
780 2609 946 2646 promotos
967 2609 997 2636 ct
1022 2614 1076 2636 eos
1098 2614 1174 2647 pro-

525 2659 688 2687 moventes
701 2655 818 2696 editae,
831 2667 904 2689 cum
919 2658 1177 2701 praeservatione

1016 228 1193 253 BL‘LLARIUM
1219 228 1369 254 ROMANUM

1304 301 1485 336 poenarum
1502 291 1622 325 ibidem
1639 291 1816 326 simoniace
1829 292 1960 327 ordina-

1305 345 1345 379 tis
1366 350 1397 379 et
1416 345 1641 379 ordinantibus
1663 345 1956 388 inflictarumfzm.

1216 398 1380 434 CXXVIII.
1400 399 1548 432 Facultas
1567 398 1718 443 Philippo
1750 399 1818 442 regi
1849 399 1960 433 catho-

1303 453 1378 494 lico,
1402 453 1536 487 militiae
1557 453 1596 487 de
1626 453 1780 487 Montesia
1802 459 1960 498 perpetuo

1304 507 1579 550 administratori,
1608 513 1642 542 ut
1671 508 1704 541 in
1733 508 1961 543 controversiis

1303 562 1389 596 inter
1408 561 1556 595 militiam
1578 561 1780 606 praedictam
1808 569 1840 595 et
1865 562 1957 596 loco-

1304 627 1375 650 rum
1395 615 1594 657 Ordinarios,
1618 620 1649 649 et
1666 615 1744 649 alias
1764 615 1959 650 ecelesiasti-

1304 681 1356 703 cas
1374 680 1529 713 personas
1549 669 1638 710 ortis,
1661 680 1721 713 pro
1742 669 1917 703 concordia
1929 675 1958 704 et

1303 723 1466 756 amicabili
1491 722 1728 767 compositione
1750 716 1787 756 se
1811 723 1956 768 interpo-

1304 788 1382 811 nere
1402 777 1518 818 valeat‚
1542 775 1617 810 ⁶255.

1198 834 1199 838 ’
1215 831 1352 866 CXXIX.
1370 831 1495 864 Erectio
1509 830 1705 875 parochialis
1718 831 1874 865 ecelesiae
1892 842 1960 865 san-

1197 876 1199 887 ·
1305 884 1345 918 cii
1366 884 1490 918 Nicoiai
1511 884 1622 929 oppidi
1637 885 1676 918 de
1689 884 1879 918 micantem
1893 886 1960 919 coi-

1303 938 1465 981 legiatam‚
1487 949 1559 971 eum
1580 938 1809 982 suppressione
1828 939 1960 973 alterius

1303 991 1510 1036 parochialis,
1534 998 1565 1025 et
1585 991 1671 1026 illius
1691 991 1810 1026 unione
1830 1003 1960 1027 mensae

1303 1045 1471 1090 capitulari
1493 1045 1637 1079 eiusdem
1659 1045 1848 1089 collegiatae
1858 1046 1888 1081 S.
1904 1046 1959 1080 Ni-

1303 1099 1397 1140 colai‚
1421 1098 1496 1133 259.

1213 1154 1337 1189 CXXX.
1362 1153 1572 1188 Confirmatio
1589 1153 1809 1198 pragmaticae
1828 1154 1868 1188 ad
1889 1154 1957 1188 evi-

1196 1199 1198 1212 ¹
1303 1208 1416 1242 tandos
1439 1207 1621 1251 superfluos
1645 1213 1792 1252 sumptus
1821 1207 1852 1242 in
1885 1207 1960 1242 civi-

1302 1267 1365 1296 tate
1386 1261 1593 1303 Bononiensi,
1617 1260 1692 1295 266.

1195 1310 1198 1323 ⁵
1213 1315 1346 1351 CXXXI.
1364 1315 1542 1349 Iubilaeum
1561 1316 1601 1349 ad
1619 1315 1760 1349 divinam
1779 1326 1886 1360 opem,
1899 1327 1959 1361 pro

1195 1379 1198 1401 i
1302 1375 1430 1404 sanctae
1466 1369 1643 1403 catholicae
1681 1369 1756 1404 fidei
1795 1369 1827 1403 in
1859 1380 1960 1413 regno

1195 1414 1197 1447 ¹}
1303 1423 1456 1457 Franciae
1477 1423 1681 1464 exaltatione,
1706 1429 1734 1457 et
1757 1423 1913 1468 pristinae
1927 1423 1958 1458 in

1303 1489 1340 1512 eo
1371 1477 1617 1522 tranquillitatis
1644 1477 1847 1512 restitutione
1863 1505 1870 1519 ,
1893 1477 1956 1511 im-

1195 1552 1197 1573 ?
1301 1531 1506 1575 plorandam,
1530 1530 1605 1564 ι267.

1195 1580 1363 1619 CXXXII.
1377 1585 1492 1619 Statuit
1504 1590 1538 1618 ut
1551 1585 1703 1629 deinceps
1724 1585 1859 1629 pignora
1873 1586 1958 1630 apud

1301 1639 1464 1672 llebraeos
1484 1637 1703 1678 consistentia,
1728 1638 1838 1682 elapso
1855 1638 1958 1682 spatio

1301 1693 1411 1726 decem
1437 1698 1467 1726 et
1492 1697 1565 1726 octo
1596 1691 1754 1726 niensium
1770 1719 1777 1732 ‚
1802 1691 1832 1725 in
1854 1692 1959 1726 Monte

1301 1746 1429 1780 Pietatis
1450 1746 1489 1780 de
1506 1746 1591 1780 Urbe
1611 1745 1706 1780 vendi
1727 1745 1877 1786 debeant,
1896 1755 1956 1780 ne·

1302 1809 1364 1843 que
1399 1799 1536 1833 llebraei
1572 1799 1744 1843 plusquam
1786 1798 1958 1833 duodecim

1301 1858 1401 1893 scuta,
1426 1863 1485 1896 pro
1506 1852 1653 1896 quolibet
1672 1852 1820 1896 pignore,
1844 1857 1959 1886 mutuo

1304 1907 1380 1940 dare
1401 1906 1535 1951 possint,
1559 1905 1634 1939 969.

1212 1960 1376 1995 CXXXIII.
1401 1960 1561 1995 Institutio
1582 1960 1842 2003 congregationis
1862 1971 1960 2005 super

1302 2015 1477 2048 baronibus
1503 2014 1609 2048 Status
1633 2013 1856 2054 Ecclesiastici,
1884 2025 1957 2048 cum

1302 2068 1527 2102 iurisdictione
1547 2078 1659 2102 eorum
1683 2074 1787 2102 castra
1807 2073 1839 2102 ct
1859 2068 1955 2109 bona,

1302 2121 1398 2155 etiam
1421 2121 1680 2155 fideicommissis
1700 2121 1863 2162 subiecta,
1887 2121 1955 2155 dis-

1302 2175 1448 2210 trahendi
1480 2186 1538 2219 pro
1565 2174 1782 2209 satisfactione
1812 2175 1954 2209 credito-

1304 2240 1386 2270 rum,
1411 2228 1486 2262 ⁹270.

1213 2282 1376 2317 CXXXIV.
1401 2283 1576 2316 Moderatio
1604 2293 1812 2317 censurarum
1845 2287 1957 2317 contra

1302 2337 1506 2370 extrahentes
1537 2337 1700 2370 frumenta
1729 2342 1760 2370 ct
1786 2336 1874 2371 aliud
1899 2347 1956 2370 an-

1303 2401 1406 2423 nonae
1423 2401 1524 2432 genus
1544 2396 1628 2424 extra
1650 2390 1772 2424 Statum
1794 2389 1953 2424 Ecclesia-

1301 2443 1415 2477 sticum
1449 2454 1506 2488 per
1541 2443 1803 2477 constitutionem
1836 2443 1957 2486 Grego-

1302 2497 1338 2529 rii
1361 2497 1426 2531 XIII
1450 2497 1656 2536 inflictarum,
1681 2495 1755 2530 276.

1212 2549 1361 2584 CXXXV.
1380 2549 1817 2593 ttetigiosisCongi-egationis
1828 2550 1957 2585 S.loan-

1301 2604 1349 2638 uis
1367 2604 1585 2647 Evangelistae
1603 2615 1778 2647 regnorum
1790 2604 1956 2647 rot-iugat-

1301 2658 1360 2691 liae
1386 2657 1576 2703 prohibetur
1605 2658 1779 2703 quominus
1800 2658 1839 2694 de
1859 2657 1955 2691 rebus
