2253 3195
258 258 307 286 An.
329 259 357 287 c.
376 260 443 288 1598
488 252 552 286 438

286 317 377 347 θεωρεῖ
392 324 442 339 cun·
457 310 507 351 sit,
531 312 702 354 praedictis
721 312 867 353 Gregorii
881 313 905 344 X
927 318 957 345 et
977 312 1147 346 Clementis
1158 312 1193 352 V,

259 348 336 365 'mm'
456 369 551 406 atque
572 363 641 396 aliis
667 363 831 407 quibusvis
860 364 1142 397 constitutionibus
1167 370 1195 397 et

457 416 712 449 ordinationibus
732 417 926 460 apostolicis,
947 418 1144 462 caeterisque
1164 418 1194 451 in

456 470 653 502 contrarium
678 470 868 504 facientibus
888 471 1156 515 quibuscumque.

501 522 562 566 {71
586 523 669 556 Nulli
699 534 776 566 ergo
807 524 940 557 omnino
970 525 1138 557 hominum
1159 525 1196 557 li-

271 583 441 630 cltqusulaepoe·
457 582 525 609 eeat
546 576 603 609 hac
624 577 775 620 paginam
796 584 980 611 nostrorum
1007 579 1196 612 declaratio-

258 616 322 630 ω’
456 629 515 669 nis,
538 630 658 669 statuti,
683 631 900 672 decretorum,
920 631 1195 676 praecepti,ordi-

456 683 606 723 nationis,
629 684 829 718 voluntatum
855 692 884 718 et
913 685 1055 719 mandati
1083 685 1194 718 infrin-

455 746 552 777 gere,
575 737 623 769 vel
653 737 681 770 ei
708 748 787 771 ausu
819 739 990 772 temerario
1021 738 1191 772 contraire.

455 789 485 822 Si
517 789 588 832 quis
617 796 723 823 autem
751 791 813 824 boc
844 798 1001 824 attentare
1030 803 1195 835 praesum-

454 842 562 886 pserit,
586 843 838 886 indignationem
864 845 1098 889 Omnipotentis
1126 845 1192 885 Dei,

455 906 491 928 ac
516 896 683 929 beatorum
704 897 789 930 Petri
811 903 841 931 et
865 898 953 930 Pauli
974 898 1194 942 apostolorum

455 948 530 982 Eius
549 960 582 982 se
603 950 727 983 noverit
748 950 964 984 incursurum.

499 1002 612 1035 Datum
633 1003 753 1036 Romae
774 1004 858 1048 apud
876 1004 1026 1043 Sanctum
1047 1006 1192 1045 Petrum,

455 1065 539 1088 anno
564 1055 796 1090 incarnationis
816 1058 1000 1091 Dominicae
1025 1059 1196 1092 millesimo

455 1108 712 1152 quingentesimo
733 1111 942 1153 nonagesimo
963 1117 1086 1152 octavo,
1103 1113 1196 1146 tertio

456 1162 607 1195 kalendas
627 1163 748 1206 aprilis,
772 1164 977 1207 pontificatus
997 1165 1098 1198 nostri
1111 1176 1196 1200 anno

455 1215 601 1259 septimo.

491 1277 548 1305 Dat.
560 1277 604 1305 die
623 1278 657 1306 30
677 1280 765 1306 martii
783 1280 859 1313 1598,
881 1283 955 1315 pont.
972 1290 1016 1308 an.
1034 1288 1080 1309 vu.

734 1441 903 1475 CLXXXVI
909 1469 914 1474 .

458 1538 648 1571 Commi-<sio
678 1538 840 1570 collectori
870 1538 1049 1582 spoliorum
1078 1540 1197 1573 Portu-

499 1590 622 1632 (talliae
643 1591 857 1624 examinandi
881 1596 909 1624 rt
933 1591 1104 1625 decidendi
1122 1604 1197 1626 cau-

499 1654 551 1676 sas
573 1648 726 1677 vertentes
747 1645 832 1677 inter
850 1646 1124 1689 archiepiscopum
1144 1647 1198 1679 Et-

501 1697 663 1728 borensem
676 1701 704 1729 e!
718 1698 856 1729 militias
876 1698 946 1731 lesu
966 1699 1099 1737 Christi,
1116 1700 1197 1732 Sau-

500 1751 543 1782 cti
564 1750 674 1783 lacotn'
694 1751 730 1783 de
754 1752 878 1794 Spalim
892 1779 901 1791 ‚
925 1756 953 1785 ct
978 1753 1015 1785 de
1038 1753 1118 1786 Avis
1137 1764 1194 1786 sn-

498 1813 556 1846 per
576 1804 648 1836 iure
666 1804 835 1843 visitandi,
859 1811 918 1838 etc.
943 1805 962 1837 ¹.

456 1891 625 1918 Venerabili
641 1892 727 1918 fratri
747 1892 887 1926 episcopo
907 1892 1067 1927 Τειτςοηεί,
1084 1901 1138 1921 sou
1153 1894 1197 1921 di-

492 1935 570 1962 lecto
590 1935 651 1962 filio
671 1938 773 1963 nostro
793 1939 823 1963 et
848 1937 986 1965 camerae
1012 1939 1199 1971 apostoticae

492 1980 625 2014 generali
648 1981 800 2008 collectori
822 1981 851 2008 in
876 1982 976 2017 regnis
998 1983 1198 2018 portugalliae

493 2027 523 2051 et.
537 2024 742 2058 Algarbiorum

645 2090 800 2122 Clemens
817 2092 910 2133 Papo
924 2092 1015 2122 VIII.

541 2159 725 2187 venerabilis
745 2159 848 2193 frater,
865 2167 919 2188 sou
939 2161 1050 2188 dilecto
1071 2161 1128 2194 ssli,

500 2214 629 2240 salutem
648 2217 679 2241 et.
699 2213 892 2247 apostolicam
912 2214 1158 2242 benedictionem.

505 2286 549 2318 ,td
573 2285 706 2318 Romani
738 2285 901 2317 l'ontiiiris
927 2296 1042 2317 numus
1064 2286 1200 2318 maxime

461 2339 607 2382 pertinet,
625 2338 812 2383 periculosis
833 2338 1088 2372 elwistifideliurn
1111 2339 1201 2372 dill'e-

462 2392 571 2423 rentiis
593 2398 620 2423 et
642 2391 812 2430 scandalis,
838 2392 974 2424 uiaxbue
996 2392 1078 2424 iuter
1099 2393 1201 2425 ercle-

462 2445 602 2477 siastieas
620 2451 649 2477 et
673 2445 826 2477 militares
847 2455 1010 2488 personas.
1035 2445 1202 2488 pendenti-

463 2498 531 2535 bus,
553 2504 707 2541 quaiittuu
724 2498 752 2530 iu
767 2498 901 2531 ltouiiuo
920 2504 1033 2542 potest,
1057 2498 1197 2531 obviare.

507 2553 520 2590 ξ
545 2551 569 2582 l.
594 2552 669 2583 tium
693 2551 800 2595 itaqu·-
821 2563 924 2595 imper
945 2552 983 2584 ad
1010 2563 1067 2584 uos
1093 2552 1198 2595 peria>-

466 2610 530 2635 tuui
565 2604 688 2641 fuisset,
718 2605 799 2637 iuter
828 2605 1043 2637 venerabilem
1071 2606 1200 2637 fratrent

501 2668 509 2692 t
531 2665 565 2692 1⁴21
589 2667 699 2700 negent.
721 2667 746 2693 in
767 2668 867 2694 Secret.
892 2667 1024 2695 llreviuui.

1039 264 1222 289 BULLARIUM
1242 264 1396 289 ROMANUM

1985 268 2034 296 An.
2055 268 2084 296 C.
2099 269 2166 298 1598

2043 330 2094 360 Ort-³
2117 336 2165 353 cou—

1982 359 2086 377 troversia
2112 358 2166 379 int-er

1230 312 1507 356 archiepiscopum
1529 313 1747 355 Effiorensem,
1771 316 1903 360 eiusque
1923 317 1968 350 of-

1230 364 1367 405 ficiales,
1391 365 1569 399 visitatores
1595 373 1623 399 et
1653 367 1815 402 ministros
1841 380 1878 402 ex
1904 380 2165 410 [lnaarchiepiscopum

1982 409 2117 430 Elboreusem
2145 413 2166 431 et

1229 423 1332 460 parte,
1356 424 1385 451 et
1406 424 1658 461 conservatores,
1685 419 1817 459 iudices
1844 423 1967 465 praela·
1982 436 2076 457 ‚naam
2091 436 2113 457 s.
2127 436 2166 458 Be·
2204 419 2214 455 “.

1231 477 1299 508 tos,
1327 472 1607 506 commendatores
1642 473 1802 515 maiores,
1830 480 1858 508 et
1889 475 1968 509 alios
1981 463 2166 515 25ssssss¹¹jss¹f⁰02ss¹jff

1230 530 1466 568 praeceptores,
1490 525 1625 569 priores,
1636 526 1855 568 beneficiatos,
1879 529 1968 571 equi·
1983 516 2048 540 '‘¹¹¹⁰''
2063 518 2108 539 Μ’

1231 584 1291 618 tes,
1315 578 1453 617 milites,
1477 579 1610 619 fratres,
1634 585 1839 624 caeterasque
1864 581 1968 623 digni—

1232 636 1320 671 tates,
1344 642 1497 675 personas
1517 638 1547 665 et
1567 632 1729 673 officiales,
1753 643 1789 666 ac
1806 633 1970 668 ministros

1231 684 1376 726 militaris
1396 684 1518 718 ordinis
1533 686 1571 718 de
1584 685 1673 718 Avis¹
1687 685 1888 728 gravissimas
1901 686 1970 720 dis·
2011 729 2014 732 y

1229 738 1403 778 sensiones,
1431 738 1552 782 litigia,
1574 750 1740 779 censuras,
1768 750 1899 783 poenas,
1923 740 1970 773 in-

1230 792 1482 833 carcerationes,
1515 793 1681 836 sacrilegia
1713 799 1742 826 et
1771 793 1832 827 alia
1864 794 1969 827 forsan

1230 844 1412 887 indigniora
1440 846 1592 887 existere,
1623 846 1739 890 quibus
1766 846 1797 879 in
1821 847 1970 880 universo

1229 899 1443 941 Portugalliae
1468 910 1567 942 regno
1594 899 1787 933 universalia
1811 906 1842 933 et
1869 900 1971 933 conti-

1230 963 1293 984 nua
1323 953 1474 985 scandala
1504 952 1716 993 emanabant,
1747 963 1783 985 ex
1815 963 1853 986 eo
1884 953 1971 997 quod

1230 1005 1412 1048 praedictus
1420 1005 1680 1049 archiepiscopus
1689 1005 1796 1039 eteius
1805 1005 1968 1047 officiales,

1230 1069 1266 1092 ac
1286 1059 1479 1099 visitatores,
1502 1065 1667 1103 praetextu
1692 1060 1894 1093 decretorum
1916 1071 1971 1094 seu

1231 1112 1484 1146 declarationum
1516 1112 1598 1146 sacri
1629 1113 1761 1146 Concilii
1795 1113 1971 1146 Tridentini

1232 1166 1338 1199 forsan
1352 1166 1398 1199 vel
1414 1165 1590 1199 litterarum
1605 1166 1865 1210 apostolicarum,
1881 1166 1972 1200 iuris-

1231 1219 1403 1252 dietionem
1424 1219 1620 1252 ordinariam
1640 1219 1902 1258 exercitantium,
1919 1226 1973 1253 aut

1230 1272 1364 1305 aliarum
1400 1282 1681 1316 quarumcumque
1710 1272 1888 1316 praedictas
1920 1283 1972 1306 ee-

1231 1326 1353 1365 clesias,
1377 1326 1601 1367 commendas,
1625 1326 1770 1366 fabricas,
1795 1337 1832 1360 ae
1856 1336 1969 1370 perso-

1230 1389 1287 1412 nas
1303 1378 1440 1419 visitare,
1463 1389 1614 1422 reparare
1635 1384 1664 1412 et
1685 1378 1840 1421 castigare
1862 1379 1966 1412 inten-

1231 1433 1359 1469 debant,
1380 1438 1542 1476 tamquam
1557 1432 1581 1465 si
1596 1443 1661 1466 non
1673 1438 1779 1466 essent
1792 1438 1969 1477 exemptae,

1230 1487 1286 1519 sed
1305 1496 1381 1519 suae
1407 1485 1618 1519 iurisdictioni
1636 1486 1811 1526 subiectae,
1834 1491 1865 1519 et
1880 1496 1974 1530 prae-

1232 1540 1323 1583 cipue
1351 1540 1434 1573 circa
1465 1550 1580 1572 novam
1606 1539 1772 1573 ecclesiam
1796 1539 1827 1572 in
1849 1539 1972 1583 oppido

1231 1593 1271 1626 dc
1291 1593 1394 1626 Borba
1414 1603 1450 1626 cx
1470 1593 1649 1626 redditibus
1675 1592 1775 1637 ipsius
1805 1603 1973 1626 commcn-

1232 1646 1290 1678 dae.
1322 1645 1539 1678 fabricandam
1554 1673 1561 1685 ,
1588 1645 1722 1689 aliisque
1743 1645 1875 1679 diversis
1899 1656 1973 1679 cau-

1231 1699 1294 1735 sis.
1326 1699 1452 1741 litigiis,
1487 1699 1667 1743 pendentiis
1700 1705 1730 1731 et
1765 1698 1972 1741 emergentiis

1234 1752 1370 1785 maxime
1392 1752 1615 1785 molestabant.
1639 1752 1754 1786 Contra
1775 1763 1850 1786 vcro
1875 1763 1970 1796 prae—

1233 1806 1337 1839 dictae
1358 1805 1511 1838 militares
1529 1815 1684 1848 personae
1701 1815 1746 1844 sc,
1763 1810 1793 1838 et
1810 1805 1970 1845 ecclesias,

1233 1870 1269 1892 ac
1294 1859 1378 1892 bona
1395 1869 1451 1890 sua
1468 1858 1558 1891 nullo
1577 1858 1672 1891 modo
1697 1868 1715 1891 a
1735 1857 1901 1902 praedicto
1922 1869 1973 1891 ar-

1233 1911 1439 1955 chiepiscopo
1452 1916 1482 1943 et
1502 1911 1569 1943 eius
1590 1910 1754 1950 ministris,
1771 1921 1974 1955 quacumque

1233 1977 1268 1997 ex
1291 1976 1396 2003 eausa,
1421 1964 1539 1998 visitari
1561 1975 1653 2008 posse
1674 1975 1732 1997 nec
1753 1964 1871 1997 debere
1884 1975 1975 2008 prae-

1235 2018 1424 2057 tendebant,
1448 2017 1523 2061 quia
1541 2027 1604 2050 non
1626 2018 1729 2050 solum
1751 2028 1787 2050 ex
1807 2017 1900 2050 variis
1914 2018 1975 2051 uo-

1235 2082 1404 2105 iuanoruin
1427 2071 1616 2104 Pontificum
1638 2070 1824 2114 privilegiis,
1845 2076 1873 2103 et
1894 2070 1974 2103 anti-

1235 2125 1395 2169 quissimis
1414 2125 1649 2162 stabilimentis,
1673 2124 1846 2168 apostolica
1867 2130 1975 2157 aucto-

1235 2179 1327 2211 ritate
1359 2179 1558 2211 confirmatis
1589 2185 1640 2211 aut
1677 2172 1884 2222 :ip—probatis,
1919 2178 1975 2211 sed

1235 2231 1328 2264 etiam
1348 2242 1383 2264 ex
1405 2231 1635 2274 antirpdssimis
1662 2230 1950 2275 compositionibus
1964 2259 1971 2269 ,

1235 2284 1415 2317 concordiis
1436 2290 1465 2317 et
1486 2284 1717 2322 contractibus,
1741 2295 1778 2317 ac
1803 2289 1974 2317 consuetu-

1235 2337 1383 2376 dinibus,
1414 2347 1469 2369 scu
1502 2336 1755 2381 possessionibus
1789 2337 1975 2369 omnimoda

1236 2400 1445 2434 personarum
1481 2401 1517 2422 ac
1553 2390 1760 2423 eeclesiarum
1795 2389 1976 2433 praedictae

1237 2443 1366 2476 militiae
1396 2442 1531 2475 visitatio
1551 2454 1587 2475 ae
1608 2442 1774 2487 dispositio
1801 2444 1840 2476 ad
1869 2453 1974 2484 regern

1236 2496 1441 2533 ‹atlioliruun
1453 2502 1615 2539 tamquam
1628 2496 1770 2528 eiusdem
1784 2501 1974 2540 perpetuum

1236 2550 1540 2586 :ulatinistratorem,
1556 2549 1687 2593 eiusque
1705 2561 1905 2582 successores
1918 2560 1976 2593 pro

1238 2609 1381 2646 tempore
1413 2602 1582 2635 existentes·
1609 2603 1808 2646 pertinebat,
1836 2614 1871 2635 ac
1904 2613 1976 2645 pro-

1275 2668 1282 2692 l
1310 2665 1385 2692 liccat
1407 2667 1475 2693 forto
1494 2675 1530 2692 ω·
1549 2666 1610 2692 ulia
1629 2665 1722 2700 (usia).
