2253 3195
43 201 92 228 An.
110 201 139 228 C.
158 198 226 227 ¹594

70 1267 101 1288 Ex
116 1267 225 1294 episcopo-

41 1300 84 1316 rum
98 1294 225 1320 negligentia

30 1319 145 1342 'ecclesiae
162 1321 224 1341 sabri-

40 1348 78 1371 cis.
96 1348 225 1374 paramentis

40 1375 139 1400 omnique
147 1374 224 1395 decore

39 1402 168 1424 imminutae.

858 197 1004 221 CLEMENS
1024 197 1082 221 VIII
1103 197 1153 221 Pr.

241 246 406 280 vacatione
427 246 573 284 durante,
597 245 815 283 decurrentes,
836 245 890 277 scil
913 255 986 288 spo-

239 301 281 334 lia
302 307 331 333 ct
352 300 471 333 fructus
492 299 675 332 huiusmodi
698 299 840 342 ipsorum
860 299 985 331 ari-bie-
1002 306 1003 311 ¹

239 354 447 398 piscoporum
469 359 499 386 ct
517 353 743 396 episi-operum
763 352 793 384 in
817 352 908 385 dictis
929 363 982 385 ec·
1002 326 1004 383 i

1673 187 1732 221 1⁶21

1020 251 1178 288 perpetuo
1200 244 1359 278 abdicavit
1379 250 1409 278 et
1429 245 1604 288 separarit,
1634 245 1767 289 illasque

1031 299 1112 332 lictis
1133 300 1285 340 ecclesiis,
1309 310 1367 344 pro
1389 300 1516 333 illarum
1538 299 1766 339 sab1·iea,stru-

1020 359 1132 392 ctura,
1157 355 1360 398 reparatione
1381 360 1408 387 et
1438 343 1702 395 conservatione,
1731 365 1768 387 ac

239 407 342 441 clesiis
362 417 561 440 successores
582 417 617 439 ex
638 405 811 449 privilegiis
832 411 862 437 et
883 405 987 438 indul·
1021 406 1117 439 eliani
1144 414 1410 441 ornamentorum
1440 414 1467 441 et
1501 414 1765 452 paramentorum

239 460 277 494 tis
304 460 510 504 apostolicis,
546 469 673 502 semper
703 458 922 502 percepissent
957 464 987 490 et
1020 460 1182 503 emptione
1203 467 1233 493 et
1254 461 1507 500 manutentionc,
1532 462 1625 494 etiam
1647 472 1764 505 perpe-

238 513 407 550 levassent,
428 524 464 545 ac
490 512 657 555 percipere
678 517 708 544 et
729 511 832 544 levare
853 511 986 554 pacifice
1002 510 1003 550 i
1021 518 1075 545 tuo
1107 514 1276 557 applicavit
1303 520 1333 547 et.
1364 515 1598 558 appropriavit:
1624 521 1654 548 et
1674 515 1764 548 insu-

239 573 270 600 et
295 567 401 610 quiete
427 565 680 603 consuevissent,
696 570 724 597 et
739 575 810 598 cum
833 564 985 597 ecclcsiae
1002 561 1003 568 ¹
1020 577 1091 609 per,
1116 572 1147 599 ut
1170 568 1345 610 praemissa
1366 579 1458 601 suum
1483 568 1625 601 debitum
1648 579 1764 602 conse-

239 619 423 653 huiusmodi
458 629 516 662 pro
545 629 656 651 earum
678 618 807 650 fabricis
828 628 863 650 ac
884 628 982 650 orna·
1002 611 1003 614 ¹
1020 619 1074 662 qui
1096 626 1224 663 possent
1248 620 1409 660 effectum,
1426 621 1549 654 dilectis
1567 621 1641 654 liliis
1658 621 1767 663 singu-

239 674 354 707 mentis
372 679 401 706 ct
416 672 611 717 paramentis
625 683 684 716 pro
703 672 810 705 (livino
831 672 916 705 culto
931 682 986 704 ne-
1020 672 1056 704 lis
1070 672 1221 716 Capitulis
1233 673 1432 716 singularum
1445 675 1655 707 ecclesiarum
1670 685 1764 718 prae-

239 727 394 767 cessariis,
418 727 523 760 nullos
544 726 697 759 haberent
719 725 873 765 redditus,
897 724 982 757 veri·
1001 720 1003 738 ³

238 780 397 820 similiter,
422 791 458 813 ac
479 790 538 824 pro
560 786 647 813 certo
673 779 871 812 credendum
894 785 981 819 erat,
1002 815 1003 818 Ἴ

238 834 405 878 privilegia
423 840 453 867 et
475 834 598 867 indulta
618 834 783 877 praedicta
804 844 840 866 ea
862 832 985 865 ratione

238 898 296 932 per
317 888 480 922 Romanos
500 887 672 921 Pontifices
694 897 845 920 concessa
865 886 959 919 fuisse
975 913 982 925 ,

238 947 274 975 ut
293 941 351 986 ipsi
370 941 602 985 archiepiscopi
625 947 653 974 et
676 940 816 984 episcopi
835 940 985 973 ecclesias

239 994 420 1039 praedictas
441 1005 477 1028 ex
496 994 640 1038 pecuniis
660 993 924 1038 provenientibus
949 1004 985 1026 ex

239 1048 350 1093 spoliis
371 1054 400 1081 et
421 1048 577 1081 fructibus
608 1047 780 1091 praedietis
806 1058 981 1091 reparare,

239 1103 418 1136 instaurare
439 1108 469 1135 ct
490 1107 699 1135 manutenere
721 1107 749 1134 et
771 1112 981 1137 conservare.

238 1165 299 1189 nec
319 1165 384 1188 non
405 1161 594 1188 ornamenta
615 1160 643 1187 el
666 1159 853 1198 paramenta
873 1154 984 1187 huius-
1001 1154 1003 1163 ’

240 1209 372 1242 modiin
386 1209 506 1242 eisdem
527 1208 670 1242 ecclesiis
690 1208 810 1241 habere
830 1208 986 1241 deberent

241 1269 272 1296 et
301 1268 498 1296 tenerentur.
528 1263 743 1295 Nihilominus
774 1272 791 1295 a
823 1262 924 1295 multo
956 1268 987 1295 et

240 1316 306 1350 fere
338 1316 589 1349 immemorabili
622 1322 767 1360 tempore
799 1315 899 1356 citra,
925 1315 985 1359 ipsi
1002 1318 1003 1339 ³

240 1370 472 1414 archiepiscopi
494 1376 522 1403 el
544 1370 697 1414 episcopi,
722 1370 867 1413 quamvis
884 1364 1003 1417 spolia}

240 1429 271 1457 et
287 1424 408 1458 fructus
421 1425 607 1458 huiusmodi
627 1424 804 1467 exegissent
825 1430 856 1457 et
876 1434 986 1467 perce-

240 1478 372 1522 pissent,
396 1478 451 1510 illa
472 1478 503 1510 in
524 1489 635 1511 eorum
658 1478 867 1511 commodum
882 1483 910 1510 et
925 1477 1003 1510 uti-'

239 1531 362 1565 litatem
384 1538 413 1564 et
434 1531 584 1575 proprios
595 1542 671 1564 usus
683 1536 918 1567 converterant,
930 1541 985 1564 ne-
1000 1539 1002 1578 j

239 1584 390 1627 gligendo
403 1591 433 1618 et
446 1585 624 1618 omittendo
641 1584 791 1618 ecclesias
806 1584 984 1628 praedictas
1000 1582 1002 1602 ”

239 1643 271 1671 et
298 1649 409 1672 earum
438 1638 586 1672 aedificia
606 1649 642 1671 ac
662 1644 839 1671 structuras
864 1638 1002 1671 instau-t

240 1702 323 1732 rare,
346 1692 480 1725 reficere
501 1697 531 1725 et
551 1702 713 1736 reparare,
729 1682 1002 1736 ornamentaque?

239 1751 271 1779 et
294 1752 481 1790 paramenta
499 1745 684 1779 huiusmodi
705 1745 835 1785 habere,
860 1756 895 1778 ex
921 1757 985 1790 qua

240 1799 371 1832 avaritia
385 1805 416 1833 et
427 1799 622 1842 negligentia
636 1799 785 1833 ecclesias
806 1799 985 1843 praedictas
1001 1799 1002 1803 ’

240 1852 350 1885 ruinas
367 1853 400 1885 in
420 1864 532 1886 eorum
557 1849 712 1886 aedificiis
737 1853 804 1886 sere
825 1853 856 1885 in
884 1858 984 1885 totum
1001 1875 1002 1881 η

240 1906 379 1947 minari,
402 1907 665 1950 ornamentisque
685 1912 716 1939 et
740 1906 895 1940 aedificiis
919 1907 981 1939 bu-

239 1960 379 1994 iusmodi
411 1972 520 1995 carere
556 1961 733 2004 contigerat
750 1973 757 2001 ·,
792 1961 877 1994 idem
911 1961 1002 1998 Pius}

239 2015 488 2058 praedecessor,
520 2015 808 2058 supplicationibus
840 2015 1002 2048 eiusdem?

240 2067 390 2111 Philippi,
414 2068 468 2111 qui
490 2068 585 2100 etiam
606 2068 772 2101 Sardiniae
792 2079 847 2101 rex
867 2068 981 2108 existit,
1001 2086 1002 2089 =

240 2131 277 2154 ea
302 2121 333 2153 in
363 2127 454 2165 parte
482 2121 541 2154 sibi
562 2121 727 2154 humiliter
746 2121 913 2165 porrectis,
938 2121 1002 2153 in-¹

241 2174 388 2215 dinatus,
411 2174 514 2218 spolia
528 2174 844 2218 archiepiscoporum
858 2180 885 2207 et
900 2175 984 2218 epis-

241 2237 398 2271 coporum
423 2228 665 2272 praedictorum
683 2228 715 2260 in
736 2227 820 2261 dicta
839 2228 943 2260 insula
956 2226 1003 2261 et'

241 2287 330 2315 extra
350 2292 432 2323 eam,
449 2293 514 2315 non
536 2288 643 2315 tamen
665 2282 696 2314 in
716 2281 805 2314 ltalia
825 2282 985 2315 deceden-

242 2334 337 2375 tium,
361 2336 565 2379 sructusque‚
590 2335 734 2369 redditus
762 2341 792 2368 et
812 2341 986 2379 proventus

242 2388 449 2421 ecclesiarum
466 2389 717 2432 praedictarum,
740 2389 868 2421 illarum
889 2400 983 2422 raca-

244 2441 329 2474 tione
349 2442 495 2482 durante,
519 2443 558 2475 ab
584 2442 742 2486 episcopis
768 2448 799 2475 et
830 2442 1004 2486 ai·chie1)i-³

244 2495 362 2540 scopis,
386 2506 466 2539 quos
486 2495 518 2528 in
543 2495 686 2529 ecclesiis
716 2496 924 2538 huiusmodi,
953 2503 1005 2530 uti

245 2549 440 2592 praefertur,
461 2548 646 2582 vacantibus
666 2559 724 2593 pro
746 2554 891 2593 tempore
915 2561 987 2584 suc·
1004 2571 1005 2583 i

246 2602 360 2636 cedere
380 2601 582 2645 contigisset,
603 2602 794 2637 auctoritate
814 2603 1005 2648 apostolica*

295 2664 372 2692 Bull.
388 2664 472 2692 Rom.
494 2665 555 2694 Vol.
571 2665 598 2692 X
790 2666 823 2694 16

1021 727 1190 765 dictarum,
1207 727 1400 771 illarumque
1414 728 1560 771 personis
1573 739 1632 771 per
1645 728 1766 761 dictum

1020 779 1201 823 Philippum
1231 791 1363 823 regem,
1398 781 1531 824 eiusque
1565 791 1767 815 successores

1019 833 1195 875 eligendos,
1211 840 1245 867 ut
1265 834 1368 877 spolia
1387 840 1418 867 et
1437 835 1558 868 fructus
1578 835 1766 868 huiusmodi

1019 888 1196 931 percipere,
1220 888 1346 931 exigere
1368 894 1396 922 et
1418 899 1610 933 recuperare
1635 895 1766 933 possent

1020 946 1048 974 et
1070 942 1222 982 valerent,
1244 942 1362 986 illaque
1377 943 1408 975 in
1422 943 1700 983 restaurationem,
1718 954 1767 976 re-

1019 995 1261 1038 cuperationem
1293 1002 1321 1028 et
1360 996 1660 1037 manutentionem,
1694 1007 1763 1030 em-

1001 1048 1163 1092 ptionem
1193 1054 1223 1081 et
1253 1049 1530 1083 conservationem
1562 1050 1763 1093 praedictas,

1020 1108 1218 1142 convertere,
1236 1103 1384 1146 ipsasque
1406 1103 1556 1136 eeclesias
1574 1103 1763 1144 instaurare,

1019 1166 1170 1200 reparare
1191 1162 1220 1189 et
1243 1167 1443 1194 conservare,
1457 1163 1713 1201 ornamentaque
1738 1162 1769 1190 et

1002 1216 1208 1253 ,paramenta
1228 1210 1392 1254 praedicta
1414 1221 1523 1244 emere
1553 1217 1583 1244 et
1614 1218 1764 1244 manute-

1002 1273 1096 1314 mere
1125 1263 1281 1296 deberent
1311 1269 1342 1296 et
1372 1269 1580 1305 tenerentur,
1608 1269 1766 1308 perpetuo

1021 1317 1177 1350 concessit
1199 1323 1229 1351 et
1243 1317 1385 1357 indulsit,
1402 1328 1439 1351 ac
1453 1317 1614 1351 commisit
1634 1324 1665 1351 et
1678 1328 1767 1351 man-

1021 1371 1119 1411 davit;
1144 1371 1284 1415 ipsisque
1302 1371 1551 1416 archiepiscopis
1565 1377 1595 1405 et
1609 1371 1767 1416 episcopis

1002 1438 1003 1461 ς
1020 1435 1059 1457 ne
1079 1425 1189 1469 spoliis
1209 1436 1245 1458 ac
1265 1425 1432 1466 fructibus,
1449 1425 1629 1459 redditibus
1647 1431 1677 1458 et
1690 1435 1766 1470 pro-

1021 1479 1166 1512 ventibus
1189 1479 1374 1512 huiusmodi
1399 1490 1432 1512 se
1463 1479 1495 1512 in
1523 1480 1632 1523 aliquo
1658 1479 1762 1513 intro-

1020 1532 1191 1572 mitterent,
1206 1539 1260 1566 aut
1280 1533 1493 1566 intromittere
1514 1533 1681 1573 auderent,
1694 1533 1765 1577 qui-

1019 1587 1141 1619 nimmo
1157 1587 1210 1619 illa
1222 1597 1280 1631 per
1293 1587 1437 1630 Capitula
1449 1592 1479 1619 et
1489 1597 1643 1630 personas
1656 1586 1766 1619 huius-

1019 1640 1106 1673 modi
1133 1640 1275 1684 percipi,
1300 1640 1381 1682 exigi
1402 1646 1433 1673 et
1453 1640 1658 1684 recuperari,
1682 1646 1713 1673 et
1732 1646 1766 1673 ut

1018 1694 1221 1737 praefertur,
1253 1693 1395 1726 converti
1425 1694 1676 1737 promitterent,
1706 1692 1765 1726 sub

1019 1747 1162 1781 censuris
1183 1753 1213 1780 et
1238 1748 1351 1791 poenis
1381 1747 1603 1781 ecclesiasticis
1633 1758 1671 1780 eo
1696 1746 1766 1790 ipso

1020 1801 1233 1841 incurrendis,
1249 1801 1389 1834 inhibuit
1405 1812 1441 1834 ac
1454 1801 1619 1845 praecepit
1634 1806 1664 1833 et
1677 1810 1767 1832 man-

1020 1856 1115 1895 davit,
1139 1861 1236 1899 prout
1255 1855 1287 1887 in
1308 1855 1407 1898 ipsius
1433 1855 1478 1887 Pii
1510 1854 1767 1899 praedecessoris

1019 1909 1134 1942 litteris
1152 1909 1183 1941 in
1201 1909 1304 1942 forma
1318 1909 1433 1949 brevis,
1449 1909 1507 1941 sub
1520 1909 1630 1942 datum
1645 1908 1695 1941 die
1709 1918 1766 1941 vm

1020 1963 1172 1995 februarii
1193 1973 1326 2001 iincxlx,
1342 1962 1548 2006 pontificatus
1568 1962 1616 1995 sui
1637 1972 1722 1995 anno
1743 1972 1766 1995 11

1019 2016 1185 2060 expeditis,
1206 2016 1301 2049 latius
1322 2016 1515 2049 continetur.

1064 2071 1078 2113 ξ
1099 2069 1129 2103 2.
1153 2070 1230 2103 Cum
1251 2069 1462 2110 autein,sicut
1482 2069 1575 2102 nobis
1596 2079 1700 2113 nuper
1717 2069 1765 2101 in-

1019 2123 1134 2163 notuit,
1162 2123 1306 2167 Capitula
1333 2122 1541 2156 eeclesiarum
1562 2127 1626 2155 tam
1648 2128 1767 2155 metro-

1019 2177 1258 2220 politanarum,
1294 2187 1391 2220 quam
1424 2175 1680 2216 cathedralium,
1709 2186 1765 2208 seu

1020 2230 1200 2266 oeconomi,
1225 2235 1278 2262 aut
1303 2230 1383 2262 aliae
1412 2239 1570 2273 personae
1591 2229 1630 2261 ad
1652 2239 1766 2272 perce-

1020 2283 1163 2326 ptionem
1189 2283 1368 2327 spoliorum
1394 2283 1712 2326 archiepiscoporum
1735 2288 1765 2316 et

1020 2337 1246 2380 episcoporum
1267 2347 1326 2380 pro
1348 2342 1494 2380 tempore
1515 2336 1763 2377 defunctorum,

1002 2417 1004 2435 Σ
1020 2401 1057 2423 ac
1070 2391 1241 2431 fructuum,
1252 2390 1438 2423 reddituum
1451 2395 1704 2433 etproventuum
1717 2401 1768 2423 ec-

1021 2443 1189 2477 clesiarum
1209 2443 1393 2476 huiusmodi
1408 2454 1467 2487 pro
1486 2449 1632 2487 tempore
1653 2454 1768 2476 vacan-

1023 2497 1112 2537 tium,
1137 2496 1245 2539 vigore
1266 2496 1424 2530 dictarum
1442 2496 1489 2529 Pii
1509 2497 1768 2540 praedecessoris

1022 2551 1202 2584 litterarum
1234 2551 1399 2595 deputati,
1435 2551 1538 2595 spolia
1569 2551 1700 2595 quidem
1732 2562 1767 2585 ac

1023 2604 1155 2645 fructus,
1172 2604 1317 2639 redditus
1337 2609 1367 2637 et
1387 2610 1561 2648 proventus
1582 2604 1767 2639 huiusmodi

1784 198 1831 225 Λη.
1850 199 1879 226 C.
1899 199 1966 226 ¹594

1809 2075 1851 2095 Sed
1867 2080 1914 2095 cum
1931 2080 1964 2095 ec-

1781 2103 1894 2123 clesiarum
1905 2108 1966 2122 oeco-

1781 2130 1837 2149 nomi
1867 2134 1891 2149 ea
1926 2128 1967 2149 sibi

1782 2156 1868 2181 propria
1878 2155 1967 2176 fecerint
