2253 3195
262 272 313 298 An.
330 272 360 299 c.
378 272 442 300 ¹60¹
494 263 558 296 716

287 1975 361 1995 l'mim
377 1975 444 2001 publ·-

260 2005 349 2040 t;.¹lt‹2nu
366 2003 443 2022 sarten-

1046 270 1231 294 BULLARIUM
1248 269 1401 293 Romanum

462 321 709 355 confirmatione
725 319 899 364 apostoliea
914 347 922 360 ,
954 320 1001 352 vel
1026 318 1138 362 quavis
1158 317 1211 351 fir·
1244 317 1380 351 alicuius
1392 327 1549 361 personae
1562 317 1596 351 in
1609 317 1763 362 dignitate
1777 318 1991 361 ecclesiastica

463 375 572 409 mitate
591 374 653 407 alia
678 373 838 407 roboratis
859 373 988 406 statutis
1011 378 1043 406 et
1068 382 1208 406 consue·
1243 370 1434 404 constitutae
1448 370 1596 411 munitis,
1625 371 1736 404 eadem
1760 382 1892 414 prorsus
1911 371 1991 405 fides

462 427 645 467 tudinibus,
678 437 715 460 ae
741 426 916 471 privilegiis
944 431 975 459 et
1008 425 1120 469 gratiis
1138 453 1145 465 ,
1182 430 1212 458 et
1244 423 1365 466 ubique
1386 425 1532 458 locorum
1545 424 1579 456 in
1596 423 1859 463 iudicioetextra
1875 425 1991 458 habea-

461 480 606 520 indultis,
621 479 742 513 eisdem
765 479 1012 523 rebuspublicis,
1032 478 1212 512 eommuni-

463 532 580 566 tatibus
603 538 634 565 et
651 531 923 573 universitatibuS,
946 537 977 565 et
1001 531 1142 574 collegiis
1159 541 1212 564 ex—

461 591 509 618 tra
525 585 648 619 dictum
661 585 785 619 Statum
799 585 1058 619 Ecclesiasticum
1075 585 1212 618 existen-

461 638 557 678 tibus,
568 643 599 671 et
617 649 682 672 non
702 637 1074 678 ecclesiasticis,necnon
1092 637 1211 681 princi-

460 691 554 735 pibus
570 692 744 732 extraneis,
757 702 794 725 ac
811 691 907 725 etiarn
922 691 1030 725 militis
1048 690 1209 735 praefatis,

461 755 744 789 quorumcumque
761 744 918 779 Ordinum
939 744 1151 789 regularibus,
1174 754 1210 777 ac

461 798 564 831 almae
578 798 668 840 Urbi,
695 809 755 832 nec
771 809 836 831 non
857 799 981 841 Populo
1000 798 1157 837 Romano,
1179 802 1211 830 et

461 851 719 895 quibuscumque
744 851 939 893 civitatibus,
960 851 1052 885 terris
1072 856 1103 884 et
1117 850 1206 892 locis,

460 904 554 938 nobis
568 910 599 938 et
609 904 683 938 Sedi
698 905 900 948 Apostolicae
914 904 1077 944 subiectis,
1087 903 1208 937 etiamsi

461 958 539 991 tales
548 963 666 998 essent,
682 968 764 1002 quae
777 958 836 990 sub
850 956 992 1001 generali
1005 956 1210 1000 expressione

460 1021 526 1043 non
552 1012 718 1053 venirent,
746 1011 802 1045 sed
832 1011 871 1044 de
906 1011 968 1044 illis
1004 1010 1151 1054 specialis
1180 1016 1211 1044 et

461 1063 626 1098 individua
650 1065 771 1099 mentio
796 1064 944 1098 habenda
965 1066 1061 1105 soret,
1096 1064 1129 1097 in
1149 1075 1206 1108 ge-

461 1128 538 1151 nere
563 1118 612 1151 vel
635 1117 669 1152 in
686 1119 802 1163 specie,
823 1124 854 1152 et
870 1117 929 1151 sub
950 1117 1209 1162 quibuscumque

461 1171 626 1206 tenoribus
649 1178 681 1205 et
713 1171 843 1212 formis,
865 1178 896 1206 et
932 1183 1005 1205 cum
1031 1171 1208 1215 quibusvis,

460 1225 557 1258 ctiam
578 1225 855 1268 derogatoriarum
873 1224 1097 1268 derogatoriis,
1122 1225 1209 1258 aliis-

461 1287 524 1320 que
560 1275 797 1310 esficacioribus
821 1280 851 1308 et
879 1275 1014 1309 insolitis
1033 1276 1207 1316 clausulis,

462 1340 499 1363 ac
518 1329 719 1362 irritantibus
735 1335 766 1363 et
786 1329 853 1362 aliis
873 1329 1020 1370 decretis,
1037 1329 1070 1363 in
1084 1335 1209 1363 eontra-

460 1383 544 1416 rium
569 1382 819 1427 praemissorum
843 1383 997 1416 hactenus
1023 1382 1210 1426 quomodo-

459 1435 537 1469 libet
554 1435 725 1476 concessis,
748 1435 946 1469 confirmatis
967 1441 997 1470 et
1013 1435 1205 1480 approbatis;

423 1522 427 1524 ,
459 1488 578 1533 quibus
592 1488 743 1522 omnibus
756 1495 787 1522 et
797 1488 943 1533 sing-ritus,
959 1499 1072 1522 eorum
1083 1495 1209 1522 tenores

458 1541 682 1586 praesentibus
699 1553 757 1586 pro
774 1541 942 1586 expressis,
968 1547 999 1575 et
1015 1543 1055 1576 ad
1075 1541 1207 1576 verbum

459 1596 586 1629 insertis
625 1595 800 1638 habenae,
843 1596 903 1629 hac
939 1597 1006 1631 vice
1044 1595 1209 1630 dumtaxat

459 1649 639 1693 specialiter
671 1654 701 1681 ct
726 1660 874 1693 expresse
907 1649 1124 1693 derogamus3
1149 1660 1206 1683 nee

460 1712 523 1735 non
544 1702 695 1736 omnihus
720 1701 792 1743 illis,
809 1713 891 1746 quae
905 1702 1088 1746 praedictus
1104 1702 1207 1736 Sixtus

459 1755 688 1799 praedecessor
720 1755 752 1788 in
788 1755 854 1789 suis
888 1755 1001 1788 litteris
1035 1755 1207 1800 praedictis

459 1808 559 1842 voluit
575 1818 640 1842 non
666 1808 806 1848 obstare,
819 1809 1019 1852 caeterisque
1036 1809 1206 1843 contrariis

459 1862 731 1906 quibuscumque.

504 1914 586 1958 §Me
615 1915 770 1948 Volumus
797 1921 905 1949 autem
935 1922 969 1949 ut
1001 1922 1204 1959 praesentes,

459 1969 586 2012 quaein
605 1968 795 2003 consistorio
815 1975 936 2011 nostro,
957 1975 987 2002 et
1007 1969 1046 2002 de
1061 1969 1206 2003 Fratrum

457 2026 642 2054 nostrorum
667 2021 801 2055 consilio
822 2028 853 2055 et
877 2032 1007 2056 assensu
1029 2021 1204 2066 praedicto,

458 2075 678 2119 promulgatae
695 2080 779 2116 sunt,
797 2085 1020 2119 quoscumque
1033 2080 1096 2108 tam
1116 2087 1206 2119 prae-

457 2134 564 2162 sentes
578 2139 674 2172 quam
685 2128 843 2170 absentes,
860 2134 889 2162 et
901 2128 1097 2172 abierunque
1110 2130 1205 2163 etiam

457 2186 542 2214 extra
562 2182 684 2215 Statum
703 2188 848 2216 nostrum
871 2181 1206 2216 Ecclesiastieumexi-

457 2240 588 2276 stentes,
613 2235 747 2279 perinde
765 2234 909 2277 obligent
934 2240 966 2267 et
982 2240 1105 2268 art-tent
1117 2263 1124 2274 ‚
1142 2237 1205 2270 acsi

458 2287 630 2331 unicuique
666 2298 777 2321 eorum
815 2288 1004 2321 nominatim
1042 2287 1205 2323 intimatae

458 2340 600 2374 tuissent.
625 2341 661 2374 Et.
694 2340 922 2380 nihilominus,
947 2347 978 2374 ut
1012 2341 1083 2374 illae
1105 2342 1205 2384 magis

457 2393 669 2435 innotescant,
694 2394 885 2427 mandamus
909 2405 962 2427 eas
988 2393 1083 2428 valvis
1104 2394 1205 2428 eccle-

456 2448 520 2481 siae
540 2449 571 2481 S.
600 2447 729 2482 loannis
753 2448 973 2482 Latetaueutsis¹
999 2454 1029 2482 et
1054 2447 1204 2482 basilicae

457 2500 612 2545 l‘rinvipis
630 2501 856 2545 Apostolorum
872 2501 910 2534 ‹le
930 2501 1025 2541 Urbe,
1039 2507 1071 2534 et
1091 2501 1122 2534 in
1136 2501 1203 2535 acie

456 2552 564 2595 Caiupi
583 2553 692 2587 Florae
713 2553 874 2597 appendi,
901 2559 932 2587 et
953 2553 1130 2598 publicari3
1167 2566 1202 2587 a«-

456 2604 550 2637 etiam
574 2605 720 2638 volumus
739 2610 772 2637 ut
789 2616 898 2638 earum
922 2605 1086 2650 exemplis,
1106 2606 1201 2639 etiam

457 2658 631 2701 impressis,
645 2669 740 2692 manu
759 2659 873 2693 notarii
894 2659 1025 2703 publici,
1042 2664 1072 2693 et
1096 2659 1202 2703 sigillo

1244 481 1307 517 tur,
1324 487 1406 520 quae
1417 477 1561 521 ipsismet
1576 477 1989 522 praesentibushaberetur,

1244 531 1269 563 si
1293 537 1399 564 essent
1423 530 1581 565 exhibitae
1604 531 1653 564 vel
1669 537 1828 564 ostensae.

1289 583 1366 626 3215.
1384 583 1468 617 Nulli
1481 594 1558 627 ergo
1575 583 1709 617 omnino
1721 583 1890 616 hominum
1899 584 1991 617 liceat

1243 637 1327 670 lianc
1344 637 1494 680 paginam
1512 643 1695 670 nostrarum
1721 636 1989 678 confirmationis,

1243 689 1470 731 innovationis,
1497 689 1742 731 declarationiS,
1779 690 1988 731 extensionis,

1244 743 1480 786 ampliationis,
1508 742 1711 777 decretorum
1727 770 1734 783 ‚
1770 743 1988 784 inhibitionis,

1243 796 1417 840 praecepti,
1441 796 1682 836 mandatorum,
1702 797 1991 837 voluntatum,sta-

1244 850 1304 883 tuti
1321 857 1353 883 et
1372 849 1584 883 ordinationis
1601 848 1790 893 infringere,
1802 851 1850 883 vel
1866 850 1894 883 ei
1911 860 1991 884 ausu

1244 902 1414 936 temerario
1439 903 1613 936 contraire.
1645 901 1678 935 Si
1703 902 1775 946 quis
1799 907 1906 936 autem
1930 903 1992 936 hoc

1243 962 1400 989 attentare
1436 955 1699 999 praesumpserit,
1732 954 1990 999 indignationem

1244 1008 1471 1053 omnipotentis
1498 1007 1575 1048 Dei,
1597 1019 1632 1041 ac
1660 1008 1829 1042 beatorum
1853 1009 1938 1042 Petri
1961 1013 1993 1043 et

1243 1063 1333 1096 Pauli
1352 1063 1571 1107 apostolorum
1591 1061 1667 1096 Eius
1687 1073 1720 1096 se
1739 1061 1863 1096 noverit
1885 1061 1992 1095 incur-

1243 1127 1366 1151 surum.
1403 1136 1406 1139 >

1287 1169 1402 1202 Datum
1423 1169 1543 1202 Romae
1561 1167 1646 1211 apud
1666 1167 1821 1202 Sanctum
1845 1169 1990 1209 Petrum,

1243 1234 1326 1257 anno
1343 1221 1576 1256 Incarnationis
1603 1221 1789 1255 Dominicae
1820 1220 1991 1255 millesimo

1243 1276 1471 1311 sexcentesimo
1499 1275 1622 1320 primo,
1655 1274 1758 1319 pridie
1782 1285 1883 1308 nonas
1907 1273 1987 1315 iulii,

1243 1329 1448 1375 pontificatus
1463 1328 1564 1362 nostri
1590 1338 1675 1362 anno
1692 1338 1721 1362 x.

1278 1394 1338 1421 Dat.
1359 1392 1404 1420 die
1424 1393 1458 1420 14
1472 1391 1530 1419 iulii
1548 1391 1744 1428 1601‚,p0ntit.
1761 1399 1805 1418 au.
1826 1400 1852 1418 x.

2031 591 2120 613 Sanctio

2005 618 2066 639 natis.

1240 1492 1290 1543 ἦ
1316 1491 1390 1532 Ego
1424 1490 1580 1521 Clemens
1608 1489 1791 1521 catholicae
1815 1489 1988 1520 Ecclesiae
2003 1490 2127 1539 ,1ξυῖῗῶοῑ
2145 1490 2157 1538 'J

1362 1541 1551 1582 episeopus.
2002 1543 2136 1571 scriptiones.

1342 1616 1508 1649 Protector
1527 1619 1634 1648 noster
1658 1614 1765 1658 aspice
1789 1614 1885 1648 Deus.

1241 1698 1266 1740 -3-
1283 1697 1348 1740 Ego
1370 1695 1469 1730 Iulius
1486 1695 1642 1729 Antonius
1659 1695 1840 1739 episeopus,
1866 1694 1987 1729 cardin.

1330 1748 1555 1783 Praenestinus
1577 1754 1609 1782 et
1632 1748 1665 1782 S.
1684 1747 1860 1782 Severinae.

1241 1813 1266 1855 -ξ-
1291 1812 1357 1856 Ego
1366 1811 1590 1856 Hieronymus,
1607 1810 1777 1855 episcopus
1793 1809 1986 1851 Sabiuensis,

1330 1865 1416 1898 eard.
1445 1864 1658 1898 Rustieucius.

1241 1920 1266 1961 †
1283 1918 1348 1962 Ego
1373 1917 1458 1951 Alex.
1476 1917 1644 1961 episcopus
1667 1917 1868 1958 albanensis,
1897 1916 1984 1951 card.

1329 1970 1369 2004 dc
1386 1970 1558 2003 Florentia.

1240 2026 1264 2068 -ξ-
1289 2025 1355 2069 Ego
1380 2024 1536 2058 Antonius
1557 2024 1665 2065 Maria,
1684 2024 1740 2058 =tit.
1769 2023 1903 2058 Sanctae
1920 2023 1984 2057 Ma-

1329 2078 1395 2112 riae
1419 2077 1670 2122 Transtyberim,
1689 2077 1777 2111 eard.
1795 2077 1962 2111 Salviatus.
1997 2103 2001 2108 .

1240 2132 1265 2174 ·l-
1290 2131 1356 2174 Ego
1381 2130 1593 2173 Augustinus,
1614 2130 1661 2163 tit.
1677 2130 1708 2163 S.
1729 2129 1836 2170 Marci,
1851 2129 1984 2174 presby-

1330 2189 1376 2217 ter
1393 2183 1480 2217 eard.
1502 2183 1540 2216 de
1566 2183 1700 2217 Verona.

1241 2238 1265 2280 -Ξ-
1279 2238 1344 2281 Ego
1358 2236 1499 2277 Simeon,
1515 2236 1563 2270 tit.
1583 2236 1615 2270 S.
1634 2236 1794 2270 Laurentii
1805 2235 1838 2270 in
1852 2235 1983 2277 Lucina,

1330 2290 1495 2334 presbyter
1518 2289 1604 2323 card.
1629 2289 1668 2323 de
1686 2290 1879 2324 t‘crranova.

1240 2344 1264 2386 †
1289 2344 1354 2387 Ego
1372 2343 1568 2383 Dominieus,
1582 2342 1628 2376 tit.
1649 2342 1680 2376 S.
1696 2341 1985 2387 Clu·ysogoni,pre-

1328 2395 1526 2430 sbitercard.
1556 2395 1705 2430 l¹inellus.

1238 2451 1263 2494 -ξ-
1288 2450 1354 2493 Ego
1380 2450 1431 2482 Fr.
1467 2449 1683 2494 {lieronymus
1715 2449 1903 2490 Bcrnerius,
1931 2449 1980 2484 tit.

1326 2502 1357 2535 S.
1380 2502 1495 2535 Mariae
1519 2512 1616 2546 super
1640 2502 1824 2543 Minervam,
1851 2502 1983 2547 presby-

1327 2561 1374 2588 ter
1388 2554 1474 2588 card.
1503 2554 1692 2588 AsculauuS.

1237 2607 1261 2650 ³,-
1279 2607 1344 2650 Ego
1361 2607 1432 2640 Ant.
1447 2607 1553 2648 Maria,
1572 2607 1620 2640 tit.
1644 2607 1676 2640 S.
1703 2606 1869 2648 Praxedis,
1891 2606 1978 2640 card.

1325 2660 1441 2693 Gallus.
