2253 3195
30 261 79 288 An.
96 260 124 288 C.
147 260 216 287 1598

99 324 213 353 [irrogatio

29 353 189 370 contrariorum.

844 259 991 282 CLEMENS
1009 258 1066 282 VIII
1086 258 1136 282 PP.

232 308 325 341 tionis
345 308 497 341 Bonisacii
523 307 626 351 Papae
649 307 723 347 wll,
745 307 970 351 praedecesso-

230 362 273 395 ris
297 361 421 398 nostri,
446 372 508 405 qua
535 368 684 399 caretur,
710 371 749 393 ue
781 360 853 404 quis
883 365 970 392 extra

229 426 319 448 suam
350 415 531 455 civitatem,
555 416 603 447 vel
631 414 827 453 dioecesim,
851 413 910 445 nisi
938 413 968 444 iu

229 469 490 512 certisexceptis
515 468 661 505 casibus,

230 575 385 608 iudicium
406 580 566 613 evocetur,
587 585 643 606 seu
664 584 703 605 ue
726 573 846 605 iudices
859 583 876 604 a
890 572 970 604 Sede

229 628 394 672 praedicta
406 627 547 671 deputati
562 632 649 659 extra
661 626 821 659 civitatem
840 630 871 657 et
884 624 971 657 dioe-

230 682 338 721 cesim,
354 682 386 714 in
401 682 516 725 quibus
541 680 685 724 deputati
707 680 836 717 fuerint,
860 684 972 712 contra

230 745 450 778 quoscumque
470 734 658 778 procedere,
682 739 734 765 aut
756 732 808 765 alii
833 732 881 765 vel
903 731 972 764 aliis

231 787 313 820 vices
326 798 398 821 suas
419 787 620 820 committere
639 792 865 830 praesumant3
887 791 917 818 et
934 785 972 817 dc

230 842 355 874 duabus
366 841 489 882 diaetis,
506 841 684 874 dummodo
705 840 789 872 ultra
811 836 873 872 tres
887 838 972 871 diae-

231 901 277 928 tas
297 895 413 938 aliquis
433 895 623 927 auctoritate
641 893 860 937 praesentium
875 892 914 924 ad
928 892 974 924 iu-

232 947 351 980 dicium
376 958 440 981 non
461 947 606 980 trahatur
631 947 806 990 (quodque
827 946 974 979 subdele-

232 1001 295 1043 gati
320 1011 378 1044 pro
400 1006 545 1044 tempore
567 999 753 1033 huiusmodi
774 1010 838 1032 non
859 999 923 1031 sint
936 999 974 1031 de

232 1055 391 1098 personis,
416 1065 497 1098 quae
519 1055 664 1098 deputari
687 1059 821 1098 possunt
848 1053 879 1085 in
900 1063 975 1085 con-

232 1108 440 1150 servatores),
464 1107 638 1151 privilegiis
659 1117 800 1150 quoque,
829 1105 972 1145 indultis,

232 1171 268 1193 ac
286 1161 399 1194 litteris
420 1161 604 1204 apostolicis
622 1161 654 1193 in
675 1159 871 1193 contrarium
884 1170 976 1203 prae-

233 1214 404 1247 missorum
425 1214 672 1258 quomodolibet
697 1213 867 1253 concessis,
892 1223 972 1246 con-

233 1268 368 1301 firmatis
397 1274 428 1301 et
454 1268 651 1312 approbatis.
675 1267 797 1307 Quibus
826 1266 978 1299 omnibus

234 1327 265 1354 et
288 1321 439 1363 singulis,
464 1331 578 1354 eorum
605 1326 733 1354 tenores
754 1319 978 1364 praesentibus

234 1385 293 1418 pro
312 1375 467 1418 expressis
495 1380 525 1408 et
553 1375 593 1407 ad
612 1374 746 1407 verbum
768 1373 894 1406 insertis
914 1373 974 1405 ha—

235 1428 361 1468 bentes,
385 1428 445 1461 hac
465 1428 533 1461 vice
554 1428 719 1461 dumtaxat
745 1426 926 1471 specialiter
950 1431 980 1458 et

235 1491 382 1524 expresse
407 1482 613 1523 derogamus,
637 1480 835 1524 caeterisque
853 1485 980 1513 coutra-

237 1534 292 1567 riis
309 1534 579 1578 quibuscumque.

280 1588 394 1621 Datum
412 1588 534 1621 Romae
548 1588 633 1631 apud
647 1588 677 1621 S.
694 1588 825 1620 Petrum
847 1586 905 1619 sub
926 1596 982 1618 an-

236 1642 313 1674 nulo
326 1641 507 1682 piscatoris,
521 1641 571 1674 die
584 1652 659 1675 xxw
671 1640 808 1674 ianuarii
820 1649 978 1680 iunxcvnl,

236 1694 442 1738 pontificatus
462 1695 563 1728 nostri
585 1704 670 1727 anno
690 1705 732 1727 vt.

273 1765 330 1794 Dat.
346 1766 389 1793 die
403 1756 567 1793 wit-ianuarii
585 1765 664 1798 1598,
681 1764 778 1800 pontif.
799 1773 843 1791 an.
862 1770 896 1790 vi.

527 2023 669 2057 CLXXXI
674 2024 695 2056 Ι.

241 2131 416 2165 Indultum
426 2130 694 2175 procuratoribus
710 2129 919 2162 ecclesiarum
933 2139 984 2160 ca-

286 2193 488 2227 thedralium
515 2197 543 2226 et
571 2193 901 2236 metropolitanarum
928 2202 984 2224 rc-

284 2267 425 2299 (Juorum
459 2255 617 2290 Castellae
648 2259 676 2288 et
700 2255 868 2297 chz'om'S,
896 2253 984 2297 apud

285 2319 440 2352 Sanctam
453 2318 566 2351 Setlem
582 2321 611 2350 et
624 2317 764 2357 Mutrili,
782 2316 986 2360 percipiendi

286 2382 412 2424 fructus
439 2385 467 2414 et
500 2381 746 2413 distributiones
771 2378 986 2423 quotidianas

287 2453 423 2475 suorum
446 2443 701 2475 canonicatuum
727 2446 756 2474 et
778 2440 982 2484 praebenda-

289 2517 376 2547 rum,
400 2506 500 2539 etiam
516 2517 575 2549 per
594 2517 649 2539 scsc
668 2515 792 2538 ‘meuses
813 2507 883 2547 post
904 2513 986 2536 com-

286 2569 409 2612 pletam
425 2568 686 2612 procurationem
706 2568 725 2599 ¹.

282 2670 291 2694 l
312 2667 349 2694 Ex
361 2661 468 2702 Regest.
481 2666 508 2694 in
525 2666 627 2694 Secret.
646 2665 779 2693 Brevium.

686 473 714 500 et
743 467 773 499 iu
801 467 862 498 illis
887 466 989 513 ultra!

229 533 326 554 unam
349 522 486 555 diaetam
520 534 536 554 a
565 521 628 553 tine
658 531 733 553 suae
755 519 910 552 dioecesis
930 518 989 551 ad*

1649 241 1708 276 431

1004 306 1128 334 Dilectis
1147 305 1219 332 filiis
1241 304 1463 339 congregationi
1483 302 1615 338 generali
1643 308 1749 335 procu-

1039 362 1169 386 ratorum
1183 366 1237 386 seu
1249 359 1459 392 deputatorum
1472 357 1673 390 Capitulorum
1689 358 1749 382 tam

1041 413 1268 444 cathedralium,
1281 418 1367 445 quam
1383 410 1683 444 metropolitanarum
1703 415 1751 435 ec-

1041 466 1201 493 clesiarum
1221 472 1379 499 regnorum
1396 464 1544 491 castellae
1570 466 1601 490 et
1615 463 1751 497 Legiows

1041 520 1076 546 ad
1093 520 1230 553 oppidum
1246 520 1281 546 de
1297 519 1411 546 Madrid
1428 521 1480 545 aut
1497 517 1556 545 alio
1577 516 1750 544 convocatis

1041 575 1071 599 et
1091 579 1144 605 pro
1159 575 1291 605 tempore
1308 571 1508 598 convocandis

1191 636 1346 667 Clemens
1359 637 1452 677 Papa
1466 636 1558 666 vm.

1281 704 1389 732 Dilecti
1410 704 1475 736 filii,

1050 760 1180 787 salutem
1195 763 1226 787 et
1246 758 1444 793 apostolicam
1458 757 1709 785 benedictionem.

1053 832 1118 874 §l
1142 831 1263 875 Exponi
1289 831 1381 863 nobis
1406 840 1510 874 nuper
1539 829 1672 869 fecistis,
1696 838 1751 861 vo-

1009 886 1067 925 bis,
1085 885 1293 918 ecclesiarum
1311 890 1488 917 vestrarum
1506 882 1653 925 negotiis,
1671 892 1753 925 quac

1009 939 1040 971 in
1067 939 1134 971 dies
1158 944 1352 975 occurrunt,
1379 936 1553 970 tractandis
1577 936 1753 968 admodum

1009 992 1170 1036 expedire,
1180 997 1407 1035 procuratores
1419 991 1585 1033 generales
1598 989 1684 1033 apud
1697 999 1755 1021 nos

1010 1052 1040 1078 et
1053 1045 1168 1079 Sedem
1186 1044 1416 1088 Apostolicam,
1433 1050 1464 1077 et
1484 1044 1515 1076 in
1536 1043 1626 1076 curia
1646 1042 1756 1075 catho-

1010 1099 1062 1132 lici
1082 1098 1308 1142 Hispaniarum
1329 1098 1413 1140 regis
1433 1098 1553 1130 habere
1571 1097 1610 1129 de
1631 1096 1756 1138 gremio

1011 1153 1220 1186 ecclesiarum
1245 1157 1443 1191 vestrarum,
1472 1161 1528 1184 seu
1553 1150 1648 1183 etiam
1676 1160 1756 1193 qua-

1011 1215 1226 1248 rumcumque
1243 1214 1418 1247 regnorum
1432 1203 1673 1247 praedictorum
1689 1202 1755 1235 col-

1012 1259 1202 1301 legiatarum
1223 1268 1281 1301 per
1300 1267 1366 1297 vos,
1395 1267 1452 1290 seu
1473 1256 1587 1289 maiori
1612 1261 1756 1289 vestrum

1012 1317 1115 1355 parte,
1139 1317 1193 1344 aut
1212 1310 1354 1353 generali
1374 1309 1625 1351 congregatione
1644 1308 1757 1341 huius-

1014 1365 1101 1399 modi
1123 1365 1280 1405 absoluta,
1300 1375 1358 1408 per
1379 1363 1546 1397 ecclesiam
1567 1363 1757 1396 Toletanen-

1013 1430 1081 1452 sem
1099 1424 1129 1452 et
1149 1417 1387 1451 commissarios
1413 1418 1451 1460 (a
1475 1416 1565 1449 vobis
1590 1416 1759 1459 deputatos

1014 1484 1070 1506 seu
1084 1472 1300 1516 deputandos)
1321 1470 1497 1513 eligendos,
1517 1475 1616 1513 utque
1634 1469 1666 1501 id
1685 1479 1757 1501 cum

1016 1526 1130 1558 maiori
1167 1524 1312 1558 eiusdem
1345 1523 1504 1566 generalis
1539 1522 1760 1566 procuratoris

1016 1580 1189 1613 commodo
1209 1579 1275 1619 fiat,
1292 1578 1386 1611 nobis
1407 1577 1573 1610 humiliter
1585 1575 1759 1620 supplicari

1017 1634 1144 1673 fecistis,
1170 1639 1329 1677 quatenus
1349 1632 1613 1676 procuratoribus
1633 1629 1761 1674 praedi-

1017 1688 1084 1727 ctis,
1105 1697 1191 1720 nunc
1216 1692 1247 1719 et
1274 1697 1334 1730 pro
1360 1692 1506 1729 tempore
1527 1684 1756 1723 existentibus,

1017 1751 1129 1774 omnes
1144 1746 1175 1773 et
1186 1740 1330 1782 singulos
1340 1740 1473 1779 fructus,
1484 1738 1629 1771 redditus
1642 1742 1674 1770 et
1686 1746 1761 1780 pro-

1016 1799 1140 1834 ventus‚
1152 1793 1236 1833 iura,
1254 1792 1464 1826 obventiones
1486 1798 1516 1825 ct
1541 1791 1760 1824 emolumenta

1017 1857 1241 1892 quaecumque
1254 1846 1286 1879 in
1298 1846 1463 1889 quibusvis
1473 1846 1569 1878 rebus
1584 1844 1761 1878 consisten-

1018 1902 1071 1943 tia,
1084 1913 1143 1935 nec
1156 1912 1221 1935 non
1233 1900 1476 1934 distributiones
1490 1899 1585 1932 etiam
1602 1898 1760 1943 quotidia-

1017 1967 1085 1997 nas,
1102 1956 1198 1989 etiam
1213 1955 1380 1989 manuales
1399 1954 1474 1987 solis
1495 1952 1718 1997 praesentibus
1732 1957 1763 1984 et

1018 2016 1090 2043 actu
1103 2010 1318 2043 residentibus
1328 2008 1395 2042 dari
1410 2007 1517 2041 solitas
1531 2017 1590 2051 pro
1603 2012 1759 2049 tempore,

1018 2064 1125 2108 quoad
1146 2064 1232 2107 apud
1256 2072 1314 2096 nos
1336 2068 1366 2095 et
1386 2061 1500 2095 Sedem
1523 2059 1759 2104 Apostolicam‚

1019 2124 1049 2151 et
1074 2117 1197 2151 curiam
1229 2116 1315 2159 regis
1340 2114 1496 2159 praedicti
1517 2114 1557 2146 ad
1577 2111 1761 2146 huiusmodi

1018 2170 1154 2214 negocia
1182 2169 1358 2210 resederit,
1383 2174 1411 2201 et
1438 2167 1545 2211 quoad
1574 2170 1764 2210 procurato-

1018 2236 1085 2258 rem
1108 2225 1193 2268 apud
1214 2224 1329 2257 Sedem
1348 2221 1565 2266 Apostolicam
1584 2229 1765 2253 commora-

1021 2284 1141 2319 turum,
1165 2277 1261 2310 etiam
1282 2287 1340 2320 per
1364 2286 1417 2308 sex
1438 2284 1564 2307 menses
1584 2278 1657 2316 post
1674 2282 1764 2305 com-

1020 2332 1141 2375 pletum
1168 2330 1237 2363 eius
1263 2327 1501 2373 procurationis
1527 2325 1667 2359 officium
1689 2335 1766 2358 con-

1021 2385 1147 2424 cedere,
1164 2383 1307 2426 aliasquc
1328 2382 1359 2414 in
1376 2380 1562 2426 praemissis
1583 2384 1765 2422 opportune

1021 2439 1060 2470 de
1084 2436 1282 2479 benignitate
1314 2434 1490 2479 apostolica
1521 2433 1690 2466 consulere
1718 2431 1765 2465 di-

1021 2501 1206 2533 gnaremur.

1066 2544 1126 2587 §⁶3-
1143 2544 1206 2577 Nos
1226 2542 1324 2585 igitur
1344 2540 1634 2586 supplicationibus
1654 2539 1764 2573 liuius-

1022 2598 1109 2632 modi
1139 2589 1294 2637 inclinati,
1322 2607 1358 2629 ac
1384 2595 1604 2629 commoditati
1630 2605 1762 2628 corum-

1022 2653 1094 2686 dem
1116 2662 1175 2695 pro
1197 2657 1341 2695 temporo
1367 2648 1528 2683 existentis
1547 2647 1765 2693 procuratoris

1761 251 1810 278 Au.
1834 250 1861 277 C.
1880 251 1947 278 ¹598

1788 842 1866 862 Petitio
1877 847 1952 867 procu-

1768 872 1866 889 fatorum⁴

1808 2544 1923 2565 Concessio
1939 2543 1964 2564 de

1781 2578 1822 2598 qua
1839 2572 1859 2592 in
1874 2571 1966 2592 rubrica.
