2253 3195
456 242 521 282 90⁵2
1003 257 1185 281 BULLARIUM
1211 258 1363 282 Romnum

500 324 626 353 caetera
644 318 790 361 collegia,
815 317 879 352 628
903 329 933 352 α,
962 318 1138 352 Cardinalis
1161 318 1313 353 Camillus
1327 319 1522 362 Burghesius
1539 319 1681 354 eiusdem
1700 321 1825 364 collegii
1849 327 1957 366 prote-

501 378 580 412 ctor,
601 372 682 405 ibid.
704 372 732 405 b.

410 426 564 460 Columna
593 426 716 458 Marcus
737 425 906 463 Antonius,
942 425 1112 469 episcopus
1136 425 1373 467 Praenestinus,
1401 426 1535 460 Sanctae
1563 428 1727 461 Romanae
1753 427 1913 462 Ecclesiae
1942 439 1960 462 a

499 478 708 519 bibliotheca,
733 477 774 511 82
796 479 823 512 b.

412 532 611 567 somaclensi
632 531 751 565 civitati
773 532 939 576 privilegia
961 543 977 565 a
999 533 1162 567 Clemente
1179 533 1246 566 VIII
1260 543 1423 574 concessa,
1446 533 1511 567 458
1529 535 1546 566 b
1564 544 1667 578 usque
1687 534 1726 567 ad
1747 532 1812 567 460
1832 535 1860 567 b.
1885 534 1959 568 Eius

501 585 623 619 civibus
654 585 854 629 petentibus,
875 586 1005 619 obtenta
1035 586 1097 619 iam
1121 585 1290 630 privilegia
1315 586 1431 620 iterum
1466 587 1615 620 concedit
1639 587 1804 627 Clemens,
1833 586 1896 620 706
1919 599 1959 627 a,·

500 639 584 672 inter
612 639 675 672 alia
697 639 884 672 extrahendi
914 639 1087 679 frumenta,
1117 640 1224 679 blada,
1253 639 1405 672 animalia
1429 646 1459 673 et
1486 640 1516 673 id
1544 651 1644 683 genus
1667 646 1804 681 caetera,
1825 640 1902 674 ibid.
1920 641 1958 680 ὁ,-

499 702 618 736 pascua
635 692 809 732 dividendi,
830 693 967 726 Mentem
987 692 1115 725 Pietatis
1133 692 1288 735 erigendi,
1311 692 1373 725 707
1391 704 1421 725 a.

411 745 656 779 Comutaviense
681 745 852 789 collegium
879 746 950 779 Soc.
979 747 1058 779 lesu.
1092 746 1124 778 Γ.
1147 746 1335 788 Collegium,

412 799 543 833 concilii
561 798 739 833 Tridentini
759 799 1000 844 paragraphus:
1024 799 1089 839 Qui
1108 810 1179 832 vero
1193 827 1200 839 ‚
1228 810 1297 843 cap.
1318 810 1361 839 vt,
1382 806 1457 833 sect.
1487 811 1558 840 xxv,
1580 801 1624 833 De
1644 801 1884 844 Resormutionc
1903 801 1958 835 de-

501 852 642 886 claratur
665 863 724 896 pro
742 852 884 896 capitulo
901 852 1062 885 Ecclesiae
1078 852 1303 893 Cordubensis,
1324 852 1390 886 344
1406 854 1433 886 b.

410 905 589 940 Concordia
606 916 705 950 super
720 905 831 939 silvam
849 906 1014 939 Verdedae
1033 905 1116 938 inter
1134 906 1304 950 deputatos
1329 906 1572 939 universitatum
1599 907 1764 949 Vignohe,
1787 906 1958 949 Savignani

499 965 528 992 et
547 959 727 999 Seravallis,
744 958 809 992 685
822 970 852 992 a.
872 960 976 992 'senor
994 959 1199 998 concordiae,
1214 958 1278 992 685
1291 960 1307 991 b
1324 966 1352 993 et
1372 970 1434 1003 seq.
1453 959 1598 993 Clemens
1616 960 1821 993 concordiam
1841 970 1958 1004 appro-

503 1013 569 1051 bat,
590 1022 727 1056 eamque
744 1012 863 1045 servari
882 1013 1024 1051 mandat,
1046 1011 1109 1045 687
1127 1023 1145 1045 a
1165 1018 1192 1045 et
1210 1013 1236 1045 b.

409 1066 588 1100 Concordia
609 1065 686 1098 inita
700 1065 782 1098 inter
799 1065 1032 1099 ecclesiasticos
1049 1065 1233 1109 provinciae
1246 1065 1451 1099 Catltaloniae
1476 1071 1507 1099 et
1532 1066 1714 1110 Philippum
1739 1067 1761 1100 Il
1788 1066 1958 1110 llispaniae

500 1130 608 1162 regem
624 1119 848 1159 confirmatur,
864 1118 907 1151 45
926 1130 956 1151 α.
980 1119 1123 1162 Capitula
1142 1119 1349 1152 ecclesiarum
1371 1119 1575 1154 Cathaloniae
1595 1119 1715 1163 primas
1736 1120 1876 1154 decimas
1892 1131 1957 1154 non

499 1172 568 1206 sine
588 1173 675 1216 gravi
706 1172 915 1206 incommodo
936 1171 1017 1214 exigi
1042 1182 1136 1216 posse
1156 1182 1195 1206 eo
1216 1173 1314 1206 modo
1339 1177 1513 1216 exponunt,
1536 1183 1601 1217 quo
1621 1173 1750 1206 fuerunt
1773 1184 1954 1215 concessae,

485 1226 578 1259 ¹ibid.
602 1226 706 1266 Quare
727 1225 837 1259 initam
853 1225 936 1259 inter
955 1236 988 1259 se
1009 1225 1215 1259 concordiam
1231 1225 1418 1259 confirmari
1438 1231 1563 1270 petunt,
1580 1226 1660 1259 ibid.
1683 1226 1710 1260 b.
1735 1226 1880 1260 Clemens
1894 1227 1957 1261 VIII

504 1289 575 1313 eam
592 1284 694 1312 ratam
716 1278 824 1319 habet,
849 1278 947 1319 ihid.;
973 1284 1003 1312 et
1022 1278 1062 1312 ab
1083 1278 1121 1312 iis
1149 1278 1274 1312 etiamsi
1303 1289 1494 1313 consensum
1523 1289 1615 1312 suum
1641 1289 1706 1312 non
1726 1279 1955 1324 praestiterint,

501 1332 621 1367 servari
643 1332 786 1374 mandat,
809 1331 851 1365 46
871 1343 910 1373 α;
932 1342 1044 1366 omnes
1072 1338 1100 1365 et
1131 1331 1276 1375 singulos
1303 1332 1444 1366 defectus
1468 1333 1606 1377 supplet,
1630 1332 1710 1366 ibid.
1738 1333 1958 1377 Exequutores

503 1386 646 1430 deputat,
665 1385 744 1419 ibid.
767 1386 794 1418 b.
815 1385 1016 1419 Cardinalem
1035 1385 1144 1418 eximit
1164 1396 1182 1418 a
1198 1385 1413 1419 solutionibus
1426 1386 1550 1430 primae
1569 1385 1723 1427 decimae,
1737 1385 1779 1419 47
1792 1396 1822 1419 a.
1837 1386 1960 1420 Instru-

501 1445 646 1474 mentum
662 1439 857 1473 concordiae
869 1439 908 1472 de
919 1439 1017 1473 verbo
1038 1439 1078 1473 ad
1091 1439 1225 1473 verbum
1243 1439 1350 1472 bullae
1368 1438 1489 1480 inserit,
1510 1439 1590 1472 ibid.
1613 1439 1641 1480 b,
1657 1449 1759 1483 usque
1773 1439 1813 1473 ad
1826 1437 1868 1473 53
1881 1450 1911 1473 a.

407 1493 587 1528 Concordia
609 1492 692 1526 inter
714 1503 820 1536 regem
839 1492 1034 1526 catholicum
1064 1497 1094 1526 et
1114 1492 1394 1537 archiepiscopum
1415 1492 1744 1536 Caesaraugustanum
1772 1502 1869 1537 super
1887 1493 1956 1538 pri-

498 1546 596 1580 mitiis
616 1552 647 1580 et
667 1546 800 1580 decimis
820 1546 910 1588 inita,
926 1557 1064 1590 quarum
1085 1546 1312 1587 excrescentia,
1327 1546 1369 1579 ob
1389 1545 1609 1589 irrigationem
1624 1545 1766 1580 fluminis
1779 1556 1796 1579 a
1809 1546 1922 1581 Carolo
1934 1547 1958 1579 V

499 1600 627 1640 factam,
651 1599 756 1634 eidem
777 1599 844 1642 regi
866 1610 902 1634 ex
927 1599 1134 1634 concessione
1155 1599 1332 1644 apostolica
1352 1599 1498 1640 debetur,
1522 1598 1586 1633 233
1607 1600 1624 1632 b
1652 1605 1683 1633 et
1702 1598 1768 1632 234
1785 1609 1823 1639 a;
1845 1609 1863 1632 a
1882 1599 1954 1634 cte-

498 1658 606 1687 mente
626 1653 690 1687 VIII
711 1653 912 1697 approbatur
931 1664 989 1697 per
1009 1653 1163 1687 nuncium
1181 1653 1407 1697 apostolicum,
1431 1652 1495 1686 ⁶2:35
1515 1664 1544 1686 α.

409 1706 621 1741 Concordiam
643 1706 726 1740 inter
743 1707 969 1751 Hispaniarum
995 1718 1102 1749 regem
1122 1713 1153 1740 et
1172 1706 1451 1751 archiepiscopum
1469 1706 1714 1740 Toletanensem
1731 1705 1842 1740 initam
1860 1717 1958 1752 super

498 1759 779 1795 administratione
797 1760 927 1804 Collegii
957 1760 1122 1804 Virginum
1142 1759 1297 1794 Dominae
1317 1760 1450 1793 Nostrae
1468 1759 1506 1793 de
1522 1759 1677 1793 Remedio
1701 1759 1887 1793 confirmari
1901 1771 1956 1805 pe-

500 1819 571 1848 tunt
591 1824 643 1848 rex
662 1820 692 1847 et
710 1813 983 1858 archiepiscopus,
1003 1813 1068 1847 463
1086 1814 1103 1847 b
1124 1819 1154 1847 et
1170 1824 1259 1858 seq.,·
1284 1823 1380 1858 quam
1400 1812 1572 1847 confirmat
1588 1812 1731 1847 Pontifex
1745 1840 1752 1854 ,
1774 1813 1953 1846 clausulas-

497 1878 560 1912 que
578 1877 637 1912 pro
655 1873 809 1912 perpetua
831 1867 1035 1901 observantia
1056 1867 1200 1911 apponit,
1221 1872 1252 1900 et
1271 1866 1449 1911 apostolico
1469 1866 1588 1900 nuncio
1610 1866 1752 1900 eiusdem
1771 1865 1957 1910 exequutio-

498 1931 573 1955 nem
592 1920 774 1961 committit,
797 1920 861 1954 ι164
881 1921 898 1953 b
915 1926 944 1954 et
964 1931 1028 1965 seq.
1053 1921 1210 1954 Tenorem
1239 1930 1315 1954 vero
1333 1919 1527 1954 concordiae
1553 1919 1661 1953 bullae
1686 1919 1808 1960 inserit,
1836 1918 1915 1953 ibid.
1938 1919 1956 1952 b

497 1984 600 2019 usque
618 1975 657 2008 ad
685 1973 742 2007 171
768 1969 798 2007 u.

409 2027 559 2063 Confiteri
591 2027 870 2061 sacramentaliter
901 2038 964 2060 non
1002 2027 1076 2061 licet,
1100 2038 1157 2072 per
1180 2027 1300 2060 litteras
1324 2037 1378 2060 seu
1414 2036 1472 2070 per
1493 2025 1726 2059 internuntium
1759 2025 1956 2060 confessario

496 2081 618 2115 absenti
641 2086 783 2126 peccata,
807 2087 834 2115 et
856 2081 896 2114 ab
917 2081 1030 2115 eodem
1058 2080 1154 2114 etiam
1180 2081 1311 2114 absente
1329 2079 1565 2113 absolutionem
1587 2079 1744 2119 obtinere,
1773 2077 1837 2112 855
1859 2078 1886 2112 b.

407 2134 656 2169 Confraternitas
673 2135 702 2169 S.
724 2134 852 2168 Ioannis
874 2133 1023 2168 decollati
1044 2133 1306 2167 Florentinensis.
1333 2132 1365 2166 V.
1387 2133 1514 2166 loannis
1531 2132 1591 2176 (S.)

407 2188 657 2221 Confraternitas
673 2187 865 2230 stigmatum
882 2188 912 2221 S.
938 2187 1110 2221 Francisci.
1133 2187 1174 2220 De
1195 2186 1330 2220 consilio
1347 2185 1612 2229 Congregationis
1630 2184 1827 2219 Visitationis
1842 2184 1873 2219 in
1891 2185 1951 2220 Ec-

498 2241 593 2275 clesia
612 2241 664 2276 SS.
689 2241 908 2283 Quadraginta
926 2241 1095 2285 Martyrum
1110 2251 1186 2274 cura
1204 2241 1384 2274 animarum
1403 2239 1626 2284 supprimitur,
1647 2238 1711 2272 342
1728 2249 1758 2272 a.
1779 2239 1954 2273 Fructuum

497 2294 680 2333 destinatio,
709 2294 788 2327 ibid.
810 2294 835 2326 b.
859 2293 999 2327 Ecclesia
1022 2294 1088 2338 ipsa
1106 2293 1302 2328 Confi-atriae
1319 2293 1511 2335 stigmatum
1533 2291 1735 2332 conceditur,
1755 2290 1820 2325 343
1845 2302 1876 2325 α.
1897 2290 1952 2324 Vi-

498 2348 604 2382 carius
624 2347 717 2382 Urbis
736 2347 974 2391 praedictorum
1001 2353 1190 2391 exequutor,
1216 2347 1295 2380 ibid.
1318 2347 1345 2379 b.
1367 2345 1616 2379 Confraternitas
1633 2345 1725 2379 debet
1747 2343 1882 2387 singulis
1901 2354 1957 2378 an-

497 2401 545 2434 nis
563 2407 701 2446 quatuor
719 2401 816 2434 libras
834 2410 926 2434 cerae
943 2401 1035 2434 altnae
1060 2400 1213 2433 ecclesiae
1231 2400 1261 2434 S.
1287 2399 1393 2440 Marci,
1414 2398 1478 2432 344
1495 2409 1524 2432 a.

408 2455 618 2497 Congregatio
639 2454 697 2487 suli
721 2453 922 2487 invocatione
952 2454 1064 2487 nomae
1086 2453 1202 2487 Mariae
1233 2453 1273 2486 al)
1292 2452 1472 2486 Alexandro
1492 2452 1644 2497 episcopo
1666 2452 1794 2486 Lucano
1814 2450 1956 2485 instituta

499 2507 555 2541 fuit
577 2518 627 2540 an.
653 2517 832 2546 untmxxut,
856 2506 918 2540 ⁶2:27
939 2507 966 2540 h.
991 2507 1066 2540 Eam
1088 2507 1245 2551 approbat
1265 2507 1422 2544 Clemens,
1443 2505 1548 2550 deque
1566 2516 1649 2539 novo
1670 2504 1814 2545 instituit,
1838 2502 1902 2538 228
1921 2514 1951 2538 α.

499 2561 593 2593 Plura
614 2560 744 2604 insuper
760 2560 847 2593 addit
869 2561 907 2593 ad
928 2560 1010 2593 iltius
1031 2560 1151 2593 bonum
1175 2559 1331 2602 regimen,
1355 2559 1433 2592 ibid.
1458 2558 1493 2598 b,·
1515 2559 1682 2593 declarans
1701 2567 1783 2603 quae
1802 2557 1842 2591 sit
1861 2556 1954 2591 Ordi-

499 2613 580 2646 narii
603 2613 780 2647 iurisdictio
803 2613 832 2646 in
852 2624 934 2654 eam,
947 2613 1011 2646 ν299
1024 2624 1053 2646 a.
1072 2613 1166 2647 Facta
1184 2613 1313 2646 demum
1337 2613 1470 2646 facultas
1489 2612 1594 2645 eidem
1615 2612 1655 2645 ab
1673 2611 1787 2645 eodem
1801 2609 1955 2645 Pontificc

499 2672 546 2700 est
565 2666 628 2699 alia
649 2666 768 2710 ubique
789 2667 859 2700 loca
877 2666 1066 2711 reeipiendi,
1086 2666 1150 2699 229
1170 2677 1191 2699 a
1211 2672 1322 2711 etseq.
1348 2665 1567 2709 Indulgentiae
1587 2671 1617 2699 et
1634 2663 1813 2710 privilegia,
1836 2661 1900 2697 230
1919 2673 1950 2697 α.
