2253 3195
221 219 271 247 An.
286 218 317 247 C.
336 219 405 247 ¹597

234 435 351 465 Derogatio
359 440 408 456 con·

221 465 341 483 irai-iorum.

450 208 517 244 344

421 268 482 307 sita
502 265 748 312 compescendo,
765 263 912 298 invocato
927 263 1024 297 etiam
1037 263 1078 297 ad
1090 263 1163 304 hoc,

421 321 448 355 si
465 331 546 365 opus
566 319 672 360 fuerit,
692 318 811 352 auxilio
834 316 960 350 brachii
977 315 1163 350 saecularis.

467 375 484 416 5
509 373 539 407 8.
563 373 633 407 Non
659 370 863 405 obstantibus
881 375 1012 411 nostra,
1034 369 1061 403 si
1085 379 1167 413 opus

422 427 473 468 sit,
501 427 541 460 de
564 425 739 458 unionibus
769 423 1020 464 committendis,
1047 422 1167 456 vocatis

422 489 560 523 quorum
578 477 721 518 interest,
737 487 775 510 ac
792 476 1003 520 exprimendo
1023 486 1099 509 vero
1112 485 1166 508 va-

421 533 490 565 lore
521 531 617 565 etiam
648 530 780 564 alterius
804 529 974 571 beneficii,
1003 529 1055 563 cui
1079 529 1167 562 aliud

420 585 507 618 uniri
519 590 694 628 peteretur,
710 594 838 618 necnon
848 582 1073 617 Lateranensis
1086 582 1168 617 Con-

421 639 485 672 cilii
510 638 682 672 novissime
707 637 874 678 celebrati,
897 636 1036 669 uniones
1052 645 1168 679 perpe-

423 697 509 732 tuas,
540 690 602 724 nisi
632 690 666 723 in
690 690 818 724 casibus
848 700 868 723 a
893 689 963 722 iure
987 687 1164 732 permissis,

422 744 491 777 fieri
505 743 716 788 prohibentis,
733 742 869 787 aliisque
885 741 1167 776 constitutionibus

420 803 451 831 et
469 797 730 831 ordinationibus
747 795 943 840 apostolicis,
967 805 1095 828 necnon
1116 805 1165 827 ec-

421 851 608 892 clesiarum,
643 857 674 884 et
706 849 977 884 confraternitatis
1006 848 1167 892 praefata-

422 915 516 945 rum,
551 903 649 937 etiam
685 903 885 943 iuramento,
919 901 1168 935 confirmatione

423 957 611 1001 apostolica,
639 957 688 990 vel
720 956 832 1000 quavis
856 955 1010 988 firmitate
1034 954 1098 987 alia
1116 964 1168 987 ro-

423 1010 543 1044 boratis
566 1010 691 1044 statutis
712 1015 743 1043 et
770 1008 1077 1049 consuetudinibus,
1099 1007 1167 1051 pri-

424 1063 547 1106 vilegiis
566 1073 708 1107 quoque,
736 1063 870 1101 indultis
894 1068 925 1096 ct
956 1061 1073 1095 litteris
1092 1071 1169 1105 apo-

422 1117 543 1150 stolicis
562 1116 625 1150 illis
638 1144 646 1157 ‚
667 1126 845 1160 eorumque
865 1115 1041 1159 respective
1066 1119 1169 1148 recto-

247 1758 413 1778 confraternitas

228 1788 315 1807 sinuum
352 1790 413 1804 antus

229 1814 320 1837 quat-101⁷
348 1812 412 1831 tulna-

228 1844 291 1857 remu*
306 1837 368 1857 albat·
379 1843 413 1857 vt·-

228 1865 306 1884 clcnae
317 1864 338 1883 δ’,
347 1864 412 1884 Marci

237 1891 349 1910 wfhu'hWO
378 1890 413 1909 tle·

237 1920 262 1937 »et

424 1170 513 1204 ribus
537 1176 570 1204 et
596 1171 794 1214 guardianis,
823 1181 859 1203 ac
888 1168 1035 1214 personis
1059 1168 1092 1201 in
1116 1178 1169 1210 ge-

425 1234 501 1257 nere
520 1224 570 1257 vel
588 1224 620 1257 in
641 1217 810 1268 specie,'ac
829 1223 907 1256 alias
924 1221 1170 1266 quomodolibet

424 1277 456 1310 in
481 1278 679 1311 contrarium
709 1277 962 1321 praemissorum
988 1274 1166 1315 concessis,

425 1329 636 1371 confirmatis,
653 1330 839 1374 approbatis
859 1336 890 1363 et
911 1328 1079 1363 innovatis.
1096 1327 1170 1367 Qui-

427 1383 486 1416 bus
512 1383 664 1417 omnibus
691 1390 722 1416 et
746 1383 880 1426 singulis
900 1393 1014 1416 eorum
1043 1388 1170 1415 tenores

425 1436 648 1480 praesentibus
667 1446 728 1480 pro
749 1435 906 1480 expressis
926 1441 958 1470 et
976 1435 1016 1469 ad
1037 1435 1170 1468 verbum

425 1489 552 1523 insertis
583 1489 755 1531 habentes,
784 1489 846 1522 illis
870 1489 950 1522 alias
974 1488 1006 1521 in
1030 1498 1089 1522 suo
1120 1497 1172 1521 ro-

425 1543 505 1576 bore
519 1543 749 1587 permansuris,
766 1542 826 1575 hac
843 1542 911 1576 vice
924 1542 1087 1575 dumtaxat
1101 1552 1172 1586 spe-

425 1597 549 1630 cialiter
568 1602 599 1630 et
622 1606 770 1641 expresse
791 1596 995 1638 derogamus,
1020 1595 1171 1629 caeteris-

426 1660 489 1694 que
514 1649 684 1683 contrariis
704 1649 974 1693 quibuscumque.

471 1705 488 1746 5
513 1703 544 1737 9.
568 1703 724 1736 Volumus
744 1708 863 1743 autem,
890 1708 925 1736 ut
945 1702 1029 1736 dicta
1047 1702 1173 1735 confra-

429 1756 561 1789 ternitas
591 1756 622 1789 in
650 1756 790 1799 signum,
814 1756 901 1800 quod
929 1755 1014 1788 dieta
1039 1754 1173 1788 eeclesia

426 1809 617 1843 Sanctorum
637 1809 856 1851 Quadraginta
876 1809 1050 1852 Martyrum
1072 1808 1113 1841 sit
1134 1807 1172 1840 fl-

429 1863 511 1896 lialis
536 1862 724 1903 collegiatae
748 1862 908 1896 Ecclesiae
927 1862 957 1895 S.
981 1862 1076 1895 Marci
1098 1889 1104 1895 .
1131 1889 1137 1894 .
1163 1888 1169 1895 .

429 1921 460 1948 ct
481 1915 512 1948 in
539 1915 625 1948 illius
647 1941 653 1948 .
679 1942 685 1948 .
716 1942 722 1948 .
759 1915 1014 1957 recognitionem
1039 1914 1174 1957 singulis

429 1968 532 2009 annis,
557 1968 588 2001 in
611 1969 690 2001 festo
710 1968 817 2002 Sancti
832 1968 926 2001 Marci
939 1967 1170 2009 Evangelistae‚

428 2027 569 2066 quatuor
589 2021 686 2055 libras
707 2032 799 2055 cerae
823 2021 915 2054 albae
942 2021 1106 2054 laboratae
1131 2020 1175 2053 ei-

431 2076 504 2108 dem
537 2074 726 2117 collegiatae
757 2075 911 2108 ecclesiae
942 2074 1049 2108 Sancti
1079 2074 1174 2108 Marc-i

429 2128 563 2161 omnino
588 2129 666 2161 dare
687 2134 843 2162 teneatur.

475 2182 589 2215 Datum
606 2182 727 2215 Romae
748 2182 833 2226 apud
853 2183 884 2215 S.
902 2181 1031 2215 Petrum
1044 2181 1104 2214 sub
1120 2191 1176 2214 an-

431 2235 508 2267 nulo
533 2235 714 2275 piscatoris,
729 2235 781 2268 dic
799 2245 883 2269 xxvii
906 2234 1011 2268 martii
1030 2245 1172 2275 unxerit,

434 2289 641 2331 pontificatus
658 2288 757 2322 nostri
776 2299 861 2322 anno
879 2299 920 2322 vt.

471 2349 528 2377 lint.
545 2350 590 2377 dic
606 2350 639 2378 27
660 2350 749 2378 martii
768 2350 844 2384 1597,
862 2353 936 2386 pont.
957 2358 1000 2376 an.
1020 2356 1056 2377 xi.

1002 215 1189 240 BULLAan
1207 213 1364 239 Remum

1532 262 1613 296 CLV.

1200 369 1379 402 Declaratio
1398 368 1610 413 paragraphi:
1635 368 1701 409 Qui
1712 379 1796 410 vero,
1812 380 1881 413 cap.
1894 380 1938 409 v1,

1244 428 1320 456 sect.
1343 433 1420 463 xxv,
1440 423 1486 456 De
1501 422 1752 465 Reformatione,
1775 432 1834 466 pro
1851 423 1942 466 Capi-

1245 476 1312 509 tulo
1333 476 1487 509 ecclesiae
1511 475 1725 509 Cordubensis
1743 475 1763 507 ¹.

1409 566 1545 593 Clemens
1561 566 1641 600 Papa
1654 566 1735 599 VIII,

1343 620 1380 648 ad
1398 620 1532 656 futuram
1546 620 1591 648 rei
1609 620 1792 648 memoriam.

1244 691 1528 725 DecetRomanum
1537 690 1727 724 Pontificem
1737 691 1836 724 dubia
1847 701 1945 735 quae-

1202 755 1341 788 cumque
1361 743 1448 777 circa
1467 744 1598 777 decreta
1616 744 1749 778 Concilii
1764 743 1944 778 Tridentini

1201 797 1334 830 suborta
1358 797 1534 837 declarare,
1562 802 1660 840 prout
1679 796 1712 829 in
1731 796 1869 830 Domino
1893 807 1944 830 sa-

1202 849 1337 883 lubriter
1357 849 1515 893 conspicit
1535 849 1697 893 expedire.

1246 904 1263 945 5
1283 903 1315 936 ’1.
1339 903 1417 936 Cum
1432 902 1552 946 itaque,
1572 902 1655 936 sicut
1674 912 1734 946 pro
1754 908 1845 946 parte
1865 902 1946 936 dile-

1202 961 1329 989 ctorum
1346 955 1489 989 filiorum
1502 955 1638 999 Capituli
1656 955 1810 989 ecclesiae
1826 955 1947 989 Cordu-

1202 1009 1309 1042 bensis
1329 1009 1423 1042 nobis
1442 1019 1546 1052 nuper
1565 1009 1746 1052 expositum
1767 1008 1837 1049 fuit,
1852 1018 1948 1041 vene-

1202 1062 1313 1096 rabilis
1337 1063 1437 1096 frater
1461 1062 1632 1106 episcopus
1655 1061 1870 1096 Cordubensis
1894 1072 1948 1095 eas

1203 1116 1308 1149 dietae
1328 1115 1482 1150 ecclesiae
1503 1115 1684 1158 dignitates,
1708 1125 1791 1159 quae
1811 1114 1949 1148 admini-

1203 1169 1390 1202 strationem
1412 1179 1486 1202 cum
1504 1167 1727 1201 iurisdictione
1744 1167 1875 1208 habent,
1891 1168 1950 1201 ob-

1204 1221 1340 1255 tinentes
1352 1221 1385 1254 in
1399 1231 1468 1265 cap.
1483 1231 1532 1262 v1,
1548 1226 1624 1254 sect.
1641 1231 1714 1261 xxv,
1730 1220 1776 1254 De
1788 1221 1945 1264 Reform„

1205 1277 1221 1317 ς
1249 1275 1314 1315 Qui
1334 1285 1418 1316 vera,
1441 1285 1506 1308 non
1538 1274 1707 1315 obtinent,
1737 1274 1908 1317 dignitates
1932 1284 1951 1307 a

1204 1328 1346 1362 Concilio
1366 1327 1554 1361 Tridentino
1576 1327 1787 1371 praeservari,
1809 1327 1951 1371 reliquas

1205 1391 1279 1414 vero
1297 1380 1469 1422 dignitates
1482 1380 1665 1414 obtinentes
1682 1390 1720 1414 eo
1741 1380 1871 1414 decreto
1892 1379 1951 1413 mi-

1205 1434 1292 1467 nime
1312 1433 1566 1477 compraehendi
1591 1433 1791 1477 praetendat,
1819 1439 1851 1466 et
1868 1443 1948 1477 pro-

1205 1493 1316 1532 pterea
1335 1486 1492 1531 praedicti
1512 1486 1694 1531 Capitulum
1723 1492 1868 1520 nostram
1888 1486 1948 1520 de-

1205 1550 1302 1584 super
1321 1540 1572 1574 declarationem
1593 1540 1787 1574 desiderent.

1251 1594 1266 1638 §
1283 1593 1314 1627 ⁶2.
1338 1594 1401 1627 Nos
1421 1594 1551 1628 illorum
1577 1593 1666 1628 iustis
1686 1604 1723 1628 ac
1740 1593 1862 1627 devotis
1875 1604 1952 1638 sup-

1206 1647 1434 1691 plicationibus
1458 1647 1491 1680 in
1522 1647 1583 1681 liae
1611 1652 1702 1691 parte
1727 1646 1892 1688 inclinati,
1913 1646 1952 1680 de

1206 1701 1439 1734 venerabilium
1461 1701 1597 1734 fratrum
1615 1706 1801 1734 nostrorum
1819 1700 1954 1734 Sanctae

1206 1755 1371 1788 Romanae
1391 1753 1551 1787 Ecclesiae
1571 1753 1786 1789 cardinalium
1808 1752 1952 1786 eiusdem

1207 1808 1339 1842 Concilii
1363 1807 1541 1841 Tridentini
1561 1807 1773 1851 interpretum
1794 1807 1929 1840 consilio
1943 1834 1951 1846 ,

1208 1861 1323 1894 harum
1337 1860 1420 1894 serie
1433 1860 1646 1900 declaramus,
1666 1860 1845 1904 praefatum
1860 1860 1875 1903 §
1890 1859 1955 1900 Qui

1208 1925 1280 1947 vero
1299 1924 1506 1958 praeservare
1532 1919 1595 1947 tam
1621 1913 1814 1956 dignitates,
1838 1913 1956 1957 quibus

1208 1977 1332 2000 annexa
1367 1972 1414 2000 est
1448 1966 1683 2000 administratio
1721 1977 1794 2000 cuin
1828 1965 1956 2000 iurisdi-

1209 2021 1325 2060 ctione,
1342 2031 1438 2064 quam
1460 2020 1540 2061 illas,
1561 2031 1644 2064 quae
1663 2030 1700 2053 ex
1720 2019 1955 2054 consuetudine

1210 2074 1365 2107 ccclesiae
1382 2084 1441 2117 pro
1462 2073 1672 2116 dignitatibus
1692 2073 1864 2108 habentur.

1254 2127 1269 2170 g
1293 2127 1323 2160 3.
1339 2127 1456 2170 Sicque
1476 2126 1516 2160 ab
1536 2127 1687 2160 omnibus
1707 2126 1842 2167 censeri,
1862 2136 1900 2160 ac
1913 2126 1956 2160 ita

1211 2191 1268 2224 per
1287 2191 1509 2224 quoscumque
1524 2179 1645 2213 iudices
1658 2179 1839 2216 ordinarios
1855 2184 1888 2212 et
1901 2180 1954 2213 de-

1211 2233 1342 2275 legatos.
1360 2232 1456 2266 ctiam
1471 2243 1640 2266 causarum
1659 2232 1768 2276 palatii
1787 2231 1955 2276 apostolici

1210 2285 1376 2319 auditores
1391 2313 1398 2325 ,
1420 2286 1548 2319 sublata
1573 2285 1619 2319 eis
1643 2291 1674 2319 et
1693 2295 1805 2319 eorum
1827 2283 1959 2318 cuilibet

1210 2339 1322 2383 quavis
1345 2339 1438 2373 aliter
1469 2339 1632 2373 iudicandi
1664 2345 1694 2373 et
1725 2337 1957 2383 interpretandi

1212 2392 1361 2426 facultate
1371 2398 1401 2426 et
1414 2392 1614 2433 auctoritate,
1629 2392 1770 2427 iudicare
1789 2397 1820 2426 ct
1829 2390 1956 2425 definiri

1211 2445 1341 2485 debere,
1360 2456 1397 2478 ac
1412 2445 1538 2478 irritum
1550 2450 1580 2478 ct
1590 2445 1684 2478 inane
1698 2444 1855 2488 quidquid
1865 2454 1958 2478 secus

1211 2508 1309 2541 super
1333 2498 1382 2531 bis
1411 2508 1645 2543 a·quoquain‚
1669 2498 1781 2542 quavis
1812 2497 1954 2531 auctori-

1213 2557 1292 2592 tate,
1315 2552 1456 2586 scienter
1481 2552 1529 2585 vel
1558 2552 1763 2595 ignoranter,
1786 2550 1955 2594 contigerit

1251 2615 1259 2639 ¹
1284 2612 1320 2640 Ex
1342 2612 1450 2649 lugeat.
1466 2613 1493 2641 in
1515 2613 1618 2641 Secret.
1640 2613 1777 2642 Brevium.

1962 213 2012 241 An.
2030 191 2173 245 &¹592⁴¹
2223 187 2235 229 Ἰ

1995 699 2115 720 Exordium.

1982 911 2064 941 Causae
2074 910 2143 942 ttqdn·

1961 940 2055 958 rationis.

1996 1600 2124 1623 nectat-atio.

2001 2131 2123 2153 Clau-ulto.
