2253 3195
29 274 75 300 An.
93 272 121 299 C.
142 270 201 297 1601

62 1181 205 1207 Exoquuiores

28 1208 176 1229 testamentarii
185 1214 205 1227 υ-

29 1235 70 1256 dita
84 1240 96 1255 a
111 1241 132 1255 se
143 1240 205 1260 snper

29 1261 61 1282 ilio
74 1263 151 1282 statuta
170 1267 205 1286 pe-

28 1289 71 1308 tunt
82 1287 205 1308 confirmavi.

44 1819 151 1840 Confirmat
163 1820 196 1841 Cle

32 1851 92 1867 mem.

829 269 974 293 Cinam-ms
997 268 1051 291 Vlll
1074 268 1123 290 l'P.

219 318 377 351 tbarinam
390 318 603 359 Portugalliae
625 324 653 350 et
673 317 961 359 Aigai·lii01·umre-

219 372 326 412 ginam
343 398 349 411 ,
379 369 410 402 in
438 370 505 403 eius
538 376 726 403 testamento
742 398 749 410 ,
771 370 855 403 inter
875 369 958 409 alia,

219 423 356 456 reditum
379 434 520 456 annuum
545 424 630 456 mille
651 428 682 456 et
709 423 959 466 quingentorum

219 482 383 510 scutorum
405 477 526 518 legasse
541 476 572 508 in
587 477 725 509 savorem
741 476 849 518 viginti
871 476 960 519 puel-

220 530 335 570 larum,
359 541 441 573 quae
463 530 618 562 moniales
637 530 706 562 [ieri
728 530 855 569 vellent,
877 536 908 561 ut
932 529 961 561 in

219 583 351 617 diversis
365 583 566 616 monasteriis
582 589 848 622 sustentarentur,
862 589 892 615 et
905 583 962 614 lm-

220 637 268 670 ius
288 637 359 681 piae
380 636 588 670 institutionis
605 643 822 680 protectorem
850 642 880 669 et
908 648 961 679 pa-

220 696 347 723 tronum
376 690 591 732 l‘ortugalliae
613 696 643 723 ct
663 690 888 732 Algarbiorum
911 701 961 722 re-

220 753 292 785 gem
313 754 372 787 pro
393 750 538 787 tempore
561 743 746 776 existentem
770 744 958 786 deputasse,

220 807 256 829 ac
276 797 440 830 nonnullis
466 797 718 840 exequutoribus
739 797 777 829 ab
799 807 835 829 ea
857 797 887 828 in
911 802 959 829 te-

219 855 377 883 stamento
411 850 584 883 nominatis
615 850 802 889 ordinasse,
833 855 867 882 ut
893 854 959 882 sta-

220 909 287 937 tuta
308 909 338 937 et
368 904 588 937 ordinationes
620 915 679 947 pro
709 903 791 936 felici
824 914 962 946 exequu-

221 957 307 990 tione
328 958 431 991 dietae
449 958 520 1001 piae
541 957 750 990 institutionis
772 957 959 995 conderent,

220 1022 302 1055 quae
329 1017 439 1056 postea
470 1012 508 1044 ab
536 1011 715 1055 Apostolica
737 1012 818 1045 Sede
838 1010 959 1044 confir-

221 1070 398 1098 marentur.

265 1120 281 1160 g
303 1118 332 1151 2.
357 1118 433 1151 Cum
452 1124 570 1157 autem,
595 1119 676 1151 sicut
696 1118 808 1151 eadem
831 1118 959 1161 exposi-

223 1172 265 1205 tio
285 1172 511 1215 subiungebat,
532 1172 673 1216 capitula
690 1177 721 1205 et
742 1172 963 1204 ordinationes

221 1226 404 1260 huiusmodi
426 1227 469 1260 ita
489 1227 618 1259 condita
638 1226 767 1265 fuerint,
793 1231 855 1258 tam
880 1225 963 1258 circa

220 1280 390 1323 qualitates
411 1280 600 1313 monialium
619 1289 716 1323 quam
730 1279 814 1312 circa
829 1279 961 1311 modum

221 1333 291 1366 illas
311 1333 511 1373 nominandi,
530 1343 668 1376 cumque
690 1332 773 1365 idem
795 1331 963 1375 Philippus

220 1397 274 1419 rex
296 1386 403 1430 cupiat
423 1387 534 1420 eadem
553 1391 671 1419 statuta
685 1391 715 1418 et
729 1384 960 1425 ordinationes,

221 1451 302 1484 quae
316 1440 409 1473 nobis
422 1439 634 1472 examinanda
648 1445 678 1472 et
691 1439 964 1482 corrigendapro-

221 1494 297 1537 poni
324 1493 416 1533 fecit,
441 1493 637 1536 apostolicae
666 1492 826 1525 firmitatis
847 1492 964 1525 robore

221 1551 378 1590 perpetuo
415 1546 634 1585 communiri,
666 1545 759 1578 nobis
794 1550 966 1588 propterea

222 1599 388 1632 humiliter
408 1599 582 1643 supplicari
604 1599 687 1639 fecit,
704 1605 739 1631 ut
760 1598 790 1630 in
811 1598 966 1642 praemis-

221 1653 263 1686 sis
284 1659 466 1697 opportune
494 1653 663 1696 providere
700 1653 738 1685 de
769 1652 966 1695 benignitate

223 1706 399 1750 apostolica
424 1706 646 1749 dignaremur.

267 1761 283 1802 ἓ
304 1759 334 1792 3.
358 1760 420 1794 Nos
442 1759 539 1802 igitur
560 1760 703 1793 eiusdem
724 1759 863 1803 Philippi
884 1759 967 1802 regis

222 1813 283 1857 piis
303 1813 384 1846 votis
415 1824 559 1847 annuere
590 1813 751 1853 volentes,
779 1813 965 1846 huiusmodi

222 1867 512 1911 supplicationibus
533 1867 692 1907 inclinati,
717 1867 829 1899 eadem
850 1872 967 1899 statuta

223 1927 253 1954 et
273 1921 504 1961 ordinationes,
529 1932 613 1965 quae
633 1932 651 1953 a
672 1920 795 1953 dilectis
817 1920 890 1953 siliis
911 1931 967 1953 no-

222 1974 296 2008 stris
316 1974 450 2009 Camillo
471 1979 657 2007 sanctorum
678 1973 806 2007 Ioannis
820 1978 849 2006 et
863 1973 963 2013 Pauli,

224 2027 410 2069 Burghesio,
435 2033 465 2060 et
489 2027 644 2071 Pompeio
665 2027 695 2060 S.
721 2026 875 2060 Balbinae
895 2025 967 2058 titu-

223 2081 341 2122 lorum,
365 2081 561 2125 presbyteris
582 2081 754 2123 Arrigonio
774 2080 967 2124 nuncupatis

223 2134 253 2168 S.
278 2135 313 2168 R.
334 2135 368 2168 E.
394 2134 627 2174 cardinalibus,
652 2134 838 2173 examinari,
860 2139 888 2166 et
909 2144 967 2166 no-

224 2189 273 2222 bis
294 2189 419 2229 referri,
443 2200 525 2233 quae
544 2189 676 2222 inferius
696 2189 736 2221 ad
760 2189 892 2221 verbum
915 2187 964 2220 in-

225 2243 286 2275 seri
308 2242 479 2283 voluimus,
503 2242 695 2275 auctoritate
716 2241 904 2285 apostolica,
918 2246 966 2273 te—

225 2306 303 2328 nore
320 2296 550 2339 praesentium,
563 2301 720 2339 perpetuo
738 2294 969 2328 confirmamus

226 2355 255 2382 et
274 2350 503 2393 approbamus,
521 2349 648 2392 illisque
668 2353 844 2392 perpetuae
866 2354 896 2380 et
916 2348 965 2380 in-

227 2403 383 2436 violabilis
397 2403 592 2446 apostolicae
605 2402 765 2435 firmitatis
776 2402 877 2434 robur
890 2401 968 2434 adii-

226 2456 347 2496 cimus,
368 2467 405 2489 ac
428 2466 541 2489 omnes
569 2462 599 2488 et
626 2455 769 2498 singulos
801 2460 863 2487 tam
893 2454 969 2487 iuris

227 2519 322 2552 quam
344 2509 415 2542 sacti
437 2509 590 2549 desectus,
607 2508 631 2541 si
653 2508 707 2551 qui
728 2508 759 2540 in
781 2508 900 2540 eisdem
923 2507 968 2539 in-

229 2562 432 2602 tervenerint,
447 2562 645 2605 supplemus,
662 2561 841 2603 eademque
853 2565 969 2593 statuta

227 2620 258 2648 et
278 2615 498 2649 ordinationes
519 2620 676 2658 perpetuo
706 2614 836 2654 validas,
861 2613 970 2646 sirmas

228 2673 259 2700 et
278 2668 422 2701 essi«:a‹:es
443 2668 577 2701 existere
598 2674 625 2700 et
650 2669 727 2705 sore,
753 2679 788 2699 ac
809 2678 882 2699 suos
904 2667 970 2709 ple-

283 2730 355 2757 [cult.
379 2731 455 2757 Itum.
477 2730 533 2756 Vol.
554 2731 585 2756 X.
803 2729 836 2755 8⁹2

1645 254 1709 286 titt)

997 315 1103 348 uarios
1133 320 1160 347 et
1187 314 1328 356 integros
1349 313 1479 345 cllbctus
1500 311 1606 345 sortiri
1633 317 1662 344 et
1682 310 1738 343 ob-

998 369 1102 401 lineri.

1041 423 1056 463 g
1077 421 1107 454 lo.
1132 422 1258 465 Seque,
1283 426 1313 453 et
1335 431 1397 453 non
1427 420 1529 459 aliter,
1554 430 1610 462 per
1636 429 1735 462 quos—

997 486 1134 518 cumque
1163 475 1284 507 iudices
1311 474 1491 507 ordinarios
1512 479 1539 506 el
1562 473 1735 514 delegatos

997 528 1090 560 etiam
1119 540 1288 561 causarum
1322 528 1430 571 palatii
1458 526 1623 570 apostolici
1650 525 1740 558 audi-

997 587 1081 613 tores
1103 581 1237 614 iudicari
1260 587 1287 613 et
1312 580 1437 613 definiri
1460 581 1594 619 tlt-bere,
1615 590 1651 612 ac
1669 579 1740 611 irri-

998 641 1062 667 tum
1086 641 1116 667 ct
1137 635 1231 667 inane
1252 634 1408 677 quidquid
1429 644 1520 666 secus
1540 644 1637 676 super
1655 633 1702 665 liis
1723 643 1740 664 a

997 698 1171 731 quoquam,
1183 688 1293 730 quavis
1318 687 1518 725 auc-[tornato⁷
1543 686 1680 718 scienter
1692 686 1738 718 vel

997 741 1193 783 ignoranter,
1219 740 1387 782 contigerit
1417 740 1566 772 attentari
1597 738 1740 772 decerni-

998 805 1077 826 mus.
1101 794 1254 827 Volumus
1283 799 1388 826 autem
1418 799 1451 826 ut
1471 793 1579 835 viginti
1606 792 1738 825 cruciati

995 848 1092 881 annui
1108 848 1173 891 qui,
1191 848 1275 880 iuxta
1293 847 1440 891 quintum
1463 852 1558 890 caput
1579 846 1737 879 dictorum

996 907 1201 941 statutorum,
1223 901 1397 944 unicuique
1424 911 1458 933 ex
1478 900 1570 933 dictis
1592 899 1739 932 moniali-

997 955 1055 987 bus
1075 965 1134 998 pro
1161 965 1271 987 earum
1298 954 1486 986 indumento
1508 953 1575 986 dari
1598 953 1737 992 debent,

997 1009 1035 1041 de
1056 1009 1204 1041 manibus
1221 1019 1296 1041 suae
1316 1008 1492 1051 superioris
1513 1018 1530 1039 a
1548 1006 1741 1050 qualibetex

997 1063 1118 1095 eisdem
1157 1062 1350 1095 monialibus
1390 1061 1570 1105 capiantur;
1610 1059 1738 1104 praeci-

996 1116 1119 1159 pientes
1140 1116 1171 1148 in
1192 1116 1308 1148 virtute
1325 1120 1453 1147 sanctae
1472 1114 1675 1147 obedientiae
1694 1113 1740 1146 di-

998 1169 1086 1202 lectis
1108 1169 1139 1201 in
1160 1168 1283 1202 Christo
1305 1168 1433 1200 filiabus
1454 1167 1632 1205 abbatissis,
1656 1167 1741 1210 prio-

997 1223 1084 1256 rissis
1105 1228 1135 1255 et
1156 1222 1226 1255 aliis
1252 1222 1403 1265 praelatis
1431 1232 1467 1254 ac
1497 1220 1691 1254 monialibus
1712 1225 1742 1252 et

997 1275 1207 1309 conventibus
1240 1274 1532 1312 monasteriorum,
1562 1274 1593 1306 in
1626 1273 1742 1316 quibus

998 1329 1101 1363 dietae
1119 1328 1228 1371 viginti
1248 1327 1403 1361 moniales
1423 1333 1496 1360 sunt
1520 1332 1683 1370 receptae,
1707 1336 1742 1358 ac

997 1383 1055 1416 sub
1077 1382 1419 1416 excommunicationis
1440 1382 1521 1414 latae
1542 1379 1737 1419 sententiae,

999 1448 1034 1469 ae
1054 1435 1241 1480 privationis
1262 1435 1462 1473 officiorum,
1488 1434 1637 1477 vocisque
1658 1433 1739 1465 acti-

999 1502 1055 1523 vae
1069 1496 1099 1523 et
1111 1490 1255 1533 passivae
1268 1489 1337 1533 ipso
1356 1489 1436 1522 sacto
1451 1488 1653 1521 incurrendis
1666 1497 1742 1530 poe-

1000 1543 1058 1584 nis,
1082 1549 1240 1587 quatenus
1260 1542 1368 1575 onmia
1389 1548 1417 1574 et
1440 1542 1565 1584 singula
1593 1541 1624 1573 in
1650 1540 1741 1574 dietis

1001 1597 1148 1640 capitulis
1168 1603 1199 1629 et
1220 1596 1478 1629 ordinationibus
1502 1600 1651 1627 contenta
1684 1594 1741 1626 ob-

1001 1656 1145 1690 servent3
1169 1649 1341 1693 praecipue
1363 1660 1448 1687 vero,
1466 1660 1537 1681 cnm
1552 1648 1659 1691 aliqua
1673 1648 1743 1680 loca

1001 1704 1189 1737 earumdem
1217 1703 1406 1736 monialium
1437 1702 1634 1741 vacaverint,
1662 1701 1744 1733 intra

1002 1763 1127 1801 tempus
1165 1757 1195 1789 in
1228 1757 1320 1790 dictis
1355 1756 1503 1800 capitulis
1542 1755 1740 1799 praefixum,

1000 1811 1164 1855 praedicto
1185 1810 1253 1853 regi
1274 1811 1454 1853 siguificare
1474 1815 1651 1843 teneantur.

1046 1867 1062 1907 ξ
1092 1865 1122 1898 5.
1159 1865 1317 1904 Quocirca
1346 1864 1470 1897 dilectis
1507 1863 1580 1896 liliis
1623 1864 1744 1896 decano

1001 1918 1230 1958 Ulixbonensi,
1254 1929 1289 1950 ae
1316 1918 1438 1950 decano
1471 1917 1611 1960 capellae
1638 1916 1744 1958 regiae

1002 1972 1096 2006 etiam
1118 1971 1342 2005 Ulixbonensis
1369 1982 1427 2015 per
1450 1975 1635 2014 praesentes
1656 1980 1745 2002 eom—

1003 2025 1159 2058 mittimus
1188 2031 1219 2058 et.
1247 2025 1458 2063 mandamus,
1482 2030 1640 2067 quatenus
1660 2023 1718 2066 ipsi
1735 2050 1742 2061 ,

1002 2081 1050 2113 vel
1071 2081 1151 2113 alter
1168 2090 1293 2119 eorum,
1316 2084 1501 2122 praesentes
1521 2078 1644 2110 litteras
1664 2082 1692 2110 et
1714 2077 1745 2108 in

1003 2134 1047 2167 eis
1065 2139 1214 2167 contenta
1235 2143 1471 2176 quaecumque,
1489 2131 1555 2169 ubi,
1573 2131 1703 2174 quando
1716 2136 1745 2163 et

1003 2187 1128 2231 quoties
1145 2196 1226 2229 opus
1248 2185 1353 2223 suerit,
1371 2184 1558 2218 solemniter
1578 2183 1747 2227 publican—

1005 2246 1060 2279 tes,
1090 2239 1217 2279 saciant,
1242 2238 1430 2271 auctoritate
1455 2243 1584 2275 nostra,
1608 2237 1748 2280 capitula

1003 2299 1033 2326 et
1052 2293 1272 2325 ordinationes
1287 2291 1466 2335 praedictas
1486 2291 1525 2322 ab
1544 2290 1598 2329 iis,
1613 2291 1652 2323 ad
1666 2302 1747 2334 (pios

1003 2351 1168 2390 spectatet
1188 2346 1220 2378 in
1242 2346 1384 2378 futurum
1407 2344 1574 2387 spectabit,
1590 2350 1746 2387 perpetuo

1004 2399 1183 2439 obscrvmi3
1197 2398 1451 2431 contradictores
1461 2408 1682 2440 quoscumque
1692 2409 1748 2441 per

1004 2463 1154 2486 censuras
1175 2458 1205 2485 et
1225 2462 1345 2495 poenas
1364 2450 1604 2488 ecclesiasticas,
1621 2451 1747 2494 aliaque

1004 2511 1187 2549 opportuna
1209 2504 1287 2537 iuris
1308 2510 1338 2537 et
1361 2504 1431 2536 sacti
1455 2504 1607 2541 remedia,
1632 2504 1745 2546 appel—

1005 2559 1122 2591 latione.
1137 2557 1324 2601 postposita,
1337 2556 1585 2600 compescendo,
1599 2556 1746 2589 invocato

1005 2611 1099 2645 etiam
1122 2610 1160 2643 ad
1182 2610 1254 2647 hoc,
1269 2610 1293 2643 si
1315 2620 1395 2653 opus
1416 2609 1521 2649 suerit,
1545 2609 1748 2642 auxiliobra-

1005 2665 1065 2697 cliii
1093 2664 1275 2697 saecularis.

1756 261 1807 287 An.
1824 260 1851 287 C.
1872 260 1933 287 1601

1780 428 1898 449 Clausulam,

1797 1865 1943 1891 quuuwrcz

1760 1893 1821 1913 imin<
1844 1892 1943 1911 mummu-

1761 1920 1822 1940 tionis
1832 1919 1935 1945 deputati.
