2253 3195
278 248 328 275 An.
348 247 376 275 C.
395 248 458 276 160¹

313 309 462 336 Eteeniosyuis.

279 339 323 360 etc..
339 338 464 362 consignan-

279 364 311 383 dis
339 363 405 389 priori
432 364 464 384 vel

279 390 372 415 syndico.

293 842 367 863 cibum
385 842 414 862 iel
427 848 463 868 po-

280 872 322 889 tum
330 875 389 889 nem-⁴»
396 871 464 889 sumat

279 899 328 916 ante
335 901 465 916 communem

281 923 425 943 reiectionem.

307 1325 379 1350 Neque
391 1332 463 1346 ‘aecu-

281 1351 360 1382 lartlbus
369 1358 465 1381 nugari·-

280 1384 302 1399 se
317 1383 441 1400 unnusreat.

310 2025 369 2044 Aru-:i
384 2026 466 2046 muctare

283 2056 322 2070 nm.
337 2053 465 2075 piat-sumat.

509 239 572 273 672

480 304 594 339 ctores,
617 298 676 331 sub
696 307 802 341 poena
822 295 1011 340 privationis
1036 295 1122 329 vocis
1147 294 1223 328 acti-

479 362 536 385 vae
562 358 593 385 et
621 351 763 395 passivae
788 351 829 384 ad
855 350 1022 383 biennium
1051 349 1119 393 ipso
1140 349 1223 382 sacto

480 405 698 444 incurrenda,
733 405 975 448 eleemosynas,
1011 402 1128 435 salaria
1159 401 1223 435 sive

480 458 645 492 mercedes
659 458 800 501 integras
814 457 915 502 priori
930 457 994 490 sive
1003 456 1134 501 syndico
1149 465 1221 489 cum

479 511 549 543 aliis
566 511 659 544 bonis
685 516 860 544 conventus
883 510 1127 544 confundendas
1147 520 1223 542 con·

478 564 606 607 signare
635 570 822 605 teneantur·,
846 570 1015 598 teneantur
1035 569 1143 597 tamen
1164 574 1220 597 su-

478 618 623 661 periores
651 628 764 652 eorum
790 618 949 661 religiosis
979 617 1223 651 necessitatibus

478 671 664 715 praecipue,
689 677 719 705 et
739 682 776 705 ea
801 681 865 715 qua
896 671 987 704 decet
1016 670 1172 704 charitate
1193 676 1223 704 et

478 724 691 768 providentia,
701 725 852 769 supplere
873 731 903 758 et
923 724 1104 769 providere.

523 777 611 822 §57-
632 778 757 811 Nemini
789 777 882 811 liceat
910 783 983 811 ante
1013 777 1222 811 refectionem

480 842 687 865 communem
716 837 747 865 et
774 831 1056 872 benedictionem,
1079 842 1224 876 praeser-

482 885 538 918 tim
564 885 596 918 in
627 885 810 926 refectorio,
831 885 954 929 aliquid
983 885 1153 919 comedere
1170 890 1225 918 aut

480 938 607 979 biberc;
630 939 686 983 qui
706 949 797 972 secus
824 939 935 972 fecerit
949 966 956 979 ,
981 944 1035 971 aut
1055 938 1224 983 disciplina

479 992 610 1037 publica
637 993 818 1038 plectatur,
843 998 897 1026 aut
925 993 998 1026 cibo
1028 1003 1065 1026 ea
1085 992 1152 1026 vice
1172 1003 1224 1026 ca-

480 1052 563 1087 reat,
587 1057 667 1091 quas
693 1057 814 1091 poenas
839 1047 928 1091 prior
952 1047 1011 1080 sub
1040 1057 1146 1091 poena
1169 1057 1223 1080 su-

480 1102 662 1147 spensionis
700 1102 739 1135 ab
769 1101 895 1142 officio,
932 1101 1137 1145 provincialis
1167 1111 1223 1134 seu

481 1156 642 1199 generalis
672 1155 829 1188 arbitratu
859 1154 1054 1197 infligenda,
1080 1154 1224 1197 irrogare

482 1216 638 1244 teneatur.

525 1263 612 1306 558.
636 1263 681 1297 Ne
707 1263 772 1297 Deo
804 1262 977 1296 militantes
1004 1261 1223 1296 saecularibus

480 1316 623 1360 negociis
645 1316 860 1361 implicentur,
884 1315 1035 1349 omnibus
1048 1315 1225 1358 etsingulis

482 1370 634 1404 fratribus
659 1371 891 1414 cuiuscumque
919 1370 1037 1411 gradus
1066 1369 1219 1410 existant,

481 1424 655 1465 inhibetur,
680 1435 718 1457 nc
740 1423 811 1468 quis
831 1423 967 1457 alicuius
987 1423 1152 1467 principis,
1170 1429 1224 1457 aut

480 1478 597 1512 nobilis
618 1478 675 1511 viri
694 1478 740 1511 vel
762 1477 903 1517 alterius,
921 1477 1016 1509 etiam
1032 1477 1223 1520 consangui-

480 1532 588 1565 nitatis
626 1537 816 1576 praetextu‚
857 1536 1049 1575 procurator
1081 1537 1136 1563 aut
1166 1541 1223 1564 ne-

480 1585 645 1628 gociorum
675 1591 783 1628 gestor
813 1585 875 1625 sit,
905 1595 963 1618 nce
1001 1584 1031 1617 in
1068 1584 1220 1627 negocia-

482 1639 622 1673 tionibus
658 1639 723 1672 ullo
761 1638 876 1679 modo,
916 1644 971 1671 aut
1011 1637 1198 1671 mercaturis
1213 1665 1220 1678 ‚

481 1693 663 1738 interpretis
680 1693 744 1726 sive
759 1692 945 1726 mediatoris
958 1691 1053 1731 vices,
1071 1690 1224 1725 autaliud

479 1748 643 1782 saeculare
663 1747 833 1790 negocium
854 1751 965 1787 gerat,
991 1756 1095 1790 poena
1122 1745 1225 1790 priva-

483 1801 578 1835 tionis
599 1801 718 1834 activae
730 1806 761 1834 et
777 1800 920 1844 passivae
932 1799 1017 1833 vocis
1031 1799 1225 1833 incurrenda

483 1854 527 1888 illi
549 1853 724 1898 proposita,
748 1859 878 1897 praeter
898 1853 986 1893 alias,
1015 1852 1149 1886 arbitrio
1170 1863 1224 1895 ge—

482 1908 611 1949 neralis,
625 1908 823 1951 irrogandas.

528 1964 544 2004 5
565 1961 617 1995 59.
646 1961 756 1995 Nullus
777 1961 885 2001 frater,
910 1961 1022 2004 quovis
1043 1966 1222 2005 praetextu,

483 2027 572 2050 arma
593 2016 826 2059 cuiuscumque
858 2015 984 2057 generis
1011 2021 1154 2057 gestare,
1179 2015 1225 2047 vel

483 2071 567 2114 apud
586 2081 618 2103 se
637 2070 787 2110 retinere,
804 2069 898 2102 etiam
921 2069 979 2101 sibi
1000 2068 1029 2101 iu
1045 2069 1223 2101 custodiam

483 2124 522 2157 ab
543 2124 613 2157 aliis
635 2123 762 2163 tradita,
785 2123 846 2156 sub
866 2133 970 2166 poena
992 2122 1077 2155 vocis
1099 2121 1221 2154 utrius-

483 2189 545 2222 que
571 2188 608 2210 eo
631 2177 699 2221 ipso
719 2176 915 2209 amittendae
941 2186 998 2219 per
1024 2186 1164 2215 anuum,
1189 2186 1225 2207 ac

483 2243 540 2275 per
552 2244 604 2264 sex
620 2242 745 2264 menses
759 2242 774 2263 e
790 2229 984 2263 monasterio
996 2240 1060 2263 uon
1073 2229 1221 2268 exeundi,

484 2291 686 2329 praesumat,
711 2284 798 2328 quod
826 2283 851 2317 si
881 2294 971 2316 artua
997 2294 1032 2316 ex
1055 2283 1224 2326 prohibitis

484 2340 540 2379 (uti
567 2344 641 2372 suut
660 2338 760 2382 selopi
783 2337 907 2379 rotarii)
934 2337 1062 2377 suerint,
1087 2348 1223 2381 poenam

484 2392 662 2425 triremium
686 2403 743 2435 per
765 2390 937 2424 triennium
964 2402 1002 2422 «⁸0
1029 2389 1097 2433 ipso
1119 2389 1224 2422 invni·-

484 2452 549 2484 rut,
581 2457 676 2489 quatu
711 2456 848 2488 poenam
880 2442 1107 2487 provincialis,
1136 2442 1223 2475 (utini

483 2499 686 2531 vxrusatiotu·
710 2504 844 2536 sctuota,
868 2497 926 2529 suli
949 2508 1052 2540 poeua
1073 2495 1225 2539 privatio-

484 2553 532 2584 nis
550 2552 662 2591 cilicii,
683 2552 794 2596 vxi-qm
816 2557 970 2584 intuatur.
994 2550 1085 2583 l'rior
1102 2555 1221 2589 autem,

484 2606 538 2649 qui
569 2606 707 2638 srivuter
739 2605 931 2648 permiserit,
951 2604 1058 2637 «illicio
1091 2603 1225 2636 ouutiuo

487 2659 625 2703 prin-tur

1061 247 1242 272 RULLAmtJM
1264 247 1417 272 ROMANUM

2013 249 2062 275 An.
2078 247 2105 276 C.
2129 249 2192 277 1601

1301 295 1316 339 g
1333 293 1386 328 60.
1403 295 1516 329 Caveat
1528 301 1634 329 autem
1653 295 1742 340 prior
1754 306 1805 338 ne,
1821 297 1880 330 sub
1894 307 2000 341 poena
2033 309 2069 330 nis
2081 312 2160 331 tamum
2175 310 2196 332 sn

1257 348 1445 392 privationis
1465 349 1561 382 officii
1582 349 1651 393 ipso
1678 350 1761 383 facto
1782 350 1995 392 incurrenda,
2013 336 2198 385 {Eli-'e‘fflssssimffi

1256 402 1407 436 fratribus
1420 403 1556 436 exeundi
1574 403 1748 443 licentiam,
1764 403 1826 437 nisi
1846 404 1886 437 ad
1905 415 1998 448 prae·
2013 389 2070 410 ‘’⁰¹¹’'

1257 456 1412 500 scriptum
1445 456 1710 490 constitutionum
1727 485 1734 498 ,
1758 457 1820 491 hoc
1842 463 1909 498 est,
1937 458 1998 491 nisi

1257 509 1305 542 bis
1323 509 1355 542 in
1375 509 1590 546 hebdomada.
1608 520 1645 542 ac
1661 509 1722 543 nisi
1742 510 1928 553 genuflexis
1944 510 2000 544 be-

1257 563 1538 608 nedictionemque
1562 564 1745 607 petentibus
1765 569 1796 597 et
1818 575 1890 597 cum
1911 564 1999 598 socio

1257 617 1431 658 concedat,
1455 628 1514 651 uec
1544 628 1743 662 quemquam
1770 617 1884 651 diebus
1913 617 2000 652 sestis

1258 671 1344 704 exire
1363 671 1538 715 permittet,
1555 671 1615 705 nisi
1637 672 1677 705 ob
1699 682 1808 706 casum
1829 671 2000 706 necessita-

1258 724 1308 765 tis,
1332 724 1387 768 qui
1405 724 1527 758 differri
1548 735 1614 758 non
1635 725 1746 769 possit.

1301 778 1316 822 g
1336 777 1389 811 61.
1412 778 1580 812 Decretum
1601 779 1653 813 SS.
1676 779 1711 812 D.
1728 779 1764 812 N.
1782 779 1821 813 de
1838 778 1996 820 fenestris,
2029 788 2134 810 rancura
2148 794 2199 810 con-

1258 842 1340 875 quae
1360 831 1393 864 in
1410 831 1476 865 vias
1495 832 1640 876 publicas
1661 838 1717 865 aut
1735 832 1767 864 in
1795 832 1914 866 vieInas
1933 831 1996 864 lai·
2014 816 2199 863 {gausum-uran-

1258 895 1370 918 corum
1384 885 1479 919 aedes
1491 885 1703 929 prospiciunt,
1720 896 1815 919 muro
1829 886 1998 919 obstruen-

1258 939 1317 980 dis,
1340 939 1583 983 quamprimum
1606 939 1788 973 executioni
1805 939 1976 972 mandetur
1989 966 1997 980 ,

1258 999 1289 1027 et
1307 992 1333 1026 si
1353 992 1407 1026 lux
1438 992 1568 1026 aliunde
1596 1003 1661 1025 non
1681 992 1802 1036 possit,
1825 992 1936 1026 saltem
1957 991 2001 1025 ita

1259 1047 1450 1080 obturentur
1464 1074 1471 1087 ,
1495 1046 1558 1080 sive
1579 1045 1640 1079 fixe
1660 1051 1811 1090 aptentur
1825 1073 1832 1087 ,
1860 1051 1895 1079 ut
1913 1044 2001 1079 nulla

1259 1101 1382 1134 ratione
1407 1111 1424 1133 a
1450 1099 1562 1133 vicinis
1591 1100 1705 1133 fratres
1735 1099 1836 1133 videri
1868 1105 1996 1143 queant.

1258 1154 1361 1188 Priori
1377 1165 1482 1199 poena
1499 1153 1688 1198 privationis
1708 1153 1803 1187 officii
1821 1153 1997 1197 proposita,

1257 1209 1284 1242 si
1304 1219 1396 1242 secus
1415 1208 1534 1242 sactum
1556 1207 1662 1241 suerit.

1303 1261 1390 1305 56⁹2.
1422 1261 1514 1295 Prior
1545 1261 1702 1305 cuiusque
1733 1267 1908 1295 conventus
1935 1270 2001 1294 non
2030 1269 2200 1291 rauranum-

2015 1298 2070 1318 trum
2084 1302 2199 1318 commora-

1258 1316 1429 1359 eollegiati‚
1451 1315 1575 1359 expleto
1595 1315 1738 1356 biennio,
1762 1314 1794 1348 in
1808 1319 2000 1348 conventum
2015 1324 2073 1360 ‘⁵⁰⁰2‘
2089 1323 2110 1344 m
2125 1323 2201 1344 eodem

1258 1370 1462 1413 collegiatam
1489 1370 1662 1402 reducatur
1677 1396 1685 1409 ,
1705 1369 1766 1402 nisi
1791 1369 1831 1402 ad
1862 1368 1999 1402 alterum
2016 1351 2126 1371 mmmm

1258 1424 1425 1458 biennium
1447 1423 1515 1456 eius
1535 1422 1675 1456 officium
1697 1432 1757 1466 pro
1782 1421 1843 1455 loci
1865 1421 2001 1455 utilitate

1259 1477 1424 1520 contingat
1442 1475 1623 1521 prorogari.
1652 1475 1786 1509 Familia
1811 1485 1886 1508 vero
1917 1475 2002 1508 ultra

1258 1531 1424 1565 biennium
1439 1531 1471 1563 in
1486 1529 1673 1563 huiusmodi
1690 1529 1900 1562 conventibus
1914 1539 2002 1562 com-

1259 1584 1378 1619 morari
1405 1595 1470 1617 non
1498 1583 1721 1628 permittatur,
1743 1583 1800 1617 sed
1829 1583 1860 1616 in
1893 1583 2001 1627 aliquo

1258 1638 1440 1681 collegiato‚
1457 1637 1512 1671 ubi
1526 1636 1695 1681 disciplina
1710 1635 1866 1679 regularis
1884 1636 1998 1679 vigeat,

1258 1691 1392 1725 omnino
1410 1690 1597 1731 collocetur,
1619 1701 1723 1734 neque
1741 1690 1830 1734 prior
1847 1695 1903 1723 aut
1915 1689 2002 1734 quis-

1259 1756 1355 1790 quam
1385 1745 1528 1779 eiusdem
1559 1743 1698 1777 familiae
1724 1744 1823 1777 frater
1848 1743 1950 1788 possit
1970 1743 2001 1777 in

1259 1805 1419 1834 conventu
1443 1809 1507 1832 non
1539 1798 1720 1841 collegiato‚
1755 1797 1816 1831 nisi
1847 1803 1919 1842 post
1948 1808 2001 1831 sex

1259 1863 1371 1893 annos,
1392 1851 1556 1885 collocari.
1581 1850 1788 1884 Provincialis
1810 1855 1930 1891 autem,
1947 1849 2001 1894 qui

1261 1905 1486 1940 huiusilecreti
1500 1904 1690 1938 temerarius
1705 1903 1843 1937 extiterit
1853 1903 1998 1945 violator,

1260 1971 1317 2005 per
1337 1969 1457 1993 annum
1480 1958 1519 1991 ab
1540 1958 1647 1991 officio
1672 1969 1730 1991 suo
1755 1957 1879 1991 noverit
1898 1968 1931 1991 se
1951 1968 2002 1991 su-

1260 2024 1424 2058 spensum,
1449 2023 1546 2056 quam
1567 2012 1661 2045 ctiam
1677 2022 1814 2056 poenam
1829 2011 1919 2056 prior
1935 2011 2002 2055 ipse

1260 2066 1429 2111 generalis,
1449 2065 1474 2098 si
1490 2070 1602 2098 contra
1623 2065 1745 2105 fecerit,
1769 2064 1902 2098 omnino
1922 2065 1998 2098 luat.

1304 2123 1320 2163 g
1341 2120 1393 2154 «33.
1418 2120 1545 2154 Fratres
1565 2119 1604 2152 ab
1626 2130 1664 2153 eo
1689 2124 1860 2160 conventu,
1885 2119 1916 2152 in
1937 2128 2001 2163 quo

1259 2175 1391 2216 degunt,
1414 2174 1454 2207 ad
1475 2173 1572 2206 alium
1596 2173 1716 2217 absque
1738 2172 1855 2216 prioris
1875 2172 2002 2206 licentia

1261 2229 1290 2261 iu
1311 2227 1438 2271 scriptis
1463 2237 1535 2260 cum
1567 2226 1704 2259 termino
1729 2226 1769 2259 ad
1801 2226 2001 2260 redeundum

1259 2283 1413 2327 praefixo,
1437 2281 1496 2315 sul»
1525 2292 1629 2325 poena
1649 2280 1788 2314 carceris
1817 2290 1880 2313 nou
1910 2285 1999 2313 tran-

1258 2341 1358 2375 scant,
1382 2345 1486 2379 poena
1505 2333 1724 2378 suspensionis
1750 2333 1790 2366 ab
1811 2333 1916 2366 officio
1945 2343 2003 2377 per

1260 2400 1401 2422 incusem
1424 2388 1536 2432 priori,
1557 2387 1611 2431 qui
1633 2387 1818 2420 huiusmodi
1837 2386 2001 2420 licentiam

1259 2454 1322 2475 nou
1344 2441 1559 2486 perquisierit,
1584 2447 1611 2473 vt
1634 2440 1758 2481 legerit,
1782 2446 1838 2474 aut
1861 2440 2001 2484 aliquem

1259 2496 1326 2529 sine
1350 2496 1413 2534 illa,
1438 2501 1468 2527 vt
1488 2494 1647 2527 breviario
1667 2499 1722 2526 aut
1743 2504 1873 2533 corona,
1897 2493 1921 2525 si
1943 2493 2000 2526 lai-

1259 2560 1314 2581 ‹·us
1333 2548 1438 2587 suerit,
1454 2547 1622 2591 receperit,
1647 2546 1822 2590 proposita.

1305 2603 1321 2643 5
1342 2601 1393 2634 tta.
1420 2601 1510 2634 l¹rior
1537 2611 1599 2633 uon
1631 2600 1727 2633 modo
1750 2599 1919 2639 tabellam,
1943 2599 2000 2632 dc-

1242 2662 1349 2692 .-·r‹·tu
1381 2654 1558 2697 apostolico
1591 2653 1840 2696 prm-seripuuu,
1875 2652 1903 2684 iu
1937 2662 1999 2695 qua

2048 2122 2146 2145 Tmnsuu
2161 2121 2202 2144 sra-

2018 2152 2070 2171 trum
2079 2150 2105 2171 ilo
2111 2154 2202 2171 convon-

2017 2179 2039 2198 tu
2063 2177 2090 2198 ml
2111 2181 2202 2197 coni-en-

2018 2206 2068 2225 tritu.

2039 2603 2130 2623 Sitnnuo
2145 2604 2166 2624 ol
2180 2607 2201 2623 Ι·

2017 2629 2056 2650 liu.
