2253 3195
243 237 295 264 An.
311 237 340 264 c.
363 237 431 265 ¹597
477 227 541 261 362

269 297 327 320 Quae
342 296 376 316 inc
391 296 429 316 an-
445 292 613 320 centorum
635 291 666 318 et
684 283 827 327 quinque
847 283 985 316 millium
1006 283 1185 327 morapeti-

243 329 285 349 quo
307 323 370 343 modo
392 328 429 343 nu-

242 353 356 371 mei-antur.

445 349 561 372 norum
577 337 736 371 deservire
756 342 787 369 et
806 336 949 369 converti
970 336 1109 369 debeant
1127 346 1188 380 pro

444 393 518 425 dote
539 391 670 424 alterius
689 390 734 433 pii
754 389 871 433 operis,
888 389 976 433 quod
994 389 1026 421 in
1047 389 1186 433 quadam

443 445 602 488 scriptura
620 454 679 487 per
698 442 818 476 dictum
836 442 1043 475 Laurentium
1064 442 1188 485 episco-

442 508 520 541 pum
546 498 628 529 facta
657 502 688 529 et
716 496 896 539 subscripta
921 496 953 529 in
979 496 1082 529 forma
1106 496 1187 528 iuri-

443 551 513 583 dica
533 555 565 583 et
584 550 769 582 authentica
789 550 972 582 ordinatum
998 555 1028 582 et
1049 549 1187 592 disposi-

442 608 511 636 tum
532 603 603 641 erit,
627 603 675 635 vel
696 602 729 635 in
750 603 891 635 favorem
910 608 940 635 et
960 603 1068 635 dotem
1092 601 1188 644 virgi-

442 666 520 689 num
550 656 790 699 orphanarum,
819 666 876 689 seu
909 656 1183 699 capellaniarum,

442 720 498 742 seu
515 709 653 742 aliorum
667 708 796 752 piorum
808 719 944 752 operum
962 709 995 741 in
1013 709 1097 742 dicta
1110 709 1188 742 seri-

441 768 536 805 ptura
557 772 793 805 expressorum,
817 763 865 795 vel
887 762 1184 806 exprimendorum,

443 820 472 847 et
493 825 567 847 cum
592 814 833 848 conditionibus
859 815 979 856 ibidem
1011 814 1185 859 expressi53

442 878 569 901 necnon
585 895 592 907 ,
615 867 702 911 quod
723 868 838 901 suturis
857 868 1058 912 temporibus
1080 863 1184 911 'expe-

443 921 513 955 dire
532 922 673 965 poterit,
694 927 729 955 ut
746 922 868 965 aliquid
888 921 962 955 addi
983 922 1032 955 vel
1060 921 1184 961 minui,

1028 235 1211 260 BULLARIUM
1227 234 1380 259 Romnum

1221 289 1367 326 tempore
1378 283 1454 315 anni
1467 283 1582 316 melius
1594 283 1695 327 possit
1706 284 1849 327 recipere
1863 284 1964 329 dictas

1222 336 1363 369 rationes
1383 342 1414 369 et
1434 342 1596 380 computa,
1620 341 1652 370 et
1664 336 1740 370 dicti
1760 337 1874 371 fratres
1897 338 1965 381 ple-

1221 389 1294 422 nius
1312 390 1437 433 possint
1460 389 1542 423 scire
1566 390 1618 430 id,
1641 390 1728 434 quod
1759 391 1845 434 apud
1864 391 1962 433 Alge-

1221 442 1317 483 rium,
1334 453 1391 476 seu
1409 443 1506 476 alium
1529 442 1653 476 Africae
1672 443 1792 483 locum,
1815 449 1851 476 ut
1869 454 1964 487 prae-

1223 496 1344 536 fertur,
1376 497 1495 529 factum
1532 496 1627 529 fuerit
1655 496 1687 529 in
1717 496 1964 540 exequutionem

1222 549 1564 594 praedictorum,·tunc
1585 550 1738 584 decernat
1756 555 1788 583 et
1806 549 1966 592 significet

1223 602 1300 643 dies,
1325 602 1357 635 in
1378 603 1505 646 quibus,
1530 603 1674 647 quolibet
1695 612 1791 643 anno,
1814 602 1883 635 sine
1911 602 1967 636 de-

1222 656 1305 689 fectu
1323 656 1457 700 recipiat
1481 657 1566 690 dicta
1585 662 1749 701 computa3
1773 657 1860 700 quod
1880 656 1906 690 si
1926 656 1966 688 il-

1223 709 1260 742 tis
1292 709 1405 742 diebus
1436 715 1585 743 occurrat
1618 710 1750 753 aliquod
1785 710 1965 754 praecisum

1223 762 1508 806 impedimentum,
1538 763 1671 807 recipiat
1701 763 1785 797 dieta
1815 769 1967 808 computa

1223 820 1254 848 et
1273 816 1414 849 rationes
1435 816 1549 849 diebus
1568 816 1713 860 proxime
1733 817 1941 860 sequentibus
1955 844 1963 857 ,

1223 874 1253 902 et
1272 879 1338 902 non
1358 869 1532 912 impeditis,
1557 869 1601 902 ita
1621 869 1710 913 quod
1733 870 1841 902 nullus
1865 880 1968 903 annus

1223 922 1347 964 integer
1373 928 1536 964 transeat,
1567 923 1644 967 quin
1675 923 1707 955 in
1733 933 1771 956 eo
1802 922 1968 966 praedicta

1979 235 2027 262 Λη.
2043 234 2072 263 C.
2094 235 2160 264 ¹597
2201 278 2207 285 .

443 980 498 1008 aut
517 975 620 1017 magis
643 975 896 1019 particularizari
921 975 1037 1008 debeat
1057 975 1089 1007 in
1108 985 1185 1018 per-

444 1027 618 1061 tinentibus
643 1028 683 1061 ad
711 1028 897 1061 firmitatem
922 1033 953 1061 et
982 1027 1187 1061 stabilitatem

444 1080 539 1113 huius
557 1080 602 1124 pii
623 1081 740 1124 operis,
768 1081 815 1114 vel
840 1082 881 1114 ad
900 1080 1117 1124 pinguiorem,
1134 1086 1188 1113 aut

444 1133 701 1167 commodiorem
718 1134 964 1167 subventionem
985 1139 1016 1167 et
1033 1134 1188 1167 auxilium

1223 982 1375 1019 computa
1395 982 1426 1009 et
1450 976 1591 1010 rationes
1612 976 1810 1020 recipiantur
1829 981 1860 1010 et
1879 976 1965 1009 revi-
2007 985 2067 1022 ⁴crgip
2077 983 2166 1023 acapnu-

1223 1029 1371 1062 deantur.
1394 1029 1572 1070 Postremo‚
1595 1030 1683 1073 quod
1704 1029 1807 1062 dictus
1827 1029 1968 1062 Lauren·
1982 1012 2166 1077 ἓξζῧἯί-ιῒῖιρέῗὲξ

1224 1081 1285 1114 tius
1306 1082 1478 1125 episcopus
1499 1082 1640 1115 declarat
1660 1082 1766 1115 facere
1777 1082 1894 1115 dictam
1908 1081 1967 1115 do-
1981 1067 2167 1138 ιείῐῖἇὲἷιῖἕιῖἶὲῗῗέἓ

1223 1135 1387 1168 nationem
1405 1141 1436 1168 et
1455 1135 1653 1169 dotationem
1672 1135 1748 1169 dicti
1766 1135 1876 1169 Ordini
1889 1135 1967 1168 San-
1981 1121 2165 1168 30¹¹}iaiui'ans3m.

444 1187 604 1220 dictorum
625 1187 836 1231 captivorum,
861 1193 890 1221 et
911 1189 951 1221 ad
971 1188 1119 1231 superius
1139 1187 1188 1220 di-

444 1241 576 1284 sposita,
599 1241 679 1274 citra
696 1246 804 1274 tamen
824 1241 1022 1274 substantiae
1042 1241 1190 1274 donatio-

445 1293 511 1333 nis,
533 1299 563 1327 et
577 1294 750 1327 dotationis
770 1294 955 1328 huiusmodi
977 1295 1188 1328 mutationem

447 1347 494 1379 vel
516 1347 758 1387 alterationem;
781 1348 882 1381 voluit
901 1348 987 1381 idem
1001 1348 1190 1381 Laurentius

445 1400 625 1443 episeopus,
641 1401 728 1444 quod
749 1401 827 1433 illud
848 1402 934 1445 quod
955 1401 1032 1445 ipse,
1048 1401 1116 1434 eius
1127 1401 1189 1434 vita

447 1453 604 1493 durante,
628 1459 659 1487 et
679 1453 764 1486 dicta
792 1454 923 1496 religio,
947 1464 1095 1494 necnon,
1118 1460 1191 1498 post

445 1506 514 1539 eius
534 1506 670 1546 obitum,
694 1507 798 1540 dietus
823 1507 1065 1541 administrator
1084 1513 1115 1540 et
1134 1517 1187 1540 re-

445 1559 522 1599 ligio
556 1560 722 1603 praedicta
751 1560 963 1593 iudicaverint
995 1567 1120 1594 mutare
1151 1561 1190 1594 de

445 1612 541 1645 rebus
560 1613 592 1645 in
613 1613 836 1656 praesentibus
855 1614 1025 1654 contentis,
1046 1614 1126 1647 citra
1146 1619 1190 1647 ta-

447 1677 519 1699 men
533 1666 732 1699 substantiae
744 1667 929 1700 huiusmodi
950 1667 994 1711 pii
1015 1668 1121 1711 operis
1135 1668 1191 1701 do-

447 1719 575 1752 tationis
602 1725 633 1752 et
659 1719 855 1753 fundationis
875 1720 974 1753 saetae
996 1720 1026 1752 in
1048 1721 1189 1755 savorem

448 1772 552 1805 dietae
581 1773 764 1815 religionis,
789 1774 1000 1807 mutationem
1022 1780 1052 1807 et
1077 1775 1191 1808 altera-

447 1825 590 1865 tionem,
624 1826 695 1858 talis
727 1827 861 1859 mutatio
897 1827 1010 1860 subeat
1043 1828 1189 1864 eamdem

449 1878 522 1918 vim,
547 1879 688 1912 valorem
715 1885 745 1912 et
765 1879 963 1919 firmitatem,
987 1891 1066 1924 quas
1086 1880 1188 1913 halie-

447 1937 495 1964 ret
525 1931 549 1964 si
576 1932 800 1975 praesentibus
829 1938 908 1965 esset
940 1933 1076 1971 inserta,
1099 1944 1134 1966 ac
1155 1944 1191 1967 ex

448 1995 544 2023 nunc,
566 1990 662 2028 prout
682 1996 718 2017 ex
737 1991 822 2025 tunc,
846 1991 875 2018 et
896 1996 912 2018 c
933 1991 1044 2018 contra
1065 1997 1124 2029 pro
1146 1986 1192 2018 in-

447 2042 532 2069 serta
562 2037 691 2076 babuit,
726 2043 753 2070 et
783 2037 809 2069 ci
848 2038 935 2070 dedit
965 2048 1061 2070 omne
1093 2039 1192 2071 robur

449 2091 535 2133 quod
558 2091 596 2124 de
618 2090 686 2123 iure
708 2091 824 2134 potuit,
848 2097 877 2124 et
899 2091 999 2124 voluit
1015 2092 1101 2135 quod
1116 2091 1193 2125 seri-

449 2148 564 2186 ptnrae
585 2155 642 2187 per
663 2144 766 2187 ipsum
788 2150 819 2177 et
839 2144 956 2177 dietam
984 2144 1189 2187 religionem,

449 2203 521 2240 post
541 2197 609 2229 eins
629 2197 724 2229 vitam
744 2197 908 2230 faciendae
926 2203 955 2230 et
969 2198 1107 2242 desuper
1118 2209 1194 2231 eon-

451 2250 618 2289 licit-ntiae,
641 2250 701 2282 sint
724 2256 755 2283 et
775 2250 997 2283 custodiantur
1017 2250 1048 2283 in
1069 2251 1195 2294 praedi-

451 2309 500 2335 eta
521 2314 615 2346 capsa
636 2314 690 2336 sen
713 2303 803 2336 tbeea
826 2303 920 2335 simul
943 2315 1015 2336 eum
1042 2315 1194 2346 praesen-

453 2355 535 2387 tibus
558 2356 669 2388 litteris
689 2367 725 2388 ae
746 2355 914 2399 privilegio
935 2356 1034 2396 reggio,
1058 2363 1085 2389 et
1108 2357 1195 2389 ordi-

453 2408 637 2440 nationibus
657 2414 688 2441 et
706 2408 864 2441 mandatis
882 2420 939 2452 per
952 2408 1072 2441 dietum
1093 2409 1195 2442 admi-

453 2460 656 2493 nistratorem
682 2467 826 2505 tempore
849 2461 1040 2505 receptionis
1061 2472 1195 2505 compu-

454 2519 558 2545 torum
582 2514 611 2546 in
638 2514 884 2558 exequutionem
908 2515 1002 2547 liuius
1027 2515 1068 2558 pii
1091 2514 1196 2558 operis

454 2572 484 2598 et
505 2567 534 2599 in
557 2568 724 2600 utilitatem
747 2569 944 2612 captivorum
973 2568 1135 2602 iaciendis.
1154 2569 1196 2601 Ac

455 2624 488 2653 ut
515 2619 617 2653 dietus
646 2621 888 2656 administrator
913 2622 1103 2655 informatus
1132 2631 1196 2665 quo

1224 1188 1382 1221 ctissimae
1398 1188 1561 1222 Trinitatis
1581 1188 1614 1221 in
1639 1189 1737 1222 domo
1759 1188 1835 1222 dicti
1856 1188 1967 1232 oppidi

1224 1241 1263 1274 de
1282 1241 1416 1282 Madrid,
1436 1241 1496 1274 hac
1516 1242 1641 1275 adiecta
1660 1241 1856 1282 conditione,
1880 1241 1968 1285 quod

1225 1300 1394 1328 teneantur
1410 1305 1443 1328 se
1463 1295 1624 1337 obligare,
1651 1304 1710 1338 per
1739 1294 1969 1337 obligationem

1225 1347 1264 1380 dc
1289 1347 1358 1380 iure
1382 1348 1538 1387 validam,
1562 1347 1740 1391 adimplere
1769 1347 1970 1381 conditiones

1225 1407 1255 1434 et
1282 1401 1392 1433 onmia
1421 1401 1453 1433 in
1481 1401 1640 1445 scriptura
1671 1401 1775 1434 dictae
1795 1400 1969 1434 dotationis

1225 1460 1375 1488 contenta
1406 1460 1437 1487 et
1461 1454 1629 1495 ordinata,
1653 1459 1684 1487 et
1709 1464 1774 1487 non
1803 1454 1903 1493 alias;
1939 1458 1970 1487 et

1225 1508 1312 1551 quod
1344 1507 1510 1552 praedicta
1533 1507 1708 1549 obligatio,
1737 1517 1834 1550 quam
1852 1506 1969 1549 religio

1225 1567 1256 1594 et
1275 1561 1391 1594 domus
1416 1560 1600 1594 huiusmodi
1622 1561 1727 1594 facere
1747 1560 1865 1593 debent
1884 1560 1970 1594 eirca

1225 1614 1479 1658 acceptationem
1501 1613 1684 1647 donationis
1703 1613 1902 1654 huiusmodi,
1928 1613 1969 1646 sit

1226 1668 1257 1701 in
1278 1668 1428 1702 omnibus
1455 1674 1483 1701 et
1505 1678 1564 1711 per
1589 1667 1699 1701 onmia
1718 1667 1854 1701 iuridica
1874 1673 1905 1701 et
1924 1668 1969 1701 le-

1225 1721 1316 1763 galis,
1334 1732 1406 1755 cum
1421 1721 1550 1754 licentia
1571 1731 1682 1754 eorum
1695 1721 1912 1765 superiorum,
1929 1720 1969 1754 ad

1225 1785 1258 1808 se
1278 1775 1486 1817 obligandum
1507 1774 1873 1818 adimplerepraedicta,
1886 1779 1915 1807 et
1929 1773 1969 1807 ad

1227 1828 1408 1861 faciendum
1434 1833 1587 1860 tractatus
1613 1833 1644 1860 et
1672 1827 1920 1868 conventiones,
1939 1833 1971 1861 et

1227 1881 1333 1913 iurare
1354 1881 1553 1924 praedictam
1578 1880 1821 1922 obligationem,
1845 1885 1875 1913 et
1895 1890 1968 1914 eum

1225 1933 1376 1967 omnibus
1396 1943 1414 1966 a
1434 1933 1503 1966 iure
1523 1933 1685 1976 requisitis
1709 1933 1750 1966 ad
1773 1932 1969 1966 validitatem

1226 1992 1256 2019 et
1277 1986 1461 2019 lii-mitatem
1481 1985 1686 2027 obligationis
1700 1985 1969 2019 monasteriorum

1227 2045 1253 2073 et
1285 2045 1512 2079 conventuum,
1536 2039 1689 2083 quodque
1709 2039 1824 2082 religio
1844 2044 1872 2072 et
1895 2049 1970 2072 con-

1227 2098 1338 2126 ventus
1359 2092 1544 2126 huiusmodi
1575 2103 1609 2126 se
1639 2092 1784 2135 obligant
1814 2103 1878 2126 non
1910 2093 1990 2126 mi-'

1228 2156 1328 2178 nuere
1349 2145 1379 2178 in
1402 2151 1467 2178 toto
1488 2155 1547 2178 nee
1567 2145 1598 2178 in
1627 2151 1717 2189 parte
1738 2145 1846 2188 aliqua
1869 2145 1972 2178 dictos

1229 2198 1372 2231 redditus
1387 2225 1394 2238 ‚
1417 2198 1473 2231 sed
1502 2198 1573 2231 illos
1600 2198 1742 2240 integros
1763 2202 1971 2231 n‘ianutencre

1228 2257 1258 2284 ct
1279 2261 1470 2284 conservare
1500 2261 1538 2284 eo
1566 2251 1664 2284 modo
1679 2278 1686 2291 ,
1709 2261 1774 2294 quo
1799 2250 1870 2284 illos
1890 2250 1971 2283 reci-

1229 2304 1329 2348 piunt,
1357 2305 1413 2337 sed
1439 2304 1509 2337 illos
1537 2305 1659 2348 possint
1683 2309 1867 2348 permutare
1897 2314 1970 2337 cum

1229 2357 1298 2389 aliis
1322 2357 1438 2390 annuis
1467 2357 1666 2397 redditibus,
1689 2357 1744 2400 qni
1775 2357 1910 2390 existant
1939 2356 1970 2389 in

1230 2409 1300 2443 loeo
1321 2409 1476 2443 viciniore
1496 2410 1581 2443 dieto
1611 2409 1731 2453 oppido
1756 2410 1795 2443 de
1821 2409 1967 2448 Madrito,

1229 2464 1407 2496 dummodo
1425 2463 1569 2496 redditus
1589 2468 1620 2496 et
1639 2462 1700 2495 alia
1715 2463 1799 2495 bona
1815 2472 1888 2495 cum
1901 2461 1972 2505 qui—

1231 2516 1288 2548 bus
1303 2516 1370 2549 lieri
1385 2516 1552 2556 eontigerit
1567 2515 1751 2549 huiusmodi
1764 2514 1967 2560 permutatim

1229 2569 1292 2601 sint
1310 2569 1340 2602 in
1363 2569 1550 2613 quantitate,
1573 2568 1727 2613 qualitate
1748 2574 1779 2602 et
1801 2566 1970 2602 securitate

1231 2621 1380 2655 meliores
1400 2627 1431 2655 ct
1451 2621 1606 2663 utiliores,
1623 2622 1670 2655 vel
1690 2621 1802 2655 saltem
1819 2619 1969 2664 aequiva-
