2253 3195
245 258 296 284 An.
313 258 341 284 c.
367 257 432 285 ιῡοι
484 247 543 282 199

489 307 557 349 gli.
578 306 647 339 Non
678 305 878 338 obstantibus
907 304 1007 338 felicis
1038 304 1188 338 recorda-

258 372 430 396 nmtuuocoae-
447 360 541 393 tionis
561 359 694 392 Honorii
715 359 753 392 Ill
774 364 804 392 et
821 357 992 392 Alexandri
1005 358 1042 392 IV
1060 364 1091 391 et
1111 357 1190 391 alio-

243 401 364 420 '‘³¹'⁰‘¹¹''¹'
446 424 516 446 rum
535 413 754 446 Romanorum
777 411 969 445 Pontificum
995 412 1187 455 praedeces-

444 476 552 499 sorum
580 471 784 505 nostrorum,
813 475 850 498 ac
882 465 952 498 aliis
983 464 1186 509 apostolicis,

444 530 501 552 nec
527 529 590 552 non
614 518 645 550 in
668 518 916 558 universalibus,
940 517 1190 562 provincialibus

444 578 473 605 et
491 572 697 617 synodalibus
713 572 857 606 conciliis
876 572 969 606 editis
986 572 1190 616 generalibus

444 626 489 658 ιρι
510 626 703 669 specialibus
723 626 1004 660 constitutionibus
1018 626 1189 659 etordina-

444 679 602 718 tionibus,
625 690 662 712 ac
681 679 806 712 statutis
831 685 861 713 et
882 679 1185 720 consuctudinibus,

443 731 538 765 etiam
559 731 761 771 iuramento,
785 731 1033 766 confirmatione
1052 738 1184 777 aposto-

443 785 503 818 lica
525 786 572 818 vel
605 785 715 829 quavis
735 785 887 819 firmitate
919 786 981 819 alia
1013 786 1184 827 roboratis,

443 838 642 882 caeterisque
659 839 829 873 contrariis
848 839 1118 884 quibuscumque.

486 892 600 925 Datum
616 892 736 925 Romae
749 893 836 936 apud
853 893 884 926 S.
901 893 1031 926 Petrum
1053 893 1112 926 sub
1133 904 1186 926 an-

443 945 520 978 nulo
527 944 706 984 piscatoris,
717 945 769 979 die
777 956 856 979 xxm
866 946 1046 980 decembris
1053 957 1184 989 nnxew,

443 997 648 1042 pontificatus
669 998 769 1031 nostri
790 1009 875 1033 anno
897 1009 944 1033 ιιι.

480 1060 538 1088 Dat.
555 1060 598 1088 die
614 1061 647 1089 23
663 1061 801 1089 decembr.
817 1062 895 1096 1591,
911 1062 1006 1098 pontif.
1019 1072 1063 1090 au.
1077 1070 1115 1090 ιιι.

787 1231 848 1265 Cll.

448 1339 658 1382 Confirmatio
676 1340 863 1373 concordiae
877 1340 962 1380 iuter
977 1341 1191 1385 archiepisco-

489 1413 569 1446 pum
589 1406 618 1435 et
644 1402 833 1446 Capitulum
862 1402 1011 1436 ecclesiae
1039 1403 1191 1437 Camera-

492 1464 595 1498 censis
619 1475 716 1508 super
741 1464 913 1497 collatione
939 1465 1192 1499 canonicatuum

467 1565 472 1570 .
492 1518 797 1570 et'praebemlarum
820 1526 963 1559 eiusdem
980 1527 1131 1560 ecclesiae
1151 1532 1172 1563 ¹.

657 1616 791 1644 Clemens
813 1617 890 1651 Papa
909 1617 993 1651 VIII,

577 1672 611 1697 ad
627 1674 803 1705 perpetuam
817 1670 862 1698 rei
877 1670 1059 1698 memoriam.

494 1751 594 1794 Exigit
614 1751 781 1796 pastoralis
802 1751 945 1785 muneris
960 1779 967 1791 ,
991 1751 1084 1786 nobis
1116 1751 1193 1785 divi-

450 1805 534 1839 nitus
555 1805 700 1845 iniuncti,
722 1805 878 1845 debitum,
902 1811 935 1838 ιιι
966 1805 1194 1839 conventiones

450 1858 532 1892 inter
563 1858 793 1892 ecclesiasticas
819 1869 994 1902 personas,
1019 1869 1078 1902 pro
1099 1869 1190 1892 com-

451 1911 538 1946 muni
552 1912 670 1956 quiete,
687 1912 793 1952 factas,
808 1917 843 1946 ut
862 1911 1007 1945 firmiora
1027 1911 1100 1951 sint,
1118 1922 1194 1956 apo-

449 1966 580 1999 stolicae
615 1965 871 1998 confirmationis
906 1965 1024 1999 robore
1058 1965 1195 1999 libenter

451 2019 648 2063 nuntiamus,
671 2024 764 2063 prout
798 2019 828 2051 in
860 2019 996 2052 Domino
1024 2019 1195 2052 salubriter

451 2073 666 2117 conspicimus
684 2073 844 2118 expedire.

495 2127 510 2169 ,ξ
531 2126 560 2160 ’1.
585 2127 693 2171 Nuper
718 2126 876 2171 siquidem
909 2125 1099 2159 venerabilis
1131 2126 1194 2158 sra-

253 2215 260 2226 Ι
283 2181 355 2227 'N'U'
369 2188 435 2225 [1¹:¹13
453 2179 507 2212 tris
529 2179 676 2213 [udovici
700 2179 932 2224 archiepiscopi
958 2178 1195 2212 Cameracensis

370 2241 437 2280 ;;·‚·,····‚
453 2238 482 2265 et
503 2233 691 2266 dilectorum
714 2232 854 2265 liliorum
877 2231 1061 2276 praepositi,
1083 2231 1195 2264 (lncani

254 2317 325 2333 -mun
347 2295 392 2339 :¹⁸¹3ss
411 2294 436 2334 ΔΙ]
453 2292 482 2319 et
494 2286 627 2330 Capituli
640 2286 792 2319 eeclesiae
803 2285 1040 2319 Cameracensis
1051 2284 1192 2323 nomine,

254 2342 435 2388 ,22:321251331'*
454 2341 546 2374 nobis
566 2340 744 2384 expositum
767 2339 844 2378 l'uit,
868 2339 954 2384 quod
977 2338 1098 2371 (ludum
1122 2338 1193 2370 l'cli-

455 2394 521 2427 licis
544 2392 774 2427 recordationis
798 2392 871 2426 Pius
892 2392 976 2436 Papa
998 2392 1032 2425 tv
1056 2391 1193 2436 praede-

453 2458 559 2479 cessor
576 2453 694 2486 noster,
707 2446 790 2479 inter
803 2445 875 2484 alia,
885 2457 967 2490 quac
980 2450 1049 2489 post
1064 2444 1197 2478 erectio-

455 2511 526 2533 nem
548 2500 739 2533 ratlutclralis
761 2506 834 2534 tum·
865 2499 1020 2533 ccclesiae
1049 2499 1196 2531 (latuera-

455 2553 556 2586 ccnsis
575 2554 604 2586 in
620 2553 900 2597 metropolitanam
920 2564 978 2597 per
992 2552 1062 2597 piac
1077 2563 1198 2585 memo-

455 2607 520 2640 riae
549 2607 681 2640 Paulum
711 2606 806 2640 ctiam
829 2607 946 2651 l‘apam
968 2606 1027 2646 lV,
1051 2605 1199 2639 similiter

448 2702 452 2706 ὁ
491 2670 500 2695 1
526 2668 559 2695 1⁴21
577 2669 681 2704 lteguunt.
704 2670 729 2696 in
745 2671 849 2697 Secrct.
868 2669 1002 2696 lli-evium.

277 1806 394 1828 mundium.

1031 257 1214 281 BULLARIUM
1231 256 1384 281 Romnum

1223 304 1504 348 praedecessorem
1513 309 1671 346 nostrum,
1680 305 1808 346 factam,
1817 305 1858 339 ad
1869 304 1969 349 ipsius

1224 356 1378 390 ecclesiae
1404 357 1554 391 decorem
1577 363 1608 391 et
1633 357 1881 402 amplitudinem
1910 369 1969 403 per

1225 411 1397 456 ipsummet
1427 412 1520 446 Pium
1551 413 1588 446 IV
1618 418 1734 446 statuta
1762 418 1794 446 et
1821 413 1970 446 ordinata

1225 466 1365 507 fuerunt,
1382 477 1531 510 expresse
1544 466 1730 499 decreverat
1751 471 1781 500 et
1801 471 1966 506 statuerat,

1224 520 1311 562 quod
1329 529 1365 552 ex
1386 519 1537 553 omnibus
1557 519 1798 553 canonicatibus
1819 524 1851 552 et
1870 530 1966 563 prae-

1224 572 1337 606 bendis
1356 572 1455 617 ipsius
1473 573 1627 607 ecelesiae
1652 573 1890 607 Cameracensis
1915 573 1970 606 de-

1224 636 1293 659 cem
1327 626 1534 660 canonicatus
1566 632 1596 660 et
1627 626 1831 670 praebendae
1847 653 1854 667 ,
1889 637 1970 670 quos

1223 679 1329 722 primo
1347 690 1459 713 vacare
1479 679 1668 723 contigeret,
1685 679 1926 724 archiepiscopo
1940 685 1972 713 et

1224 732 1372 776 Capitulo
1389 733 1611 768 Cameracensi
1625 733 1731 767 affecti
1748 739 1967 775 remanerent,

1222 788 1262 821 ad
1288 787 1341 828 id,
1363 793 1397 821 nt
1423 787 1491 832 ipse
1522 785 1783 831 archiepiscopus
1814 798 1913 821 unum
1940 793 1973 822 et

1223 851 1320 874 unam
1340 841 1446 885 primo
1466 846 1656 881 vacaturos,
1681 846 1845 885 tamquam
1874 852 1968 875 men-

1221 905 1276 928 sae
1295 905 1371 928 suae
1389 894 1656 939 archiepiscopali
1674 899 1831 939 perpetuo
1850 895 1967 935 unitos,

1223 947 1381 988 obtinere,
1406 959 1442 981 ex
1463 947 1597 991 reliquis
1618 957 1693 981 vero
1721 958 1837 981 novem
1872 958 1970 982 cano-

1223 1001 1383 1035 nicatibus
1410 1007 1441 1034 et
1471 1001 1667 1045 praebendis
1695 1000 1886 1045 praedictis,
1909 1007 1974 1036 tres

1225 1054 1325 1088 tribus
1346 1054 1506 1098 magistris
1526 1059 1581 1088 aut
1600 1054 1773 1088 licentiatis
1790 1054 1826 1088 in
1842 1055 1969 1089 theolo-

1985 256 2032 283 Λιι.
2047 255 2076 284 C.
2170 292 2175 296 ²

1223 1107 1285 1151 gia,
1314 1108 1416 1141 etalii
1439 1113 1501 1141 tres
1531 1107 1602 1141 aliis
1634 1107 1736 1141 tribus
1767 1108 1989 1142 decretorum·

1224 1161 1412 1196 doctoribus
1444 1166 1499 1194 aut
1526 1161 1719 1201 licentiatis3
1751 1161 1867 1206 reliqui
1897 1172 1972 1196 vero

1225 1220 1288 1248 tres
1313 1215 1416 1248 tribus
1445 1214 1609 1248 nobilibus
1640 1214 1783 1248 eiusdem
1817 1214 1974 1250 dioecesis

1225 1267 1321 1302 etiam
1341 1268 1372 1301 in
1393 1268 1463 1301 iure
1483 1266 1640 1302 canonico
1656 1268 1705 1301 vel
1720 1268 1893 1312 theologia,
1905 1268 1970 1302 sal-

1227 1327 1289 1356 tem
1311 1322 1350 1356 ad
1384 1321 1605 1355 licentiaturae
1630 1322 1767 1365 gradum
1796 1321 1828 1355 in
1854 1321 1970 1365 insigni

1226 1374 1333 1419 aliqua
1353 1375 1449 1409 studii
1470 1374 1628 1418 generalis
1647 1374 1854 1409 universitate
1868 1402 1876 1416 ,
1899 1385 1973 1409 cum

1226 1428 1371 1472 rigoroso
1392 1428 1539 1462 examine
1565 1427 1742 1472 promotis,
1765 1428 1878 1462 ordine
1899 1439 1969 1463 ser-

1226 1487 1320 1522 vato,
1344 1481 1377 1514 in
1406 1486 1598 1525 perpetuum
1632 1480 1665 1514 in
1696 1481 1809 1515 eadem
1838 1481 1974 1515 ecclesia

1222 1533 1360 1581 concedi
1386 1539 1416 1567 et
1447 1533 1602 1577 assignari
1624 1533 1792 1568 deberent.
1820 1534 1859 1567 Et
1878 1539 1913 1567 ut
1934 1534 1974 1568 de

1227 1588 1302 1622 viris
1319 1594 1480 1632 spectatae
1500 1588 1666 1622 doctrinae
1685 1594 1716 1622 et
1732 1588 1910 1633 probitatis,
1934 1589 1974 1622 ad

1228 1642 1484 1676 aedificationem
1518 1641 1672 1676 ecclesiae
1700 1641 1771 1683 Dei,
1793 1641 1976 1676 accuratius

1228 1697 1476 1740 prospiceretur,
1501 1695 1560 1739 ipsi
1580 1705 1695 1729 novem
1713 1695 1921 1729 canonicatus
1944 1700 1977 1728 et

1228 1749 1432 1794 praebendae
1445 1748 1489 1782 sic
1503 1748 1619 1789 affecti,
1635 1748 1742 1793 prima
1760 1748 1828 1782 vice
1849 1748 1889 1782 ad
1907 1748 1974 1790 col-

1229 1802 1380 1836 lationem
1401 1801 1500 1847 ipsius
1520 1801 1754 1846 archiepiscopi
1765 1801 1975 1836 Cameracen-

1229 1856 1270 1889 sis
1290 1856 1465 1896 dumtaxat,
1479 1855 1533 1899 qui
1555 1854 1626 1889 illos
1647 1854 1810 1898 graduatis
1827 1860 1858 1888 et
1878 1854 1973 1888 nobi-

1229 1909 1323 1950 libus,
1340 1909 1470 1942 alternis
1488 1908 1609 1941 vicibus
1622 1909 1791 1948 conferret,
1808 1914 1838 1942 et
1858 1908 1975 1944 deinde

1230 1963 1287 2007 ipsi
1307 1973 1420 1996 norem
1435 1962 1644 1995 canonicatus
1664 1967 1695 1995 et
1715 1961 1919 2005 praebendae
1929 1961 1974 1996 sic

1229 2016 1354 2053 allecti,
1382 2015 1508 2059 quoties
1541 2015 1634 2055 illos,
1667 2014 1831 2059 perpetuis
1861 2014 1977 2049 suturis

1231 2069 1441 2114 temporibus,
1458 2079 1571 2102 vacare
1592 2068 1804 2111 contingeret,
1826 2073 1862 2102 ut
1882 2077 1974 2113 prae-

1231 2124 1351 2163 fertur,
1381 2123 1420 2157 ad
1453 2123 1658 2156 collationem
1690 2121 1925 2169 archicpiscopi
1946 2125 1977 2156 et

1230 2177 1366 2211 aliorum
1389 2177 1620 2211 canonicorum
1635 2176 1867 2220 graduatorum
1881 2186 1973 2220 prae-

1231 2231 1390 2265 dictorum
1411 2230 1619 2274 superstitum
1642 2229 1850 2274 pertinerent,
1871 2234 1907 2262 ut
1931 2229 1976 2262 vi-

1231 2284 1344 2318 delicet
1372 2295 1430 2328 per
1449 2293 1504 2317 eos
1525 2283 1669 2327 personis
1689 2282 1733 2316 sic
1746 2309 1753 2322 ,
1777 2287 1811 2315 ut
1832 2282 1976 2326 praeser-

1233 2343 1294 2378 tur,
1317 2336 1508 2381 qualilicatis
1531 2337 1772 2376 conferrentur,
1796 2340 1893 2379 prout
1912 2340 1975 2368 tam

1233 2391 1262 2424 in
1285 2390 1389 2430 Pauli,
1417 2402 1513 2435 quam
1549 2390 1578 2423 in
1612 2389 1656 2423 Pii
1690 2390 1975 2434 praedecessorum

1233 2443 1480 2489 particularibus
1513 2442 1624 2477 litteris
1655 2442 1793 2487 tlcsupcr
1823 2441 1977 2476 consectis

1233 2497 1358 2542 plenius
1379 2496 1571 2531 continetur.

1278 2553 1292 2593 ,ξ
1310 2551 1340 2584 2.
1363 2552 1441 2584 Cum
1461 2555 1567 2584 autem
1586 2560 1622 2583 ex
1643 2560 1681 2582 co
1702 2549 1788 2593 quod
1811 2548 1841 2581 in
1863 2548 1975 2582 eadem

1234 2605 1367 2638 ecclesia
1388 2609 1480 2637 crant
1503 2602 1716 2648 quadraginta
1741 2607 1814 2636 octo
1838 2600 1973 2636 canoni·

1216 2686 1218 2699 ι
1235 2664 1322 2692 ratus
1336 2664 1363 2691 ot
1381 2658 1511 2691 totidem
1528 2656 1978 2702 praclwndao,quorumqua-

2013 2551 2063 2574 νΙιιι
2071 2549 2088 2573 v
2095 2546 2098 2549 “
2104 2531 2105 2535 ¹

1990 2580 2070 2628 :lt.²'¹¹⁸
2084 2587 2085 2595 ¹
