2253 3195
58 217 107 246 An.
123 217 151 244 C.
176 216 242 244 1595

44 1016 47 1018 “
83 1012 200 1034 Ctausulae.

95 1490 178 1512 lubibet
193 1491 239 1517 qui-

56 1518 187 1543 buscumque
209 1517 239 1537 iu-

55 1544 145 1567 dictbus,
159 1544 239 1570 quomi-

55 1576 94 1592 nus
121 1570 142 1591 in
167 1571 239 1591 huius-

55 1597 112 1618 modi
127 1598 198 1618 causis
216 1603 238 1619 se

55 1624 159 1651 ingerant,

874 216 1021 241 CLEMENS
1039 217 1098 241 VIII
1114 217 1164 241 ΡΡ.

255 265 494 309 praedictarum
523 270 705 298 nostrarum
739 265 919 298 litterarum
944 270 994 297 te-

255 328 379 358 norem,
408 328 519 351 causas
534 329 755 362 quascumque
768 319 892 351 ratione
913 328 997 350 mer-

255 371 340 404 cium
361 371 559 408 huiusmodi,
585 377 648 403 tam
669 382 752 414 quae
773 371 813 404 ad
833 381 992 412 grossum,

254 434 351 468 quam
372 434 454 468 quae
474 425 513 457 ad
535 424 693 456 minutum
717 424 907 463 venduntur,
932 423 995 466 pri-

234 490 241 498 ··
255 477 354 510 vative
372 478 479 520 quoad
497 477 575 509 alios
589 486 811 520 quoscumque
831 476 952 509 iudices
965 482 996 509 et
1012 486 1014 518 j

255 530 438 570 tribunalia,
456 530 551 563 etiam
566 529 715 573 episcopi
728 534 759 562 et
771 530 996 571 gubernatoris
1012 527 1014 566 ξ

254 583 498 628 praedictorum
515 610 522 623 ‚
566 593 603 615 ac
637 582 862 624 gubernatoris
899 582 995 615 etiam

254 637 440 681 provinciae
455 642 583 669 nostrae
595 636 754 669 Marchiae
763 636 992 674 Anconitanae‚

255 701 292 724 ac
312 690 482 724 tribunalis
502 691 601 723 Rotae
615 690 849 729 Maceratensis,
871 700 994 723 necnon

255 744 350 778 etiam
371 744 478 788 quoad
498 744 597 777 Rotae
626 744 788 777 auditores
803 771 810 781 ,
844 754 903 777 nec
931 754 995 776 non

254 798 284 832 S.
319 798 354 831 R.
377 798 410 830 E.
446 797 662 830 camerarium
689 808 725 830 ac
759 797 994 830 thesaurarium

254 851 450 893 generalem,
466 856 496 883 et
508 850 674 884 Camerain
693 850 923 894 Apostolicam,
941 850 995 882 de-

255 904 362 937 cidere
382 909 414 937 et
442 904 618 937 terminare
638 914 731 947 posse
751 909 782 936 et
802 904 930 936 debere.

299 957 314 1000 g
333 957 371 989 [ts
388 957 505 1001 Sicque
525 967 583 1000 per
596 956 778 1000 praedictos
798 961 828 988 ct
848 956 928 988 alios
948 955 995 988 iu-

255 1009 341 1042 dices
361 1009 543 1042 ordinarios
563 1015 593 1042 et
613 1009 787 1051 delegatos,
811 1009 922 1052 quavis
939 1019 995 1041 au-

255 1062 401 1095 ctoritate
421 1062 599 1104 fungentes,
623 1062 748 1095 sublata
767 1061 812 1094 eis
829 1067 859 1094 et
880 1072 992 1094 eorum

254 1115 387 1148 cuilibet
409 1115 519 1158 quavis
544 1114 636 1148 aliter
657 1114 821 1148 iudicandi
842 1120 871 1150 et
890 1115 990 1147 inter-

254 1168 401 1212 pretandi
420 1168 570 1201 facultate
591 1173 622 1201 et
641 1168 841 1207 auctoritate,
858 1168 993 1200 iudicari

255 1227 286 1254 et
305 1220 433 1254 definiri
461 1221 579 1254 debere
595 1248 602 1261 ,
625 1231 661 1254 ac
691 1221 815 1254 irritum
843 1227 875 1254 et
900 1221 993 1254 inane

254 1275 412 1319 quidquid
443 1285 534 1308 secus
562 1286 658 1319 super
682 1275 732 1308 his
762 1286 780 1307 a
804 1285 968 1318 quoquam
984 1302 991 1313 ,

253 1329 364 1373 quavis
377 1328 579 1369 auctoritate,
602 1328 740 1362 scienter
765 1329 813 1362 vel
837 1328 991 1371 ignoran-

255 1389 312 1423 ter,
336 1382 507 1424 contigerit
527 1382 686 1416 attentari.

299 1438 316 1479 S
346 1435 376 1469 5.
411 1435 595 1469 Inhibentes
627 1435 838 1468 nihilominus
874 1435 993 1468 eisdem

254 1489 413 1533 episcopis
433 1496 464 1522 et
483 1489 754 1532 gubernatoribus
778 1495 809 1522 et
832 1489 991 1522 auditori-

253 1542 325 1582 bus,
349 1542 545 1581 camerario,
573 1542 775 1575 thesaurario
796 1547 827 1575 et
845 1542 995 1575 Gamerae

254 1596 456 1639 Apostolicae
494 1596 752 1639 praesidentibus
784 1602 814 1628 et
843 1595 967 1628 clericis
985 1623 991 1635 ,

254 1649 388 1693 aliisque
408 1649 567 1682 iudicibus
589 1649 847 1693 quibuscumque
867 1649 926 1682 sub
947 1649 995 1682 in-

254 1702 449 1745 dignationis
474 1708 612 1742 nostrae‚
635 1713 672 1735 ac
689 1703 748 1736 sub
769 1703 993 1736 excommuni-

255 1756 390 1789 cationis
400 1757 483 1789 latae
495 1756 673 1789 sententiae
693 1767 731 1790 eo
746 1756 814 1800 ipso
829 1756 996 1790 incurren-

255 1810 326 1851 dae,
341 1821 377 1843 ac
388 1809 458 1843 aliis
478 1809 613 1843 arbitrio
625 1815 735 1843 nostro
756 1810 880 1853 poenis,
897 1821 937 1843 ne
957 1811 995 1843 de

254 1868 382 1896 caetero
395 1863 426 1895 in
446 1862 632 1896 huiusmodi
644 1863 747 1896 causis
763 1874 796 1896 se
816 1874 849 1896 se
863 1873 995 1907 quoquo

254 1916 352 1949 modo
372 1915 597 1956 intromittere,
620 1926 699 1949 neve
716 1916 925 1950 inhibitiones
942 1923 996 1950 aut

254 1968 516 2011 significationes,
527 1970 575 2002 vel
586 1979 652 2002 non
663 1973 818 2013 qravetur
827 1980 924 2013 super
937 1970 995 2002 hu-

255 2021 393 2055 iusmodi
401 2022 504 2055 causis
516 2023 704 2062 concedere,
715 2023 761 2055 vel
769 2022 846 2056 alias
860 2033 995 2066 quomo-

255 2076 438 2118 documque
456 2075 611 2108 iudicium
627 2081 658 2109 et
670 2076 925 2109 iurisdietionem
946 2076 994 2109 di-

255 2134 381 2161 ctorum
407 2129 576 2161 consulum
594 2128 752 2172 impedire
764 2129 813 2162 vel
831 2129 995 2162 retardare

254 2183 458 2216 audeantseu
467 2187 686 2227 praesumant;
702 2188 732 2215 et
743 2182 887 2215 sicontra
900 2193 994 2226 prae-

256 2235 352 2269 missa
371 2235 479 2278 aliquo
506 2235 603 2268 modo
624 2246 682 2279 per
702 2245 756 2268 eos
776 2235 846 2268 fieri
863 2236 991 2269 contin-

255 2294 319 2331 gat,
346 2289 474 2322 irritum
496 2294 527 2322 et
550 2288 656 2329 inane,
680 2299 717 2322 ac
736 2289 855 2322 nullius
869 2290 995 2323 roboris

255 2342 305 2375 vel
329 2342 484 2375 momenti
510 2343 578 2375 fore
598 2342 710 2375 sciant.

1032 264 1240 297 tribunalium
1258 263 1444 297 huiusmodi
1465 262 1625 297 concessis
1645 267 1676 295 et
1689 272 1768 295 con-

1031 318 1182 351 cedendis
1204 317 1337 350 minime
1367 317 1505 357 attentis,
1538 327 1597 349 nec
1618 315 1772 348 obstanti-

1031 372 1100 411 bus,
1131 378 1159 405 et
1187 372 1307 415 absque
1334 371 1464 404 incursu
1503 380 1712 404 censurarum
1742 375 1772 402 et

1030 435 1208 468 poenarum
1230 425 1260 457 in
1283 425 1328 457 eis
1348 424 1569 468 appositarum
1594 423 1771 467 procedere

1031 483 1059 510 et
1082 478 1264 517 terminare,
1286 483 1385 521 utque
1400 487 1621 520 quoscumque
1643 482 1705 509 tarn
1720 486 1772 508 ac-

1032 536 1116 564 tores
1137 541 1233 574 quam
1255 541 1327 563 reos
1347 531 1387 563 ad
1405 530 1484 563 alios
1504 530 1637 569 iudices,
1654 530 1702 562 vel
1716 528 1771 561 tri-

1030 584 1160 616 bunalia
1190 584 1371 627 praedictos
1400 588 1604 616 recurrentes
1634 593 1692 626 per
1717 593 1772 625 pe-

1030 637 1190 670 cuniarias
1211 648 1246 670 ac
1273 637 1350 669 ‘ilias
1376 647 1487 670 eorum
1511 636 1644 668 arbitrio
1666 635 1770 679 impo-

1031 691 1151 723 nendas
1172 696 1202 724 et
1231 691 1438 734 applicandas
1458 700 1578 734 poenas
1599 689 1638 721 ad
1657 699 1770 722 eorum

1013 744 1184 777 'iudicium
1211 744 1340 777 trabere
1360 744 1497 783 valeant,
1520 742 1728 776 concedimus
1741 748 1771 776 et

1030 797 1244 839 indulgemus.

1075 852 1091 892 ξ
1114 850 1142 883 7.
1167 851 1237 884 Non
1262 842 1464 884 obstantibus
1488 848 1771 883 constitutionibus

1030 910 1058 937 et
1084 904 1342 937 ordinationibus
1373 903 1577 948 apostolicis,
1606 914 1643 935 ac
1666 902 1770 935 dictae

1030 957 1164 990 civitatis
1184 957 1463 998 Anconitanensis,
1480 957 1575 990 etiam
1590 956 1770 988 iuramento

1029 1010 1275 1044 confirmatione
1295 1010 1482 1054 apostolica,
1510 1010 1557 1042 vel
1576 1008 1686 1052 quavis
1710 1008 1768 1040 fir-

1030 1062 1139 1096 mitate
1160 1063 1221 1096 alia
1242 1063 1413 1103 roboratis,
1442 1062 1566 1096 statutis
1587 1067 1618 1095 et
1638 1072 1772 1094 consue-

1030 1117 1206 1156 tudinibus,
1230 1117 1404 1161 privilegiis
1425 1127 1565 1160 quoque,
1589 1115 1722 1149 indultis
1742 1121 1772 1148 et

1029 1170 1142 1203 litteris
1179 1170 1363 1214 apostolicis
1383 1170 1443 1214 ipsi
1473 1169 1603 1209 civitati,
1639 1169 1772 1212 eiusque

1030 1223 1151 1257 civibus
1162 1229 1193 1257 et
1210 1223 1323 1256 incoIIs
1344 1223 1375 1255 in
1396 1222 1594 1256 contrarium
1613 1222 1771 1265 praeniis-

1029 1288 1138 1311 sorum
1159 1278 1468 1321 quomodocumque
1492 1276 1662 1315 concessis,
1696 1286 1773 1308 con-

1030 1331 1166 1364 firmatis
1187 1337 1217 1364 et
1241 1331 1439 1375 approbatis.
1470 1330 1592 1370 Quibus
1620 1328 1772 1362 omnibus

1030 1391 1059 1418 et
1073 1385 1220 1428 singulis,
1237 1385 1362 1418 etiamsi
1377 1395 1435 1429 pro
1449 1385 1578 1417 illorum
1600 1382 1771 1416 sufficienti

1030 1439 1241 1481 derogatione
1268 1439 1307 1472 de
1337 1439 1399 1472 illis
1423 1448 1604 1482 eorumque
1628 1437 1703 1470 totis
1729 1442 1773 1470 te-

1030 1493 1163 1526 noribus
1180 1493 1337 1536 specialis,
1357 1492 1508 1536 specifica
1519 1497 1547 1524 et
1562 1491 1602 1524 ad
1622 1491 1769 1530 verbum,

1030 1556 1094 1578 non
1116 1551 1222 1579 autem
1243 1556 1300 1589 per
1321 1546 1479 1579 clausulas
1499 1544 1666 1587 generales
1686 1543 1772 1576 idem

1031 1599 1242 1643 importantes
1261 1598 1393 1638 mentio,
1408 1609 1465 1631 seu
1485 1597 1617 1641 quaevis
1637 1596 1699 1629 alia
1720 1606 1773 1628 ex-

1030 1653 1152 1696 pressio
1173 1653 1332 1691 habenda,
1349 1652 1398 1685 vel
1417 1651 1525 1694 aliqua
1538 1650 1601 1683 alia
1617 1649 1772 1693 exquisita

1031 1707 1135 1739 forma
1155 1706 1270 1739 adhoc
1286 1705 1442 1739 servanda
1455 1705 1547 1743 soret,
1572 1709 1700 1736 tenores
1714 1703 1773 1736 hu-

1031 1760 1182 1800 iusmodi,
1206 1770 1243 1792 ac
1267 1759 1292 1792 si
1324 1759 1364 1792 ad
1384 1758 1518 1791 verbum
1540 1757 1769 1796 insererentur,

1031 1813 1252 1857 praesentibus
1263 1823 1322 1856 pro
1342 1811 1538 1845 sufficienter
1550 1808 1705 1853 expressis
1717 1809 1773 1842 ba-

1030 1868 1152 1907 bentes,
1176 1867 1236 1900 bac
1256 1867 1324 1900 vice
1350 1867 1516 1900 dumtaxat
1539 1864 1721 1908 specialiter
1741 1869 1773 1896 et

1030 1932 1177 1965 expresse
1198 1922 1412 1963 derogamus,
1451 1930 1488 1952 ac
1511 1918 1662 1951 omnibus
1694 1916 1768 1956 illis,

1030 1986 1113 2019 quae
1134 1975 1165 2008 in
1185 1974 1359 2019 praedictis
1388 1973 1502 2007 litteris
1521 1971 1682 2004 voluimus
1706 1980 1771 2003 non

1029 2029 1177 2070 obstare,
1206 2028 1405 2071 caeterisque
1433 2025 1604 2060 contrariis
1632 2024 1768 2068 quihus-

1029 2092 1179 2126 cumque.

1072 2136 1186 2169 Datum
1207 2136 1328 2169 Romae
1349 2134 1434 2178 apud
1451 2133 1481 2167 S.
1498 2133 1627 2165 Petrum
1644 2131 1703 2164 sub
1716 2141 1771 2163 an-

1029 2190 1107 2223 nulo
1127 2189 1310 2229 piscatoris,
1322 2188 1373 2222 die
1383 2199 1445 2221 xxx
1454 2185 1637 2220 novembris
1650 2194 1767 2225 mxcv,

1030 2242 1233 2285 pontificatus
1253 2241 1353 2275 nostri
1371 2251 1455 2274 anno
1477 2250 1518 2273 1v.

1066 2305 1123 2331 Dat.
1140 2305 1184 2332 die
1199 2305 1233 2332 30
1253 2303 1408 2332 novembris
1430 2303 1508 2337 1595,
1524 2301 1619 2338 pontis.
1634 2309 1676 2328 an.
1697 2307 1734 2328 ir.

1674 202 1738 237 237
1784 212 1832 239 An.
1855 213 1884 240 c.
1903 212 1971 240 1595

1833 858 1971 882 Quibuscum-

1787 891 1826 910 que
1846 886 1866 905 in
1888 887 1971 905 cuntra-

1786 912 1838 931 rium
1866 917 1907 932 non
1934 911 1971 931 ob-

1785 938 1896 959 stantibus

301 2396 318 2437 5
339 2393 369 2427 6.
392 2394 472 2438 Ipsis
502 2405 577 2428 vero
595 2394 782 2428 consulibus
802 2405 839 2427 ac
860 2394 986 2438 praedi-

59 2446 242 2499 mffgdsfffgsl‘aggffl
257 2447 316 2480 ctis
335 2447 495 2481 iudicibus
515 2448 767 2492 appellationum
794 2447 991 2488 huiusmodi,

60 2499 244 2552 ssssssgffifflffssdst
257 2511 344 2534 nunc
363 2506 393 2534 et
414 2511 472 2545 pro
492 2507 637 2546 tempore
662 2501 881 2543 existentibus,
909 2507 944 2535 ut
964 2502 995 2534 in

75 2563 80 2568 ·
259 2554 363 2588 causis
388 2554 573 2589 huiusmodi
593 2555 758 2599 quibusvis
789 2555 993 2589 inhibitioni-

247 2605 340 2650 bus,
363 2613 419 2642 aut
449 2608 519 2642 aliis
538 2608 778 2653 impedimentis
804 2608 946 2642 iudicum
967 2614 998 2643 et
