2253 3195
13 239 17 249 ⁴
56 230 106 257 An.
124 229 153 257 C.
173 229 241 257 1596

76 2305 168 2326 Litteras
177 2310 235 2325 man-

53 2331 166 2358 datumque
188 2337 235 2358 pro-

51 2363 115 2380 cui-ae
136 2358 235 2380 exhiben-

864 227 1011 251 CLEMENS
1030 226 1090 250 VIII
1110 226 1160 250 PP.

254 277 285 311 id
310 276 425 319 gallica
448 276 600 309 nobilitas
626 286 743 317 magna
769 286 805 308 ex
825 281 916 319 parte
936 277 995 318 pe-

255 329 351 369 tebat,
381 329 471 371 regni
502 339 579 361 vero
610 328 763 362 Franciae
790 328 997 371 perturbatus

252 392 360 415 rerum
391 387 491 415 status
514 382 696 424 flagitabat,
721 391 881 413 memores
902 380 996 412 etiam

252 445 310 468 nos
324 435 409 468 illius
425 435 565 469 Pastoris
586 440 617 467 et
636 433 875 477 patrisfamilias
889 434 995 465 locum

252 494 372 528 tenere,
396 488 449 532 qui
464 488 612 521 amissam
626 498 716 520 ovem
731 486 896 530 quaesivit,
914 492 943 519 et
958 487 997 519 ad

251 542 332 575 ovile
353 541 539 585 reportavit;
555 541 676 584 quique
691 540 794 572 tilium
809 539 993 583 prodigum,

251 595 305 639 qni
327 595 358 628 in
376 595 555 638 longinqua
576 593 710 633 abierat,
735 593 926 626 redeuntem
947 603 996 625 re-

251 649 335 692 cepit
359 653 448 681 tanto
476 658 549 680 cum
571 647 708 689 gaudio,
736 657 777 679 ne
798 646 880 679 sorte
901 646 996 678 nimis

251 701 368 745 asperi,
393 706 448 734 aut
477 700 547 734 duri
572 700 780 739 videremur,
805 699 891 742 quod
912 709 992 742 poe-

249 755 405 788 nitentem
431 754 471 786 ad
503 754 586 787 fores
612 753 772 786 Ecclesiae
804 753 896 785 toties
917 752 992 795 pul—

249 813 374 841 santem
400 807 667 845 excluderemus,
704 816 777 838 cum
801 806 914 838 eadem
936 805 994 838 Ec-

249 861 346 895 clesia
365 861 418 905 pia
439 866 553 901 mater,
577 859 656 893 nulli
674 870 747 892 vere
768 860 807 892 ad
828 859 995 903 poeniten-

248 914 326 947 tiam
353 913 530 953 redeunti,
564 913 691 957 pietatis
726 923 803 946 suae
834 912 992 955 gremium

249 968 388 1008 claudat,
411 972 507 1010 teque
536 977 611 999 vero
638 976 675 999 ex
697 966 805 999 animo
826 966 995 1009 poeniten-

248 1025 313 1054 tem
328 1020 360 1053 in
381 1019 518 1053 Domino
533 1019 743 1059 confidentes,
768 1030 841 1052 cum
856 1024 994 1052 totnun-

249 1074 317 1115 ciis,
341 1074 467 1113 litteris,
501 1073 661 1116 variisque
686 1072 990 1113 testificationibus,

249 1127 281 1160 id
301 1127 512 1171 profitereris,
536 1132 632 1170 teque
652 1126 691 1159 ad
716 1125 875 1159 haeresim
897 1126 991 1159 abiu-

249 1181 384 1214 randam
407 1186 437 1213 et
457 1180 555 1213 fidem
576 1179 767 1213 catholicam
781 1180 878 1212 corde
896 1184 926 1212 et
938 1189 993 1213 ore

250 1234 468 1268 confitendam
490 1239 638 1277 paratum
659 1243 727 1266 esse
753 1233 849 1266 ambo
875 1243 993 1277 procu-

249 1292 373 1320 ratores
395 1286 439 1319 tui
464 1286 640 1330 supradicti
663 1292 847 1319 constanter
867 1292 922 1319 tuo
937 1297 993 1319 no-

248 1340 335 1373 mine
366 1345 565 1380 assererent;
596 1340 637 1372 ob
663 1350 716 1372 eas
734 1350 845 1373 causas
865 1345 895 1372 et
915 1339 993 1373 alias

247 1394 442 1438 complures,
459 1404 538 1438 quas
556 1403 792 1426 connumerare
810 1393 906 1426 nimis
923 1393 993 1426 lon-

247 1457 323 1490 gum
345 1452 436 1487 esset,
460 1452 533 1491 post
563 1447 690 1491 saepius
718 1446 926 1490 imploratum
945 1448 992 1480 lu-

248 1512 323 1535 men
342 1501 478 1546 Spiritus
489 1502 805 1545 Sancti,.multasque
825 1507 950 1534 nostras
963 1508 993 1535 et

246 1555 553 1599 piorumhominum
562 1555 724 1588 orationes
732 1554 902 1595 adhibitas,
919 1566 990 1588 cum

247 1608 334 1643 Sacri
356 1609 451 1642 etiam
469 1608 600 1651 Collegii
621 1609 707 1641 hunc
724 1619 852 1642 sensum
874 1614 904 1642 et
917 1619 993 1642 con-

247 1673 377 1696 sensum
392 1673 460 1696 esse
473 1662 742 1706 perspiceremus;
761 1662 888 1695 tandem
900 1673 993 1706 prae-

248 1716 330 1750 senti
356 1716 407 1750 die
434 1716 618 1755 dominico,
642 1715 697 1759 qui
718 1721 762 1748 est
788 1716 943 1759 septimus
963 1722 991 1749 et

249 1770 394 1803 decimus
408 1769 526 1803 mensis
548 1769 644 1802 huius
657 1769 860 1813 septembris,
875 1769 907 1802 in
919 1780 993 1813 por-

249 1823 346 1857 ticum
366 1823 521 1857 Basilicae
541 1822 712 1856 Vaticanae
732 1822 891 1867 Principis
916 1833 994 1867 apo-

247 1877 405 1910 stolorum
420 1876 644 1909 descendimus
656 1886 746 1909 more
755 1876 903 1916 solemni,
920 1887 992 1909 cum

216 1928 222 1932 ’
249 1929 487 1963 venerabilibus
518 1929 669 1962 fratribus
700 1929 819 1962 nostris
842 1929 872 1963 S.
897 1930 932 1962 R.
957 1930 989 1962 E.

249 1982 479 2023 cardinalibus,
513 1993 639 2016 necnon
664 1982 823 2026 episcopis
844 1988 874 2016 et
893 1993 990 2026 prae-

249 2036 333 2077 latis,
362 2047 399 2069 ac
419 2035 660 2078 magistratibus
680 2041 711 2069 et
728 2035 919 2069 officialibus
930 2036 993 2069 Ro-

250 2099 366 2123 manae
383 2089 512 2130 Curiae,
542 2089 651 2132 ibique
672 2099 745 2123 cum
771 2089 910 2122 maxima
930 2100 991 2133 po-

248 2143 316 2188 puli
334 2143 515 2187 frequentia
529 2143 568 2176 ad
584 2148 688 2176 tantae
709 2143 755 2176 rei
771 2144 993 2186 spectaculum

250 2197 474 2238 convenisset,
502 2197 655 2230 accedere
682 2196 833 2229 iussimus
865 2198 993 2230 eosdem

248 2257 477 2295 procuratores
488 2256 559 2283 tuos
576 2250 729 2284 Iacobum
750 2255 781 2283 et
802 2251 991 2290 Arnaldum,

250 2305 305 2349 qui
325 2314 433 2338 coram
459 2303 552 2337 nobis
573 2303 750 2346 genuflexi,
778 2308 924 2347 patentes
945 2304 995 2336 lit-

252 2363 334 2391 teras
352 2368 466 2390 manus
484 2362 556 2390 tuae
576 2356 727 2401 propriae
745 2356 992 2400 subscriptione,
1012 2397 1014 2402 ,

251 2417 282 2445 et
301 2411 397 2454 sigilli
417 2411 508 2454 regni
525 2410 680 2444 Franciae
698 2409 910 2454 impressione
927 2420 996 2443 mu—

250 2465 354 2506 nitas,
379 2469 410 2498 et
440 2464 637 2498 sufficienter
663 2463 845 2506 recognitas
860 2490 867 2503 ‚
891 2456 1014 2507 conti-¹¹

250 2523 362 2551 nentes
392 2518 579 2551 mandatum
608 2516 846 2562 procurationis
872 2527 890 2549 a
911 2523 940 2550 te
964 2517 1014 2558 in¹

252 2581 364 2606 eorum
385 2582 539 2616 personas
556 2572 700 2614 legitime
721 2572 851 2612 factum,
877 2572 997 2615 produ-

252 2630 360 2660 centes
391 2632 422 2660 et
451 2626 613 2660 exibentes
644 2625 677 2659 in
709 2625 855 2660 omniurn
877 2625 997 2659 ibidem

1032 273 1227 307 adstantium
1257 273 1457 317 praesentia,
1482 263 1649 305 humiliter
1669 276 1698 304 et
1725 271 1779 304 de-

1031 333 1102 360 vote
1127 332 1183 360 tuo
1203 326 1335 359 nomine
1359 325 1599 369 supplicarunt,
1620 330 1779 368 quatenus

1034 381 1088 413 tibi
1108 381 1253 413 omnium
1275 386 1305 413 et
1326 389 1608 423 quorumcumque
1629 388 1778 411 errorum

1032 444 1089 476 per
1112 439 1139 466 te
1160 440 1272 467 contra
1289 440 1431 466 sanctam
1454 433 1550 465 fidem
1572 432 1775 471 catholicam,

1031 498 1127 530 quam
1152 487 1439 531 tenet,prositetur,
1457 493 1486 519 et
1512 486 1678 530 praedicat
1698 485 1778 519 San-

1031 546 1080 573 cta
1105 541 1267 573 Catholica
1286 546 1314 573 et
1338 540 1521 584 Apostolica
1550 540 1694 572 Romana
1714 539 1776 572 Ec-

1031 594 1144 633 clesia,
1165 605 1229 628 non
1251 595 1354 627 solum
1388 604 1557 637 perperam
1589 593 1752 626 credendo
1767 620 1775 633 ,

1029 648 1085 680 sed
1106 648 1201 681 etiam
1224 649 1308 681 male
1328 647 1494 690 operando
1515 646 1774 685 commissorum,

1029 711 1065 733 ex
1087 700 1201 733 intimo
1227 701 1334 733 cordis
1355 700 1483 739 affectu,
1506 705 1542 732 ut
1568 699 1774 739 asserebant,

1029 753 1218 796 poenitenti,
1242 759 1384 786 nostram
1407 758 1549 785 sanctam
1570 751 1774 785 benedictio-

1029 817 1102 838 nem
1131 811 1162 839 et
1189 816 1375 849 supremam
1400 805 1637 838 absolutionem
1658 815 1676 837 a
1696 815 1774 838 cen-

1028 859 1111 892 suris
1129 859 1353 892 ecclesiasticis
1371 864 1502 902 propter
1516 858 1702 891 huiusmodi
1728 868 1777 891 er-

1028 923 1117 945 rores
1134 923 1192 956 per
1212 918 1242 945 te
1263 912 1411 952 incursis,
1429 917 1459 944 et
1479 916 1591 944 contra
1613 917 1642 944 te
1663 911 1773 944 decla-

1028 966 1115 1006 ratis,
1128 967 1318 1006 concedere,
1334 972 1429 1010 teque
1450 966 1489 999 ad
1512 965 1776 998 communionem

1029 1020 1163 1052 Sanctae
1194 1020 1286 1053 Sedis
1317 1019 1519 1063 Apostolicae
1551 1018 1718 1062 recipere,
1747 1024 1778 1052 et

1029 1083 1102 1106 cum
1121 1073 1233 1106 eadem
1256 1073 1467 1106 reconciliare
1489 1072 1519 1104 in
1539 1072 1642 1105 forma
1661 1072 1774 1105 Eccle-

1028 1126 1094 1159 siae
1116 1131 1280 1165 consueta,
1305 1126 1344 1158 de
1369 1125 1568 1167 benignitate
1586 1124 1676 1158 Sedis
1693 1125 1778 1168 Apo-

1029 1179 1161 1213 stolicae
1182 1179 1406 1221 dignaremur3
1431 1178 1601 1211 offerentes
1621 1188 1777 1222 procura-

1027 1232 1112 1265 torio
1129 1232 1271 1272 nomine,
1296 1242 1360 1275 quo
1381 1242 1479 1275 supra
1494 1258 1501 1270 ,
1527 1236 1557 1264 et
1578 1230 1774 1274 promitten-

1028 1292 1073 1319 tes
1085 1297 1211 1319 errores
1225 1292 1256 1319 et
1269 1286 1418 1319 haereses
1433 1295 1665 1328 quascumque,
1681 1284 1778 1317 corde

1027 1338 1153 1373 sincero
1180 1345 1210 1372 et
1239 1339 1302 1372 fide
1333 1349 1398 1371 non
1426 1338 1516 1378 ficta,
1544 1338 1712 1377 abiurare,
1738 1337 1777 1371 fi-

1027 1394 1166 1437 demque
1180 1393 1370 1427 catholicam
1386 1393 1472 1426 iuxta
1490 1393 1627 1426 sormam
1649 1403 1666 1425 a
1684 1393 1777 1426 nobis

1027 1447 1252 1489 assignandam
1284 1446 1444 1491 profiteri,
1479 1457 1515 1479 ac
1546 1457 1564 1478 a
1593 1446 1687 1479 nobis
1719 1446 1776 1479 tibi

1027 1502 1235 1544 iniungenda,
1252 1508 1442 1543 caeteraque
1463 1499 1573 1533 onmia
1586 1499 1648 1532 alia
1663 1505 1693 1533 et
1705 1500 1773 1533 sin-

1026 1554 1100 1597 gula
1121 1564 1180 1597 pro
1207 1558 1298 1597 parte
1320 1559 1373 1586 tua
1402 1553 1612 1596 adimplenda
1641 1558 1672 1586 et
1698 1562 1773 1586 exe-

1027 1608 1176 1651 quenda,
1210 1607 1388 1650 adimplere
1420 1611 1451 1639 et
1475 1606 1588 1649 exequi
1615 1606 1655 1639 ad
1680 1617 1777 1639 omne

1027 1666 1173 1694 nostrum
1210 1666 1241 1693 et
1273 1660 1408 1694 Sanctae
1445 1660 1537 1693 Sedis
1573 1659 1777 1703 Apostolicae

1028 1715 1227 1747 mandatum.

1073 1770 1089 1811 g
1111 1768 1141 1801 8.
1158 1768 1221 1802 Nos
1235 1768 1333 1810 igitur
1347 1768 1466 1809 summi
1484 1773 1514 1801 et
1534 1767 1776 1801 clementissimi

1028 1822 1114 1855 illius
1134 1821 1275 1855 Pastoris
1293 1821 1387 1861 vices,
1405 1821 1551 1865 quamvis
1572 1821 1695 1854 meritis
1715 1821 1776 1854 im-

1028 1886 1138 1919 pares,
1162 1875 1195 1907 in
1220 1875 1313 1908 terris
1334 1880 1481 1917 gerentes
1496 1902 1503 1914 ,
1532 1874 1604 1918 qui,
1628 1878 1664 1907 ut
1684 1880 1778 1908 antea

1029 1929 1227 1977 dicebamus,
1252 1939 1343 1962 ovem
1364 1928 1524 1972 perditam
1547 1933 1613 1961 toto
1639 1928 1778 1961 charita-

1028 1982 1067 2016 tis
1085 1982 1202 2015 affectu
1219 1982 1421 2026 perquisivit,
1440 1982 1645 2015 etinventam
1668 1981 1700 2014 in
1718 1981 1778 2014 hu-

1028 2047 1135 2070 meros
1155 2046 1231 2069 suos
1255 2035 1393 2076 sustulit,
1417 2041 1448 2069 et
1475 2036 1515 2068 ad
1547 2035 1629 2068 ovile
1659 2045 1777 2077 magno

1029 2100 1102 2123 curn
1124 2089 1243 2132 gaudio
1266 2089 1412 2129 reduxit,
1437 2089 1528 2122 cuius
1553 2088 1778 2122 misericordia

1029 2144 1245 2187 superexaltat
1262 2142 1430 2182 iudicium,
1449 2148 1479 2175 et
1499 2142 1590 2175 cuius
1611 2141 1778 2184 cogitatio-

1030 2207 1085 2229 nes
1106 2206 1218 2229 omnes
1240 2195 1327 2239 pacis
1352 2200 1426 2228 sunt
1453 2200 1483 2228 et
1511 2194 1773 2235 misericordiae,

1030 2255 1117 2282 tuam
1149 2250 1285 2282 salutem
1312 2249 1342 2281 in
1370 2248 1547 2281 visceribus
1574 2247 1689 2281 Christi
1716 2259 1774 2281 cu-

1031 2303 1165 2346 pientes,
1185 2303 1275 2343 baec,
1300 2313 1382 2346 quae
1403 2302 1485 2334 infra
1505 2302 1665 2345 descripta
1685 2308 1774 2342 sunt,

1030 2367 1088 2389 suo
1109 2356 1222 2389 ordine
1248 2356 1397 2400 exequuti
1418 2367 1539 2388 sumus.
1556 2356 1590 2388 In
1611 2355 1725 2399 primis
1745 2356 1777 2389 in

1033 2409 1085 2443 Dei
1097 2409 1229 2442 nomine
1240 2416 1443 2453 praetensam
1456 2409 1692 2442 absolutionem
1706 2409 1773 2450 tibi,

1031 2517 1198 2561 pertitam,
1221 2517 1341 2549 nullam
1363 2522 1394 2549 et
1422 2515 1614 2557 invalidam,
1643 2527 1679 2549 ac
1699 2517 1774 2549 nul-

1032 2571 1092 2603 lius
1121 2570 1245 2602 roboris
1277 2575 1308 2602 et
1339 2569 1493 2603 momenti
1519 2569 1615 2602 fuisse
1647 2574 1678 2603 et
1709 2580 1777 2603 esse

1032 2624 1276 2665 declaravimus,
1294 2624 1458 2668 illamque,
1475 2629 1632 2668 quatenus
1644 2624 1777 2658 defucto

1684 211 1748 246 307
1795 222 1846 249 An.
1864 221 1891 249 c.
1910 221 1978 248 1596

1819 867 1845 888 Et
1863 866 1977 887 flenricum

1792 894 1886 917 absolvi,
1909 895 1930 913 el.
1950 893 1976 913 ad

1792 920 1840 941 SA.
1852 920 1913 941 Sedis
1922 926 1977 940 com-

1792 947 1911 967 munionem
1940 947 1977 967 ad-

1791 973 1846 994 mitti
1854 975 1966 1000 precautes
1974 989 1979 997 ,

1812 1403 1907 1427 Eumque
1917 1406 1978 1427 prae-

1792 1430 1862 1450 dictae
1872 1429 1978 1454 SedisAp.

1793 1457 1893 1477 rnandata
1931 1461 1978 1475 exe-

1792 1486 1906 1510 quuturum
1930 1486 1978 1508 pro·

1792 1511 1905 1531 mittentes.

1819 1776 1878 1799 Quae
1889 1777 1977 1801 peraeta

1792 1802 1978 1823 fuerintrecenset.

1819 2362 1978 2383 Absolutionem

1793 2389 1864 2409 datam
1886 2396 1898 2409 a

1793 2416 1873 2436 suimus

1312 2464 1317 2469 ,
1502 2463 1507 2468 ,
1720 2463 1725 2468 ,
1792 2442 1886 2463 irritam-
1908 2442 1978 2463 decla-

1030 2470 1065 2497 ut,
1085 2464 1276 2507 praefertur,
1293 2474 1362 2496 sine
1384 2468 1575 2496 auctoritate
1595 2468 1705 2496 nostra
1718 2474 1778 2495 1m-
1793 2475 1850 2490 rans-

1920 2416 1976 2436 ‹allis
