2253 3195
862 264 959 288 INDEX
985 264 1091 288 nanum
1640 251 1704 285 915

293 336 391 369 scopo
421 330 451 358 et
480 325 621 369 capitulo
651 326 832 358 facultatem
865 336 919 358 eos
947 324 1132 365 coercendi,
1157 325 1251 358 ctiam
1278 324 1456 368 privatione
1484 323 1748 357 distributionum

293 384 323 412 et
343 379 503 412 fructuum
525 379 789 422 capellaniarum,
813 379 892 412 ibid.
922 385 950 411 et
970 379 995 411 h.

203 432 424 465 Luceoriensis
441 432 610 476 episcopus
631 433 797 475 delegatur
817 438 994 476 exequutor
1014 432 1240 476 primariarum
1259 443 1390 475 precum
1412 441 1636 465 concessarum
1658 431 1750 464 Polo-

293 485 366 518 niae
389 485 468 528 regi,
492 485 556 519 sive
575 485 692 518 indulti
718 486 916 519 concedendi
938 486 997 519 tria
1018 486 1174 519 beneficia
1194 485 1405 519 ecclesiastica
1423 485 1528 529 primo
1548 490 1696 518 vacatura
1718 484 1749 516 in

294 539 408 572 eodem
431 549 542 581 regno,
557 538 621 570 ‘llt-'t
640 549 659 571 a
680 545 711 572 et
731 540 758 571 lt.
782 538 813 572 Si
834 539 990 572 beneficia
1008 540 1148 572 valorem
1171 538 1414 583 quatuordecim
1433 539 1622 571 ducatorum
1643 548 1749 570 exces-

294 592 404 633 serint,
428 592 546 636 provisi
567 592 647 624 infra
667 602 719 625 sex
745 603 869 625 menses
895 592 1016 625 litteras
1036 592 1234 636 Apostolicas
1261 598 1408 625 tenentur
1427 591 1588 635 expedire,
1611 590 1675 623 lli-’J
1696 591 1724 623 b.

204 645 363 679 Lucianus
382 645 537 688 Georgius
557 646 779 679 Cremonensis
796 646 1007 679 confirmatur
1020 646 1219 689 praepositus
1233 646 1390 687 generalis
1403 644 1664 688 Congregationis
1682 654 1751 677 rno-

296 699 475 733 nachorum
496 698 708 732 Eren‘iitarum
727 699 757 732 S.
782 699 967 744 Hieronymi
988 700 1026 732 de
1041 699 1258 739 Observantur,
1280 698 1321 731 35
1341 710 1371 732 α.

968 851 994 884 Μ

207 967 436 1000 Maleficiorum
458 978 579 1011 poenae
601 967 631 1000 in
653 967 779 1000 civitate
799 967 991 1001 Bononiensi
1013 978 1110 1011 penes
1131 966 1339 1011 depositarias
1359 967 1394 999 R.
1417 966 1448 1000 C.
1472 967 1507 998 A.
1529 965 1750 1009 deponendae,

295 1020 358 1053 346
373 1021 400 1053 b.
414 1020 595 1054 Solutiones
615 1031 672 1064 per
691 1020 790 1053 dictas
808 1020 1016 1064 depositarias
1031 1019 1194 1053 faciendae
1215 1031 1250 1052 ex
1272 1018 1454 1052 huiusmodi
1473 1017 1628 1062 pecuniis,
1645 1016 1708 1050 347
1719 1028 1749 1049 a.

295 1074 477 1107 Mandatum
500 1074 687 1107 thesaurarii
705 1074 864 1116 generalis
879 1074 909 1107 C.
927 1074 961 1105 A.
979 1084 1106 1117 semper
1120 1073 1313 1116 praecedere
1333 1072 1507 1105 solutiones
1522 1071 1626 1111 dehet,
1643 1070 1706 1103 348
1719 1082 1749 1103 α.

208 1127 323 1161 Mariae
348 1128 411 1171 (Β.)
433 1127 472 1160 de
497 1128 640 1160 Mercede
661 1127 757 1160 Ordo.
781 1128 815 1160 ln
836 1127 976 1170 capitulo
997 1126 1139 1169 generali
1161 1126 1269 1158 habito
1291 1126 1322 1158 in
1343 1125 1463 1169 oppido
1492 1125 1530 1158 de
1558 1124 1750 1168 Calatayud,

295 1181 541 1214 Tarraconensis
568 1181 741 1221 dioecesis,
766 1181 884 1213 multae
906 1186 936 1213 et
960 1180 1066 1213 variae
1091 1180 1309 1213 ordinationes
1340 1180 1440 1212 sactae
1474 1179 1604 1211 fuerunt
1632 1177 1753 1210 bonum

297 1235 441 1277 regimen
463 1234 590 1268 Ordinis
617 1239 858 1273 concernentes,
882 1233 946 1266 184
963 1234 979 1265 b
999 1239 1029 1266 et
1053 1244 1116 1277 seq.
1141 1244 1241 1276 usque
1267 1233 1306 1265 ad
1332 1232 1389 1265 187
1411 1233 1438 1264 b,
1463 1232 1547 1265 Ordo
1568 1230 1647 1275 petit
1667 1241 1751 1274 pon-

299 1288 429 1321 tificiam
448 1287 726 1331 approbationem,
751 1297 847 1330 quam
870 1286 897 1319 ei
919 1286 1067 1319 concedit
1086 1286 1315 1329 amplissimam
1337 1286 1482 1318 Clemens
1501 1285 1577 1324 vltl,
1601 1283 1664 1316 118⁸
1685 1294 1717 1316 a.

208 1342 324 1376 Mariae
345 1343 409 1385 (B.)
431 1342 469 1375 de
487 1342 592 1374 Monte
612 1341 756 1374 Carmelo
783 1341 908 1373 fratres.
932 1340 1106 1381 Regulares
1127 1339 1231 1382 potius
1259 1337 1437 1382 promereri
1464 1337 1635 1379 dignitates
1659 1347 1756 1380 quam

298 1401 451 1439 appetere
471 1395 600 1434 debent,
615 1394 657 1426 54
671 1395 698 1426 b.
716 1394 850 1432 Quidam
873 1399 979 1426 tamen
1000 1392 1203 1426 Carmelitani
1224 1392 1317 1425 aliter
1339 1391 1508 1431 faciebant,
1527 1389 1566 1423 ib.
1584 1401 1591 1431 ;
1613 1389 1757 1423 Pontifex

299 1450 423 1482 favores
442 1453 529 1481 extra
550 1447 738 1490 religionem
760 1447 927 1491 procurari
950 1452 1031 1479 vetat
1050 1457 1109 1490 pro
1131 1445 1342 1489 impetrandis
1363 1444 1570 1487 dignitatibus
1592 1448 1622 1476 et
1646 1443 1758 1476 officiis

300 1502 399 1546 ipsius
419 1501 556 1542 Ordinis,
577 1501 618 1534 55
638 1512 667 1533 α.
692 1502 826 1544 Insuper
846 1500 1064 1544 superloribus
1084 1499 1286 1542 regularibus
1307 1498 1491 1531 huiusmodi
1512 1498 1635 1530 favores
1656 1502 1758 1530 atten-

300 1556 377 1589 dere
394 1555 555 1599 prohibei,
580 1555 622 1587 ib.
649 1555 682 1592 ἰν,
710 1554 881 1587 electiones
908 1553 1011 1586 taliter
1031 1554 1129 1586 factas
1150 1552 1316 1591 invalidat,
1341 1557 1438 1595 atque
1458 1556 1570 1584 contra
1592 1550 1755 1590 facientes,

299 1609 421 1652 absque
440 1619 604 1652 processu,
626 1618 663 1641 eo
682 1608 761 1651 ipso,
786 1618 906 1651 poenas
927 1607 1092 1640 incurrere
1113 1607 1265 1645 declarat,
1288 1606 1328 1637 it).

210 1665 331 1697 Marzer
351 1662 530 1701 Antonius,
554 1662 650 1694 frater
677 1661 980 1694 Ordinislllinoruin
1002 1661 1031 1694 S.
1056 1659 1215 1693 Francisci
1247 1660 1286 1692 de
1310 1657 1538 1697 Ohservanha,
1561 1657 1705 1690 visitator
1729 1662 1760 1689 et

276 1716 469 1749 reformator
492 1714 691 1757 regularium
717 1715 863 1747 locorum
885 1714 917 1746 in
938 1713 1041 1747 insula
1059 1713 1235 1751 Sardiniae,
1259 1711 1323 1744 4153
1343 1723 1363 1744 a
1383 1717 1413 1745 et
1432 1722 1495 1754 seq.

210 1769 405 1803 Massiliense
422 1768 591 1812 hospitale.
620 1768 653 1801 V.
676 1768 841 1811 Ilospitale
861 1767 968 1801 Sancti
994 1767 1141 1811 Spiritus.

210 1823 346 1857 Mauritii
368 1830 399 1856 et
418 1822 525 1856 Lazari
544 1821 621 1865 <Ss.)
642 1821 762 1854 Militia.
786 1821 962 1864 Gregorius
976 1822 1040 1855 Xlll
1055 1820 1212 1854 beneficia
1233 1819 1397 1853 existentia
1418 1819 1449 1851 in
1466 1817 1613 1861 baliagiis
1634 1817 1671 1850 de
1686 1818 1760 1850 Ter-

299 1877 371 1910 m'er
387 1881 419 1910 et
445 1875 598 1910 Chablais
618 1875 718 1908 univit
739 1875 842 1908 dictae
862 1875 1002 1915 Militiae,
1023 1875 1129 1918 quoad
1149 1885 1249 1917 usque
1268 1874 1298 1906 in
1321 1873 1433 1906 iisdem
1454 1871 1627 1915 parochiae
1653 1871 1757 1913 erige-

300 1935 422 1969 rentur,
443 1929 508 1963 485
528 1940 548 1962 α
565 1934 595 1962 et
615 1929 641 1962 b.
665 1929 738 1969 Sed,
760 1929 906 1972 pluribus
927 1929 990 1962 iam
1012 1929 1052 1961 ad
1072 1928 1168 1961 fidem
1195 1926 1366 1966 conversis,
1390 1925 1562 1958 necessitas
1587 1924 1758 1968 parochia-

298 1994 370 2017 rurn
389 1988 420 2016 et
440 1983 568 2026 piorum
596 1983 742 2016 locorum
771 1982 937 2026 apparuit,
961 1981 1025 2014 486
1049 1993 1069 2014 (ι
1094 1988 1123 2014 et
1156 1982 1181 2013 Ιι.
1212 1980 1354 2013 Pontifex
1382 1978 1583 2012 Gchennensi
1609 1978 1761 2022 episcopo

300 2036 458 2081 permittit
487 2036 706 2080 supradictam
732 2035 885 2069 unionem
912 2035 1116 2071 dissolvendi,
1146 2034 1315 2078 parochias
1341 2033 1379 2066 de
1405 2043 1488 2065 novo
1509 2032 1674 2074 erigendi,
1698 2031 1762 2064 sive

300 2090 457 2124 beneficia
470 2089 514 2123 eis
528 2089 670 2131 uniendi,
682 2094 713 2122 et
725 2089 884 2133 parochos
898 2088 1039 2129 creandi,
1051 2088 1114 2121 487
1125 2099 1158 2124 a:
1176 2088 1301 2130 aliaque
1316 2091 1499 2129 opportuna
1513 2085 1659 2125 faciendi,
1674 2085 1712 2118 ib.
1731 2085 1758 2117 b.

213 2145 396 2178 Maurorum
415 2148 561 2177 recenter
581 2153 808 2176 conversorum
830 2143 869 2175 ad
895 2143 992 2176 tidem
1015 2142 1205 2175 catholicam
1230 2140 1407 2173 instructio.
1432 2138 1608 2180 Gregorius
1628 2139 1694 2171 Xlll
1708 2149 1762 2181 pa-

302 2197 428 2231 rochias
454 2196 532 2239 erigi
553 2201 719 2229 curaverat
738 2206 796 2240 pro
817 2206 930 2229 eorum
951 2196 1171 2235 instructione,
1202 2194 1263 2226 7210
1288 2205 1317 2226 a.
1347 2192 1513 2236 Philippus
1538 2193 1561 2225 ll
1587 2203 1641 2224 rex
1666 2202 1763 2224 novas

304 2251 384 2294 erigi
405 2250 495 2295 petit,
518 2256 705 2294 crectasque
731 2249 844 2283 melius
870 2249 984 2290 dotari,
1009 2250 1050 2281 ib.
1080 2249 1108 2281 Ι).
1137 2249 1222 2291 Papa
1248 2247 1376 2279 mandat
1402 2245 1559 2289 episcopis
1582 2245 1672 2287 regni
1698 2245 1760 2277 Va-

305 2304 420 2338 lentiae
440 2309 475 2337 ut
501 2304 532 2337 id
560 2303 760 2347 provideant,
784 2303 824 2336 ib.
849 2303 1025 2346 Episcopus
1050 2301 1248 2335 Dertnsensis
1273 2299 1431 2333 sexdecim
1462 2298 1630 2342 parochias
1655 2297 1760 2340 erigit,

305 2357 363 2391 701
391 2368 422 2390 α.
446 2357 568 2391 Relatio
589 2357 734 2390 locorum
761 2357 792 2389 in
812 2356 928 2400 quihus
948 2356 1047 2389 Mauri
1070 2356 1200 2397 degunt,
1223 2360 1252 2387 ct
1273 2360 1397 2386 erectae
1417 2353 1465 2385 vel
1487 2353 1612 2386 dotatae
1634 2352 1764 2384 suerunt

305 2411 488 2456 parochiae,
509 2421 527 2443 a
543 2421 616 2454 pag.
641 2410 704 2443 794
724 2421 742 2442 α
769 2421 870 2454 usque
897 2411 936 2443 ad
968 2409 1031 2441 808
1056 2420 1085 2441 a.
1114 2409 1280 2450 Gatalogus
1306 2417 1417 2440 corum
1444 2405 1498 2449 qui
1531 2405 1760 2444 contribuunt,

306 2466 348 2498 ib.
373 2470 403 2498 et
423 2465 451 2498 b.
475 2465 561 2504 Quae
579 2464 688 2498 onmia
708 2464 878 2497 confirmat
898 2469 929 2497 et
949 2463 1060 2506 exequi
1084 2462 1214 2495 mandat,
1240 2460 1394 2500 l’ontil'ex,
1415 2459 1457 2492 ib.
1482 2464 1512 2492 et
1530 2469 1594 2502 seq.
1618 2458 1761 2492 Solutio-

307 2529 362 2552 nes
386 2518 425 2551 ab
447 2518 483 2551 iis
508 2518 625 2562 quihus
649 2518 817 2561 impositae
842 2523 915 2551 sunt
941 2517 1010 2550 fieri
1036 2516 1164 2553 dehent,
1192 2514 1304 2557 poenis
1329 2512 1543 2553 comminatiS,
1561 2511 1624 2545 809
1648 2523 1669 2545 a
1686 2517 1712 2545 et
1734 2511 1760 2544 b.

306 2571 426 2606 Similis
446 2571 565 2605 erectio
587 2577 617 2605 et
637 2571 759 2605 dotatio
784 2571 1011 2615 parochiarum
1035 2569 1065 2601 in
1087 2567 1224 2601 dioecesi
1252 2566 1473 2609 Segohricensi
1489 2594 1496 2607 ,
1520 2565 1574 2598 uhi
1596 2565 1765 2609 episcopus

306 2624 415 2668 viginti
435 2624 604 2669 parochias
625 2624 718 2668 erigit
738 2630 768 2658 et
786 2624 909 2661 fundat,
924 2623 987 2656 812>
1000 2633 1039 2663 a,·
1062 2632 1143 2665 quae
1161 2621 1219 2654 sub
1242 2620 1389 2664 Philippo
1411 2620 1434 2653 ll
1456 2625 1568 2653 auctae
1589 2624 1619 2653 et
1636 2619 1764 2652 dotatae

307 2679 447 2721 suerunt,
468 2677 532 2713 813
552 2679 580 2713 b.
603 2679 706 2714 Novas
725 2684 837 2724 postea
853 2677 920 2722 ipse
941 2675 1041 2711 crexit
1055 2674 1240 2719 dotavitque
1261 2673 1440 2719 episcopus,
1469 2683 1607 2718 quorum
1633 2672 1765 2707 nomina
