2253 3195
245 213 294 240 An.
312 212 342 240 c.
359 212 428 240 ¹596
472 187 547 237 264'

266 1702 337 1728 Cappa
345 1707 429 1722 canoni-

246 1735 276 1749 cis
285 1736 294 1745 ι·
306 1729 413 1749 metvtlttu·⁴

442 271 479 294 ex
499 261 606 305 aliqua
625 259 812 304 capellania,
835 258 926 292 cuius
945 258 1014 301 ipse
1032 258 1184 291 fundator

441 320 597 359 patronus
609 315 650 347 sit
662 325 700 347 ex
712 312 911 351 fundatione,
927 312 976 345 rel
994 311 1180 351 donatione,

442 368 529 412 quod
549 368 581 400 in
601 367 707 410 primo
731 376 841 399 coram
859 364 1029 398 Ordinario
1049 364 1112 397 loci
1132 374 1183 397 ve-

442 420 561 454 rificari
581 420 697 453 debeat
724 419 757 451 in
788 428 993 462 quacumque
1023 418 1183 451 dictarum

443 473 668 512 ecclesiarum3
689 482 772 516 quae
792 471 987 516 capellania,
1010 471 1183 504 accedente

443 537 599 559 consensu
619 525 695 558 dicti
715 524 856 568 patroni,
873 525 925 558 tali
945 535 1042 558 causu
1063 534 1100 557 eo
1114 523 1183 567 ipso

441 589 612 624 suppressa
629 584 810 619 censeatur,
824 578 974 622 illiusque
988 579 1109 611 fruetus
1122 578 1185 610 sint

441 632 592 676 applicati
609 642 668 676 pro
682 632 757 665 dote
774 631 958 665 huiusmodi
976 630 1184 664 canonicatus

441 691 469 719 et
484 685 698 728 praebendae,
713 695 851 729 quorum
864 685 947 718 idem
967 683 1118 717 fundator
1128 692 1183 726 pa-

442 744 553 772 tronus
573 738 702 777 existat,
726 744 758 772 et
778 749 814 772 ex
835 738 1014 771 redditibus
1035 736 1110 780 ipsis
1130 736 1184 769 de-

441 803 510 825 cem
531 792 563 824 in
583 792 802 836 praebendam
815 819 822 832 ,
847 791 991 835 reliquae.
1010 800 1085 823 vcro
1110 800 1184 822 cen-

441 852 508 878 tum
529 851 560 878 et
582 845 799 889 quadraginta
818 845 920 877 librae
941 843 1127 877 huiusmodi
1152 842 1184 875 in

441 898 684 932 distributiones
708 891 923 942 quotidianas,
943 903 978 930 ut
991 897 1181 941 praefertur,

441 952 611 985 lucrandas
631 957 662 985 et
685 951 911 996 percipiendas
931 955 1181 990 convertantur;

441 1010 473 1038 et
484 1005 538 1048 qui
551 1005 762 1048 capellaniam
775 1015 831 1038 seu
843 1003 1038 1038 beneficium
1053 1003 1092 1037 de
1101 1013 1184 1036 novo

394 1094 401 1099 ,
443 1058 487 1091 ibi
507 1058 699 1098 fundaverit,
714 1068 892 1100 congruam
910 1057 955 1090 illi
974 1058 1082 1091 dotem
1098 1056 1184 1090 arbi-

444 1111 505 1144 trio
526 1111 669 1144 eiusdem
690 1110 851 1144 Ordinarii
873 1110 1036 1152 assignare
1056 1115 1185 1143 tenean-

447 1171 510 1204 tur,
527 1171 556 1197 et
578 1164 672 1197 aliter
692 1164 793 1197 sactae
820 1164 1036 1204 fundationes,
1059 1173 1184 1196 necnon

445 1217 644 1257 collationes,
667 1217 867 1261 provisiones
882 1244 889 1256 ,
913 1217 1059 1260 aliaeque
1079 1215 1186 1259 dispo-

445 1271 578 1305 sitiones
605 1271 644 1304 de
662 1270 871 1312 dignitatibus
892 1281 928 1303 ae
945 1269 1187 1303 canonicatibus

445 1331 476 1358 et
491 1324 694 1369 praebendis,
707 1324 842 1367 aliisque
857 1323 1019 1357 beneficiis
1037 1323 1115 1356 inibi
1127 1333 1186 1367 pro

444 1384 588 1422 tempore
605 1377 731 1416 erectis,
745 1382 856 1410 contra
878 1382 1023 1409 tenorem
1036 1385 1187 1420 praesen-

443 1431 524 1468 tiumv
541 1431 652 1470 sactae,
663 1429 725 1462 sint
745 1440 784 1462 eo
802 1429 871 1472 ipso
888 1429 994 1462 nullae
1013 1435 1043 1462 ct
1063 1428 1183 1465 irritae,

444 1483 628 1527 nulliusque
656 1482 783 1515 roboris
804 1488 832 1515 et
855 1481 1022 1521 momenti,
1046 1481 1186 1514 auctori-

444 1543 506 1570 tate
527 1536 680 1580 praefata,
708 1535 858 1568 similiter
877 1541 1046 1579 perpetuo,
1069 1540 1188 1568 statuas

444 1597 475 1623 et
495 1590 638 1624 ordines.

489 1644 504 1686 g
523 1642 554 1676 6.
582 1643 750 1676 Praeterea
776 1642 898 1675 decano
919 1647 950 1674 et
970 1641 1107 1682 cantori,
1132 1652 1184 1674 sa-

445 1696 570 1736 cristae,
594 1695 767 1734 canonicis,
788 1694 1051 1727 hebdomadariis
1064 1695 1187 1727 etduo-

446 1749 505 1781 bus
525 1748 735 1787 beneficiatis,
760 1748 846 1791 quod
872 1753 935 1780 tam
963 1747 1070 1780 hicme
1091 1758 1187 1791 quam

445 1807 576 1841 aestate,
599 1800 747 1833 almutias
768 1806 797 1833 ct
818 1810 936 1843 cappas
953 1800 992 1833 ad
1019 1799 1118 1833 instar
1137 1810 1188 1833 ca-

446 1855 635 1887 nonicorum
662 1859 693 1886 ct
713 1853 884 1894 dignitates
908 1853 1138 1891 obtinentium,
1156 1865 1188 1886 a-

446 1909 629 1952 liorumque
650 1907 876 1951 capitularium
901 1918 1131 1951 personarum,
1152 1918 1189 1940 ac

445 1960 787 1999 lwbdomatlariorum,
804 1952 1068 1993 beneficiatorum
1083 1960 1189 1993 eatbe-

445 2014 583 2048 dralium
604 2013 852 2052 Valentinensis,
873 2013 1067 2053 Oriotensts,
1091 2014 1190 2054 Sego-

445 2067 610 2106 bricensis,
623 2078 657 2099 at:
668 2066 911 2106 collegiatarum
927 2066 1055 2099 Xatirae
1066 2072 1094 2099 ct
1107 2067 1189 2099 Gau-

445 2120 516 2153 ‹liae
542 2119 773 2152 t'atcntinvnsis
802 2119 957 2152 ‹lieet-esis
981 2119 1188 2152 ecclesiarum

445 2174 590 2212 deterre,
611 2178 639 2205 et
670 2172 731 2204 illis
758 2172 821 2211 uti,
846 2183 904 2205 net·v
937 2182 1000 2205 uon
1029 2173 1186 2210 itm-anos,

446 2233 569 2265 cantor,
585 2225 717 2259 sacrista
737 2232 767 2258 et
788 2226 933 2259 canonici
955 2227 1098 2270 praefati,
1121 2233 1152 2259 ut
1172 2239 1189 2259 u

446 2280 634 2324 quotidiana
650 2279 822 2313 residentia
842 2286 868 2311 vt
889 2280 956 2312 vius
969 2281 1122 2313 oneribus
1133 2280 1190 2313 ali-

447 2334 577 2377 qnando
590 2333 808 2371 subleventur,
823 2333 925 2376 spatio
947 2334 1085 2366 duorum
1101 2344 1188 2366 tuen-

447 2386 528 2418 sium
550 2386 724 2424 «inuitauit,
749 2386 893 2429 quolibet
914 2395 1017 2422 atino,
1040 2386 1189 2430 interpol-

449 2439 518 2472 latis
546 2439 668 2476 ‹lit-bus,
694 2439 734 2471 ab
761 2439 872 2472 eadem
899 2439 1068 2479 collegiata
1089 2439 1207 2472 ert-lc-=

449 2493 504 2532 sia,
530 2493 678 2536 illiusque
700 2493 871 2526 residentia
895 2499 923 2526 ‹·t
949 2493 1078 2526 servitio
1098 2493 1189 2525 alws-

1022 210 1206 235 BULLARIUM
1224 210 1378 234 ROMANUM

1217 257 1477 297 canonicatuum,
1501 263 1532 291 et
1551 258 1811 302 praebendarum
1831 269 1890 303 per
1902 269 1957 292 eos

1217 311 1250 343 in
1270 311 1384 344 eadem
1415 311 1550 344 ecclesia
1579 321 1639 354 pro
1666 317 1812 356 tempore
1842 312 1957 345 obten-

1217 369 1325 397 torum
1345 375 1418 397 cum
1439 374 1476 397 ea
1501 364 1684 407 integritate
1698 391 1706 404 ‚
1733 375 1796 408 qua
1824 365 1896 399 illos
1927 370 1958 398 et
1972 377 2156 432 ''fflrtparssffigtg
2175 370 2177 373 '

1973 431 2073 457 elargitur
2087 431 2156 453 Ponti-

1217 417 1287 450 illas
1307 417 1522 462 perciperent,
1549 417 1574 450 si
1605 417 1694 451 horis
1714 418 1895 459 canonicis,
1927 423 1958 451 et

1217 470 1288 504 aliis
1317 470 1433 504 divinis
1463 470 1576 504 officiis
1600 470 1721 504 ibidem
1741 471 1931 504 interessent
1947 498 1954 512 ,
1972 457 2012 478 Μ’

1217 523 1385 567 percipere
1403 529 1435 557 et
1453 524 1585 563 lucrari,
1609 529 1718 557 ettam
1744 523 1804 567 ipsi
1830 533 1955 564 omnes,

1218 587 1314 620 quam
1337 577 1422 610 dicta
1443 576 1613 619 collegiata
1637 576 1783 617 ecclesia,
1808 576 1957 620 illiusque

1218 640 1340 671 mensa,
1357 641 1393 663 ac
1410 630 1492 671 iura,
1515 641 1565 664 res
1579 635 1610 664 et
1626 630 1712 664 bona
1729 630 1885 671 eiusdem,
1901 640 1961 663 nec

1218 693 1283 716 non
1307 683 1464 727 capellani
1489 689 1520 716 et
1543 683 1596 717 alii
1625 683 1762 716 ministri
1793 682 1874 716 inibi
1900 692 1960 727 pro

1219 741 1364 780 tempore
1395 736 1571 770 servientes
1594 736 1747 770 omnibus
1778 742 1809 770 et
1827 735 1961 779 singulis

1218 788 1405 832 privilegiis,
1439 789 1710 829 immunitatibus,
1733 789 1957 829 libertatibus,

1219 843 1487 888 exemptionibus,
1515 843 1741 884 facultatibus,
1764 843 1961 887 praerogati-

1218 897 1275 938 vis,
1299 897 1432 930 indultis
1461 902 1492 930 et
1518 896 1629 940 gratiis
1650 902 1714 930 tam
1740 895 1962 940 spiritualibus

1219 960 1316 994 quam
1337 949 1582 993 temporalibus,
1599 949 1716 994 quibus
1729 954 1875 982 caeterae
1895 948 1961 982 col-

1219 1003 1355 1047 legiatae
1387 1004 1554 1043 ecclesiae,
1592 1003 1787 1048 illarumque
1815 1013 1959 1044 mensae,

1219 1057 1362 1100 Capitula
1379 1063 1409 1090 et
1423 1056 1573 1098 ministri,
1597 1067 1634 1090 ac
1653 1056 1716 1090 alia
1733 1057 1774 1090 ad
1793 1056 1866 1089 illos
1885 1067 1960 1100 spe-

1219 1110 1338 1144 ctantia
1358 1111 1397 1144 de
1417 1111 1498 1151 iure,
1522 1121 1592 1150 usu,
1610 1110 1798 1154 privilegio,
1821 1120 1960 1143 consue-

1221 1163 1342 1204 tudine,
1365 1164 1413 1197 rel
1434 1163 1513 1197 alias
1533 1163 1782 1208 quomodolibet
1811 1168 1959 1203 utuntur,

1222 1217 1382 1257 fruuntur,
1416 1217 1585 1261 potiuntur
1611 1222 1643 1250 et
1662 1216 1814 1259 gaudent,
1837 1226 1874 1249 ac
1890 1215 1937 1249 uti
1951 1242 1959 1256 ,

1221 1270 1292 1309 frui,
1315 1270 1412 1314 potiri
1433 1276 1460 1303 et
1494 1270 1636 1313 gaudere
1663 1275 1798 1314 possunt
1814 1275 1846 1302 et
1865 1274 1959 1313 pote-

1221 1329 1295 1356 runt
1309 1323 1341 1356 in
1362 1323 1517 1364 futurum,
1535 1323 1754 1367 parisormiter
1773 1328 1805 1356 et
1824 1322 1892 1356 sine
1903 1322 1963 1356 dit-

1223 1376 1368 1416 serenfia,
1389 1376 1524 1420 perinde
1556 1387 1593 1409 ac
1612 1375 1638 1409 si
1660 1376 1713 1408 illa
1733 1375 1778 1409 cis
1798 1375 1962 1420 principa-

1222 1429 1293 1462 liter
1312 1439 1464 1462 coucessa
1484 1429 1627 1469 fuissent,
1642 1428 1700 1468 uti,
1722 1428 1795 1469 frui,
1822 1427 1920 1472 potiri
1932 1433 1964 1461 et

1221 1483 1374 1525 gaudere.
1409 1483 1540 1516 Necnon
1572 1482 1713 1516 decanus
1735 1487 1767 1515 et
1786 1481 1962 1525 capitulum

1222 1536 1355 1580 praefati
1370 1546 1429 1580 pro
1443 1536 1527 1569 felici
1547 1535 1701 1569 ecclesiae
1715 1535 1915 1578 collegiatae,
1927 1544 1964 1568 ac

1223 1588 1413 1631 dignitatum
1439 1595 1469 1622 et
1490 1588 1628 1622 aliorum
1655 1588 1884 1631 erigendorum
1900 1587 1960 1621 be-

1222 1642 1455 1676 neneficiorum
1480 1642 1711 1686 praefatorum,
1736 1651 1911 1685 rerumque
1932 1646 1966 1674 et

1223 1696 1382 1729 bonorum
1412 1706 1546 1729 suorum
1578 1695 1735 1738 regimine
1765 1700 1796 1728 et
1821 1693 1961 1728 admini-

1222 1749 1387 1789 stratione,
1408 1759 1632 1792 quaecumque
1652 1753 1770 1781 statuta
1786 1753 1817 1781 et
1837 1746 1966 1781 ordina-

1223 1802 1336 1843 tiones,
1360 1803 1431 1836 l'elix
1452 1802 1636 1836 huiusmodi
1659 1801 1803 1844 regimen
1828 1810 1963 1834 concer-

1223 1856 1342 1893 nentia,
1366 1855 1452 1888 licita
1473 1861 1580 1889 tamen
1601 1861 1631 1889 et
1658 1855 1804 1895 honesta,
1826 1853 1965 1888 sacrisve

1223 1908 1421 1948 canonibus,
1457 1914 1488 1941 ct
1516 1908 1590 1941 dicii
1622 1907 1754 1942 Concilii
1786 1906 1964 1941 Tridentini

1224 1961 1360 1995 decretis
1374 1971 1438 1994 non
1452 1961 1626 2001 contraria,
1650 1961 1800 2001 condere,
1818 1970 1855 1994 ac
1873 1959 1967 1994 toties

1224 2014 1349 2058 quoties
1380 2014 1553 2058 expediens
1578 2014 1673 2047 suerit
1688 2041 1695 2054 ‚
1719 2013 1750 2046 in
1778 2019 1844 2047 toto
1864 2013 1912 2046 vel
1933 2012 1966 2046 in

1225 2074 1314 2112 parte
1335 2073 1471 2107 mutare,
1507 2067 1683 2110 corrigere,
1707 2066 1883 2100 reformare
1898 2092 1906 2106 ,
1929 2076 1966 2100 ac

1224 2122 1263 2154 de
1284 2131 1366 2154 novo
1398 2122 1513 2160 sat-ere,
1538 2120 1638 2154 libere
1659 2126 1689 2153 et
1713 2119 1806 2153 licctc
1827 2119 1962 2159 valeant,

1225 2174 1356 2218 ipsaque
1386 2175 1495 2207 omnia
1520 2179 1638 2207 statuta
1667 2179 1698 2207 et
1723 2172 1962 2213 ordinationes,

1225 2233 1394 2271 postquam
1418 2227 1463 2259 sie
1493 2226 1642 2267 condita,
1665 2226 1838 2260 reformata
1866 2231 1898 2259 et
1924 2225 1965 2259 de

1225 2290 1306 2313 noro
1328 2281 1409 2313 sacta
1430 2279 1558 2318 suerint,
1573 2279 1613 2312 ab
1633 2278 1803 2312 Ordinario
1823 2278 1965 2322 praefato

1224 2333 1398 2366 examinari
1417 2339 1448 2365 ct
1477 2331 1649 2376 approbari
1671 2332 1828 2372 debeant,
1852 2332 1965 2365 cadem

1224 2385 1432 2424 aut-tornato,
1461 2385 1582 2430 pariter
1605 2390 1782 2428 perpetuo,
1809 2384 1966 2419 concedas

1224 2445 1254 2472 ‹·t
1275 2438 1436 2476 lit-entiam
1460 2438 1665 2482 iumen-tiaris.
1695 2439 1860 2472 Postremo
1880 2449 1965 2472 nunc

1224 2498 1253 2524 ot
1280 2503 1338 2535 pro
1367 2498 1510 2536 tempore
1540 2491 1749 2525 existcutibus
1783 2492 1962 2536 praefecto,

448 2557 493 2584 se,
516 2552 545 2577 et
566 2546 776 2579 nibilominus
798 2546 926 2579 iuterim
948 2548 1070 2580 fructus
1090 2552 1121 2579 ct
1142 2546 1189 2579 di·
1223 2557 1258 2578 :tr
1285 2545 1394 2579 iuratis
1419 2550 1451 2578 et
1474 2544 1598 2578 sindico
1624 2545 1774 2589 praefatis
1802 2545 1961 2589 iuspatro-

450 2598 656 2632 >tribunum-s
677 2599 881 2642 quotidianas
907 2599 1123 2639 dignitatum,
1152 2610 1188 2632 ac
1224 2604 1316 2632 uatus
1330 2605 1358 2632 et
1374 2597 1766 2643 praesentandipersonas
1780 2598 1911 2632 idoneas
1924 2596 1964 2631 ad

1968 210 2019 238 An.
2037 211 2067 238 c.
2086 211 2176 246 ¹595.
