2253 3195
255 215 304 241 Αιι.
326 213 354 241 C.
372 213 439 241 1602
485 203 549 237 8⁸2ss

455 263 516 296 bus
540 268 681 296 veterum
706 261 958 295 christianorum
994 271 1070 294 suae
1102 270 1199 304 paro-

457 316 568 350 chialis
594 316 673 349 alias
688 314 897 359 praepeditus
911 320 970 355 est,
989 325 1091 348 unum
1112 324 1202 358 prae-

456 369 621 414 sbyterum
635 369 735 402 mittit
755 368 869 402 diebus
885 367 1055 401 dominicis
1069 373 1099 401 et
1115 367 1203 401 sesti-

456 423 516 464 ris,
545 422 600 466 qui
619 421 699 455 duas
717 421 853 455 celebrat
867 422 996 462 missas;
1021 421 1150 465 alteram
1169 421 1201 454 in

456 475 593 509 ecclesia
611 474 756 508 suburbii
781 475 934 519 praefati,
962 476 995 509 in
1020 486 1116 519 quam
1134 474 1202 508 eius

456 527 604 561 suburbii
646 528 840 562 habitatores
872 528 1087 569 conveniunt;
1124 528 1202 561 alte-

457 591 524 614 ram
565 581 598 614 in
638 581 774 614 ecclesia
807 582 916 626 oppidi
951 581 1050 615 Galles
1064 610 1071 623 ,
1114 581 1201 625 quod

456 634 561 668 media
591 635 683 668 leuca
697 635 795 668 distat
819 646 836 668 a
862 636 988 677 Chelva,
1009 641 1039 669 et
1069 635 1198 669 habita-

458 694 544 722 tores
561 699 619 733 pro
643 689 759 723 salario
777 690 908 734 praefati
942 690 1119 734 presbyteri
1136 700 1198 723 no—

456 743 588 785 naginta
618 742 739 785 regalia
768 749 915 777 monetae
959 743 1110 777 Castellae
1131 771 1138 784 ‚
1172 749 1202 777 et

456 794 651 828 habitatores
681 796 851 841 Benaxuay
876 807 929 830 sex
964 797 1066 830 libras
1097 798 1201 831 ‹onse-

456 852 542 881 runt.
560 847 676 882 Rector
693 859 765 882 vcro
775 850 906 883 alteram
921 850 1051 883 missam
1063 850 1202 884 celebrat

458 901 491 934 in
511 902 629 946 oppido
649 902 821 948 Benaxuay
833 904 953 937 eisdem
971 904 1095 946 diebus,
1115 904 1200 948 quod

457 954 555 989 Villae
595 955 634 988 de
664 956 778 991 Chelva
816 964 863 991 est
894 958 1112 1002 propinquum
1132 986 1140 999 ‚
1171 964 1203 992 et

455 1015 580 1052 partem
620 1011 710 1053 quasi
739 1011 866 1044 tertiam
906 1011 1121 1055 primitiarum
1165 1023 1202 1046 ex

458 1062 610 1096 omnibus
634 1063 684 1096 his
700 1063 779 1097 locis
801 1064 931 1108 colligit,
954 1076 1036 1108 quae
1049 1064 1202 1109 quadrin-

455 1115 560 1158 gentis
585 1116 676 1149 libris
699 1118 895 1151 aestimatur.
924 1118 963 1152 Et
979 1119 1130 1162 quoniam
1149 1130 1202 1152 su-

455 1167 609 1202 burbium
630 1170 821 1213 praefatum,
846 1178 978 1215 propter
994 1172 1095 1216 plebis
1112 1173 1197 1206 mul-

456 1222 641 1263 titudinem,
659 1230 689 1257 et
703 1225 858 1268 oppidum
874 1225 976 1260 Galles
993 1232 1123 1271 propter
1140 1227 1200 1260 loci

456 1275 640 1310 distantiam
657 1284 811 1312 arectore
835 1279 874 1313 de
902 1279 1016 1312 Chelva
1048 1279 1201 1323 impossi-

455 1328 519 1362 bile
536 1336 583 1363 est
596 1330 825 1373 administrari,
837 1337 865 1365 et
881 1327 993 1366 eorum
1003 1332 1199 1367 habitatores

455 1382 487 1415 in
506 1382 568 1426 tide
589 1384 757 1424 catholica,
780 1391 875 1427 prout
907 1395 965 1428 par
989 1390 1047 1426 cst,
1062 1385 1198 1427 institui,

454 1442 579 1480 oportet
615 1437 701 1480 quod
735 1449 751 1471 a
783 1438 959 1482 parochiali
992 1439 1127 1473 ecclesia
1162 1441 1199 1474 de

455 1489 568 1523 Chelva
594 1491 856 1533 dismembretur,
876 1497 907 1526 et
933 1493 1199 1529 dismembratum

453 1550 594 1585 maneat,
623 1545 703 1578 etin
730 1544 887 1579 suburbio
912 1548 1052 1590 praelato
1068 1548 1200 1581 ccclesia

453 1598 587 1632 Sanctae
611 1598 719 1632 Crucis
744 1599 774 1632 in
801 1601 1015 1643 parochialem
1040 1601 1196 1646 erigatur,

454 1656 483 1685 et
509 1657 614 1685 crecta
631 1659 851 1693 mancat,cum
870 1654 1023 1695 sacrario,
1040 1655 1197 1696 sacristia,

454 1706 539 1738 sonte
564 1705 762 1749 baptismali,
796 1708 965 1751 campanili
1001 1709 1199 1753 caeterisque

455 1758 692 1801 parochialibus
711 1759 869 1804 insigniis,
892 1767 923 1794 ct
941 1772 1013 1795 cum
1031 1763 1119 1796 omni
1137 1763 1200 1796 alio

456 1812 550 1854 pleno
586 1813 655 1845 iure
693 1819 722 1846 et
753 1813 926 1858 privilegiis
965 1815 1198 1859 parochialium

456 1866 676 1907 ecclesiarum,
704 1873 735 1900 et
755 1877 829 1900 cum
854 1878 912 1901 suo
936 1870 1066 1913 proprio
1080 1875 1108 1903 et
1131 1881 1200 1915 pcr-

457 1924 553 1962 petuo
577 1920 718 1963 parocho
743 1925 774 1953 ct
806 1927 938 1962 rectore,
969 1923 1023 1966 qui
1057 1929 1201 1957 teneatur

458 1973 490 2005 in
516 1984 552 2006 ca
570 1973 775 2007 residentiam
794 1976 896 2008 facere
913 1976 1125 2019 personalem,
1144 1977 1200 2011 do-

459 2032 607 2071 leturquc
632 2027 821 2062 decentum
857 2028 945 2062 libris
981 2030 1012 2063 in
1046 2030 1201 2064 reditibus

457 2080 601 2123 quolibet
625 2091 722 2121 anne,
750 2081 809 2115 hoe
827 2083 971 2116 videlieet
987 2083 1094 2117 modo:
1113 2084 1199 2128 quod

458 2141 563 2168 rec-tor
582 2136 620 2168 de
644 2136 755 2169 Chelva
788 2137 887 2170 solvat
907 2137 1014 2170 decem
1039 2144 1068 2171 et
1086 2148 1199 2171 novem

458 2188 564 2227 libras,
590 2200 641 2223 sex
668 2190 786 2223 solidos
807 2197 834 2224 et
862 2196 933 2224 orto
966 2191 1124 2233 denarios,
1146 2202 1198 2224 ra-

459 2242 543 2276 tione
558 2243 895 2287 partisprimitiarum,
914 2256 1010 2288 quam
1029 2255 1063 2277 ex
1082 2245 1200 2278 «isdem

459 2296 584 2340 oppidis
604 2297 744 2339 colligit,
773 2308 854 2340 qua«
879 2298 993 2331 tatoris
1011 2310 1042 2332 cs
1030 2304 1054 2331 l
1074 2305 1200 2332 tantum

459 2356 489 2382 vt
513 2356 627 2393 orttuir
633 2350 697 2384 inla
722 2352 866 2395 quinque
890 2351 959 2385 libi⁴
963 2363 1065 2392 ιιιιιιι,
1081 2355 1219 2396 septem

459 2403 634 2436 ,οΙίιΙῡιιιιιι
661 2411 690 2437 ct
717 2405 810 2437 unius
835 2405 966 2438 ‹loz-nuit.
1002 2380 1116 2439 tte-'wint
1140 2418 1218 2450 pa-

461 2456 606 2490 rochiniis
632 2458 739 2501 oppidi
763 2459 868 2491 Tucxa
893 2459 992 2492 solvat
1017 2469 1129 2492 novem
1156 2460 1197 2492 li-

461 2508 550 2548 bias,
575 2510 744 2543 tresdecim
770 2512 888 2544 solidos
921 2517 950 2545 ct
982 2518 1120 2555 quatuor
1140 2513 1197 2545 ‹lc-

461 2563 578 2603 narios,
600 2564 720 2597 ration·-
739 2566 833 2609 partis
860 2565 1087 2610 primilixuiuu,
1103 2577 1199 2610 quam
1216 2572 1217 2576 ’

461 2627 495 2649 cx
521 2617 640 2649 eisdem
659 2619 783 2662 oppidis
804 2619 942 2663 colligit,
965 2619 1080 2653 valoris
1099 2630 1200 2653 ιιιιιιιι-

1037 212 1222 237 BULLARIUM
1241 212 1396 237 ROMANUM

1235 261 1323 303 ginta
1335 260 1473 294 duarum
1485 260 1639 295 librarum
1647 288 1654 302 ,
1677 261 1844 296 tresdecim
1856 260 1973 296 solido-

1235 325 1307 347 rum
1323 320 1354 348 et
1367 319 1439 348 octo
1459 314 1686 357 denariorum3
1717 315 1881 349 dominusx
1896 322 1975 350 tem-

1235 367 1353 411 poralis
1389 367 1487 401 Villae
1515 368 1555 402 de
1572 369 1687 403 Chelva
1714 369 1814 403 solvat
1833 369 1976 413 quinque

1234 421 1346 462 libras,
1366 422 1490 470 ratione
1514 422 1625 456 tertiae
1638 424 1738 466 partis
1756 432 1976 469 norennarum
1998 440 2001 441 ν

1234 475 1395 520 primitiae
1408 477 1580 520 praefatae,
1603 487 1700 520 quam
1717 476 1842 520 recipit,
1860 475 1976 510 valoris

1235 522 1348 573 riginti
1366 529 1513 574 quinque
1529 530 1697 564 librarum.
1725 530 1831 564 Mensa
1848 530 1974 574 episco-

1235 583 1315 626 palis
1325 583 1562 627 Segobricensis
1575 585 1675 618 solvat
1689 595 1742 618 sex
1757 583 1978 625 libras‚unum

1235 637 1376 670 solidum
1406 642 1437 670 et
1452 628 1687 671 tres'denarios
1711 648 1769 681 pro
1793 642 1881 682 parte
1914 637 1979 681 pri-

1235 691 1398 724 mitiarum
1410 719 1418 732 ,
1438 702 1535 735 quam
1555 691 1650 725 etiam
1682 691 1804 735 recipit.
1836 691 1979 724 Decanus

1235 743 1389 777 ecclesiae
1405 744 1645 788 Segobricensis
1669 744 1769 778 solvat
1787 750 1851 778 tres
1866 742 1976 784 libras,

1235 807 1287 830 sex
1311 797 1429 832 solidos
1467 803 1496 832 et
1522 803 1595 832 octo
1620 798 1770 831 denarios
1805 808 1863 842 pro
1890 801 1980 841 parte

1235 852 1419 885 earumdem
1448 851 1680 896 primitiarum,
1715 862 1812 895 quam
1842 850 1975 894 colligit.

1235 905 1273 939 Et
1290 906 1441 949 quoniam
1467 911 1539 949 post
1562 905 1689 939 obitum
1721 905 1806 939 Petri
1836 904 1979 938 Ramirez

1235 958 1384 992 moderni
1409 958 1541 1000 decani,
1558 959 1682 992 fructus
1699 958 1777 992 dicti
1793 959 1976 1000 decanatus,

1235 1012 1423 1046 auctoritate
1443 1013 1632 1057 apostolica,
1652 1012 1733 1046 uniti
1759 1017 1834 1046 sunt
1857 1021 1979 1045 massae

1236 1066 1401 1099 communi
1418 1065 1551 1110 capituli
1567 1065 1719 1100 ecclesiae
1727 1064 1978 1109 SegobricensiS,

1236 1118 1353 1152 relictis
1378 1119 1564 1163 quingentis
1588 1119 1678 1152 libris
1695 1124 1821 1152 tantum
1849 1129 1907 1162 pro
1924 1117 1978 1151 de-

1235 1181 1315 1205 cano
1333 1171 1441 1206 futuro
1469 1178 1501 1205 et
1517 1172 1771 1212 successoribus,
1783 1172 1906 1206 fructus
1922 1182 1979 1204 au—

1235 1231 1297 1259 tem
1317 1225 1451 1268 praefati
1472 1225 1559 1258 mille
1575 1231 1606 1260 et
1633 1230 1760 1260 centum
1778 1224 1868 1258 libris
1883 1225 1980 1258 aesli-

1234 1332 1290 1364 tita
1306 1331 1401 1365 fuerit
1419 1331 1580 1373 effectum,
1593 1331 1731 1366 decanus
1748 1337 1779 1365 et
1799 1331 1978 1375 capitulum

1234 1385 1355 1418 solvant
1364 1395 1423 1428 pro
1433 1385 1601 1419 medietate
1612 1384 1713 1419 dictas
1731 1389 1793 1418 tres
1805 1384 1914 1425 libras,
1925 1394 1978 1417 sex

1233 1439 1352 1473 solidos
1373 1445 1404 1472 et
1432 1445 1505 1473 octo
1534 1438 1693 1483 denarios,
1711 1438 1858 1472 videlicet
1878 1438 1979 1472 deca-

1234 1505 1294 1529 nus
1312 1495 1444 1538 triginta
1468 1501 1531 1529 tres
1547 1494 1666 1529 solidos
1680 1500 1712 1528 et
1726 1499 1866 1538 quatuor
1881 1493 1978 1527 dena-

1234 1547 1316 1589 rios,
1351 1553 1381 1582 et
1411 1547 1591 1592 Capitulum
1616 1547 1737 1582 similes
1761 1546 1890 1591 triginta
1913 1553 1979 1581 tres

1233 1601 1353 1634 solidos
1371 1606 1401 1634 et
1425 1606 1565 1644 quatuor
1589 1601 1748 1642 denarios,
1769 1600 1892 1634 ratione
1915 1610 1979 1644 qua

1233 1665 1338 1699 supra.
1357 1653 1609 1688 Archidiaconus
1633 1655 1672 1688 de
1699 1654 1853 1698 Alpuente
1872 1652 1979 1687 Eccle-

1233 1709 1298 1742 siae
1315 1708 1552 1752 Segobricensis
1576 1709 1676 1742 solvat
1703 1707 1873 1742 duodecim
1897 1706 1979 1740 soli-

1234 1762 1291 1796 dos
1315 1768 1345 1796 et
1365 1773 1465 1796 unum
1483 1762 1664 1802 denarium,
1682 1761 1807 1795 ratione
1832 1760 1979 1795 undenae

1234 1816 1333 1860 partis
1361 1825 1581 1851 novennarum
1621 1815 1764 1849 eiusdem
1799 1813 1976 1858 primitiae,

1234 1880 1316 1914 quac
1356 1869 1474 1902 valoris
1502 1873 1549 1901 est
1583 1869 1745 1912 sexaginta
1780 1873 1852 1900 octo
1875 1866 1975 1899 libra-

1235 1934 1319 1964 rum,
1346 1923 1515 1957 duodecim
1542 1922 1720 1956 solidorum
1762 1927 1793 1956 ct
1828 1926 1900 1955 octo
1917 1921 1975 1954 de-

1235 1977 1410 2009 nariorum.
1447 1975 1656 2019 Applieantur
1680 1980 1843 2019 praeterea
1868 1973 1978 2007 decem

1235 2029 1354 2068 librae,
1395 2039 1475 2072 quas
1507 2028 1695 2062 universitas
1731 2027 1841 2072 oppidi
1879 2026 1980 2060 Calles

1235 2082 1379 2127 promisit
1397 2087 1425 2115 ct
1449 2092 1482 2115 sc
1499 2081 1652 2126 obligavit
1666 2080 1843 2115 voluntarie
1857 2079 1978 2114 solvere

1217 2135 1407 2180 }‹{uotannis
1432 2135 1546 2168 rectori
1565 2134 1711 2168 suburbii
1730 2133 1874 2178 praefati,
1889 2143 1977 2167 com-

1217 2183 1218 2225 ἶ
1236 2189 1403 2234 prehensis
1428 2188 1490 2222 illis
1507 2188 1682 2232 nonaginta
1704 2187 1875 2232 regalibus,
1895 2197 1978 2230 quae

1235 2250 1326 2277 antea
1351 2242 1510 2282 solvebat,
1537 2248 1610 2275 actu
1639 2247 1765 2286 recepto
1797 2251 1855 2285 per
1874 2239 1974 2273 insta-

1216 2297 1387 2352 lsiriplum
1421 2295 1579 2329 notarium
1615 2295 1674 2329 sub
1699 2295 1750 2328 die
1775 2304 1784 2327 ι
1809 2293 1875 2328 iulii
1902 2292 1976 2327 anni

1236 2350 1586 2394 m›xcv1.t1»ptieantu1
1595 2362 1610 2381 ι·
1615 2348 1854 2383 tiamsexdecim
1866 2347 1978 2389 librae,

1216 2403 1314 2447 'quas
1334 2403 1521 2436 unitetsilas
1546 2413 1592 2447 pr.
1585 2402 1678 2435 aerati
1705 2401 1850 2435 suburbii
1875 2406 1906 2435 ct
1922 2401 1978 2434 ha-

1236 2458 1390 2492 bitatores
1415 2458 1580 2502 Beuaxuay
1607 2457 1785 2491 voluntarie
1809 2466 1843 2490 sc
1867 2455 1972 2490 obbli-

1216 2507 1217 2522 ¹
1235 2518 1351 2556 garant
1378 2518 1404 2544 et
1432 2512 1647 2556 promiserunt
1664 2512 1785 2545 solvere
1805 2509 1976 2554 quotannis

1236 2566 1266 2599 iu
1291 2566 1532 2599 subventionem
1570 2565 1742 2609 praesentis
1777 2562 1973 2603 dotationis,

1235 2619 1376 2652 vich-livet
1409 2618 1600 2652 suburbium
1638 2619 1747 2652 decem
1785 2617 1906 2657 libras,
1943 2620 1975 2649 et

1234 1284 1372 1312 mantur:
1383 1279 1655 1323 quandocumque
1662 1280 1802 1322 praefata
1815 1277 1894 1312 unio
1909 1288 1978 1311 sor·
2011 1320 2014 1322 -

1987 211 2037 240 An.
2054 212 2082 240 C.
2104 210 2182 254 1803*

2155 255 2199 341 1
