2253 3195
810 244 906 268 anEx
933 243 1062 267 arnmot
1068 243 1130 267 RUM

208 308 334 343 CLXIV.
370 307 578 342 Confirmati0
615 306 857 350 privilegiorum
894 316 954 349 pro

299 369 445 407 tempore
457 361 617 395 existentis
630 360 865 404 archiepiscopi
878 361 956 393 Ave-

299 416 477 453 nionensis,
501 415 577 448 369.

211 478 325 513 CLXV.
349 478 558 512 Confirmatio
580 483 610 510 et
637 477 778 510 extensio
800 476 955 509 constitu-

301 533 425 565 tionum
441 531 599 565 editarum
622 537 735 564 contra
753 530 956 563 extrahentes

302 586 340 619 de
361 586 450 619 Statu
472 584 692 617 Ecclesiastico
714 583 876 623 animalia,
893 582 957 615 sru-

302 649 356 682 ges
377 645 407 672 et
426 639 598 677 frumenta,
613 637 708 670 etiam
731 648 767 670 ex
788 637 881 669 bonis
906 647 957 669 ec-

304 691 489 725 clesiasticis
514 692 659 729 collecta,
684 697 713 723 et
740 696 852 723 contra
874 701 957 722 mer-

302 751 412 779 cantes
436 746 484 778 vel
506 744 680 778 retinentes
709 744 740 776 in
761 744 847 777 dicto
868 744 958 776 Statu

303 801 349 834 sal
371 806 532 838 exterum,
552 799 755 842 baronesque
785 798 824 831 ab
846 808 958 830 eorum

303 853 439 886 subditis
468 858 612 886 ementes
645 852 842 884 frumentum
876 850 959 883 ultra

305 917 399 939 usum
421 906 517 939 unius
539 906 624 945 anni,
646 904 721 938 373.

216 969 345 1003 CLXVI.
369 969 468 1011 Leges
492 968 667 1002 servandae
696 968 727 1000 in
754 967 961 1000 concedenda

301 1023 412 1056 laurea
433 1023 619 1055 doctoratus
644 1021 753 1063 Anglis
774 1020 958 1060 catholicis,

305 1077 359 1121 qui
379 1077 410 1109 in
431 1076 613 1110 seminariis
633 1086 764 1120 operam
779 1075 894 1108 studiis
907 1085 963 1107 na-

305 1136 390 1169 vant,
414 1129 489 1163 375.

218 1183 362 1219 CLXVII.
384 1183 542 1217 Institutio
563 1183 660 1216 trium
681 1183 894 1216 novitiatuum
916 1182 962 1215 vel

307 1237 557 1270 seminariorum
581 1236 611 1268 in
639 1236 740 1269 tribus
761 1235 965 1269 monasteriis

308 1286 436 1325 Ordinis
456 1290 563 1324 Sancti
584 1290 691 1323 Basilii
713 1290 744 1322 in
766 1289 867 1330 Italia,
892 1300 964 1323 cum

308 1345 524 1387 assignatione
549 1344 769 1377 subventionis
795 1355 854 1388 per
879 1354 967 1377 com-

309 1398 527 1431 mendatarios
538 1398 682 1441 ipsorum
695 1397 965 1431 monasteriorum

311 1451 355 1484 eis
375 1451 544 1484 annuatim
565 1451 788 1494 praestandae,
812 1450 887 1484 376.

222 1511 381 1546 CLXVIII.
416 1511 625 1545 Confirmatio
662 1511 833 1545 erectionis
869 1512 965 1545 trium

311 1565 562 1608 capellaniarum
582 1565 621 1597 ab
639 1566 731 1598 Anna
750 1565 924 1608 Iagellonia
938 1571 968 1598 et

310 1618 517 1660 Sigismundo
538 1619 576 1651 Ill
598 1618 750 1652 Poloniae
771 1629 846 1661 rege
868 1619 900 1651 in
918 1630 968 1652 ec-

312 1673 409 1706 clesia
422 1672 528 1706 Sancti
543 1673 664 1706 Nicolai
677 1673 812 1707 civitatis
823 1674 969 1707 Barensis

313 1726 521 1760 fundatarum
543 1737 601 1770 pro
622 1727 730 1760 anima
756 1728 862 1761 Bonae
887 1728 970 1770 regi-

313 1790 373 1813 nae
393 1780 548 1813 Poloniae
566 1786 596 1813 et
616 1780 688 1814 Bari
710 1781 867 1822 ducissae,
891 1780 966 1815 378.

224 1840 355 1875 CLXIX.
377 1843 560 1876 Mandatum
582 1843 622 1876 de
643 1843 848 1877 immittendo
862 1844 971 1878 Came-

314 1906 382 1928 ram
397 1897 613 1940 Apostolicam
633 1897 663 1930 in
678 1898 915 1941 possessionem
929 1898 972 1932 ci-

309 1948 415 1982 vitatis
436 1955 467 1983 et
487 1951 621 1984 ducatus
638 1951 863 1993 Ferrariensis,
887 1952 973 1985 iuxta

314 2003 507 2036 sententiam
534 2005 693 2048 prolatam
726 2011 839 2039 eontra
863 2006 973 2040 Caesa-

317 2066 385 2089 rem
406 2057 583 2098 Estensem‚
607 2057 683 2091 380.

228 2117 344 2152 CLXX.
366 2119 549 2153 Mandatum
578 2121 617 2154 de
646 2120 826 2156 intimando
847 2123 973 2157 Caesari

317 2173 441 2206 Estensi
462 2174 672 2216 sententiam,
700 2186 763 2219 qua
790 2176 976 2210 declaratur

319 2227 480 2260 civitatem
495 2233 526 2261 et
540 2228 693 2262 ducatum
704 2229 870 2263 Ferrariae
880 2230 976 2264 devo-

318 2281 423 2314 lutum
449 2281 543 2315 fuisse
564 2283 604 2316 ad
624 2282 774 2316 Sanctam
796 2284 975 2317 Romanam

318 2334 494 2368 Ecclesiam
525 2335 706 2380 Sedemque
743 2342 774 2370 et
809 2337 976 2371 Cameram

320 2389 552 2432 Apostolicam,
570 2388 645 2423 3802.

232 2450 360 2484 CLXXI.
384 2452 571 2486 Declaratur
595 2452 878 2498 archiepiscopum
904 2455 978 2488 Bra-

324 2504 512 2538 charensem
527 2517 621 2550 posse
633 2517 708 2540 suos
723 2508 980 2551 comprovincia-

324 2557 369 2591 les
390 2559 558 2603 episeopos
576 2571 691 2603 cogere
709 2567 744 2594 ut
760 2561 820 2595 sibi
837 2589 843 2599 ,
868 2572 979 2594 eornm

325 2611 469 2646 civitates
499 2612 711 2656 ingredienti,
735 2613 982 2658 processionali-

326 2670 374 2698 ter
394 2671 423 2699 et
442 2677 515 2700 cum
537 2672 605 2700 toto
625 2668 724 2709 clero,
737 2674 861 2702 servata
880 2668 982 2701 forma

1639 228 1703 262 943

1076 303 1272 337 Pontificalis
1285 301 1421 336 Romani
1435 301 1562 335 obviam
1577 306 1660 340 eant,
1674 310 1733 343 pro

1077 358 1182 401 prima
1204 363 1326 390 tantum
1353 356 1432 394 vice,
1456 355 1532 388 385.

989 411 1138 445 CLXXII.
1167 410 1377 444 Confirmatio
1410 415 1440 442 et
1470 408 1634 441 innovatio
1664 418 1736 450 gra-

1080 465 1195 498 tiarum
1227 470 1258 497 et
1286 463 1529 507 privilegiorum
1562 461 1732 499 omnium,

1080 519 1175 551 etiam
1206 529 1264 562 per
1296 517 1376 549 viam
1407 514 1733 553 communicationis,

1079 582 1305 606 concessorum
1346 570 1520 604 Ordinibus
1554 575 1618 602 tam
1655 569 1737 601 Fra-

1080 632 1163 659 trum
1188 625 1346 658 Minorum
1372 623 1540 666 Regularis
1560 622 1738 656 Observan-

1082 680 1156 720 tiae,
1181 690 1276 722 quam
1298 678 1328 712 S.
1353 678 1462 712 Clarae
1483 683 1513 710 et
1529 676 1625 710 Tertii
1647 676 1739 709 Ordi-

1081 733 1130 765 nis
1151 733 1189 766 de
1210 731 1411 765 Poenitentia
1431 730 1531 764 sancti
1557 729 1735 767 Francisci,

1082 787 1112 819 in
1135 786 1366 819 communione
1387 790 1418 818 et,
1438 785 1497 818 sub
1529 784 1631 817 tribus
1659 783 1740 816 votis

1083 839 1306 872 essentialibus
1326 838 1512 878 viventium,
1538 838 1570 870 in
1595 837 1644 870 his
1659 847 1740 880 quae

1083 893 1226 926 Concilio
1252 892 1439 925 Tridentino
1461 897 1492 925 et
1512 890 1651 924 decretis
1671 890 1742 923 Fra-

1084 951 1168 979 trum
1189 946 1451 979 Reformatorum
1476 955 1541 977 non
1571 944 1741 977 adversan-

1084 1005 1146 1039 tur,
1171 998 1247 1031 380.

996 1053 1152 1088 CLXXIII.
1174 1054 1300 1086 Poenae
1318 1058 1431 1086 contra
1450 1052 1617 1086 Caesarem
1632 1052 1742 1085 Esten-

1086 1117 1152 1140 sem
1175 1106 1268 1150 eique
1289 1107 1430 1139 faventes
1445 1133 1452 1147 ,
1476 1106 1500 1139 si
1519 1111 1592 1149 post
1617 1106 1741 1149 lapsum

1087 1160 1302 1193 terminorum
1317 1187 1324 1199 ‚
1348 1160 1403 1203 qui
1432 1159 1483 1192 hic
1513 1159 1740 1201 assignantur,

1088 1213 1263 1257 quominus
1283 1213 1449 1246 Ferrariae
1467 1213 1620 1245 ducatum
1639 1212 1678 1245 ad
1693 1212 1746 1245 Ca-

1088 1278 1197 1300 merae
1218 1267 1420 1311 Apostolicae
1442 1266 1675 1310 possessionem
1692 1266 1745 1299 de-

1089 1322 1207 1362 veniat,
1221 1321 1458 1365 impediverint,
1473 1322 1640 1364 formaque
1653 1331 1746 1364 prae-

1090 1381 1197 1409 sentes
1215 1376 1336 1409 litteras
1357 1375 1556 1419 publicandi,
1580 1374 1655 1407 389.

1002 1430 1160 1465 CLXXIV.
1184 1429 1393 1464 Confirmatio
1419 1429 1590 1463 erectionis
1610 1429 1748 1470 Congre-

1090 1483 1229 1526 gationis
1249 1483 1419 1516 Doctrinae
1439 1482 1637 1516 Christianae
1658 1481 1689 1513 in
1705 1481 1747 1514 ci-

1091 1538 1185 1570 vitate
1210 1536 1434 1577 Avenionensi,
1459 1546 1531 1569 cum
1561 1535 1746 1568 facultatum

1091 1597 1122 1625 et
1134 1591 1410 1634 indulgentiarum
1424 1591 1655 1624 nonnullarum
1670 1600 1747 1622 con-

1092 1646 1249 1687 cessione,
1270 1645 1345 1678 lflf'l.

1004 1700 1143 1735 CLXXV.
1165 1699 1375 1733 Confirmatio
1397 1698 1568 1732 erectionis
1581 1697 1748 1742 hospitalis

1092 1764 1205 1788 senum
1231 1759 1262 1786 et
1290 1752 1505 1786 bibliothecae
1537 1763 1595 1796 pro
1626 1752 1746 1784 instru-

1094 1809 1200 1842 ctione
1214 1807 1292 1841 cleri
1310 1818 1368 1851 per
1388 1806 1668 1851 arehiepiscopum
1689 1806 1747 1839 Ca-

1094 1872 1238 1906 puanum
1265 1861 1379 1901 sactae,
1407 1860 1483 1893 413.

1006 1915 1162 1950 CLXXVI.
1180 1914 1380 1958 Praepritur
1393 1913 1639 1956 arehIepiscopo
1657 1912 1753 1944 Elbo-

1095 1969 1181 2003 rensi
1202 1980 1241 2002 ne
1263 1979 1363 2002 novos
1385 1967 1587 2007 christianos,
1613 1966 1666 2010 qui
1690 1965 1754 1998 ori-

1097 2023 1204 2066 ginem
1232 2033 1250 2055 a
1275 2022 1402 2056 ludaeis
1423 2021 1470 2054 vel
1492 2019 1661 2054 haereticis
1692 2025 1754 2052 tra-

1099 2077 1177 2110 hunt
1196 2104 1203 2117 ,
1232 2077 1319 2110 iuxta
1347 2075 1540 2109 sententiam
1569 2074 1755 2115 Congrega-

1098 2130 1194 2164 tionis
1207 2129 1339 2164 Concilii
1354 2128 1683 2170 constitutionemque
1697 2127 1756 2159 Bo—

1098 2185 1205 2219 nisacii
1220 2185 1298 2223 VIII,
1315 2195 1332 2216 a
1346 2183 1445 2217 sacris
1466 2182 1634 2216 ordinibus
1655 2181 1758 2214 exclu-

1100 2240 1164 2277 dat,
1189 2238 1264 2271 sil-st.

1011 2292 1187 2328 CLXXVII.
1227 2291 1403 2333 Collegium
1440 2288 1570 2323 Ordinis
1608 2288 1755 2321 Fratrum

1100 2346 1363 2380 Praedicatorum
1393 2344 1529 2377 civitatis
1560 2343 1756 2383 Angelorum

1102 2401 1133 2434 in
1148 2400 1246 2433 Indiis
1258 2398 1474 2433 Orientalibus
1490 2396 1678 2441 provinciae
1688 2396 1755 2429 Me-

1101 2454 1254 2494 xieanae,
1278 2453 1337 2486 sub
1359 2451 1562 2484 invocatione
1593 2450 1622 2483 S.
1647 2449 1759 2482 Ludo-

1104 2507 1175 2547 vici,
1191 2507 1220 2539 in
1242 2505 1404 2550 publicam
1426 2503 1669 2537 umversitatem
1691 2502 1756 2535 eri-

1104 2560 1200 2603 gitur,
1218 2559 1312 2602 eique
1333 2557 1511 2602 privilegia,
1528 2556 1662 2590 caeteris
1682 2555 1760 2588 uni—

1105 2612 1310 2646 versitatibus
1341 2611 1522 2646 studiorum
1556 2609 1758 2653 generalium

1106 2665 1240 2699 concedi
1263 2665 1368 2706 solita,
1392 2665 1626 2704 conceduntur,
1649 2662 1724 2695 lita.
