2253 3195
56 298 108 328 An.
124 297 154 325 C.
176 295 244 326 1599

103 1848 158 1870 Nove
167 1849 252 1869 crebras

71 1883 140 1898 oerum
164 1878 250 1898 translu-

71 1906 137 1926 tiones
152 1907 217 1931 petat,

879 292 1026 321 CLEMENS
1046 292 1104 316 VIII
1121 289 1171 316 1³1³.

254 345 373 379 tionem
395 343 528 378 existere
557 354 686 377 necesse
707 349 770 379 est.
794 343 880 387 quod
901 341 996 375 nimis

254 398 354 431 multa
366 404 397 431 et
409 403 554 431 veterum
569 405 599 431 et
614 403 798 430 nostrorum
814 402 995 439 temporum

254 452 400 494 exempla
430 451 603 484 declarant.
628 450 801 483 Hortamur
826 448 922 491 igitur
942 454 993 487 tc,

254 502 298 535 siti
317 503 515 543 charissime,
541 509 575 536 ut
592 513 751 536 suminam
770 502 829 534 hac
849 501 879 533 in
902 511 935 533 re
951 500 997 533 di-

254 556 418 598 ligentiam
454 557 608 590 adhibeas
622 583 629 596 ,
664 555 819 598 omnique
856 554 997 586 humano

255 610 370 643 affectu
390 610 536 650 abiecto,
564 615 598 642 ut
628 615 657 642 te
678 610 836 642 facturum
863 607 998 640 contidi-

256 674 345 703 mus,
379 664 418 696 ad
448 664 549 696 solam
581 662 636 695 Dei
670 662 806 704 gloriam
838 660 996 705 aspicias,

256 716 348 749 multi
370 716 456 749 enim
477 716 612 759 periculi
640 721 687 748 est
712 715 742 747 in
765 725 798 748 re
821 720 885 747 tam
912 713 999 756 gravi

256 780 272 802 a
303 770 353 802 via
381 776 467 803 recta
497 769 669 809 aberrare,
698 774 728 801 et
760 767 1001 801 communicare

256 824 396 866 peccatis
420 823 544 856 alienis.
570 823 691 856 Deinde
713 833 731 854 a
753 828 806 855 tua
837 822 1001 854 maiestate

256 876 396 920 petimus
416 876 512 909 etiam
533 882 629 920 atque
650 875 758 916 etiam,
776 886 815 907 ne
832 875 916 908 viros
929 886 1003 918 spu-

256 930 322 963 rios
342 936 373 963 et
393 930 596 973 illegitimos,
622 936 652 963 et
673 940 737 962 non
763 940 799 962 ex
827 930 909 962 iusto
937 939 1003 961 ma-

258 983 411 1017 trimonio
431 990 620 1027 procreatos
647 983 740 1016 nobis
768 993 948 1026 proponas,
972 982 1002 1014 id

259 1037 345 1069 enim
365 1048 531 1070 sacrorum
553 1047 726 1077 canonum,
748 1042 776 1069 et
792 1036 1003 1069 conciliorum

260 1091 388 1124 decreta
413 1092 503 1125 valde
528 1091 723 1127 abhorrent:
749 1091 828 1122 nihil
858 1090 943 1123 enim
973 1090 1004 1122 in

261 1144 393 1177 domum
411 1145 466 1178 Dei
482 1172 490 1185 ‚
508 1155 604 1188 quam
632 1145 724 1177 decet
742 1144 937 1182 sanctitudo,
959 1143 1005 1175 in-

260 1198 427 1241 quinatum
448 1198 572 1241 ingredi
587 1198 692 1239 debet,
711 1198 812 1230 multo
831 1197 938 1229 minus
956 1196 980 1229 is
996 1224 1002 1237 ,

261 1251 315 1295 qui
331 1252 464 1285 caeteris
477 1257 621 1295 praeest;
639 1262 712 1284 nam
723 1251 777 1295 qui
790 1250 1006 1283 continentiae

262 1305 413 1347 magister
431 1305 654 1345 constituitur,
675 1305 762 1337 hunc
786 1310 939 1348 paternae
960 1303 1005 1335 in-

262 1358 477 1392 continentIae
503 1358 694 1391 memoriam
715 1369 823 1391 secum
850 1363 1007 1401 perpetuo

264 1412 475 1445 circumferre
493 1412 589 1445 nimis
607 1412 783 1445 absurdum
804 1417 860 1444 est.
878 1411 1008 1453 Egimus

263 1466 359 1498 etiam
380 1477 417 1499 ea
436 1466 474 1499 de
488 1477 522 1499 re
537 1477 609 1499 cum
625 1466 730 1499 clarae
745 1465 921 1498 memoriae
936 1465 1009 1497 Phi-

264 1519 353 1563 lippo
371 1530 446 1561 rege
471 1525 562 1563 patre
587 1525 653 1559 tuo,
670 1530 710 1552 nc
729 1518 888 1552 eiusmodi
906 1518 1010 1551 homi-

264 1583 320 1606 nes
339 1573 379 1605 atl
398 1573 549 1606 ecclesias
570 1573 753 1605 nominaret
769 1600 776 1611 ,
793 1582 872 1605 neve
890 1572 921 1604 in
939 1582 1009 1604 eam

265 1637 322 1659 nos
340 1627 562 1660 necessitatem
577 1627 762 1665 adduceret,
780 1631 815 1658 ut
832 1636 886 1658 eos
900 1625 1011 1658 reiice-

265 1690 385 1720 remus,
414 1680 501 1723 quod
527 1680 686 1713 maiestati
707 1685 780 1713 tuae
805 1690 891 1712 nune
916 1679 1010 1712 etiam

266 1733 498 1776 significamus.

310 1788 326 1829 ξ
344 1786 374 1819 3.
396 1787 433 1820 Et
446 1787 600 1830 quoniam
616 1797 666 1820 res
686 1786 860 1830 Hispaniae
878 1797 943 1819 non
957 1797 1012 1830 pa-

268 1850 339 1873 rum
353 1840 447 1873 nobis
460 1846 555 1873 notae
569 1841 739 1883 sunt(nam
754 1840 802 1872 bis
816 1840 847 1872 in
861 1840 1013 1884 Hispania

268 1893 403 1934 suimus,
425 1894 546 1937 diuque
570 1893 601 1926 in
620 1905 656 1926 ea
683 1893 799 1927 versati
817 1894 917 1926 multa
946 1893 1014 1926 ani-

269 1947 520 1987 madvertimus,
548 1947 739 1991 praesertim
770 1957 853 1990 quae
880 1947 920 1979 ad
947 1947 1012 1991 epi-

269 2010 384 2044 scopos
397 2000 585 2044 pertinent),
602 2011 667 2034 non
690 2001 795 2034 solum
813 2001 1012 2033 maiestatem

270 2059 356 2086 tuam
372 2054 578 2097 requirimus,
596 2060 630 2087 ut
641 2054 726 2087 viros
740 2065 776 2087 ex
789 2054 934 2096 legitimo
949 2065 1015 2087 ma-

271 2107 424 2140 trimonio
442 2112 534 2140 natos
551 2113 674 2140 tantum
689 2118 864 2151 proponas,
881 2118 962 2151 quos
976 2109 1015 2141 ad

270 2160 526 2193 nominationem
537 2165 625 2193 tuam
639 2160 782 2193 ecclesiis
790 2160 1016 2203 praeficiamus

272 2213 440 2257 episcopos
454 2219 484 2246 et
502 2219 656 2257 pastores,
677 2213 733 2246 sed
751 2213 830 2245 illutl
844 2224 974 2256 quoque
988 2219 1016 2246 te

272 2266 444 2299 efficaciter
462 2267 493 2299 in
515 2266 652 2299 Domino
677 2266 846 2299 hortamur
871 2272 902 2299 et
926 2277 1018 2308 roga-

273 2331 354 2361 mus,
376 2331 415 2352 nc
435 2320 563 2353 crebras
582 2331 599 2352 a
621 2319 714 2352 nobis
732 2319 959 2363 episcoporum
979 2320 1017 2352 ah

273 2384 336 2405 una
350 2373 389 2406 ad
404 2373 571 2406 ecclesiam
590 2373 685 2405 aliam
712 2372 938 2405 translationes
962 2383 1018 2416 pe—

274 2432 331 2466 tas,
348 2426 408 2459 nisi
427 2426 508 2459 iusta
523 2431 552 2458 et
566 2425 727 2469 imprimis
741 2425 829 2465 atavi
846 2426 885 2459 (lc
900 2436 1015 2465 rausa3

274 2490 347 2512 nain
373 2484 404 2511 et
420 2479 445 2511 si
463 2478 545 2511 sacri
571 2489 710 2511 canones
734 2489 799 2511 non
824 2478 958 2511 omnino
988 2479 1018 2511 id

274 2532 458 2576 prohibent,
475 2542 566 2564 veras
581 2537 687 2564 tamen
706 2537 813 2564 etnon
832 2532 916 2564 leves
935 2537 1020 2564 tran-

275 2585 415 2619 sferendi
441 2596 553 2619 causas
581 2586 765 2629 postulant,
783 2591 818 2618 ut
836 2595 899 2618 non
919 2585 1020 2618 ainlii-

277 2639 353 2672 tioni
368 2644 397 2671 et
416 2638 577 2679 avaritiae,
598 2639 654 2671 sed
669 2639 782 2671 maiori
800 2638 853 2671 Dei
873 2638 1016 2680 gloriae,

277 2698 307 2725 et
324 2693 520 2736 populorum
535 2692 662 2725 utilitati
677 2692 843 2726 serviatur.
861 2692 951 2725 Nunc
966 2702 1021 2724 au-

1665 274 1729 310 479

1031 346 1093 374 tem
1112 350 1209 384 quarn
1231 340 1382 382 frequens
1400 348 1436 370 ea
1450 336 1650 370 consuetudo
1671 336 1703 368 in
1721 336 1774 369 Hi-

1791 288 1838 314 An.
1856 287 1884 314 C.
1907 286 1975 316 1599

1843 349 1874 369 Oh
1900 356 1975 371 causas

1790 381 1843 401 quas
1865 377 1898 396 liic
1921 384 1975 397 suni-

1030 394 1143 438 spania
1160 394 1211 433 sit,
1240 404 1276 426 ac
1305 393 1394 425 nullo
1419 392 1483 425 sere
1504 401 1673 424 causarum
1695 400 1775 433 pon·
1790 409 1855 422 „mie
1869 405 1961 429 eamn-t.

1013 458 1015 462 ·
1032 448 1108 480 dere
1123 453 1154 480 et
1168 447 1305 485 delectu,
1323 445 1470 489 quotidie
1484 445 1630 477 videmus
1644 449 1674 476 et
1688 443 1776 485 inge-

1033 500 1215 538 miscimus,
1237 510 1272 532 ex
1299 499 1359 531 hoc
1386 498 1546 542 siquidem
1576 497 1671 530 veluti
1691 497 1777 529 sonte

1034 553 1133 585 multa
1147 552 1364 591 incommoda,
1378 551 1455 594 quin
1467 551 1573 594 potius
1583 550 1778 583 detrimenta

1033 603 1778 649 promanant.Ete11imepiscopicompluresnon

1034 669 1106 691 vere.
1131 664 1161 690 et
1179 669 1215 691 ex
1241 657 1349 690 animo
1373 668 1445 689 cum
1465 667 1522 689 sua
1536 656 1669 689 ccclesia
1687 656 1780 699 spiri-

1035 713 1118 745 tuale
1155 711 1397 744 matrimonium
1422 709 1628 747 contrahunt,
1664 719 1780 751 magna

1036 776 1108 798 cum
1122 765 1239 797 iniuria
1252 764 1330 798 tanti
1343 763 1547 803 sacramenti,
1558 764 1611 795 sed
1628 768 1780 805 tanquam

1037 818 1106 851 salsi
1139 824 1299 851 amatores
1337 817 1484 850 simulate
1520 822 1550 849 et
1582 816 1621 848 ad
1655 820 1782 859 teinpus

1037 877 1167 913 amant,
1192 872 1231 904 ad
1257 871 1382 904 ditioris
1404 876 1434 903 ct
1458 869 1626 913 amplioris
1647 879 1782 912 sponsae

1038 927 1164 970 nuptias
1178 926 1365 969 aspirantes.
1377 925 1486 968 Itaque
1498 924 1588 967 quasi
1602 924 1699 967 paulo
1713 929 1784 966 post

1038 979 1220 1018 discessuri,
1231 990 1289 1012 nec
1301 989 1431 1021 gregem
1445 989 1538 1011 suum
1554 988 1589 1010 ex
1604 982 1670 1009 toto
1685 976 1783 1009 corde

1039 1038 1159 1072 amant,
1176 1043 1234 1065 nec
1249 1043 1380 1064 manum
1395 1031 1435 1064 ad
1449 1037 1591 1063 aratrum
1606 1030 1784 1074 spiritualis

1040 1087 1185 1119 culturae
1198 1086 1323 1118 sortiter
1337 1086 1525 1123 admovent;
1550 1084 1649 1117 multa
1664 1083 1695 1116 in
1715 1094 1786 1127 spe-

1040 1140 1087 1173 cie
1107 1146 1230 1173 tantum
1256 1146 1352 1182 agunt
1370 1167 1376 1179 ‚
1402 1139 1502 1172 multa
1523 1144 1731 1182 praetereunt
1750 1148 1787 1170 ac

1041 1193 1218 1235 negligunt,
1243 1199 1274 1225 et
1302 1193 1442 1236 denique
1468 1191 1659 1225 mercenarii
1680 1190 1787 1234 potius

1041 1258 1139 1291 quam
1165 1247 1302 1291 pastoris
1323 1257 1495 1290 personam
1527 1251 1646 1288 agunt,
1667 1250 1784 1288 atque,

1042 1307 1076 1334 ut
1093 1302 1194 1334 multa
1213 1300 1508 1345 praetermittamus
1534 1310 1571 1332 ex
1585 1299 1661 1342 ipsis
1686 1298 1788 1331 ecole-

1042 1355 1106 1395 siiS,
1128 1350 1271 1395 hoeest‚
1289 1366 1325 1387 ex
1346 1365 1459 1388 earum
1480 1353 1629 1386 aedificio
1656 1359 1687 1385 et
1706 1357 1789 1385 stru-

1043 1414 1152 1449 ctura,
1184 1414 1213 1441 ct
1243 1408 1336 1441 sartis
1363 1407 1454 1440 tectis
1489 1417 1666 1449 earumque
1695 1415 1790 1438 orna-

1045 1462 1171 1502 mentis,
1193 1467 1223 1494 et
1248 1461 1464 1495 ecclesiastica
1487 1459 1709 1503 suppellectile
1734 1468 1791 1501 po-

1045 1515 1119 1548 terit
1134 1515 1283 1548 maiestas
1297 1520 1351 1547 tua
1365 1519 1491 1547 caetera
1505 1512 1679 1551 conficere,
1696 1517 1791 1554 atque

1045 1568 1237 1608 aestimare;
1258 1567 1417 1611 plurimae
1439 1566 1524 1600 enim
1546 1566 1647 1598 multa
1668 1565 1791 1597 instau-

1046 1622 1170 1655 ratione
1193 1621 1348 1664 indigcnt,
1372 1631 1478 1664 neque
1510 1619 1585 1652 satis
1602 1629 1661 1662 pro
1680 1629 1792 1651 earum

1047 1676 1201 1718 dignitate
1219 1681 1293 1708 sunt
1313 1681 1445 1707 ornatae
1462 1680 1492 1706 ct
1514 1673 1698 1713 instructae,
1719 1682 1791 1705 cum

1049 1737 1154 1763 tamen
1172 1728 1400 1773 Hispanienses
1418 1728 1572 1761 ecclesiae
1585 1728 1650 1760 sere
1664 1736 1790 1765 omnes,

1047 1783 1134 1827 quod
1161 1793 1256 1816 nemo
1286 1782 1434 1825 ignorat,
1458 1781 1570 1815 divites
1595 1780 1657 1813 sint
1685 1786 1716 1813 ct
1741 1790 1795 1813 co-

1047 1837 1167 1880 piosae.
1196 1836 1278 1875 Quid
1299 1836 1362 1868 illis
1391 1835 1497 1869 adhuc
1526 1834 1690 1877 graviora,
1712 1844 1794 1877 quae

1048 1900 1113 1922 non
1130 1889 1198 1922 sine
1212 1890 1315 1922 multo
1336 1889 1457 1922 doloris
1477 1898 1572 1921 sensu
1594 1897 1795 1920 commemo-

1049 1943 1113 1976 rari
1135 1948 1289 1987 possunt,
1312 1942 1466 1975 nimirum
1483 1969 1490 1983 ‚
1515 1942 1602 1985 quod
1623 1941 1716 1974 multi
1743 1941 1796 1974 Ili-

1049 1997 1236 2041 spaniarum
1258 1996 1401 2040 episcopi
1423 1995 1466 2028 ita
1484 1995 1579 2028 vitam
1603 1995 1793 2034 instituunt,

1050 2062 1086 2084 ac
1103 2051 1129 2084 si
1149 2050 1313 2094 principes
1334 2049 1452 2082 saeculi
1471 2054 1587 2089 essent,
1604 2058 1668 2081 non
1689 2054 1796 2081 autem

1051 2104 1189 2137 ministri
1203 2103 1316 2137 Christi
1330 2109 1361 2136 et
1374 2102 1611 2146 dispensatores
1630 2101 1797 2146 mysterio-

1051 2169 1121 2191 rum
1142 2157 1240 2191 Eius‘?
1259 2158 1368 2200 Itaque
1396 2156 1427 2188 in
1453 2156 1520 2199 ipsa
1546 2155 1668 2188 san‘iilia
1683 2182 1690 2195 ,
1714 2161 1743 2188 et
1766 2155 1797 2187 in

1051 2211 1139 2244 omni
1160 2210 1337 2243 domestico
1351 2214 1519 2253 apparatu,
1541 2213 1572 2241 et
1592 2214 1796 2241 externarum

1053 2275 1161 2297 rerum
1191 2264 1387 2308 splendore,
1420 2263 1601 2295 saeculares
1636 2262 1799 2305 principes

1053 2318 1152 2351 videri
1170 2318 1290 2358 volunt,
1314 2317 1354 2349 ab
1380 2317 1417 2349 iis
1449 2326 1524 2348 vcro
1554 2326 1636 2358 quae
1665 2315 1799 2358 propria

1053 2371 1281 2414 episcoporum
1300 2376 1385 2410 sunt,
1410 2375 1441 2402 ct
1468 2369 1499 2401 in
1521 2368 1638 2412 quilius
1658 2379 1723 2400 non
1745 2368 1799 2400 illa

1053 2424 1247 2463 umhratilis,
1267 2424 1323 2456 sed
1344 2434 1417 2456 vera
1438 2429 1469 2456 et
1488 2422 1591 2455 solida
1609 2422 1799 2465 episcopalis

1055 2477 1191 2519 dignitas
1205 2476 1359 2516 consistit,
1372 2476 1411 2509 al)
1425 2475 1462 2508 iis
1475 2485 1671 2518 magnopere
1683 2474 1800 2507 ablior-

1054 2536 1135 2564 rent.
1152 2530 1233 2563 llinc
1255 2530 1306 2562 illa
1328 2540 1393 2563 non
1412 2529 1518 2561 minus
1540 2528 1685 2561 luctuosa
1703 2539 1800 2571 quam

1055 2584 1206 2624 absurda,
1231 2593 1295 2616 non
1325 2582 1437 2616 missas
1466 2582 1529 2614 ritu
1557 2581 1693 2614 solemni
1719 2582 1801 2615 cele-

1055 2637 1160 2676 brare,
1185 2646 1257 2669 raro
1276 2635 1390 2669 divinis
1413 2634 1526 2668 officiis
1550 2634 1714 2675 interesse,
1736 2644 1800 2667 non

1055 2690 1187 2723 salutari
1218 2689 1304 2723 verbi
1324 2689 1377 2723 Dei
1399 2688 1518 2733 pabulo
1540 2687 1668 2722 fidelem
1698 2698 1801 2733 popu-
