2253 3195
77 278 125 306 Δη.
142 277 170 306 C.
194 275 261 304 1599

87 976 201 1006 Derogatio
210 982 258 998 ecn-

75 1006 192 1024 irai-iorum.

895 275 1041 300 CLEMENS
1062 274 1120 298 vm
1140 273 1190 298 PP-

272 325 432 358 dictorum
466 325 689 369 superioribus
720 330 751 358 et
780 324 952 365 fratribus,
976 334 1015 356 ne

272 378 310 411 de
324 384 450 412 caetero
468 389 500 412 se
522 378 553 411 in
575 389 652 412 cura
673 384 702 411 et
723 378 882 421 gubernio
904 388 1014 410 mona-

271 432 443 465 steriorum
471 432 710 476 praedictorum
738 431 848 475 quavis
868 431 1012 464 auctori-

271 491 344 525 tate,
369 486 549 527 occasione,
573 486 620 519 vel
641 492 818 530 praetextu,
847 485 1011 517 intromit-

273 544 361 579 tere,
386 539 551 582 ingerere,
585 545 639 572 aut
666 539 847 572 immiscere
875 539 1014 571 audeant

271 592 319 625 vel
333 599 558 636 praesumant,
575 593 741 626 abbatissis
754 603 841 631 vero⁷
859 603 914 625 seu
929 592 1015 636 prio-

271 645 369 686 rissis,
398 652 429 679 et
445 646 674 685 conventibus,
701 653 732 679 et
758 645 916 689 religiosis
943 645 1010 678 sin-

272 699 422 741 gulorum
451 700 721 733 monasteriorum
749 699 957 739 huiusmodi,
982 705 1012 732 ut

273 752 424 796 deinceps
455 753 488 785 in
519 758 713 796 perpetuum
739 753 910 797 praedictis
929 753 1013 785 loco-

272 817 344 839 rum
365 805 544 840 Ordinariis
568 806 704 848 subsint,
728 817 764 840 ac
784 812 932 851 prompte
953 817 1012 850 pa-

272 865 364 893 reant
384 866 415 893 et
434 860 597 893 obediant.

318 914 334 955 §
355 912 385 947 3.
409 913 479 947 Non
499 913 699 947 obstantibus
719 913 913 958 apostolicis,
935 924 971 946 ac
986 913 1016 946 in

273 966 508 1000 universalibus
528 967 857 1011 provincialibusque,
875 973 905 1000 et
924 977 1017 1012 syno-

275 1020 401 1053 dalibus
431 1021 574 1054 conciliis
606 1021 698 1054 editis
734 1021 938 1064 generalibus
968 1021 1015 1054 vel

274 1073 467 1117 specialibus
487 1074 770 1108 constitutionibus
790 1080 821 1107 et
842 1074 1017 1107 ordinatio-

275 1127 380 1167 nibus,
404 1138 440 1161 ac
461 1128 745 1168 monasteriorum,
768 1128 907 1168 Ordinis,
931 1128 1014 1161 Con·

275 1181 471 1223 gregationis
508 1182 749 1226 praedictorum
788 1183 883 1215 etiam
925 1182 1014 1215 iura-

275 1240 405 1275 mento,
445 1235 691 1269 confirmatione
732 1236 908 1280 apostolica
923 1263 930 1276 ,
969 1236 1018 1268 vel

275 1287 385 1330 quavis
408 1287 561 1321 firmitate
585 1288 647 1322 alia
666 1289 826 1322 roboratis
847 1289 971 1322 statutis
989 1295 1017 1321 et

276 1343 580 1383 consuetudinibus,
608 1343 784 1388 privilegiis
813 1354 942 1388 quoque
970 1343 1018 1376 in-

277 1396 374 1429 dultis
392 1402 423 1429 et
442 1396 556 1430 litteris
576 1397 760 1441 apostolicis
781 1397 860 1437 illis,
888 1408 1018 1431 eorum-

276 1460 338 1493 que
365 1450 587 1494 superioribus
614 1457 644 1484 et
670 1451 816 1495 personis
837 1452 868 1484 in
890 1458 1017 1485 contra-

276 1503 359 1536 rium
386 1503 638 1547 praemissorum
669 1504 915 1548 quomodolibet
943 1515 1019 1538 con-

277 1557 383 1598 cessis,
407 1557 605 1591 confirmatis
630 1564 660 1591 et
680 1559 876 1602 approbatis.
897 1558 1019 1598 Quibus

277 1610 426 1644 omnibus
440 1617 470 1644 et
482 1611 627 1654 singulis,
642 1622 755 1646 eorum
773 1618 910 1652 tenores,
927 1624 1020 1656 prae-

277 1664 420 1697 sentibus
447 1676 506 1708 pro
531 1665 688 1709 expressis
709 1672 739 1699 et
759 1666 798 1699 ad
817 1666 950 1699 verbum
973 1667 1020 1699 in-

278 1718 370 1752 sertis
390 1719 555 1760 habentes,
577 1719 636 1753 hac
664 1720 731 1753 viee
763 1721 927 1754 dumtaxat
947 1731 1019 1765 spe-

267 1772 402 1806 cialiter
422 1778 453 1805 et
472 1784 621 1817 expresse
643 1774 847 1817 derogamus,
871 1774 1021 1808 caeteris-

114 1933 136 1955 Si
158 1935 265 1961 contingat

82 1962 208 1982 monasteria
231 1968 265 1982 ex·

82 1987 158 2013 tingui,
193 1995 265 2009 eorum

82 2013 136 2034 bona
155 2015 181 2035 ad
204 2016 266 2036 Ordi-

83 2046 129 2061 nrm
144 2041 265 2062 Carmenta-

85 2072 127 2087 rum
156 2071 265 2090 revertun—

83 2094 122 2114 tur.

281 1836 344 1869 que
364 1827 534 1860 contrariis
551 1827 821 1872 quibuscumque.

325 1879 392 1922 §4-
413 1880 569 1914 Volumus
595 1888 702 1914 autem
735 1888 769 1915 ut
800 1882 824 1915 si
857 1882 1022 1925 contingat

280 1934 388 1978 aliqua
407 1945 444 1968 ex
468 1935 642 1979 praedictis
663 1936 867 1969 monasteriis
892 1936 1019 1969 monia-

281 1988 359 2021 lium
378 1989 518 2031 extingui
540 1994 594 2022 aut
619 1990 788 2034 supprimi,
813 1990 942 2023 illorum
964 2000 1022 2034 pro

281 2047 426 2085 tempore
465 2042 677 2076 extinctorum
711 2048 742 2076 et
775 2054 1021 2088 suppressorum

281 2095 383 2136 bona,
404 2095 444 2128 ad
464 2094 617 2129 Ordinem
647 2107 701 2129 seu
734 2097 1022 2140 Congregationem

280 2149 494 2194 praedictam,
518 2150 576 2183 sub
602 2150 692 2184 cuius
720 2151 878 2194 gubernio
909 2157 1019 2193 erant,

281 2203 382 2237 libere
402 2209 612 2237 revertantur.

325 2257 438 2290 Datum
458 2258 579 2290 Rornae
600 2257 685 2301 apud
702 2257 732 2291 S.
752 2257 881 2291 Petrum
895 2259 954 2291 sub
968 2269 1023 2292 an-

280 2310 358 2343 nulo
379 2310 559 2351 piscatoris,
584 2311 634 2344 die
659 2321 758 2345 xxviii
781 2311 855 2344 maii
885 2322 1019 2353 mcxcix,

281 2364 486 2407 pontificatus
505 2364 605 2397 nostri
626 2375 710 2398 anno
731 2370 853 2398 octavo,

318 2425 376 2452 Dat.
395 2426 438 2453 die
453 2426 486 2453 ⁶28
507 2427 569 2453 maii
592 2427 669 2461 1599,
686 2426 781 2462 pontif.
801 2435 844 2453 an.
858 2433 915 2453 vm.

1355 319 1475 353 CCVIII.

1050 429 1221 462 Institutio
1252 429 1351 461 Rotae
1385 427 1421 459 in
1450 425 1581 458 civitate
1616 425 1646 458 F
1646 424 1792 457 errariae

1093 482 1203 515 Status
1216 480 1434 514 Ecclesiastici
1450 479 1492 512 ad
1512 477 1704 511 decidendas
1717 488 1793 510 cau-

1093 546 1144 567 sas
1156 534 1251 566 illius
1265 534 1408 566 civitatis
1421 537 1449 565 et
1471 532 1641 572 territorii,
1656 541 1729 564 cum
1741 531 1793 563 in-

1094 588 1259 621 dultorum
1283 586 1482 620 concessione
1496 586 1516 618 ¹.

1258 678 1391 705 Clemens
1408 679 1487 712 Papa
1501 678 1580 708 vlu.

1182 733 1217 760 ad
1234 736 1410 767 perpetuam
1425 731 1470 759 rei
1485 731 1665 759 memoriam.

1096 805 1129 838 In
1143 814 1295 848 supremo
1310 802 1447 836 iustitiae
1467 802 1596 841 throno,
1621 800 1727 834 divina
1746 800 1794 834 di-

1051 864 1206 903 sponente
1227 857 1416 897 clementia,
1445 855 1628 893 constituti,
1659 854 1737 888 illud
1762 854 1794 887 in

1053 912 1165 956 primis
1185 922 1299 946 curare
1325 917 1472 944 tenemur
1495 915 1528 943 ut
1555 908 1709 941 nimirum
1738 918 1796 941 no-

1052 966 1124 999 stris
1145 971 1176 999 et
1203 965 1317 999 suturis
1338 965 1433 998 etiam
1456 963 1657 1007 temporibus
1678 962 1796 995 iustitia

1053 1020 1203 1053 omnibus
1228 1030 1331 1063 aequa
1355 1019 1447 1052 lance
1472 1018 1682 1057 ministretur,
1706 1022 1736 1049 et
1756 1016 1796 1050 ad

1054 1073 1095 1114 id,
1119 1079 1154 1106 ut
1173 1073 1275 1113 decet,
1297 1072 1519 1116 exequendum
1539 1071 1609 1104 iusti
1632 1081 1668 1104 ac
1686 1070 1797 1103 rectis-

1053 1127 1125 1160 simi
1146 1127 1267 1160 iudices
1286 1137 1358 1159 cum
1380 1125 1570 1170 opportunis
1591 1124 1796 1157 facultatibus

1054 1181 1258 1225 deputentur,
1282 1190 1339 1224 per
1358 1190 1439 1223 quos
1456 1189 1521 1212 non
1538 1178 1642 1212 solum
1663 1177 1794 1211 unicui-

1054 1245 1116 1279 que
1145 1235 1193 1267 ius
1218 1245 1312 1267 suum
1338 1233 1519 1273 tribuatur,
1543 1232 1599 1265 sed
1624 1231 1720 1264 etiarn
1742 1231 1794 1264 in-

1054 1288 1234 1321 commodis
1269 1298 1305 1321 ae
1344 1287 1497 1331 impensis
1535 1286 1741 1329 litigantium,
1765 1285 1797 1318 in

1054 1348 1209 1386 quantum
1231 1341 1301 1374 fieri
1327 1346 1448 1385 potest,
1472 1346 1634 1384 parcatur.
1658 1339 1712 1373 His
1733 1339 1795 1382 igi-

1054 1401 1105 1428 tur
1125 1395 1305 1428 rationibus
1325 1394 1466 1435 adducti,
1491 1405 1528 1428 ac
1547 1394 1743 1438 populorum
1756 1393 1799 1426 ci-

1055 1449 1157 1482 vitatis
1185 1455 1313 1482 nostrae
1344 1448 1559 1482 Ferrariensis
1591 1458 1627 1481 ac
1663 1447 1798 1480 aliarum

1054 1503 1230 1544 civitatum,
1254 1510 1426 1543 terrarum,
1447 1508 1637 1541 castrorum,
1659 1507 1689 1534 et
1712 1501 1800 1534 loco-

1054 1567 1125 1589 rum
1147 1557 1280 1590 ducatus
1295 1562 1324 1590 et
1338 1555 1473 1589 dominii
1488 1561 1672 1588 nostrorum
1685 1554 1800 1588 Ferra-

1055 1610 1208 1644 riensium
1223 1616 1311 1644 recto
1326 1609 1495 1652 gubernio,
1508 1615 1538 1642 et
1553 1608 1635 1642 felici
1649 1607 1800 1651 regimini

1055 1664 1249 1709 prospicere,
1274 1674 1310 1696 ac
1330 1663 1531 1706 singulorum
1553 1661 1757 1696 indemnitati
1771 1667 1802 1694 et

1055 1718 1235 1752 commodis
1255 1724 1437 1761 opportune
1463 1717 1631 1750 consulere
1662 1716 1797 1760 cupien-

1056 1779 1112 1813 tes,
1139 1779 1269 1817 praeter
1288 1772 1351 1805 alia
1371 1783 1389 1805 a
1409 1771 1502 1805 nobis
1520 1771 1553 1804 in
1574 1771 1696 1804 eisdem
1718 1771 1798 1804 civi-

1058 1833 1119 1860 tate
1149 1833 1178 1860 et
1207 1827 1325 1860 ducatu
1346 1826 1511 1865 ordinata,
1534 1836 1635 1859 unum
1660 1824 1801 1858 tribuual

1057 1880 1211 1920 iudicum,
1239 1881 1352 1914 Rotam
1374 1879 1640 1923 nuncupandum,
1665 1879 1696 1911 in
1717 1878 1801 1912 dicta

1057 1934 1183 1968 civitate
1196 1933 1393 1967 Ferrariensi
1407 1933 1574 1967 instituere
1586 1933 1798 1973 decrevimus,

1058 1989 1088 2021 in
1110 1998 1173 2032 quo
1196 1998 1310 2021 causae
1330 1987 1448 2027 civiles,
1477 1992 1511 2020 ut
1531 1987 1665 2021 inferius
1688 1987 1803 2031 dispo—

1057 2047 1171 2082 netur,
1192 2041 1365 2085 cognosci,
1390 2046 1421 2074 et
1444 2046 1541 2085 prout
1573 2040 1650 2074 iuris
1682 2041 1798 2082 suerit,

1058 2095 1222 2130 terminari
1245 2096 1394 2129 debeant.

1103 2151 1119 2193 ξ
1141 2149 1171 2183 t.
1200 2150 1285 2182 Motu
1306 2148 1403 2191 igitur
1426 2148 1580 2193 proprio,
1605 2154 1637 2181 et
1658 2159 1695 2182 ex
1716 2154 1803 2182 certa

1057 2203 1190 2237 scientia
1216 2213 1252 2236 ac
1281 2212 1370 2235 mera
1400 2201 1633 2235 deliberatione
1663 2202 1798 2243 nostris,

1058 2258 1162 2301 deque
1186 2256 1382 2300 apostolicae
1407 2255 1571 2300 potestatis
1600 2255 1801 2300 plenitudine

1096 2330 1102 2354 1
1118 2328 1272 2355 Ferrariam
1290 2327 1345 2363 (ubi
1359 2327 1442 2354 Bonis.
1455 2327 1486 2354 tx
1499 2327 1702 2354 universitatem
1719 2327 1802 2354 studit

1058 2373 1211 2399 instituerat
1226 2380 1274 2398 sua
1290 2375 1375 2398 const.
1393 2378 1432 2398 tv:
1450 2372 1484 2398 In
1500 2379 1664 2406 supremae,
1683 2376 1746 2398 tom.
1765 2380 1801 2405 ir,

1059 2426 1116 2453 pag.
1130 2417 1203 2451 6¹0),
1225 2417 1308 2443 Clem.
1329 2416 1386 2443 VIII
1408 2416 1438 2443 R.
1456 2416 1483 2442 C.
1502 2417 1531 2442 Α.
1549 2416 1650 2443 addixit
1663 2417 1800 2444 constitut.

1057 2468 1135 2496 ciixtt,
1147 2468 1240 2495 chut,
1256 2467 1343 2495 evat,
1361 2467 1449 2493 ccxxt,
1471 2465 1498 2487 et
1517 2469 1575 2496 seq.
1597 2461 1697 2488 Novam
1713 2466 1803 2489 nutem

1058 2505 1196 2541 regiminis
1210 2505 1324 2532 formam
1339 2505 1365 2531 iu
1378 2513 1437 2531 eam
1457 2505 1562 2532 induxit
1577 2510 1683 2533 constit.
1699 2513 1799 2533 ctxxx:

1060 2551 1215 2584 Quoniam,
1231 2558 1293 2586 pag.
1315 2549 1378 2576 4⁴28.
1402 2550 1641 2586 Magistratunique
1661 2556 1688 2578 et
1711 2552 1802 2579 consi-

1058 2596 1121 2623 lium
1143 2599 1250 2622 eentum
1269 2595 1386 2621 virorum
1406 2594 1432 2621 in
1451 2603 1482 2622 ea
1505 2594 1621 2622 instituit
1643 2600 1730 2623 const.
1752 2603 1802 2624 cxc

1060 2642 1148 2672 Inter,
1165 2648 1224 2676 pag.
1235 2640 1297 2667 449.
1315 2640 1400 2675 Eique
1416 2640 1549 2667 concessit
1569 2645 1598 2668 ut
1618 2650 1696 2668 suum
1712 2646 1802 2669 orato-

1059 2694 1115 2713 rem
1131 2686 1200 2722 apud
1215 2685 1368 2713 Pontificem
1384 2685 1501 2713 retinere
1513 2691 1603 2724 possut
1618 2691 1695 2715 coust
1712 2694 1800 2717 exem.

1695 256 1753 291 51‘1
1805 266 1854 294 An.
1875 265 1902 294 C.
1920 265 1989 294 1599

1835 809 1975 829 Prooemium.

1830 2159 1954 2180 Auditorum
1964 2164 2001 2189 nu-

1817 2194 1886 2208 ΠὶθΓυί
1898 2193 2001 2212 praescr!-

1817 2215 1879 2237 bitur.
1893 2217 1913 2234 ot
1925 2215 2000 2235 electio

1817 2242 1910 2262 civitatis
1933 2243 2002 2263 cousi-
