2253 3195
227 205 277 232 An.
296 204 325 232 C.
344 205 413 232 1595

261 262 367 287 clemens.
381 269 413 284 re-

229 289 268 310 bus
283 290 304 310 in
323 289 414 314 Congre-

228 316 312 341 gatione
328 316 351 337 S.
363 317 413 337 Offi-

227 343 255 363 cii
275 344 413 367 examinatis,

227 370 374 390 consistorium
383 371 412 391 in-

228 395 292 418 dicit,

458 195 522 229 242

428 254 487 288 bus
507 260 539 288 et
558 254 776 291 oblationibus
790 253 958 287 intellectis
971 259 1003 287 et
1021 253 1169 286 conside-

428 308 516 349 ratis,
537 319 590 342 eas
610 308 706 341 etiam
725 319 742 340 a
756 307 998 344 venerabilibus
1018 307 1170 340 fratribus

427 362 544 395 nostris
557 362 586 395 S.
602 362 765 395 Romanae
781 361 941 395 Ecclesiae
954 361 1170 394 cardinalibus

427 415 683 458 congregationis
707 420 836 448 sanctae
859 425 1014 448 romanae
1040 420 1072 448 et
1091 415 1166 448 uni-

425 469 554 502 versalis
573 468 792 512 inquisitionis
815 468 984 512 praefectis
998 468 1170 510 diligenter

427 521 623 554 considerari
632 521 782 555 iussimus
789 532 797 562 ;
812 532 951 565 cumque
959 521 1069 555 omnia
1077 532 1171 555 accu-

427 580 494 608 rate
515 585 646 608 excussa
666 580 697 608 et
716 575 897 608 examinata
916 581 1031 616 essent,
1055 581 1086 609 et
1105 576 1170 609 duo

426 628 567 672 episcopi
579 628 754 673 supradicti
763 628 916 673 Hypatius
925 634 955 662 et
964 629 1096 673 Cyrillus
1107 635 1168 663 tam

425 691 483 714 suo
513 682 669 726 proprio,
693 693 791 726 quam
819 683 983 716 Michaelis
1011 683 1170 728 archiepi-

424 735 511 779 scopi
532 746 588 768 seu
619 730 878 780 metropolitani,
903 742 934 770 et
959 737 1170 781 coepiscopo-

424 799 495 821 rum
517 799 649 823 suorum
663 790 902 834 nomine,quae
923 791 963 824 ad
983 790 1166 832 haeresum,

425 852 572 876 errorum
594 848 625 875 et
653 842 833 877 schismatis
864 844 1178 877 condemnationem·

425 901 456 928 et
476 895 722 930 detestationem
750 897 974 941 pertinebant,
997 898 1056 932 rite
1077 909 1170 942 prae-

424 948 599 983 stitissent:
625 949 701 983 item
730 951 872 995 prompti
905 957 1011 985 essent
1041 952 1170 995 publice

424 1001 521 1036 fidem
544 1003 736 1037 catholicam
757 1014 794 1037 ex
815 1005 953 1038 formula
972 1006 1170 1050 praescripta

424 1055 590 1099 profiteri,
619 1067 655 1090 ac
681 1057 774 1090 nobis
803 1063 835 1091 et
865 1058 939 1092 Sedi
968 1059 1170 1102 Apostolicae

425 1118 531 1141 veram
553 1109 772 1144 obedientiam
791 1111 955 1153 exhibere,
969 1112 1010 1145 ob
1031 1123 1084 1146 eas
1095 1123 1170 1147 cau-

425 1171 474 1195 sas
493 1162 664 1197 statuimus
684 1163 724 1197 ad
752 1164 808 1198 Dei
837 1165 974 1208 gloriam
1005 1166 1171 1200 Ruthenos

426 1215 596 1260 episcopos
620 1223 651 1250 et
681 1217 845 1251 nationem
875 1219 915 1252 ad
946 1219 1090 1263 corporis
1114 1220 1171 1254 Ec-

425 1269 534 1310 lesiae,
554 1276 586 1303 et
605 1271 770 1305 Romanae
790 1271 949 1306 Ecclesiae
969 1274 1172 1307 communio-

425 1333 499 1355 nem
530 1329 562 1357 et
592 1324 749 1358 unitatem
781 1325 998 1360 admittendos
1029 1333 1060 1360 ct
1090 1327 1169 1361 reci-

426 1375 564 1419 piendos
584 1388 662 1412 esse.
686 1377 778 1417 Quod
798 1385 833 1412 ut
853 1390 943 1413 more
968 1380 1069 1423 magis
1089 1381 1171 1415 sole-

426 1429 504 1469 mni,
520 1435 552 1469 et
566 1430 680 1464 maiori
702 1442 774 1464 cum
796 1432 916 1466 laetitia
936 1433 1093 1477 spirituali
1112 1434 1170 1468 fie-

426 1487 485 1522 ret,
497 1488 585 1516 certo
597 1483 771 1518 constituto
786 1485 848 1526 die,
865 1485 926 1519 hoc
940 1492 986 1519 est
999 1486 1167 1528 hodierno,

426 1534 480 1578 qui
495 1541 542 1569 est
553 1536 664 1570 tertius
676 1543 707 1570 et
720 1537 894 1580 vigesimus
907 1539 1027 1573 mensis
1041 1539 1170 1574 decem-

426 1587 492 1622 bris
521 1589 596 1622 anni
623 1591 800 1634 praesentis
826 1602 949 1633 ninxCV,
970 1604 1061 1627 sacro
1092 1594 1167 1628 sab-

426 1641 491 1675 bati
505 1649 644 1686 quatuor
658 1649 852 1689 temporum,
870 1653 900 1679 et
916 1646 1041 1689 vigiliae
1052 1647 1171 1681 Natalis

425 1695 554 1729 Domini
575 1696 679 1731 Nostri
700 1698 769 1731 lesu
798 1698 912 1732 Christi
942 1700 1105 1743 geminato
1126 1701 1170 1735 ie-

426 1748 532 1790 iunio,
551 1750 751 1784 venerabiles
771 1751 883 1786 fratres
903 1759 1030 1788 nostros
1040 1754 1070 1788 S.
1086 1755 1121 1788 R.
1134 1755 1167 1788 E.

426 1803 621 1844 cardinales,
645 1815 823 1850 eorumque
848 1807 1082 1851 amplissimum
1104 1808 1170 1842 col-

427 1855 546 1899 legium
562 1857 591 1890 in
607 1864 752 1892 nostrum
773 1860 984 1903 apostolicum
1001 1861 1167 1904 palatium,

427 1915 457 1943 et
489 1910 519 1943 in
547 1911 666 1952 aulam,
689 1923 771 1956 quae
801 1913 920 1946 dicitur
949 1913 1168 1956 Constantini,

427 1963 522 1997 huius
543 1964 588 1998 rei
610 1975 705 1999 causa
719 1967 1034 2010 congregaverimus,
1055 1968 1172 2012 quibus

427 2018 595 2051 nobiscum
616 2019 655 2052 de
688 2030 777 2054 more
807 2021 1066 2061 conlidentibus,
1091 2023 1172 2055 mul-

428 2070 531 2115 tisque
545 2072 758 2115 praesulibus,
775 2073 925 2118 praelatis
939 2080 969 2107 et
989 2074 1102 2108 aulicis
1116 2075 1172 2109 ho-

428 2125 548 2159 noratis
568 2126 643 2160 viris
663 2133 693 2160 et
713 2127 924 2161 familiaribus
945 2128 1061 2162 nostris
1079 2139 1172 2173 prae-

427 2179 571 2214 sentibus
592 2186 621 2213 et
648 2181 836 2222 astantibus,
866 2182 946 2215 duos
971 2182 1173 2226 supradictos

428 2232 596 2277 episcopos
628 2233 792 2268 Ruthenos
830 2240 975 2268 oratores
1012 2235 1171 2269 introduci

430 2286 662 2327 mandavimus,
680 2287 734 2331 qui
748 2288 787 2321 ad
802 2288 899 2332 pedes
912 2288 1101 2323 humilitatis
1114 2300 1172 2324 no—

430 2347 512 2374 strae
525 2343 695 2385 provoluti,
706 2353 738 2376 se
748 2343 786 2376 ad
797 2343 942 2388 corporis
950 2344 1108 2379 Ecclesiae
1117 2345 1171 2379 Ca-

355 2397 414 2437 ζζῗζζῖ·
432 2393 567 2427 thelicae
585 2401 612 2428 et
627 2396 788 2429 Romanae
801 2396 958 2430 Ecclesiae
973 2397 1127 2431 unitatem
1143 2403 1171 2431 et

359 2450 374 2463 ¹·
393 2451 416 2464 ¹·
431 2447 647 2481 obedientiam
663 2449 760 2493 recipi
777 2455 806 2482 et
825 2449 949 2483 admitti
965 2450 1080 2484 iterum
1095 2461 1171 2494 sup-

431 2500 557 2544 pliciter
571 2501 740 2544 petit-runt.
757 2502 836 2536 'l'um
856 2503 941 2537 iussu
956 2510 1066 2537 nostro
1091 2504 1171 2538 lecta

431 2559 477 2585 est
497 2554 685 2589 deliberatio
713 2562 742 2589 et
762 2556 926 2591 decretum
949 2557 1169 2602 supradictum

430 2605 590 2640 Michaelis
615 2608 847 2654 archiepiscopi
874 2610 1118 2655 metropolitae,
1142 2616 1173 2644 et

1008 205 1191 230 BULLARIUM
1211 206 1366 230 Romnum

1203 254 1431 298 episcoporum
1455 255 1702 297 Ruthenorum‚
1725 257 1781 301 qui
1807 258 1836 291 ei
1864 258 1942 292 suh-

1203 307 1412 351 scripserunt‚
1432 309 1553 353 quique
1572 320 1671 354 supra
1689 310 1874 354 singillatim
1889 322 1946 345 no-

1205 360 1317 394 minati
1335 367 1420 402 sunt,
1435 362 1475 395 de
1494 363 1634 406 petenda
1647 369 1689 404 et,
1705 363 1870 408 quibusvis
1884 365 1945 398 im-

1203 414 1396 458 pedimentis
1423 413 1576 457 remotis,
1609 417 1747 451 firmiter
1777 418 1945 453 efficienda

1204 478 1277 501 cum
1298 468 1443 502 Romana
1462 469 1603 503 Ecclesia
1623 470 1782 505 eiusmodi
1801 472 1946 506 reconci-

1203 521 1346 563 liatione,
1370 528 1401 556 et
1420 523 1642 556 membrorum
1669 524 1710 558 ad
1737 530 1834 568 caput
1852 536 1945 558 suum

1204 585 1286 608 nova
1307 575 1438 609 unione.
1462 575 1594 610 Lectum
1625 583 1671 611 est
1701 582 1809 611 autem
1839 577 1946 622 primo

1204 627 1276 662 loco
1296 628 1466 663 ruthenico
1494 640 1655 671 sermone,
1670 636 1705 664 ut
1725 631 1946 675 conscriptum

1205 687 1262 722 est,
1279 681 1395 716 deinde
1415 683 1496 716 lecta
1516 689 1563 717 est
1582 683 1684 718 versio
1704 684 1803 718 latina
1819 684 1860 717 ad
1879 695 1948 717 ver-

1204 735 1293 768 bum.
1321 737 1400 769 Tum
1422 737 1523 771 lectae
1542 743 1617 771 sunt
1636 738 1732 772 etiam
1753 738 1880 772 litterae
1908 739 1948 772 de

1205 789 1318 822 eadem
1345 800 1380 823 re
1400 790 1440 823 ad
1465 801 1524 824 nos
1551 802 1570 824 a
1593 791 1766 836 praedictis
1795 792 1947 826 Michaele

1204 842 1450 888 archiepiscopo
1467 845 1718 889 metropolitano
1739 851 1770 879 et
1789 838 1962 890 episcopis*

1205 896 1360 930 Ruthenis
1380 897 1528 941 scriptae,
1557 898 1597 931 de
1617 898 1735 942 quibus
1754 909 1852 943 supra
1869 898 1948 931 dixi-

1205 960 1286 990 mus,
1304 955 1335 983 et
1354 951 1468 984 eodem
1489 951 1584 995 plane
1597 952 1706 992 modo,
1720 952 1863 996 primum
1876 952 1947 996 qui-

1205 1002 1278 1036 dem
1299 1003 1468 1038 ruthenico
1486 1014 1646 1046 sermone,
1663 1005 1780 1039 deinde
1797 1015 1835 1039 ex
1851 1005 1950 1039 latina

1204 1056 1350 1090 versione
1370 1058 1411 1090 ad
1431 1057 1564 1091 verbum
1585 1064 1659 1092 sunt
1676 1059 1789 1100 lectae,
1814 1069 1888 1092 mox
1908 1059 1959 1092 ab'

1205 1120 1269 1143 uno
1287 1120 1325 1143 ex
1344 1111 1523 1144 secretariis
1535 1112 1653 1145 nostris
1666 1112 1851 1146 domesticis
1863 1113 1950 1146 clara

1204 1174 1282 1197 voce
1306 1163 1383 1208 ipsis
1404 1165 1564 1210 episcopis
1591 1171 1622 1200 et
1642 1166 1827 1219 oratoribus
1851 1167 1949 1201 latine

1204 1216 1381 1260 significari
1419 1218 1572 1252 iussimus
1587 1246 1594 1260 ‚
1634 1225 1789 1264 quantam
1820 1219 1949 1254 animus

1205 1277 1314 1304 noster
1334 1271 1489 1305 laetitiam
1510 1277 1651 1316 caperet,
1666 1278 1697 1306 et
1716 1273 1871 1307 exultaret
1884 1273 1949 1318 spi-

1205 1323 1286 1357 ritus
1305 1330 1416 1358 noster
1435 1324 1467 1357 in
1487 1325 1552 1358 Deo
1573 1326 1706 1359 salutari
1732 1332 1842 1360 nostro
1874 1337 1950 1371 pro-

1205 1382 1276 1420 pter
1295 1377 1519 1412 Ruthenorum
1538 1378 1621 1412 hanc
1633 1379 1880 1413 saluberrimam
1895 1380 1950 1414 de-

1205 1430 1617 1475 liberationem‚.quantum
1638 1432 1698 1476 ipsi
1716 1433 1873 1467 deberent
1885 1433 1949 1467 Deo

1206 1483 1368 1517 bonorum
1397 1484 1544 1518 omnium
1569 1485 1713 1526 auctori,
1736 1485 1790 1530 qui
1812 1485 1951 1531 Spiritus

1205 1537 1311 1571 Sancti
1325 1537 1434 1571 afflatu
1448 1538 1531 1572 hanc
1544 1538 1590 1573 eis
1601 1544 1741 1573 mentem
1756 1539 1906 1589 dedisset,
1916 1545 1952 1574 ut

1205 1595 1328 1625 veteres
1345 1602 1472 1625 errores
1483 1599 1695 1634 agnoscerent
1707 1598 1740 1626 et
1754 1593 1952 1627 detestaren-

1206 1649 1274 1684 tur,
1299 1650 1329 1678 et
1359 1645 1399 1678 ad
1424 1650 1548 1689 petram
1580 1644 1678 1687 fidei,
1702 1645 1742 1680 ad
1770 1646 1949 1680 Romanam

1206 1697 1379 1731 Ecclesiam
1400 1703 1516 1742 caput,
1540 1705 1675 1733 matrem
1707 1705 1738 1733 et
1763 1699 1950 1743 magistram

1206 1751 1351 1785 omnium
1373 1752 1593 1793 ecclesiarum,
1617 1752 1770 1787 redirent.

1250 1805 1265 1849 ἓ
1285 1804 1315 1838 5.
1331 1806 1411 1839 Tum
1433 1806 1477 1839 illi
1495 1806 1613 1847 statim,
1636 1807 1790 1851 Hypatius
1803 1807 1947 1853 etCyril·

1206 1859 1269 1899 lus,
1295 1865 1358 1892 tam
1379 1870 1438 1894 suo
1463 1859 1598 1904 proprio
1618 1860 1760 1902 nomine,
1784 1871 1881 1905 quam
1901 1861 1949 1895 uti

1206 1918 1350 1946 oratores
1363 1919 1394 1946 et
1405 1918 1632 1957 procuratores
1644 1914 1806 1948 Michaelis
1818 1914 1946 1949 archie-

1208 1966 1328 2010 piscopi
1347 1972 1377 2000 et
1394 1967 1662 2011 coepiscoporum
1684 1978 1816 2001 suorum
1838 1979 1950 2013 supra-

1207 2020 1377 2060 dictorum,
1396 2019 1491 2054 fidem
1506 2020 1696 2054 catholicam
1711 2021 1798 2054 iuxta
1812 2021 1948 2055 formam

1207 2073 1414 2117 professionis
1445 2073 1520 2107 fidei
1549 2074 1748 2108 orthodoxae
1773 2085 1791 2108 a
1821 2074 1950 2110 Graecis

1207 2126 1371 2160 faciendae
1391 2126 1430 2160 ab
1460 2126 1519 2160 hac
1539 2127 1654 2161 Sancta
1682 2127 1764 2162 Sede
1792 2127 1950 2172 praescri-

1207 2186 1293 2224 ptam
1309 2180 1432 2223 integre
1446 2181 1530 2215 etde
1551 2181 1647 2216 verbo
1667 2181 1707 2215 ad
1728 2181 1862 2215 verbum
1876 2191 1950 2226 pro-

1208 2233 1279 2267 fessi
1297 2240 1381 2272 sunt.
1397 2233 1490 2268 nohis
1503 2240 1533 2268 et
1546 2234 1747 2279 Apostolicae
1767 2234 1840 2268 Sedi
1861 2234 1951 2268 debi-

1209 2292 1271 2320 tam
1293 2292 1324 2320 et
1344 2293 1532 2331 perpetuam
1553 2287 1770 2322 obedientiam
1792 2293 1823 2322 et
1842 2287 1950 2322 subie-

1207 2335 1345 2373 ctionem
1380 2340 1630 2384 praestiterunt,
1666 2350 1762 2385 quam
1800 2351 1858 2375 nos
1887 2349 1951 2375 una

1206 2404 1278 2426 cum
1289 2394 1527 2427 venerabilibus
1537 2393 1689 2427 tratribus
1701 2394 1817 2428 nostris
1825 2394 1856 2429 S.
1867 2394 1902 2429 R.
1913 2394 1946 2428 E.

1206 2447 1424 2482 cardinalibus
1437 2447 1628 2492 recepimus,
1643 2453 1738 2491 atque
1753 2448 1831 2482 liaec
1842 2447 1952 2482 omnia

1206 2502 1483 2547 archiepiscopum
1498 2507 1528 2536 et
1541 2502 1709 2547 episcopos
1723 2502 1887 2536 Rutltenos
1897 2512 1951 2537 eo-

1207 2567 1277 2590 rum
1299 2557 1448 2599 collegas,
1465 2566 1502 2590 ac
1519 2556 1641 2590 clerum
1662 2562 1693 2590 et
1714 2556 1868 2601 populum
1882 2561 1951 2590 rata

1206 2615 1236 2643 ct
1255 2616 1346 2653 grata
1366 2609 1543 2650 habituros,
1560 2615 1590 2643 et
1611 2610 1759 2644 eamdem
1780 2609 1855 2644 fidei
1875 2618 1950 2654 pro·

1960 209 2010 237 An.
2024 209 2052 238 c.
2074 211 2179 245 1595·,-
2211 215 2222 258 ss'.

2000 1813 2095 1840 moi-quo
2103 1811 2155 1840 01¹1ae

1963 1839 2149 1898 {saxat‘fflttt
2160 1877 2161 1880 η

1964 1896 1989 1915 ιιι
2010 1899 2094 1915 nomino
2115 1895 2149 1915 w·

1963 1920 2004 1942 tius
2012 1920 2111 1941 tinitonis.
