<?xml version="1.0" encoding="UTF-8"?>
<!DOCTYPE html PUBLIC "-//W3C//DTD XHTML 1.0 Transitional//EN"
    "http://www.w3.org/TR/xhtml1/DTD/xhtml1-transitional.dtd">
<html xmlns="http://www.w3.org/1999/xhtml" xml:lang="en" lang="en">
 <head>
  <title>
</title>
<meta http-equiv="Content-Type" content="text/html;charset=utf-8" />
  <meta name='ocr-system' content='tesseract 3.04.00' />
  <meta name='ocr-capabilities' content='ocr_page ocr_carea ocr_par ocr_line ocrx_word'/>
</head>
<body>
  <div class='ocr_page' id='page_1' title='image "./bullarumdiplomat10cath_0284.png"; bbox 0 0 2253 3195; ppageno 0'>
   <div class='ocr_carea' id='block_1_1' title="bbox 235 211 531 250">
    <p class='ocr_par' dir='ltr' id='par_1_1' title="bbox 235 211 531 250">
     <span class='ocr_line' id='line_1_1' title="bbox 235 211 531 250; baseline -0.017 -1"><span class='ocrx_word' id='word_1_1' title='bbox 235 222 288 249; x_wconf 83' lang='lat' dir='ltr'><strong>An.</strong></span> <span class='ocrx_word' id='word_1_2' title='bbox 302 220 332 249; x_wconf 92' lang='lat' dir='ltr'><strong>C.</strong></span> <span class='ocrx_word' id='word_1_3' title='bbox 350 221 422 250; x_wconf 84' lang='lat'>1595</span> <span class='ocrx_word' id='word_1_4' title='bbox 467 211 531 246; x_wconf 65' lang='lat'><strong>246</strong></span> 
     </span>
    </p>
   </div>
   <div class='ocr_carea' id='block_1_2' title="bbox 240 1705 424 1758">
    <p class='ocr_par' dir='ltr' id='par_1_2' title="bbox 240 1705 424 1758">
     <span class='ocr_line' id='line_1_2' title="bbox 295 1705 424 1727; baseline 0.008 -2"><span class='ocrx_word' id='word_1_5' title='bbox 295 1705 316 1726; x_wconf 77' lang='lat' dir='ltr'><strong>Ii</strong></span> <span class='ocrx_word' id='word_1_6' title='bbox 326 1706 331 1725; x_wconf 94' lang='lat' dir='ltr'><strong>l</strong></span> <span class='ocrx_word' id='word_1_7' title='bbox 341 1712 356 1726; x_wconf 76' lang='lat' dir='ltr'><strong>·s</strong></span> <span class='ocrx_word' id='word_1_8' title='bbox 369 1708 424 1727; x_wconf 77' lang='lat' dir='ltr'><strong>tran-</strong></span> 
     </span>
     <span class='ocr_line' id='line_1_3' title="bbox 240 1735 376 1758; baseline 0 -6"><span class='ocrx_word' id='word_1_9' title='bbox 240 1735 376 1758; x_wconf 54' lang='lat' dir='ltr'><strong>nunplwrum.</strong></span> 
     </span>
    </p>
   </div>
   <div class='ocr_carea' id='block_1_3' title="bbox 275 2129 396 2151">
    <p class='ocr_par' dir='ltr' id='par_1_3' title="bbox 275 2129 396 2151">
     <span class='ocr_line' id='line_1_4' title="bbox 275 2129 396 2151; baseline 0.025 -3"><span class='ocrx_word' id='word_1_10' title='bbox 275 2129 396 2151; x_wconf 64' lang='lat' dir='ltr'><strong>clau-ulae.</strong></span> 
     </span>
    </p>
   </div>
   <div class='ocr_carea' id='block_1_4' title="bbox 1010 219 1194 244">
    <p class='ocr_par' dir='ltr' id='par_1_4' title="bbox 1010 219 1194 244">
     <span class='ocr_line' id='line_1_5' title="bbox 1010 219 1194 244; baseline -0.005 0"><span class='ocrx_word' id='word_1_11' title='bbox 1010 219 1194 244; x_wconf 78' lang='lat' dir='ltr'>BULLARIUM</span> 
     </span>
    </p>
   </div>
   <div class='ocr_carea' id='block_1_5' title="bbox 433 267 1175 369">
    <p class='ocr_par' dir='ltr' id='par_1_5' title="bbox 433 267 1175 369">
     <span class='ocr_line' id='line_1_6' title="bbox 434 267 1175 305; baseline -0.007 0"><span class='ocrx_word' id='word_1_12' title='bbox 434 276 465 305; x_wconf 86' lang='lat' dir='ltr'><strong>et</strong></span> <span class='ocrx_word' id='word_1_13' title='bbox 486 275 653 304; x_wconf 87' lang='lat' dir='ltr'><strong>conservet</strong></span> <span class='ocrx_word' id='word_1_14' title='bbox 670 275 701 303; x_wconf 90' lang='lat' dir='ltr'><strong>et</strong></span> <span class='ocrx_word' id='word_1_15' title='bbox 721 269 910 302; x_wconf 82' lang='lat' dir='ltr'><strong>corroboret</strong></span> <span class='ocrx_word' id='word_1_16' title='bbox 929 268 962 300; x_wconf 90' lang='lat' dir='ltr'><strong>in</strong></span> <span class='ocrx_word' id='word_1_17' title='bbox 982 267 1044 301; x_wconf 86' lang='lat' dir='ltr'><strong>hoc</strong></span> <span class='ocrx_word' id='word_1_18' title='bbox 1063 272 1175 300; x_wconf 85' lang='lat' dir='ltr'><strong>sancto</strong></span> 
     </span>
     <span class='ocr_line' id='line_1_7' title="bbox 433 320 1172 369; baseline -0.007 -11"><span class='ocrx_word' id='word_1_19' title='bbox 433 324 600 369; x_wconf 85' lang='lat' dir='ltr'><strong>proposito</strong></span> <span class='ocrx_word' id='word_1_20' title='bbox 625 333 698 356; x_wconf 90' lang='lat' dir='ltr'><strong>cum</strong></span> <span class='ocrx_word' id='word_1_21' title='bbox 723 322 812 356; x_wconf 89' lang='lat' dir='ltr'><strong>omni</strong></span> <span class='ocrx_word' id='word_1_22' title='bbox 837 322 924 354; x_wconf 90' lang='lat' dir='ltr'><strong>clero</strong></span> <span class='ocrx_word' id='word_1_23' title='bbox 949 327 980 354; x_wconf 89' lang='lat' dir='ltr'><strong>et</strong></span> <span class='ocrx_word' id='word_1_24' title='bbox 1003 320 1091 354; x_wconf 87' lang='lat' dir='ltr'><strong>fideli</strong></span> <span class='ocrx_word' id='word_1_25' title='bbox 1111 330 1172 364; x_wconf 92' lang='lat' dir='ltr'><strong>po-</strong></span> 
     </span>
    </p>
   </div>
   <div class='ocr_carea' id='block_1_6' title="bbox 1212 191 2194 300">
    <p class='ocr_par' dir='ltr' id='par_1_6' title="bbox 1212 191 2194 300">
     <span class='ocr_line' id='line_1_8' title="bbox 1212 191 2189 257; baseline 0.001 -13"><span class='ocrx_word' id='word_1_26' title='bbox 1212 218 1366 244; x_wconf 75' lang='lat' dir='ltr'><strong>ROMANUM</strong></span> <span class='ocrx_word' id='word_1_27' title='bbox 1968 218 2021 244; x_wconf 82' lang='lat' dir='ltr'><strong>An.</strong></span> <span class='ocrx_word' id='word_1_28' title='bbox 2038 217 2066 245; x_wconf 89' lang='lat' dir='ltr'><strong>c.</strong></span> <span class='ocrx_word' id='word_1_29' title='bbox 2083 191 2189 257; x_wconf 56' lang='grc' dir='ltr'><strong>159οζΞιῖ</strong></span> 
     </span>
     <span class='ocr_line' id='line_1_9' title="bbox 1515 262 2194 300; baseline -0.004 0"><span class='ocrx_word' id='word_1_30' title='bbox 1515 266 1644 300; x_wconf 82' lang='lat' dir='ltr'>CXXIII.</span> <span class='ocrx_word' id='word_1_31' title='bbox 1946 286 1949 289; x_wconf 22' lang='grc' dir='ltr'>κ</span> <span class='ocrx_word' id='word_1_32' title='bbox 2048 266 2055 269; x_wconf 75' lang='grc'><em>“</em></span> <span class='ocrx_word' id='word_1_33' title='bbox 2155 294 2159 300; x_wconf 93' lang='grc'>,</span> <span class='ocrx_word' id='word_1_34' title='bbox 2171 262 2179 291; x_wconf 65' lang='grc' dir='ltr'><strong>ἲ</strong></span> <span class='ocrx_word' id='word_1_35' title='bbox 2191 293 2194 297; x_wconf 90' lang='grc'><em>.</em></span> 
     </span>
    </p>
   </div>
   <div class='ocr_carea' id='block_1_7' title="bbox 433 365 1952 421">
    <p class='ocr_par' dir='ltr' id='par_1_7' title="bbox 433 365 1952 421">
     <span class='ocr_line' id='line_1_10' title="bbox 433 365 1952 421; baseline -0.003 -10"><span class='ocrx_word' id='word_1_36' title='bbox 433 378 522 421; x_wconf 90' lang='lat' dir='ltr'><strong>pulo,</strong></span> <span class='ocrx_word' id='word_1_37' title='bbox 545 382 581 410; x_wconf 89' lang='lat' dir='ltr'><strong>ut</strong></span> <span class='ocrx_word' id='word_1_38' title='bbox 600 379 813 420; x_wconf 88' lang='lat' dir='ltr'><strong>permaneant</strong></span> <span class='ocrx_word' id='word_1_39' title='bbox 826 374 858 407; x_wconf 92' lang='lat' dir='ltr'><strong>in</strong></span> <span class='ocrx_word' id='word_1_40' title='bbox 870 374 1027 408; x_wconf 71' lang='lat' dir='ltr'><strong>charitate</strong></span> <span class='ocrx_word' id='word_1_41' title='bbox 1044 379 1076 407; x_wconf 89' lang='lat' dir='ltr'><strong>et</strong></span> <span class='ocrx_word' id='word_1_42' title='bbox 1093 373 1173 407; x_wconf 89' lang='lat' dir='ltr'><strong>obe·</strong></span> <span class='ocrx_word' id='word_1_43' title='bbox 1210 373 1412 418; x_wconf 67' lang='lat' dir='ltr'><strong>Appi-abacia</strong></span> <span class='ocrx_word' id='word_1_44' title='bbox 1432 373 1628 407; x_wconf 86' lang='lat' dir='ltr'><strong>Pontificalis</strong></span> <span class='ocrx_word' id='word_1_45' title='bbox 1646 365 1784 407; x_wconf 80' lang='lat' dir='ltr'><strong>Romani</strong></span> <span class='ocrx_word' id='word_1_46' title='bbox 1800 384 1861 418; x_wconf 79' lang='lat' dir='ltr'><strong>pro</strong></span> <span class='ocrx_word' id='word_1_47' title='bbox 1880 383 1952 407; x_wconf 80' lang='lat' dir='ltr'><strong>cae-</strong></span> 
     </span>
    </p>
   </div>
   <div class='ocr_carea' id='block_1_8' title="bbox 434 427 1203 2542">
    <p class='ocr_par' dir='ltr' id='par_1_8' title="bbox 434 427 1192 1696">
     <span class='ocr_line' id='line_1_11' title="bbox 435 427 1176 470; baseline -0.005 -6"><span class='ocrx_word' id='word_1_48' title='bbox 435 430 554 464; x_wconf 82' lang='lat' dir='ltr'><strong>dientia</strong></span> <span class='ocrx_word' id='word_1_49' title='bbox 573 429 602 463; x_wconf 89' lang='lat' dir='ltr'><strong>S.</strong></span> <span class='ocrx_word' id='word_1_50' title='bbox 629 429 664 462; x_wconf 87' lang='lat' dir='ltr'><strong>R.</strong></span> <span class='ocrx_word' id='word_1_51' title='bbox 694 428 728 461; x_wconf 85' lang='lat' dir='ltr'><strong>E.</strong></span> <span class='ocrx_word' id='word_1_52' title='bbox 761 427 874 461; x_wconf 89' lang='lat' dir='ltr'><strong>matris</strong></span> <span class='ocrx_word' id='word_1_53' title='bbox 900 438 988 468; x_wconf 91' lang='lat' dir='ltr'><strong>suae,</strong></span> <span class='ocrx_word' id='word_1_54' title='bbox 1015 433 1052 460; x_wconf 86' lang='lat' dir='ltr'><strong>ut</strong></span> <span class='ocrx_word' id='word_1_55' title='bbox 1076 437 1176 470; x_wconf 82' lang='lat' dir='ltr'><strong>agno-</strong></span> 
     </span>
     <span class='ocr_line' id='line_1_12' title="bbox 434 480 1178 525; baseline -0.004 -8"><span class='ocrx_word' id='word_1_56' title='bbox 434 489 524 517; x_wconf 90' lang='lat' dir='ltr'><strong>scant</strong></span> <span class='ocrx_word' id='word_1_57' title='bbox 552 488 583 516; x_wconf 89' lang='lat' dir='ltr'><strong>et</strong></span> <span class='ocrx_word' id='word_1_58' title='bbox 602 487 761 525; x_wconf 88' lang='lat' dir='ltr'><strong>perpetuo</strong></span> <span class='ocrx_word' id='word_1_59' title='bbox 782 481 999 515; x_wconf 85' lang='lat' dir='ltr'><strong>confiteantur</strong></span> <span class='ocrx_word' id='word_1_60' title='bbox 1018 480 1178 523; x_wconf 83' lang='lat' dir='ltr'><strong>magnitu-</strong></span> 
     </span>
     <span class='ocr_line' id='line_1_13' title="bbox 435 534 1175 578; baseline -0.004 -7"><span class='ocrx_word' id='word_1_61' title='bbox 435 537 544 571; x_wconf 86' lang='lat' dir='ltr'>dinem</span> <span class='ocrx_word' id='word_1_62' title='bbox 567 536 692 569; x_wconf 87' lang='lat' dir='ltr'><strong>divinae</strong></span> <span class='ocrx_word' id='word_1_63' title='bbox 715 535 958 568; x_wconf 83' lang='lat' dir='ltr'><strong>misericordiae</strong></span> <span class='ocrx_word' id='word_1_64' title='bbox 982 545 1059 578; x_wconf 85' lang='lat' dir='ltr'><strong>erga</strong></span> <span class='ocrx_word' id='word_1_65' title='bbox 1078 534 1175 578; x_wconf 91' lang='lat' dir='ltr'><strong>ipsos,</strong></span> 
     </span>
     <span class='ocr_line' id='line_1_14' title="bbox 435 589 1179 625; baseline -0.003 -1"><span class='ocrx_word' id='word_1_66' title='bbox 435 597 467 625; x_wconf 89' lang='lat' dir='ltr'><strong>et</strong></span> <span class='ocrx_word' id='word_1_67' title='bbox 485 590 652 623; x_wconf 79' lang='lat' dir='ltr'><strong>ambulent</strong></span> <span class='ocrx_word' id='word_1_68' title='bbox 671 589 705 622; x_wconf 89' lang='lat' dir='ltr'><strong>in</strong></span> <span class='ocrx_word' id='word_1_69' title='bbox 724 589 775 622; x_wconf 89' lang='lat' dir='ltr'><strong>via</strong></span> <span class='ocrx_word' id='word_1_70' title='bbox 793 589 922 623; x_wconf 86' lang='lat' dir='ltr'><strong>Domini</strong></span> <span class='ocrx_word' id='word_1_71' title='bbox 953 594 1179 622; x_wconf 83' lang='lat' dir='ltr'><strong>conservantes</strong></span> 
     </span>
     <span class='ocr_line' id='line_1_15' title="bbox 434 641 1179 686; baseline -0.003 -10"><span class='ocrx_word' id='word_1_72' title='bbox 434 644 590 677; x_wconf 87' lang='lat' dir='ltr'><strong>unitatem</strong></span> <span class='ocrx_word' id='word_1_73' title='bbox 607 643 739 686; x_wconf 86' lang='lat' dir='ltr'><strong>spiritus</strong></span> <span class='ocrx_word' id='word_1_74' title='bbox 759 642 792 675; x_wconf 88' lang='lat' dir='ltr'><strong>in</strong></span> <span class='ocrx_word' id='word_1_75' title='bbox 811 642 940 676; x_wconf 91' lang='lat' dir='ltr'><strong>vinculo</strong></span> <span class='ocrx_word' id='word_1_76' title='bbox 960 642 1048 686; x_wconf 86' lang='lat' dir='ltr'><strong>pacis</strong></span> <span class='ocrx_word' id='word_1_77' title='bbox 1068 641 1179 675; x_wconf 90' lang='lat' dir='ltr'><strong>nobis-</strong></span> 
     </span>
     <span class='ocr_line' id='line_1_16' title="bbox 434 694 1192 739; baseline -0.004 -9"><span class='ocrx_word' id='word_1_78' title='bbox 434 707 506 730; x_wconf 88' lang='lat' dir='ltr'><strong>cum</strong></span> <span class='ocrx_word' id='word_1_79' title='bbox 520 724 528 736; x_wconf 91' lang='lat'>‚</span> <span class='ocrx_word' id='word_1_80' title='bbox 551 702 587 729; x_wconf 90' lang='lat' dir='ltr'><strong>ut</strong></span> <span class='ocrx_word' id='word_1_81' title='bbox 605 695 663 728; x_wconf 81' lang='lat' dir='ltr'><strong>filii</strong></span> <span class='ocrx_word' id='word_1_82' title='bbox 683 695 784 729; x_wconf 88' lang='lat' dir='ltr'><strong>nostri</strong></span> <span class='ocrx_word' id='word_1_83' title='bbox 805 695 934 736; x_wconf 90' lang='lat' dir='ltr'><strong>dilecti,</strong></span> <span class='ocrx_word' id='word_1_84' title='bbox 958 705 1040 739; x_wconf 90' lang='lat' dir='ltr'><strong>quos</strong></span> <span class='ocrx_word' id='word_1_85' title='bbox 1063 694 1192 736; x_wconf 58' lang='lat' dir='ltr'><strong>sing-w,</strong></span> 
     </span>
     <span class='ocr_line' id='line_1_17' title="bbox 434 747 1182 792; baseline -0.004 -9"><span class='ocrx_word' id='word_1_86' title='bbox 434 749 493 783; x_wconf 88' lang='lat' dir='ltr'><strong>lari</strong></span> <span class='ocrx_word' id='word_1_87' title='bbox 507 755 616 782; x_wconf 90' lang='lat' dir='ltr'><strong>nostro</strong></span> <span class='ocrx_word' id='word_1_88' title='bbox 634 759 707 782; x_wconf 90' lang='lat' dir='ltr'><strong>cum</strong></span> <span class='ocrx_word' id='word_1_89' title='bbox 719 748 838 791; x_wconf 84' lang='lat' dir='ltr'><strong>gaudio</strong></span> <span class='ocrx_word' id='word_1_90' title='bbox 855 748 1055 792; x_wconf 82' lang='lat' dir='ltr'><strong>suscepimus</strong></span> <span class='ocrx_word' id='word_1_91' title='bbox 1075 747 1108 780; x_wconf 90' lang='lat' dir='ltr'><strong>in</strong></span> <span class='ocrx_word' id='word_1_92' title='bbox 1119 747 1182 780; x_wconf 91' lang='lat' dir='ltr'><strong>Do-</strong></span> 
     </span>
     <span class='ocr_line' id='line_1_18' title="bbox 435 800 1182 845; baseline -0.004 -9"><span class='ocrx_word' id='word_1_93' title='bbox 435 802 534 836; x_wconf 87' lang='lat' dir='ltr'><strong>mino.</strong></span> <span class='ocrx_word' id='word_1_94' title='bbox 557 803 604 836; x_wconf 89' lang='lat' dir='ltr'><strong>Ita</strong></span> <span class='ocrx_word' id='word_1_95' title='bbox 623 801 767 836; x_wconf 87' lang='lat' dir='ltr'><strong>Christus</strong></span> <span class='ocrx_word' id='word_1_96' title='bbox 790 801 947 835; x_wconf 90' lang='lat' dir='ltr'><strong>Dominus</strong></span> <span class='ocrx_word' id='word_1_97' title='bbox 966 811 1025 845; x_wconf 90' lang='lat' dir='ltr'><strong>pro</strong></span> <span class='ocrx_word' id='word_1_98' title='bbox 1043 811 1101 834; x_wconf 87' lang='lat' dir='ltr'><strong>sua</strong></span> <span class='ocrx_word' id='word_1_99' title='bbox 1122 800 1182 833; x_wconf 86' lang='lat' dir='ltr'><strong>im-</strong></span> 
     </span>
     <span class='ocr_line' id='line_1_19' title="bbox 435 853 1181 897; baseline -0.004 -8"><span class='ocrx_word' id='word_1_100' title='bbox 435 866 546 889; x_wconf 87' lang='lat' dir='ltr'><strong>mensa</strong></span> <span class='ocrx_word' id='word_1_101' title='bbox 574 855 745 889; x_wconf 86' lang='lat' dir='ltr'><strong>clementia</strong></span> <span class='ocrx_word' id='word_1_102' title='bbox 775 854 1002 890; x_wconf 85' lang='lat' dir='ltr'><strong>Ruthenorum</strong></span> <span class='ocrx_word' id='word_1_103' title='bbox 1034 853 1181 897; x_wconf 84' lang='lat' dir='ltr'><strong>exemplo</strong></span> 
     </span>
     <span class='ocr_line' id='line_1_20' title="bbox 434 906 1182 944; baseline -0.004 -1"><span class='ocrx_word' id='word_1_104' title='bbox 434 909 571 944; x_wconf 88' lang='lat' dir='ltr'><strong>Graecos</strong></span> <span class='ocrx_word' id='word_1_105' title='bbox 597 919 710 942; x_wconf 90' lang='lat' dir='ltr'><strong>omnes</strong></span> <span class='ocrx_word' id='word_1_106' title='bbox 729 908 769 941; x_wconf 92' lang='lat' dir='ltr'><strong>ab</strong></span> <span class='ocrx_word' id='word_1_107' title='bbox 790 907 989 942; x_wconf 77' lang='lat' dir='ltr'><strong>orthodoxae</strong></span> <span class='ocrx_word' id='word_1_108' title='bbox 1016 906 1093 941; x_wconf 88' lang='lat' dir='ltr'><strong>fidei</strong></span> <span class='ocrx_word' id='word_1_109' title='bbox 1118 913 1182 940; x_wconf 89' lang='lat' dir='ltr'><strong>tra-</strong></span> 
     </span>
     <span class='ocr_line' id='line_1_21' title="bbox 435 960 1182 1005; baseline -0.004 -10"><span class='ocrx_word' id='word_1_110' title='bbox 435 962 512 995; x_wconf 89' lang='lat' dir='ltr'><strong>mite</strong></span> <span class='ocrx_word' id='word_1_111' title='bbox 536 962 734 1001; x_wconf 85' lang='lat' dir='ltr'><strong>aberrantes,</strong></span> <span class='ocrx_word' id='word_1_112' title='bbox 751 960 806 1005; x_wconf 92' lang='lat' dir='ltr'><strong>qui</strong></span> <span class='ocrx_word' id='word_1_113' title='bbox 820 970 875 994; x_wconf 88' lang='lat' dir='ltr'><strong>eos</strong></span> <span class='ocrx_word' id='word_1_114' title='bbox 895 961 928 993; x_wconf 90' lang='lat' dir='ltr'><strong>in</strong></span> <span class='ocrx_word' id='word_1_115' title='bbox 949 960 1114 994; x_wconf 88' lang='lat' dir='ltr'><strong>erroribus</strong></span> <span class='ocrx_word' id='word_1_116' title='bbox 1133 970 1182 993; x_wconf 88' lang='lat' dir='ltr'><strong>se-</strong></span> 
     </span>
     <span class='ocr_line' id='line_1_22' title="bbox 436 1012 1183 1059; baseline -0.005 -10"><span class='ocrx_word' id='word_1_117' title='bbox 436 1021 596 1058; x_wconf 88' lang='lat' dir='ltr'><strong>quuntur,</strong></span> <span class='ocrx_word' id='word_1_118' title='bbox 619 1019 826 1059; x_wconf 87' lang='lat' dir='ltr'><strong>permoveat,</strong></span> <span class='ocrx_word' id='word_1_119' title='bbox 849 1013 904 1057; x_wconf 91' lang='lat' dir='ltr'><strong>qui</strong></span> <span class='ocrx_word' id='word_1_120' title='bbox 930 1013 1086 1047; x_wconf 84' lang='lat' dir='ltr'><strong>Ruthenis</strong></span> <span class='ocrx_word' id='word_1_121' title='bbox 1106 1012 1183 1056; x_wconf 87' lang='lat' dir='ltr'><strong>ipsis</strong></span> 
     </span>
     <span class='ocr_line' id='line_1_23' title="bbox 436 1066 1179 1111; baseline -0.003 -10"><span class='ocrx_word' id='word_1_122' title='bbox 436 1068 468 1101; x_wconf 92' lang='lat' dir='ltr'><strong>in</strong></span> <span class='ocrx_word' id='word_1_123' title='bbox 487 1068 548 1102; x_wconf 86' lang='lat' dir='ltr'><strong>hac</strong></span> <span class='ocrx_word' id='word_1_124' title='bbox 568 1067 832 1102; x_wconf 79' lang='lat' dir='ltr'><strong>reconciliatione</strong></span> <span class='ocrx_word' id='word_1_125' title='bbox 844 1066 971 1111; x_wconf 84' lang='lat' dir='ltr'><strong>praeire</strong></span> <span class='ocrx_word' id='word_1_126' title='bbox 989 1066 1179 1105; x_wconf 80' lang='lat' dir='ltr'><strong>debuerant,</strong></span> 
     </span>
     <span class='ocr_line' id='line_1_24' title="bbox 436 1117 1180 1165; baseline -0.003 -12"><span class='ocrx_word' id='word_1_127' title='bbox 436 1120 492 1165; x_wconf 91' lang='lat' dir='ltr'><strong>qui</strong></span> <span class='ocrx_word' id='word_1_128' title='bbox 518 1120 641 1154; x_wconf 88' lang='lat' dir='ltr'><strong>tamdiu</strong></span> <span class='ocrx_word' id='word_1_129' title='bbox 662 1120 783 1164; x_wconf 88' lang='lat' dir='ltr'><strong>duplici</strong></span> <span class='ocrx_word' id='word_1_130' title='bbox 803 1119 992 1162; x_wconf 82' lang='lat' dir='ltr'><strong>gravissimo</strong></span> <span class='ocrx_word' id='word_1_131' title='bbox 1013 1118 1088 1161; x_wconf 83' lang='lat' dir='ltr'><strong>iugo</strong></span> <span class='ocrx_word' id='word_1_132' title='bbox 1109 1117 1180 1152; x_wconf 89' lang='lat' dir='ltr'><strong>ani-</strong></span> 
     </span>
     <span class='ocr_line' id='line_1_25' title="bbox 435 1173 1184 1217; baseline -0.004 -10"><span class='ocrx_word' id='word_1_133' title='bbox 435 1184 508 1207; x_wconf 85' lang='lat' dir='ltr'><strong>mae</strong></span> <span class='ocrx_word' id='word_1_134' title='bbox 527 1179 558 1207; x_wconf 94' lang='lat' dir='ltr'><strong>et</strong></span> <span class='ocrx_word' id='word_1_135' title='bbox 574 1173 721 1217; x_wconf 90' lang='lat' dir='ltr'><strong>corporis</strong></span> <span class='ocrx_word' id='word_1_136' title='bbox 744 1178 949 1217; x_wconf 89' lang='lat' dir='ltr'><strong>premuntur,</strong></span> <span class='ocrx_word' id='word_1_137' title='bbox 973 1182 1110 1216; x_wconf 87' lang='lat' dir='ltr'><strong>quorum</strong></span> <span class='ocrx_word' id='word_1_138' title='bbox 1133 1181 1184 1204; x_wconf 89' lang='lat' dir='ltr'><strong>ca-</strong></span> 
     </span>
     <span class='ocr_line' id='line_1_26' title="bbox 437 1226 1185 1268; baseline -0.003 -8"><span class='ocrx_word' id='word_1_139' title='bbox 437 1227 615 1260; x_wconf 89' lang='lat' dir='ltr'><strong>lamitatem</strong></span> <span class='ocrx_word' id='word_1_140' title='bbox 637 1226 704 1260; x_wconf 90' lang='lat' dir='ltr'><strong>dies</strong></span> <span class='ocrx_word' id='word_1_141' title='bbox 730 1232 760 1260; x_wconf 86' lang='lat' dir='ltr'><strong>ct</strong></span> <span class='ocrx_word' id='word_1_142' title='bbox 786 1231 897 1259; x_wconf 89' lang='lat' dir='ltr'><strong>noctes</strong></span> <span class='ocrx_word' id='word_1_143' title='bbox 916 1226 1076 1268; x_wconf 79' lang='lat' dir='ltr'><strong>lugemus,</strong></span> <span class='ocrx_word' id='word_1_144' title='bbox 1099 1231 1130 1258; x_wconf 93' lang='lat' dir='ltr'><strong>et</strong></span> <span class='ocrx_word' id='word_1_145' title='bbox 1149 1231 1185 1258; x_wconf 93' lang='lat' dir='ltr'><strong>ut</strong></span> 
     </span>
     <span class='ocr_line' id='line_1_27' title="bbox 437 1279 1180 1324; baseline -0.003 -11"><span class='ocrx_word' id='word_1_146' title='bbox 437 1280 496 1324; x_wconf 92' lang='lat' dir='ltr'><strong>ipsi</strong></span> <span class='ocrx_word' id='word_1_147' title='bbox 517 1285 680 1313; x_wconf 81' lang='lat' dir='ltr'><strong>sectentur</strong></span> <span class='ocrx_word' id='word_1_148' title='bbox 698 1279 854 1313; x_wconf 87' lang='lat' dir='ltr'><strong>unitatem</strong></span> <span class='ocrx_word' id='word_1_149' title='bbox 876 1284 908 1312; x_wconf 89' lang='lat' dir='ltr'><strong>et</strong></span> <span class='ocrx_word' id='word_1_150' title='bbox 926 1289 1050 1322; x_wconf 87' lang='lat' dir='ltr'><strong>pacem,</strong></span> <span class='ocrx_word' id='word_1_151' title='bbox 1066 1289 1103 1312; x_wconf 86' lang='lat' dir='ltr'><strong>ac</strong></span> <span class='ocrx_word' id='word_1_152' title='bbox 1127 1289 1180 1312; x_wconf 90' lang='lat' dir='ltr'><strong>er-</strong></span> 
     </span>
     <span class='ocr_line' id='line_1_28' title="bbox 438 1331 1184 1375; baseline -0.004 -8"><span class='ocrx_word' id='word_1_153' title='bbox 438 1333 567 1367; x_wconf 89' lang='lat' dir='ltr'><strong>roribus</strong></span> <span class='ocrx_word' id='word_1_154' title='bbox 588 1338 618 1366; x_wconf 90' lang='lat' dir='ltr'><strong>et</strong></span> <span class='ocrx_word' id='word_1_155' title='bbox 638 1333 779 1366; x_wconf 88' lang='lat' dir='ltr'><strong>tenebris</strong></span> <span class='ocrx_word' id='word_1_156' title='bbox 796 1332 933 1373; x_wconf 89' lang='lat' dir='ltr'><strong>reiectis,</strong></span> <span class='ocrx_word' id='word_1_157' title='bbox 950 1331 1184 1375; x_wconf 83' lang='lat' dir='ltr'><strong>amplectantur</strong></span> 
     </span>
     <span class='ocr_line' id='line_1_29' title="bbox 437 1386 1180 1426; baseline 0 -7"><span class='ocrx_word' id='word_1_158' title='bbox 437 1387 604 1421; x_wconf 87' lang='lat' dir='ltr'><strong>veritatem</strong></span> <span class='ocrx_word' id='word_1_159' title='bbox 620 1392 651 1420; x_wconf 90' lang='lat' dir='ltr'><strong>et</strong></span> <span class='ocrx_word' id='word_1_160' title='bbox 667 1387 785 1426; x_wconf 89' lang='lat' dir='ltr'><strong>lucem,</strong></span> <span class='ocrx_word' id='word_1_161' title='bbox 796 1392 827 1420; x_wconf 91' lang='lat' dir='ltr'><strong>et</strong></span> <span class='ocrx_word' id='word_1_162' title='bbox 844 1391 1046 1420; x_wconf 85' lang='lat' dir='ltr'><strong>revertantur</strong></span> <span class='ocrx_word' id='word_1_163' title='bbox 1057 1386 1097 1419; x_wconf 91' lang='lat' dir='ltr'><strong>ad</strong></span> <span class='ocrx_word' id='word_1_164' title='bbox 1111 1396 1180 1426; x_wconf 89' lang='lat' dir='ltr'><strong>nos,</strong></span> 
     </span>
     <span class='ocr_line' id='line_1_30' title="bbox 438 1438 1183 1484; baseline -0.001 -11"><span class='ocrx_word' id='word_1_165' title='bbox 438 1440 492 1484; x_wconf 90' lang='lat' dir='ltr'><strong>qui</strong></span> <span class='ocrx_word' id='word_1_166' title='bbox 513 1440 595 1474; x_wconf 89' lang='lat' dir='ltr'><strong>intra</strong></span> <span class='ocrx_word' id='word_1_167' title='bbox 615 1450 671 1473; x_wconf 91' lang='lat' dir='ltr'><strong>cor</strong></span> <span class='ocrx_word' id='word_1_168' title='bbox 697 1445 843 1473; x_wconf 90' lang='lat' dir='ltr'><strong>nostrum</strong></span> <span class='ocrx_word' id='word_1_169' title='bbox 865 1439 896 1472; x_wconf 92' lang='lat' dir='ltr'><strong>in</strong></span> <span class='ocrx_word' id='word_1_170' title='bbox 917 1438 1093 1472; x_wconf 88' lang='lat' dir='ltr'><strong>visceribus</strong></span> <span class='ocrx_word' id='word_1_171' title='bbox 1112 1438 1183 1472; x_wconf 90' lang='lat' dir='ltr'><strong>lesu</strong></span> 
     </span>
     <span class='ocr_line' id='line_1_31' title="bbox 438 1492 1184 1537; baseline -0.004 -10"><span class='ocrx_word' id='word_1_172' title='bbox 438 1493 551 1527; x_wconf 84' lang='lat' dir='ltr'><strong>Christi</strong></span> <span class='ocrx_word' id='word_1_173' title='bbox 570 1503 624 1526; x_wconf 90' lang='lat' dir='ltr'><strong>eos</strong></span> <span class='ocrx_word' id='word_1_174' title='bbox 642 1493 787 1536; x_wconf 88' lang='lat' dir='ltr'><strong>recipere</strong></span> <span class='ocrx_word' id='word_1_175' title='bbox 805 1498 965 1537; x_wconf 88' lang='lat' dir='ltr'><strong>optamus,</strong></span> <span class='ocrx_word' id='word_1_176' title='bbox 979 1496 1016 1525; x_wconf 84' lang='lat' dir='ltr'><strong>ut</strong></span> <span class='ocrx_word' id='word_1_177' title='bbox 1029 1492 1066 1525; x_wconf 83' lang='lat' dir='ltr'><strong>in</strong></span> <span class='ocrx_word' id='word_1_178' title='bbox 1079 1493 1184 1525; x_wconf 80' lang='lat' dir='ltr'><strong>omni-</strong></span> 
     </span>
     <span class='ocr_line' id='line_1_32' title="bbox 439 1546 1185 1589; baseline -0.001 -10"><span class='ocrx_word' id='word_1_179' title='bbox 439 1547 498 1579; x_wconf 81' lang='lat' dir='ltr'><strong>bns</strong></span> <span class='ocrx_word' id='word_1_180' title='bbox 516 1546 718 1589; x_wconf 76' lang='lat' dir='ltr'><strong>qlorificetur</strong></span> <span class='ocrx_word' id='word_1_181' title='bbox 741 1546 848 1586; x_wconf 80' lang='lat' dir='ltr'><strong>Deus,</strong></span> <span class='ocrx_word' id='word_1_182' title='bbox 872 1551 902 1579; x_wconf 85' lang='lat' dir='ltr'><strong>et</strong></span> <span class='ocrx_word' id='word_1_183' title='bbox 925 1547 1027 1580; x_wconf 77' lang='lat' dir='ltr'><strong>Pater</strong></span> <span class='ocrx_word' id='word_1_184' title='bbox 1049 1546 1185 1579; x_wconf 84' lang='lat' dir='ltr'><strong>Domini</strong></span> 
     </span>
     <span class='ocr_line' id='line_1_33' title="bbox 439 1599 1180 1642; baseline -0.001 -9"><span class='ocrx_word' id='word_1_185' title='bbox 439 1599 552 1633; x_wconf 84' lang='lat' dir='ltr'><strong>Nostri</strong></span> <span class='ocrx_word' id='word_1_186' title='bbox 571 1600 645 1633; x_wconf 85' lang='lat' dir='ltr'><strong>Iesu</strong></span> <span class='ocrx_word' id='word_1_187' title='bbox 667 1600 802 1640; x_wconf 83' lang='lat' dir='ltr'><strong>Christi,</strong></span> <span class='ocrx_word' id='word_1_188' title='bbox 825 1604 854 1633; x_wconf 84' lang='lat' dir='ltr'><strong>et</strong></span> <span class='ocrx_word' id='word_1_189' title='bbox 873 1599 932 1642; x_wconf 84' lang='lat' dir='ltr'><strong>fiat</strong></span> <span class='ocrx_word' id='word_1_190' title='bbox 952 1609 1057 1632; x_wconf 51' lang='lat' dir='ltr'><strong>¹urium</strong></span> <span class='ocrx_word' id='word_1_191' title='bbox 1077 1599 1180 1640; x_wconf 85' lang='lat' dir='ltr'><strong>ovile,</strong></span> 
     </span>
     <span class='ocr_line' id='line_1_34' title="bbox 440 1655 848 1696; baseline 0 -11"><span class='ocrx_word' id='word_1_192' title='bbox 440 1657 469 1686; x_wconf 83' lang='lat' dir='ltr'><strong>et</strong></span> <span class='ocrx_word' id='word_1_193' title='bbox 486 1663 574 1686; x_wconf 82' lang='lat' dir='ltr'><strong>unus</strong></span> <span class='ocrx_word' id='word_1_194' title='bbox 591 1658 714 1696; x_wconf 77' lang='lat' dir='ltr'><strong>pastor.</strong></span> <span class='ocrx_word' id='word_1_195' title='bbox 735 1655 848 1686; x_wconf 83' lang='lat' dir='ltr'><strong>Amen.</strong></span> 
     </span>
    </p>

    <p class='ocr_par' dir='ltr' id='par_1_9' title="bbox 441 1705 1185 2116">
     <span class='ocr_line' id='line_1_35' title="bbox 485 1705 1182 1750; baseline 0.001 -12"><span class='ocrx_word' id='word_1_196' title='bbox 485 1707 501 1748; x_wconf 65' lang='grc' dir='ltr'><strong>ς</strong></span> <span class='ocrx_word' id='word_1_197' title='bbox 522 1705 572 1739; x_wconf 89' lang='grc'><strong>13.</strong></span> <span class='ocrx_word' id='word_1_198' title='bbox 597 1706 753 1739; x_wconf 82' lang='lat' dir='ltr'><strong>Volumus</strong></span> <span class='ocrx_word' id='word_1_199' title='bbox 774 1712 894 1747; x_wconf 87' lang='lat' dir='ltr'><strong>autem,</strong></span> <span class='ocrx_word' id='word_1_200' title='bbox 911 1714 945 1739; x_wconf 85' lang='lat' dir='ltr'><strong>ut</strong></span> <span class='ocrx_word' id='word_1_201' title='bbox 965 1705 1182 1750; x_wconf 86' lang='lat' dir='ltr'><strong>praesentium</strong></span> 
     </span>
     <span class='ocr_line' id='line_1_36' title="bbox 442 1758 1181 1803; baseline 0.001 -12"><span class='ocrx_word' id='word_1_202' title='bbox 442 1758 620 1792; x_wconf 85' lang='lat' dir='ltr'><strong>litterarum</strong></span> <span class='ocrx_word' id='word_1_203' title='bbox 641 1759 851 1802; x_wconf 83' lang='lat' dir='ltr'><strong>transumptis</strong></span> <span class='ocrx_word' id='word_1_204' title='bbox 871 1759 966 1792; x_wconf 87' lang='lat' dir='ltr'><strong>etiam</strong></span> <span class='ocrx_word' id='word_1_205' title='bbox 996 1759 1159 1803; x_wconf 86' lang='lat' dir='ltr'><strong>impressis</strong></span> <span class='ocrx_word' id='word_1_206' title='bbox 1174 1787 1181 1800; x_wconf 95' lang='lat'>‚</span> 
     </span>
     <span class='ocr_line' id='line_1_37' title="bbox 441 1811 1184 1855; baseline 0.001 -11"><span class='ocrx_word' id='word_1_207' title='bbox 441 1811 556 1844; x_wconf 87' lang='lat' dir='ltr'><strong>notarii</strong></span> <span class='ocrx_word' id='word_1_208' title='bbox 572 1811 691 1854; x_wconf 86' lang='lat' dir='ltr'><strong>publici</strong></span> <span class='ocrx_word' id='word_1_209' title='bbox 710 1821 807 1844; x_wconf 87' lang='lat' dir='ltr'><strong>manu</strong></span> <span class='ocrx_word' id='word_1_210' title='bbox 821 1812 1021 1855; x_wconf 84' lang='lat' dir='ltr'><strong>subscriptis,</strong></span> <span class='ocrx_word' id='word_1_211' title='bbox 1037 1818 1067 1845; x_wconf 90' lang='lat' dir='ltr'><strong>et</strong></span> <span class='ocrx_word' id='word_1_212' title='bbox 1080 1812 1184 1855; x_wconf 80' lang='lat' dir='ltr'><strong>sigillo</strong></span> 
     </span>
     <span class='ocr_line' id='line_1_38' title="bbox 441 1865 1185 1909; baseline 0.004 -12"><span class='ocrx_word' id='word_1_213' title='bbox 441 1875 598 1909; x_wconf 86' lang='lat' dir='ltr'><strong>personae</strong></span> <span class='ocrx_word' id='word_1_214' title='bbox 624 1865 655 1897; x_wconf 90' lang='lat' dir='ltr'><strong>in</strong></span> <span class='ocrx_word' id='word_1_215' title='bbox 687 1865 841 1907; x_wconf 75' lang='lat' dir='ltr'><strong>dignitate</strong></span> <span class='ocrx_word' id='word_1_216' title='bbox 873 1866 1089 1900; x_wconf 85' lang='lat' dir='ltr'><strong>ecclesiastica</strong></span> <span class='ocrx_word' id='word_1_217' title='bbox 1109 1877 1185 1900; x_wconf 89' lang='lat' dir='ltr'><strong>con-</strong></span> 
     </span>
     <span class='ocr_line' id='line_1_39' title="bbox 441 1918 1185 1963; baseline 0.003 -12"><span class='ocrx_word' id='word_1_218' title='bbox 441 1919 568 1952; x_wconf 84' lang='lat' dir='ltr'><strong>stitutae</strong></span> <span class='ocrx_word' id='word_1_219' title='bbox 587 1918 774 1959; x_wconf 74' lang='lat' dir='ltr'><strong>obsignatis,</strong></span> <span class='ocrx_word' id='word_1_220' title='bbox 799 1919 911 1952; x_wconf 89' lang='lat' dir='ltr'><strong>eadem</strong></span> <span class='ocrx_word' id='word_1_221' title='bbox 939 1930 1074 1963; x_wconf 88' lang='lat' dir='ltr'><strong>prorsus</strong></span> <span class='ocrx_word' id='word_1_222' title='bbox 1105 1919 1185 1954; x_wconf 83' lang='lat' dir='ltr'><strong>fides</strong></span> 
     </span>
     <span class='ocr_line' id='line_1_40' title="bbox 443 1971 1184 2016; baseline 0.001 -11"><span class='ocrx_word' id='word_1_223' title='bbox 443 1973 474 2005; x_wconf 91' lang='lat' dir='ltr'><strong>in</strong></span> <span class='ocrx_word' id='word_1_224' title='bbox 496 1971 617 2005; x_wconf 89' lang='lat' dir='ltr'><strong>iudicio</strong></span> <span class='ocrx_word' id='word_1_225' title='bbox 638 1977 669 2005; x_wconf 86' lang='lat' dir='ltr'><strong>et</strong></span> <span class='ocrx_word' id='word_1_226' title='bbox 688 1977 775 2005; x_wconf 60' lang='lat' dir='ltr'><strong>extra</strong></span> <span class='ocrx_word' id='word_1_227' title='bbox 796 1972 874 2005; x_wconf 84' lang='lat' dir='ltr'><strong>illud</strong></span> <span class='ocrx_word' id='word_1_228' title='bbox 898 1972 1017 2016; x_wconf 83' lang='lat' dir='ltr'><strong>ubique</strong></span> <span class='ocrx_word' id='word_1_229' title='bbox 1039 1973 1184 2006; x_wconf 88' lang='lat' dir='ltr'><strong>locorum</strong></span> 
     </span>
     <span class='ocr_line' id='line_1_41' title="bbox 442 2025 1182 2069; baseline 0.001 -11"><span class='ocrx_word' id='word_1_230' title='bbox 442 2025 610 2064; x_wconf 85' lang='lat' dir='ltr'><strong>habeatur,</strong></span> <span class='ocrx_word' id='word_1_231' title='bbox 634 2036 716 2068; x_wconf 80' lang='lat' dir='ltr'><strong>quae</strong></span> <span class='ocrx_word' id='word_1_232' title='bbox 741 2025 853 2058; x_wconf 86' lang='lat' dir='ltr'><strong>iisdem</strong></span> <span class='ocrx_word' id='word_1_233' title='bbox 882 2026 1104 2069; x_wconf 79' lang='lat' dir='ltr'><strong>praesentibus</strong></span> <span class='ocrx_word' id='word_1_234' title='bbox 1124 2026 1182 2059; x_wconf 78' lang='lat' dir='ltr'><strong>ha-</strong></span> 
     </span>
     <span class='ocr_line' id='line_1_42' title="bbox 442 2078 1181 2116; baseline 0.001 -5"><span class='ocrx_word' id='word_1_235' title='bbox 442 2078 606 2116; x_wconf 85' lang='lat' dir='ltr'><strong>berentur,</strong></span> <span class='ocrx_word' id='word_1_236' title='bbox 620 2078 645 2111; x_wconf 90' lang='lat' dir='ltr'><strong>si</strong></span> <span class='ocrx_word' id='word_1_237' title='bbox 661 2079 763 2111; x_wconf 77' lang='lat' dir='ltr'><strong>forent</strong></span> <span class='ocrx_word' id='word_1_238' title='bbox 778 2078 938 2111; x_wconf 82' lang='lat' dir='ltr'><strong>exhibitae</strong></span> <span class='ocrx_word' id='word_1_239' title='bbox 959 2079 1006 2111; x_wconf 87' lang='lat' dir='ltr'><strong>vel</strong></span> <span class='ocrx_word' id='word_1_240' title='bbox 1025 2085 1181 2112; x_wconf 84' lang='lat' dir='ltr'><strong>ostensae.</strong></span> 
     </span>
    </p>

    <p class='ocr_par' dir='ltr' id='par_1_10' title="bbox 443 2123 1203 2385">
     <span class='ocr_line' id='line_1_43' title="bbox 487 2123 1203 2173; baseline 0.001 -10"><span class='ocrx_word' id='word_1_241' title='bbox 487 2133 503 2173; x_wconf 70' lang='grc'>5</span> <span class='ocrx_word' id='word_1_242' title='bbox 525 2130 576 2163; x_wconf 61' lang='lat' dir='ltr'><strong>tl».</strong></span> <span class='ocrx_word' id='word_1_243' title='bbox 601 2130 684 2164; x_wconf 76' lang='lat' dir='ltr'><strong>Nulli</strong></span> <span class='ocrx_word' id='word_1_244' title='bbox 707 2142 783 2173; x_wconf 78' lang='lat' dir='ltr'><strong>ergo</strong></span> <span class='ocrx_word' id='word_1_245' title='bbox 803 2131 937 2164; x_wconf 88' lang='lat' dir='ltr'><strong>omnino</strong></span> <span class='ocrx_word' id='word_1_246' title='bbox 959 2131 1127 2165; x_wconf 84' lang='lat' dir='ltr'><strong>hominum</strong></span> <span class='ocrx_word' id='word_1_247' title='bbox 1150 2123 1203 2164; x_wconf 47' lang='grc' dir='ltr'><strong>Ιί-Ἰ</strong></span> 
     </span>
     <span class='ocr_line' id='line_1_44' title="bbox 444 2184 1186 2228; baseline 0.004 -12"><span class='ocrx_word' id='word_1_248' title='bbox 444 2190 514 2217; x_wconf 86' lang='lat' dir='ltr'><strong>ceat</strong></span> <span class='ocrx_word' id='word_1_249' title='bbox 536 2184 617 2216; x_wconf 82' lang='lat' dir='ltr'><strong>hanc</strong></span> <span class='ocrx_word' id='word_1_250' title='bbox 644 2184 793 2228; x_wconf 71' lang='lat' dir='ltr'><strong>paginam</strong></span> <span class='ocrx_word' id='word_1_251' title='bbox 810 2211 817 2222; x_wconf 91' lang='lat'><strong>,</strong></span> <span class='ocrx_word' id='word_1_252' title='bbox 840 2188 917 2223; x_wconf 59' lang='lat' dir='ltr'><strong>cta,</strong></span> <span class='ocrx_word' id='word_1_253' title='bbox 941 2190 1069 2218; x_wconf 80' lang='lat' dir='ltr'><strong>nostrae</strong></span> <span class='ocrx_word' id='word_1_254' title='bbox 1098 2196 1186 2219; x_wconf 84' lang='lat' dir='ltr'><strong>rece-</strong></span> 
     </span>
     <span class='ocr_line' id='line_1_45' title="bbox 443 2237 1186 2281; baseline 0.004 -12"><span class='ocrx_word' id='word_1_255' title='bbox 443 2237 579 2281; x_wconf 87' lang='lat' dir='ltr'><strong>ptionis,</strong></span> <span class='ocrx_word' id='word_1_256' title='bbox 604 2237 750 2277; x_wconf 86' lang='lat' dir='ltr'><strong>unionis,</strong></span> <span class='ocrx_word' id='word_1_257' title='bbox 775 2237 1010 2277; x_wconf 82' lang='lat' dir='ltr'><strong>adiunctionis,</strong></span> <span class='ocrx_word' id='word_1_258' title='bbox 1034 2239 1186 2272; x_wconf 81' lang='lat' dir='ltr'><strong>annexio-</strong></span> 
     </span>
     <span class='ocr_line' id='line_1_46' title="bbox 443 2291 1183 2335; baseline 0.004 -12"><span class='ocrx_word' id='word_1_259' title='bbox 443 2291 502 2331; x_wconf 86' lang='lat' dir='ltr'><strong>nis,</strong></span> <span class='ocrx_word' id='word_1_260' title='bbox 527 2291 819 2334; x_wconf 87' lang='lat' dir='ltr'><strong>incorporationis,</strong></span> <span class='ocrx_word' id='word_1_261' title='bbox 841 2291 1080 2335; x_wconf 81' lang='lat' dir='ltr'><strong>perinissionis,</strong></span> <span class='ocrx_word' id='word_1_262' title='bbox 1104 2303 1183 2326; x_wconf 87' lang='lat' dir='ltr'><strong>con-</strong></span> 
     </span>
     <span class='ocr_line' id='line_1_47' title="bbox 443 2344 1072 2385; baseline 0.005 -10"><span class='ocrx_word' id='word_1_263' title='bbox 443 2344 594 2377; x_wconf 83' lang='lat' dir='ltr'><strong>cessionis</strong></span> <span class='ocrx_word' id='word_1_264' title='bbox 614 2350 645 2376; x_wconf 81' lang='lat' dir='ltr'><strong>ct</strong></span> <span class='ocrx_word' id='word_1_265' title='bbox 669 2344 783 2376; x_wconf 86' lang='lat' dir='ltr'><strong>indulti</strong></span> <span class='ocrx_word' id='word_1_266' title='bbox 810 2344 994 2385; x_wconf 69' lang='lat' dir='ltr'><strong>infringere,</strong></span> <span class='ocrx_word' id='word_1_267' title='bbox 1018 2349 1072 2378; x_wconf 74' lang='lat' dir='ltr'><strong>etc.</strong></span> 
     </span>
    </p>

    <p class='ocr_par' dir='ltr' id='par_1_11' title="bbox 487 2397 833 2440">
     <span class='ocr_line' id='line_1_48' title="bbox 487 2397 833 2440; baseline 0.003 -11"><span class='ocrx_word' id='word_1_268' title='bbox 487 2397 517 2432; x_wconf 91' lang='lat' dir='ltr'><strong>Si</strong></span> <span class='ocrx_word' id='word_1_269' title='bbox 539 2398 610 2440; x_wconf 81' lang='lat' dir='ltr'><strong>quis</strong></span> <span class='ocrx_word' id='word_1_270' title='bbox 630 2404 748 2437; x_wconf 84' lang='lat' dir='ltr'><strong>autem,</strong></span> <span class='ocrx_word' id='word_1_271' title='bbox 777 2403 833 2431; x_wconf 82' lang='lat' dir='ltr'><strong>etc.</strong></span> 
     </span>
    </p>

    <p class='ocr_par' dir='ltr' id='par_1_12' title="bbox 445 2450 1188 2542">
     <span class='ocr_line' id='line_1_49' title="bbox 488 2450 1188 2495; baseline 0.003 -13"><span class='ocrx_word' id='word_1_272' title='bbox 488 2450 600 2482; x_wconf 81' lang='lat' dir='ltr'><strong>Datum</strong></span> <span class='ocrx_word' id='word_1_273' title='bbox 617 2451 736 2483; x_wconf 75' lang='lat' dir='ltr'><strong>Itoniae</strong></span> <span class='ocrx_word' id='word_1_274' title='bbox 750 2451 834 2495; x_wconf 79' lang='lat' dir='ltr'><strong>apud</strong></span> <span class='ocrx_word' id='word_1_275' title='bbox 849 2452 878 2484; x_wconf 78' lang='lat' dir='ltr'><strong>S.</strong></span> <span class='ocrx_word' id='word_1_276' title='bbox 898 2451 1024 2484; x_wconf 75' lang='lat' dir='ltr'><strong>Petrum</strong></span> <span class='ocrx_word' id='word_1_277' title='bbox 1041 2462 1126 2484; x_wconf 82' lang='lat' dir='ltr'><strong>anno</strong></span> <span class='ocrx_word' id='word_1_278' title='bbox 1139 2452 1188 2485; x_wconf 88' lang='lat' dir='ltr'><strong>ln-</strong></span> 
     </span>
     <span class='ocr_line' id='line_1_50' title="bbox 445 2502 1187 2542; baseline 0.003 -9"><span class='ocrx_word' id='word_1_279' title='bbox 445 2502 638 2534; x_wconf 71' lang='lat' dir='ltr'><strong>carnationis</strong></span> <span class='ocrx_word' id='word_1_280' title='bbox 652 2503 836 2536; x_wconf 73' lang='lat' dir='ltr'><strong>[loniinicac</strong></span> <span class='ocrx_word' id='word_1_281' title='bbox 858 2513 974 2542; x_wconf 72' lang='lat' dir='ltr'><strong>moxcv,</strong></span> <span class='ocrx_word' id='word_1_282' title='bbox 991 2503 1118 2537; x_wconf 84' lang='lat' dir='ltr'><strong>decimo</strong></span> <span class='ocrx_word' id='word_1_283' title='bbox 1132 2503 1187 2536; x_wconf 82' lang='lat' dir='ltr'><strong>ka-</strong></span> 
     </span>
    </p>
   </div>
   <div class='ocr_carea' id='block_1_9' title="bbox 1199 1460 1208 2600">
    <p class='ocr_par' dir='ltr' id='par_1_13' title="bbox 1199 1460 1208 2600">
     <span class='ocr_line' id='line_1_51' title="bbox 1199 1460 1208 2600; baseline 0 0"><span class='ocrx_word' id='word_1_284' title='bbox 1199 1460 1208 2600; x_wconf 95' lang='lat' dir='ltr'><strong> </strong></span> 
     </span>
    </p>
   </div>
   <div class='ocr_carea' id='block_1_10' title="bbox 446 2555 1184 2655">
    <p class='ocr_par' dir='ltr' id='par_1_14' title="bbox 446 2555 1184 2655">
     <span class='ocr_line' id='line_1_52' title="bbox 446 2555 1184 2599; baseline 0.007 -13"><span class='ocrx_word' id='word_1_285' title='bbox 446 2555 529 2587; x_wconf 85' lang='lat' dir='ltr'><strong>lend.</strong></span> <span class='ocrx_word' id='word_1_286' title='bbox 548 2555 688 2595; x_wconf 79' lang='lat' dir='ltr'><strong>ianuari,</strong></span> <span class='ocrx_word' id='word_1_287' title='bbox 706 2557 910 2599; x_wconf 69' lang='lat' dir='ltr'><strong>pontificatus</strong></span> <span class='ocrx_word' id='word_1_288' title='bbox 927 2557 1027 2591; x_wconf 85' lang='lat' dir='ltr'><strong>nostri</strong></span> <span class='ocrx_word' id='word_1_289' title='bbox 1044 2567 1128 2591; x_wconf 88' lang='lat' dir='ltr'><strong>anno</strong></span> <span class='ocrx_word' id='word_1_290' title='bbox 1143 2567 1184 2591; x_wconf 81' lang='lat' dir='ltr'><strong>tv.</strong></span> 
     </span>
     <span class='ocr_line' id='line_1_53' title="bbox 482 2615 1119 2655; baseline 0.005 -13"><span class='ocrx_word' id='word_1_291' title='bbox 482 2615 538 2643; x_wconf 75' lang='lat' dir='ltr'><strong>Dat.</strong></span> <span class='ocrx_word' id='word_1_292' title='bbox 557 2616 600 2644; x_wconf 83' lang='lat' dir='ltr'><strong>die</strong></span> <span class='ocrx_word' id='word_1_293' title='bbox 616 2618 650 2644; x_wconf 65' lang='lat'><strong>23</strong></span> <span class='ocrx_word' id='word_1_294' title='bbox 665 2617 817 2646; x_wconf 72' lang='lat' dir='ltr'><strong>decembris</strong></span> <span class='ocrx_word' id='word_1_295' title='bbox 836 2620 914 2653; x_wconf 66' lang='lat'><strong>1595,</strong></span> <span class='ocrx_word' id='word_1_296' title='bbox 931 2623 1005 2655; x_wconf 86' lang='lat' dir='ltr'><strong>pont.</strong></span> <span class='ocrx_word' id='word_1_297' title='bbox 1023 2628 1067 2647; x_wconf 77' lang='lat' dir='ltr'><strong>nn.</strong></span> <span class='ocrx_word' id='word_1_298' title='bbox 1084 2626 1119 2647; x_wconf 86' lang='lat' dir='ltr'><strong>tv.</strong></span> 
     </span>
    </p>
   </div>
   <div class='ocr_carea' id='block_1_11' title="bbox 1254 428 1958 595">
    <p class='ocr_par' dir='ltr' id='par_1_15' title="bbox 1254 428 1958 595">
     <span class='ocr_line' id='line_1_54' title="bbox 1254 428 1956 471; baseline 0 -2"><span class='ocrx_word' id='word_1_299' title='bbox 1254 428 1411 469; x_wconf 68' lang='lat' dir='ltr'><strong>remohiis</strong></span> <span class='ocrx_word' id='word_1_300' title='bbox 1435 439 1464 469; x_wconf 86' lang='lat' dir='ltr'><strong>et</strong></span> <span class='ocrx_word' id='word_1_301' title='bbox 1487 434 1604 469; x_wconf 81' lang='lat' dir='ltr'><strong>ritibus</strong></span> <span class='ocrx_word' id='word_1_302' title='bbox 1635 435 1674 468; x_wconf 82' lang='lat' dir='ltr'><strong>ab</strong></span> <span class='ocrx_word' id='word_1_303' title='bbox 1703 435 1864 469; x_wconf 84' lang='lat' dir='ltr'><strong>Ecclesiae</strong></span> <span class='ocrx_word' id='word_1_304' title='bbox 1896 437 1956 471; x_wconf 85' lang='lat' dir='ltr'><strong>Ca-</strong></span> 
     </span>
     <span class='ocr_line' id='line_1_55' title="bbox 1258 497 1958 543; baseline 0.001 -12"><span class='ocrx_word' id='word_1_305' title='bbox 1258 497 1397 531; x_wconf 78' lang='lat' dir='ltr'><strong>tholicae</strong></span> <span class='ocrx_word' id='word_1_306' title='bbox 1432 499 1589 543; x_wconf 77' lang='lat' dir='ltr'><strong>episcopis</strong></span> <span class='ocrx_word' id='word_1_307' title='bbox 1618 497 1823 532; x_wconf 81' lang='lat' dir='ltr'><strong>observandis</strong></span> <span class='ocrx_word' id='word_1_308' title='bbox 1852 508 1958 543; x_wconf 78' lang='lat' dir='ltr'><strong>nuper</strong></span> 
     </span>
     <span class='ocr_line' id='line_1_56' title="bbox 1256 562 1412 595; baseline 0.006 -1"><span class='ocrx_word' id='word_1_309' title='bbox 1256 562 1412 595; x_wconf 78' lang='lat' dir='ltr'><strong>restituti.</strong></span> 
     </span>
    </p>
   </div>
   <div class='ocr_carea' id='block_1_12' title="bbox 1339 657 1834 754">
    <p class='ocr_par' dir='ltr' id='par_1_16' title="bbox 1339 657 1834 754">
     <span class='ocr_line' id='line_1_57' title="bbox 1418 657 1758 692; baseline 0 -7"><span class='ocrx_word' id='word_1_310' title='bbox 1418 658 1552 686; x_wconf 78' lang='lat' dir='ltr'><strong>clemens</strong></span> <span class='ocrx_word' id='word_1_311' title='bbox 1573 657 1651 692; x_wconf 80' lang='lat' dir='ltr'><strong>Papa</strong></span> <span class='ocrx_word' id='word_1_312' title='bbox 1669 657 1736 686; x_wconf 86' lang='lat' dir='ltr'>VIII</span> <span class='ocrx_word' id='word_1_313' title='bbox 1749 679 1758 692; x_wconf 94' lang='lat'><strong>,</strong></span> 
     </span>
     <span class='ocr_line' id='line_1_58' title="bbox 1339 718 1834 754; baseline -0.004 -6"><span class='ocrx_word' id='word_1_314' title='bbox 1339 720 1376 748; x_wconf 87' lang='lat' dir='ltr'><strong>ad</strong></span> <span class='ocrx_word' id='word_1_315' title='bbox 1393 722 1569 754; x_wconf 74' lang='lat' dir='ltr'><strong>perpetuam</strong></span> <span class='ocrx_word' id='word_1_316' title='bbox 1586 721 1633 747; x_wconf 84' lang='lat' dir='ltr'><strong>rei</strong></span> <span class='ocrx_word' id='word_1_317' title='bbox 1652 718 1834 748; x_wconf 78' lang='lat' dir='ltr'><strong>memoriam.</strong></span> 
     </span>
    </p>
   </div>
   <div class='ocr_carea' id='block_1_13' title="bbox 1258 787 2137 844">
    <p class='ocr_par' dir='ltr' id='par_1_17' title="bbox 1258 787 2137 844">
     <span class='ocr_line' id='line_1_59' title="bbox 1258 787 2137 844; baseline -0.002 -10"><span class='ocrx_word' id='word_1_318' title='bbox 1258 800 1303 834; x_wconf 88' lang='lat' dir='ltr'><strong>Ex</strong></span> <span class='ocrx_word' id='word_1_319' title='bbox 1322 810 1387 844; x_wconf 91' lang='lat' dir='ltr'><strong>quo</strong></span> <span class='ocrx_word' id='word_1_320' title='bbox 1411 800 1444 833; x_wconf 91' lang='lat' dir='ltr'><strong>in</strong></span> <span class='ocrx_word' id='word_1_321' title='bbox 1463 799 1604 833; x_wconf 87' lang='lat' dir='ltr'><strong>Ecclesia</strong></span> <span class='ocrx_word' id='word_1_322' title='bbox 1627 798 1683 833; x_wconf 90' lang='lat' dir='ltr'><strong>Dei</strong></span> <span class='ocrx_word' id='word_1_323' title='bbox 1704 799 1827 840; x_wconf 86' lang='lat' dir='ltr'><strong>multa,</strong></span> <span class='ocrx_word' id='word_1_324' title='bbox 1847 805 1916 834; x_wconf 89' lang='lat' dir='ltr'><strong>tum</strong></span> <span class='ocrx_word' id='word_1_325' title='bbox 1939 810 1959 833; x_wconf 87' lang='lat' dir='ltr'><strong>a</strong></span> <span class='ocrx_word' id='word_1_326' title='bbox 1999 809 2119 833; x_wconf 68' lang='lat' dir='ltr'><strong>Exordium.</strong></span> <span class='ocrx_word' id='word_1_327' title='bbox 2136 787 2137 791; x_wconf 13' lang='grc' dir='ltr'><strong>Ἰ</strong></span> 
     </span>
    </p>
   </div>
   <div class='ocr_carea' id='block_1_14' title="bbox 1215 852 1959 897">
    <p class='ocr_par' dir='ltr' id='par_1_18' title="bbox 1215 852 1959 897">
     <span class='ocr_line' id='line_1_60' title="bbox 1215 852 1959 897; baseline -0.001 -10"><span class='ocrx_word' id='word_1_328' title='bbox 1215 853 1314 897; x_wconf 86' lang='lat' dir='ltr'><strong>sacris</strong></span> <span class='ocrx_word' id='word_1_329' title='bbox 1334 853 1490 893; x_wconf 88' lang='lat' dir='ltr'><strong>conciliis,</strong></span> <span class='ocrx_word' id='word_1_330' title='bbox 1514 858 1582 886; x_wconf 90' lang='lat' dir='ltr'><strong>tum</strong></span> <span class='ocrx_word' id='word_1_331' title='bbox 1608 863 1626 886; x_wconf 89' lang='lat' dir='ltr'><strong>a</strong></span> <span class='ocrx_word' id='word_1_332' title='bbox 1648 853 1801 886; x_wconf 88' lang='lat' dir='ltr'><strong>Romanis</strong></span> <span class='ocrx_word' id='word_1_333' title='bbox 1826 852 1959 887; x_wconf 78' lang='lat' dir='ltr'><strong>Pontifi-</strong></span> 
     </span>
    </p>
   </div>
   <div class='ocr_carea' id='block_1_15' title="bbox 1211 905 1959 951">
    <p class='ocr_par' dir='ltr' id='par_1_19' title="bbox 1211 905 1959 951">
     <span class='ocr_line' id='line_1_61' title="bbox 1211 905 1959 951; baseline -0.001 -11"><span class='ocrx_word' id='word_1_334' title='bbox 1211 907 1306 941; x_wconf 82' lang='lat' dir='ltr'><strong>cibus</strong></span> <span class='ocrx_word' id='word_1_335' title='bbox 1335 905 1640 951; x_wconf 87' lang='lat' dir='ltr'><strong>praedecessoribus</strong></span> <span class='ocrx_word' id='word_1_336' title='bbox 1671 905 1811 946; x_wconf 88' lang='lat' dir='ltr'><strong>nostris,</strong></span> <span class='ocrx_word' id='word_1_337' title='bbox 1834 906 1874 939; x_wconf 94' lang='lat' dir='ltr'><strong>ad</strong></span> <span class='ocrx_word' id='word_1_338' title='bbox 1903 905 1959 941; x_wconf 88' lang='lat' dir='ltr'><strong>Dei</strong></span> 
     </span>
    </p>
   </div>
   <div class='ocr_carea' id='block_1_16' title="bbox 1216 959 2148 2016">
    <p class='ocr_par' dir='ltr' id='par_1_20' title="bbox 1216 959 2005 1374">
     <span class='ocr_line' id='line_1_62' title="bbox 1216 959 1960 1004; baseline -0.001 -10"><span class='ocrx_word' id='word_1_339' title='bbox 1216 960 1354 1004; x_wconf 81' lang='lat' dir='ltr'><strong>gloriam</strong></span> <span class='ocrx_word' id='word_1_340' title='bbox 1374 960 1568 1003; x_wconf 80' lang='lat' dir='ltr'><strong>augendam,</strong></span> <span class='ocrx_word' id='word_1_341' title='bbox 1583 965 1614 993; x_wconf 89' lang='lat' dir='ltr'><strong>et</strong></span> <span class='ocrx_word' id='word_1_342' title='bbox 1631 959 1671 993; x_wconf 87' lang='lat' dir='ltr'><strong>ad</strong></span> <span class='ocrx_word' id='word_1_343' title='bbox 1691 959 1867 993; x_wconf 88' lang='lat' dir='ltr'><strong>catholicae</strong></span> <span class='ocrx_word' id='word_1_344' title='bbox 1884 959 1960 994; x_wconf 83' lang='lat' dir='ltr'><strong>fidei</strong></span> 
     </span>
     <span class='ocr_line' id='line_1_63' title="bbox 1216 1013 1957 1057; baseline -0.001 -9"><span class='ocrx_word' id='word_1_345' title='bbox 1216 1014 1371 1048; x_wconf 89' lang='lat' dir='ltr'><strong>unitatem</strong></span> <span class='ocrx_word' id='word_1_346' title='bbox 1391 1013 1513 1057; x_wconf 88' lang='lat' dir='ltr'><strong>ubique</strong></span> <span class='ocrx_word' id='word_1_347' title='bbox 1532 1013 1745 1054; x_wconf 85' lang='lat' dir='ltr'><strong>retinendam,</strong></span> <span class='ocrx_word' id='word_1_348' title='bbox 1768 1013 1821 1057; x_wconf 90' lang='lat' dir='ltr'><strong>pie</strong></span> <span class='ocrx_word' id='word_1_349' title='bbox 1840 1024 1878 1047; x_wconf 86' lang='lat' dir='ltr'><strong>ac</strong></span> <span class='ocrx_word' id='word_1_350' title='bbox 1904 1023 1957 1047; x_wconf 88' lang='lat' dir='ltr'><strong>sa-</strong></span> 
     </span>
     <span class='ocr_line' id='line_1_64' title="bbox 1217 1065 1959 1111; baseline 0 -10"><span class='ocrx_word' id='word_1_351' title='bbox 1217 1067 1344 1111; x_wconf 85' lang='lat' dir='ltr'><strong>pienter</strong></span> <span class='ocrx_word' id='word_1_352' title='bbox 1364 1066 1508 1100; x_wconf 89' lang='lat' dir='ltr'><strong>instituta</strong></span> <span class='ocrx_word' id='word_1_353' title='bbox 1525 1071 1616 1107; x_wconf 92' lang='lat' dir='ltr'><strong>sunt,</strong></span> <span class='ocrx_word' id='word_1_354' title='bbox 1637 1066 1718 1100; x_wconf 90' lang='lat' dir='ltr'><strong>nihil</strong></span> <span class='ocrx_word' id='word_1_355' title='bbox 1739 1066 1841 1108; x_wconf 84' lang='lat' dir='ltr'><strong>magis</strong></span> <span class='ocrx_word' id='word_1_356' title='bbox 1861 1065 1959 1101; x_wconf 87' lang='lat' dir='ltr'><strong>iidem</strong></span> 
     </span>
     <span class='ocr_line' id='line_1_65' title="bbox 1217 1119 1961 1164; baseline 0.001 -10"><span class='ocrx_word' id='word_1_357' title='bbox 1217 1120 1388 1154; x_wconf 80' lang='lat' dir='ltr'><strong>Pontifices</strong></span> <span class='ocrx_word' id='word_1_358' title='bbox 1419 1120 1684 1164; x_wconf 84' lang='lat' dir='ltr'><strong>praedecessores</strong></span> <span class='ocrx_word' id='word_1_359' title='bbox 1710 1119 1813 1153; x_wconf 86' lang='lat' dir='ltr'><strong>nostri</strong></span> <span class='ocrx_word' id='word_1_360' title='bbox 1843 1121 1961 1155; x_wconf 74' lang='lat' dir='ltr'><strong>curati-</strong></span> 
     </span>
     <span class='ocr_line' id='line_1_66' title="bbox 1218 1174 1963 1216; baseline -0.003 -8"><span class='ocrx_word' id='word_1_361' title='bbox 1218 1175 1294 1208; x_wconf 90' lang='lat' dir='ltr'><strong>dum</strong></span> <span class='ocrx_word' id='word_1_362' title='bbox 1316 1174 1377 1208; x_wconf 83' lang='lat' dir='ltr'><strong>sibi</strong></span> <span class='ocrx_word' id='word_1_363' title='bbox 1395 1184 1464 1207; x_wconf 88' lang='lat' dir='ltr'><strong>esse</strong></span> <span class='ocrx_word' id='word_1_364' title='bbox 1484 1178 1676 1212; x_wconf 84' lang='lat' dir='ltr'><strong>statuerunt,</strong></span> <span class='ocrx_word' id='word_1_365' title='bbox 1699 1183 1797 1216; x_wconf 90' lang='lat' dir='ltr'><strong>quam</strong></span> <span class='ocrx_word' id='word_1_366' title='bbox 1819 1178 1855 1206; x_wconf 91' lang='lat' dir='ltr'><strong>ut</strong></span> <span class='ocrx_word' id='word_1_367' title='bbox 1874 1183 1963 1207; x_wconf 89' lang='lat' dir='ltr'><strong>com-</strong></span> 
     </span>
     <span class='ocr_line' id='line_1_67' title="bbox 1218 1225 1963 1262; baseline -0.001 0"><span class='ocrx_word' id='word_1_368' title='bbox 1218 1238 1332 1262; x_wconf 89' lang='lat' dir='ltr'><strong>munes</strong></span> <span class='ocrx_word' id='word_1_369' title='bbox 1356 1226 1564 1261; x_wconf 84' lang='lat' dir='ltr'><strong>ecclesiastici</strong></span> <span class='ocrx_word' id='word_1_370' title='bbox 1584 1226 1729 1260; x_wconf 89' lang='lat' dir='ltr'><strong>muneris</strong></span> <span class='ocrx_word' id='word_1_371' title='bbox 1760 1225 1902 1260; x_wconf 86' lang='lat' dir='ltr'><strong>rationes</strong></span> <span class='ocrx_word' id='word_1_372' title='bbox 1921 1226 1963 1261; x_wconf 92' lang='lat' dir='ltr'><strong>ad</strong></span> 
     </span>
     <span class='ocr_line' id='line_1_68' title="bbox 1217 1279 2005 1325; baseline -0.001 -10"><span class='ocrx_word' id='word_1_373' title='bbox 1217 1281 1383 1325; x_wconf 88' lang='lat' dir='ltr'><strong>propriam</strong></span> <span class='ocrx_word' id='word_1_374' title='bbox 1414 1290 1562 1314; x_wconf 91' lang='lat' dir='ltr'><strong>normam</strong></span> <span class='ocrx_word' id='word_1_375' title='bbox 1574 1307 1582 1321; x_wconf 89' lang='lat'>‚</span> <span class='ocrx_word' id='word_1_376' title='bbox 1614 1285 1738 1313; x_wconf 81' lang='lat' dir='ltr'><strong>servata</strong></span> <span class='ocrx_word' id='word_1_377' title='bbox 1762 1279 1963 1324; x_wconf 86' lang='lat' dir='ltr'><strong>antiquitatis</strong></span> <span class='ocrx_word' id='word_1_378' title='bbox 2003 1316 2005 1318; x_wconf 76' lang='grc'><strong>,</strong></span> 
     </span>
     <span class='ocr_line' id='line_1_69' title="bbox 1218 1334 1649 1374; baseline -0.005 -6"><span class='ocrx_word' id='word_1_379' title='bbox 1218 1334 1407 1368; x_wconf 86' lang='lat' dir='ltr'><strong>auctoritate</strong></span> <span class='ocrx_word' id='word_1_380' title='bbox 1418 1361 1425 1374; x_wconf 95' lang='lat'><strong>,</strong></span> <span class='ocrx_word' id='word_1_381' title='bbox 1448 1338 1649 1367; x_wconf 84' lang='lat' dir='ltr'><strong>revocarent.</strong></span> 
     </span>
    </p>

    <p class='ocr_par' dir='ltr' id='par_1_21' title="bbox 1218 1385 2148 1901">
     <span class='ocr_line' id='line_1_70' title="bbox 1263 1385 1961 1431; baseline 0 -11"><span class='ocrx_word' id='word_1_382' title='bbox 1263 1389 1279 1430; x_wconf 64' lang='grc' dir='ltr'>ἓ</span> <span class='ocrx_word' id='word_1_383' title='bbox 1302 1387 1330 1420; x_wconf 82' lang='grc'><strong>1.</strong></span> <span class='ocrx_word' id='word_1_384' title='bbox 1354 1387 1420 1420; x_wconf 87' lang='lat' dir='ltr'><strong>Hac</strong></span> <span class='ocrx_word' id='word_1_385' title='bbox 1439 1386 1657 1420; x_wconf 85' lang='lat' dir='ltr'><strong>sollicitudine</strong></span> <span class='ocrx_word' id='word_1_386' title='bbox 1682 1386 1840 1431; x_wconf 86' lang='lat' dir='ltr'><strong>impulsus</strong></span> <span class='ocrx_word' id='word_1_387' title='bbox 1861 1385 1961 1420; x_wconf 79' lang='lat' dir='ltr'><strong>felicis</strong></span> 
     </span>
     <span class='ocr_line' id='line_1_71' title="bbox 1218 1439 1962 1484; baseline 0 -10"><span class='ocrx_word' id='word_1_388' title='bbox 1218 1440 1452 1475; x_wconf 85' lang='lat' dir='ltr'><strong>reeordationis</strong></span> <span class='ocrx_word' id='word_1_389' title='bbox 1471 1439 1546 1473; x_wconf 89' lang='lat' dir='ltr'><strong>Pius</strong></span> <span class='ocrx_word' id='word_1_390' title='bbox 1574 1440 1660 1484; x_wconf 89' lang='lat' dir='ltr'><strong>Papa</strong></span> <span class='ocrx_word' id='word_1_391' title='bbox 1677 1439 1712 1481; x_wconf 89' lang='lat' dir='ltr'><strong>V,</strong></span> <span class='ocrx_word' id='word_1_392' title='bbox 1733 1440 1962 1484; x_wconf 84' lang='lat' dir='ltr'><strong>praedeeessor</strong></span> 
     </span>
     <span class='ocr_line' id='line_1_72' title="bbox 1218 1492 1959 1537; baseline -0.003 -9"><span class='ocrx_word' id='word_1_393' title='bbox 1218 1499 1337 1533; x_wconf 87' lang='lat' dir='ltr'><strong>noster,</strong></span> <span class='ocrx_word' id='word_1_394' title='bbox 1357 1493 1529 1527; x_wconf 80' lang='lat' dir='ltr'><strong>formulam</strong></span> <span class='ocrx_word' id='word_1_395' title='bbox 1550 1492 1692 1537; x_wconf 87' lang='lat' dir='ltr'><strong>primum</strong></span> <span class='ocrx_word' id='word_1_396' title='bbox 1718 1492 1876 1537; x_wconf 90' lang='lat' dir='ltr'><strong>psallendi</strong></span> <span class='ocrx_word' id='word_1_397' title='bbox 1896 1492 1959 1526; x_wconf 88' lang='lat' dir='ltr'><strong>ho-</strong></span> 
     </span>
     <span class='ocr_line' id='line_1_73' title="bbox 1219 1545 1962 1586; baseline -0.001 -6"><span class='ocrx_word' id='word_1_398' title='bbox 1219 1558 1269 1580; x_wconf 84' lang='lat' dir='ltr'><strong>ras</strong></span> <span class='ocrx_word' id='word_1_399' title='bbox 1289 1546 1460 1580; x_wconf 87' lang='lat' dir='ltr'><strong>canonicas</strong></span> <span class='ocrx_word' id='word_1_400' title='bbox 1480 1551 1511 1580; x_wconf 85' lang='lat' dir='ltr'><strong>et</strong></span> <span class='ocrx_word' id='word_1_401' title='bbox 1530 1545 1716 1579; x_wconf 89' lang='lat' dir='ltr'><strong>celebrandi</strong></span> <span class='ocrx_word' id='word_1_402' title='bbox 1737 1545 1860 1586; x_wconf 88' lang='lat' dir='ltr'><strong>missas,</strong></span> <span class='ocrx_word' id='word_1_403' title='bbox 1874 1545 1962 1580; x_wconf 88' lang='lat' dir='ltr'><strong>varie</strong></span> 
     </span>
     <span class='ocr_line' id='line_1_74' title="bbox 1218 1598 1963 1644; baseline 0.001 -11"><span class='ocrx_word' id='word_1_404' title='bbox 1218 1600 1307 1644; x_wconf 86' lang='lat' dir='ltr'><strong>prius</strong></span> <span class='ocrx_word' id='word_1_405' title='bbox 1324 1600 1542 1640; x_wconf 87' lang='lat' dir='ltr'><strong>constitutam,</strong></span> <span class='ocrx_word' id='word_1_406' title='bbox 1555 1604 1586 1633; x_wconf 87' lang='lat' dir='ltr'><strong>et</strong></span> <span class='ocrx_word' id='word_1_407' title='bbox 1606 1609 1623 1632; x_wconf 92' lang='lat' dir='ltr'><strong>a</strong></span> <span class='ocrx_word' id='word_1_408' title='bbox 1643 1598 1809 1633; x_wconf 90' lang='lat' dir='ltr'><strong>nonnullis</strong></span> <span class='ocrx_word' id='word_1_409' title='bbox 1828 1599 1963 1643; x_wconf 89' lang='lat' dir='ltr'><strong>praede-</strong></span> 
     </span>
     <span class='ocr_line' id='line_1_75' title="bbox 1219 1654 2148 1688; baseline -0.001 0"><span class='ocrx_word' id='word_1_410' title='bbox 1219 1654 1400 1688; x_wconf 86' lang='lat' dir='ltr'><strong>cessoribus</strong></span> <span class='ocrx_word' id='word_1_411' title='bbox 1429 1654 1546 1688; x_wconf 89' lang='lat' dir='ltr'><strong>nostris</strong></span> <span class='ocrx_word' id='word_1_412' title='bbox 1575 1654 1698 1688; x_wconf 89' lang='lat' dir='ltr'><strong>restitui</strong></span> <span class='ocrx_word' id='word_1_413' title='bbox 1731 1660 1762 1688; x_wconf 86' lang='lat' dir='ltr'><strong>et</strong></span> <span class='ocrx_word' id='word_1_414' title='bbox 1789 1654 1963 1688; x_wconf 87' lang='lat' dir='ltr'><strong>instaurari</strong></span> <span class='ocrx_word' id='word_1_415' title='bbox 2136 1654 2148 1687; x_wconf 76' lang='grc' dir='ltr'><em>ὁ</em></span> 
     </span>
     <span class='ocr_line' id='line_1_76' title="bbox 1219 1707 1964 1752; baseline 0 -10"><span class='ocrx_word' id='word_1_416' title='bbox 1219 1715 1380 1752; x_wconf 89' lang='lat' dir='ltr'><strong>coeptam,</strong></span> <span class='ocrx_word' id='word_1_417' title='bbox 1404 1708 1444 1741; x_wconf 89' lang='lat' dir='ltr'><strong>ad</strong></span> <span class='ocrx_word' id='word_1_418' title='bbox 1469 1717 1566 1741; x_wconf 89' lang='lat' dir='ltr'><strong>unam</strong></span> <span class='ocrx_word' id='word_1_419' title='bbox 1587 1707 1708 1751; x_wconf 85' lang='lat' dir='ltr'><strong>pariter</strong></span> <span class='ocrx_word' id='word_1_420' title='bbox 1728 1707 1878 1748; x_wconf 83' lang='lat' dir='ltr'><strong>sormam,</strong></span> <span class='ocrx_word' id='word_1_421' title='bbox 1901 1707 1964 1742; x_wconf 80' lang='lat' dir='ltr'><strong>Ro-</strong></span> 
     </span>
     <span class='ocr_line' id='line_1_77' title="bbox 1221 1759 1965 1804; baseline 0.001 -11"><span class='ocrx_word' id='word_1_422' title='bbox 1221 1771 1315 1794; x_wconf 84' lang='lat' dir='ltr'><strong>mano</strong></span> <span class='ocrx_word' id='word_1_423' title='bbox 1331 1760 1493 1794; x_wconf 85' lang='lat' dir='ltr'><strong>Breviario</strong></span> <span class='ocrx_word' id='word_1_424' title='bbox 1512 1770 1548 1793; x_wconf 85' lang='lat' dir='ltr'><strong>ac</strong></span> <span class='ocrx_word' id='word_1_425' title='bbox 1564 1759 1679 1793; x_wconf 86' lang='lat' dir='ltr'><strong>Missali</strong></span> <span class='ocrx_word' id='word_1_426' title='bbox 1697 1765 1868 1804; x_wconf 90' lang='lat' dir='ltr'><strong>propterea</strong></span> <span class='ocrx_word' id='word_1_427' title='bbox 1878 1769 1965 1794; x_wconf 89' lang='lat' dir='ltr'><strong>sum-</strong></span> 
     </span>
     <span class='ocr_line' id='line_1_78' title="bbox 1221 1812 1960 1856; baseline 0 -9"><span class='ocrx_word' id='word_1_428' title='bbox 1221 1824 1273 1847; x_wconf 89' lang='lat' dir='ltr'><strong>mo</strong></span> <span class='ocrx_word' id='word_1_429' title='bbox 1293 1813 1410 1853; x_wconf 90' lang='lat' dir='ltr'><strong>studio,</strong></span> <span class='ocrx_word' id='word_1_430' title='bbox 1434 1823 1472 1846; x_wconf 86' lang='lat' dir='ltr'><strong>ac</strong></span> <span class='ocrx_word' id='word_1_431' title='bbox 1491 1812 1664 1855; x_wconf 82' lang='lat' dir='ltr'><strong>diligenter</strong></span> <span class='ocrx_word' id='word_1_432' title='bbox 1685 1812 1784 1853; x_wconf 85' lang='lat' dir='ltr'><strong>edito,</strong></span> <span class='ocrx_word' id='word_1_433' title='bbox 1808 1812 1960 1856; x_wconf 87' lang='lat' dir='ltr'><strong>redigen-</strong></span> 
     </span>
     <span class='ocr_line' id='line_1_79' title="bbox 1220 1866 1448 1901; baseline -0.009 0"><span class='ocrx_word' id='word_1_434' title='bbox 1220 1867 1293 1901; x_wconf 90' lang='lat' dir='ltr'><strong>dam</strong></span> <span class='ocrx_word' id='word_1_435' title='bbox 1316 1866 1448 1900; x_wconf 88' lang='lat' dir='ltr'><strong>curavit.</strong></span> 
     </span>
    </p>

    <p class='ocr_par' dir='ltr' id='par_1_22' title="bbox 1221 1919 2141 2016">
     <span class='ocr_line' id='line_1_80' title="bbox 1264 1919 2141 1974; baseline 0.001 -21"><span class='ocrx_word' id='word_1_436' title='bbox 1264 1921 1280 1962; x_wconf 66' lang='lat' dir='ltr'>g</span> <span class='ocrx_word' id='word_1_437' title='bbox 1301 1919 1332 1953; x_wconf 67' lang='lat'><strong>2.</strong></span> <span class='ocrx_word' id='word_1_438' title='bbox 1356 1921 1458 1963; x_wconf 85' lang='lat' dir='ltr'><strong>Atque</strong></span> <span class='ocrx_word' id='word_1_439' title='bbox 1479 1919 1540 1952; x_wconf 88' lang='lat' dir='ltr'><strong>hoc</strong></span> <span class='ocrx_word' id='word_1_440' title='bbox 1560 1929 1637 1952; x_wconf 89' lang='lat' dir='ltr'><strong>sane</strong></span> <span class='ocrx_word' id='word_1_441' title='bbox 1657 1919 1792 1952; x_wconf 86' lang='lat' dir='ltr'><strong>consilio</strong></span> <span class='ocrx_word' id='word_1_442' title='bbox 1812 1919 1865 1952; x_wconf 90' lang='lat' dir='ltr'><strong>alii</strong></span> <span class='ocrx_word' id='word_1_443' title='bbox 1895 1919 1960 1954; x_wconf 87' lang='lat' dir='ltr'><strong>Ro·</strong></span> <span class='ocrx_word' id='word_1_444' title='bbox 1978 1924 2117 1974; x_wconf 38' lang='lat' dir='ltr'><strong>affigam·</strong></span> <span class='ocrx_word' id='word_1_445' title='bbox 2135 1946 2141 1966; x_wconf 34' lang='lat'>4</span> 
     </span>
     <span class='ocr_line' id='line_1_81' title="bbox 1221 1971 2060 2016; baseline 0.001 -11"><span class='ocrx_word' id='word_1_446' title='bbox 1221 1972 1306 2005; x_wconf 84' lang='lat' dir='ltr'><strong>mani</strong></span> <span class='ocrx_word' id='word_1_447' title='bbox 1328 1971 1508 2011; x_wconf 81' lang='lat' dir='ltr'><strong>Pontifices,</strong></span> <span class='ocrx_word' id='word_1_448' title='bbox 1524 1971 1579 2016; x_wconf 84' lang='lat' dir='ltr'><strong>qui</strong></span> <span class='ocrx_word' id='word_1_449' title='bbox 1597 1972 1748 2006; x_wconf 90' lang='lat' dir='ltr'><strong>eumdem</strong></span> <span class='ocrx_word' id='word_1_450' title='bbox 1763 1971 1854 2006; x_wconf 88' lang='lat' dir='ltr'><strong>Pium</strong></span> <span class='ocrx_word' id='word_1_451' title='bbox 1871 1981 1965 2016; x_wconf 88' lang='lat' dir='ltr'><strong>prae·</strong></span> <span class='ocrx_word' id='word_1_452' title='bbox 1978 1978 2060 2000; x_wconf 55' lang='lat' dir='ltr'><strong>derunt</strong></span> 
     </span>
    </p>
   </div>
   <div class='ocr_carea' id='block_1_17' title="bbox 1975 1394 2132 1471">
    <p class='ocr_par' dir='ltr' id='par_1_23' title="bbox 1975 1392 2154 1471">
     <span class='ocr_line' id='line_1_82' title="bbox 1991 1394 2118 1426; baseline 0.012 -10"><span class='ocrx_word' id='word_1_453' title='bbox 1991 1421 1995 1426; x_wconf 41' lang='grc'><strong>,</strong></span> <span class='ocrx_word' id='word_1_454' title='bbox 2013 1394 2063 1426; x_wconf 76' lang='lat' dir='ltr'><strong>Pjus</strong></span> <span class='ocrx_word' id='word_1_455' title='bbox 2076 1394 2095 1416; x_wconf 77' lang='lat' dir='ltr'>V</span> <span class='ocrx_word' id='word_1_456' title='bbox 2115 1399 2118 1413; x_wconf 72' lang='lat'>:</span> 
     </span>
     <span class='ocr_line' id='line_1_83' title="bbox 1975 1427 2132 1471; baseline 0.006 -1"><span class='ocrx_word' id='word_1_457' title='bbox 1975 1427 2132 1471; x_wconf 62' lang='grc' dir='ltr'><strong>ἔέῗέᾞῗὲιῖωι</strong></span> 
     </span>
    </p>
   </div>
   <div class='ocr_carea' id='block_1_18' title="bbox 1202 2024 1965 2122">
    <p class='ocr_par' dir='ltr' id='par_1_24' title="bbox 1202 2024 1965 2122">
     <span class='ocr_line' id='line_1_84' title="bbox 1202 2024 1961 2071; baseline 0.001 -12"><span class='ocrx_word' id='word_1_458' title='bbox 1202 2030 1400 2071; x_wconf 66' lang='lat' dir='ltr'><strong>‚cesserunt,</strong></span> <span class='ocrx_word' id='word_1_459' title='bbox 1428 2024 1630 2068; x_wconf 84' lang='lat' dir='ltr'><strong>pontificales</strong></span> <span class='ocrx_word' id='word_1_460' title='bbox 1661 2024 1756 2058; x_wconf 90' lang='lat' dir='ltr'><strong>etiam</strong></span> <span class='ocrx_word' id='word_1_461' title='bbox 1792 2034 1961 2060; x_wconf 85' lang='lat' dir='ltr'><strong>caeremo-</strong></span> 
     </span>
     <span class='ocr_line' id='line_1_85' title="bbox 1202 2077 1965 2122; baseline 0.001 -10"><span class='ocrx_word' id='word_1_462' title='bbox 1202 2100 1204 2108; x_wconf 70' lang='lat'>.</span> <span class='ocrx_word' id='word_1_463' title='bbox 1221 2079 1289 2112; x_wconf 85' lang='lat' dir='ltr'><strong>nias</strong></span> <span class='ocrx_word' id='word_1_464' title='bbox 1310 2089 1346 2112; x_wconf 86' lang='lat' dir='ltr'><strong>ac</strong></span> <span class='ocrx_word' id='word_1_465' title='bbox 1368 2078 1463 2118; x_wconf 87' lang='lat' dir='ltr'><strong>ritus,</strong></span> <span class='ocrx_word' id='word_1_466' title='bbox 1484 2078 1601 2122; x_wconf 85' lang='lat' dir='ltr'><strong>quibus</strong></span> <span class='ocrx_word' id='word_1_467' title='bbox 1621 2078 1764 2112; x_wconf 89' lang='lat' dir='ltr'><strong>eiusdem</strong></span> <span class='ocrx_word' id='word_1_468' title='bbox 1784 2077 1965 2113; x_wconf 85' lang='lat' dir='ltr'><strong>Catholicae</strong></span> 
     </span>
    </p>
   </div>
   <div class='ocr_carea' id='block_1_19' title="bbox 1222 2131 1965 2225">
    <p class='ocr_par' dir='ltr' id='par_1_25' title="bbox 1222 2131 1965 2225">
     <span class='ocr_line' id='line_1_86' title="bbox 1222 2131 1964 2175; baseline 0 -10"><span class='ocrx_word' id='word_1_469' title='bbox 1222 2131 1381 2166; x_wconf 76' lang='lat' dir='ltr'><strong>Ecclesiae</strong></span> <span class='ocrx_word' id='word_1_470' title='bbox 1402 2131 1565 2175; x_wconf 88' lang='lat' dir='ltr'><strong>praesules</strong></span> <span class='ocrx_word' id='word_1_471' title='bbox 1585 2131 1616 2164; x_wconf 90' lang='lat' dir='ltr'><strong>in</strong></span> <span class='ocrx_word' id='word_1_472' title='bbox 1637 2141 1769 2165; x_wconf 86' lang='lat' dir='ltr'><strong>suorum</strong></span> <span class='ocrx_word' id='word_1_473' title='bbox 1791 2141 1964 2165; x_wconf 83' lang='lat' dir='ltr'><strong>munerum</strong></span> 
     </span>
     <span class='ocr_line' id='line_1_87' title="bbox 1222 2184 1965 2225; baseline 0 -6"><span class='ocrx_word' id='word_1_474' title='bbox 1222 2185 1384 2219; x_wconf 76' lang='lat' dir='ltr'><strong>functione</strong></span> <span class='ocrx_word' id='word_1_475' title='bbox 1396 2191 1575 2225; x_wconf 76' lang='lat' dir='ltr'><strong>uterentur,</strong></span> <span class='ocrx_word' id='word_1_476' title='bbox 1592 2185 1686 2218; x_wconf 90' lang='lat' dir='ltr'><strong>certis</strong></span> <span class='ocrx_word' id='word_1_477' title='bbox 1699 2184 1849 2218; x_wconf 89' lang='lat' dir='ltr'><strong>similiter</strong></span> <span class='ocrx_word' id='word_1_478' title='bbox 1862 2185 1965 2219; x_wconf 86' lang='lat' dir='ltr'><strong>t&#39;orma</strong></span> 
     </span>
    </p>
   </div>
   <div class='ocr_carea' id='block_1_20' title="bbox 1203 2238 1966 2285">
    <p class='ocr_par' dir='ltr' id='par_1_26' title="bbox 1203 2238 1966 2285">
     <span class='ocr_line' id='line_1_88' title="bbox 1203 2238 1966 2285; baseline -0.001 -12"><span class='ocrx_word' id='word_1_479' title='bbox 1203 2246 1251 2285; x_wconf 67' lang='lat' dir='ltr'><strong>¹et</strong></span> <span class='ocrx_word' id='word_1_480' title='bbox 1272 2240 1369 2273; x_wconf 87' lang='lat' dir='ltr'><strong>modo</strong></span> <span class='ocrx_word' id='word_1_481' title='bbox 1389 2239 1578 2283; x_wconf 81' lang='lat' dir='ltr'><strong>praefinitis,</strong></span> <span class='ocrx_word' id='word_1_482' title='bbox 1604 2238 1634 2272; x_wconf 92' lang='lat' dir='ltr'><strong>in</strong></span> <span class='ocrx_word' id='word_1_483' title='bbox 1655 2238 1836 2272; x_wconf 81' lang='lat' dir='ltr'><strong>Romanum</strong></span> <span class='ocrx_word' id='word_1_484' title='bbox 1857 2238 1966 2272; x_wconf 88' lang='lat' dir='ltr'><strong>Ponti·</strong></span> 
     </span>
    </p>
   </div>
   <div class='ocr_carea' id='block_1_21' title="bbox 1223 2292 2137 2655">
    <p class='ocr_par' dir='ltr' id='par_1_27' title="bbox 1223 2292 1519 2326">
     <span class='ocr_line' id='line_1_89' title="bbox 1223 2292 1519 2326; baseline 0 -1"><span class='ocrx_word' id='word_1_485' title='bbox 1223 2293 1312 2326; x_wconf 81' lang='lat' dir='ltr'><strong>ticale</strong></span> <span class='ocrx_word' id='word_1_486' title='bbox 1330 2292 1519 2325; x_wconf 89' lang='lat' dir='ltr'><strong>retulerunt.</strong></span> 
     </span>
    </p>

    <p class='ocr_par' dir='ltr' id='par_1_28' title="bbox 1223 2345 2137 2655">
     <span class='ocr_line' id='line_1_90' title="bbox 1267 2345 2137 2398; baseline 0 -19"><span class='ocrx_word' id='word_1_487' title='bbox 1267 2348 1282 2387; x_wconf 63' lang='grc' dir='ltr'><strong>ς</strong></span> <span class='ocrx_word' id='word_1_488' title='bbox 1303 2346 1333 2379; x_wconf 78' lang='grc'><strong>3.</strong></span> <span class='ocrx_word' id='word_1_489' title='bbox 1357 2346 1535 2385; x_wconf 86' lang='lat' dir='ltr'><strong>Caeterum,</strong></span> <span class='ocrx_word' id='word_1_490' title='bbox 1552 2345 1628 2389; x_wconf 87' lang='lat' dir='ltr'><strong>quia</strong></span> <span class='ocrx_word' id='word_1_491' title='bbox 1649 2345 1780 2378; x_wconf 85' lang='lat' dir='ltr'><strong>caedem</strong></span> <span class='ocrx_word' id='word_1_492' title='bbox 1801 2355 1966 2380; x_wconf 89' lang='lat' dir='ltr'><strong>caeremo·</strong></span> <span class='ocrx_word' id='word_1_493' title='bbox 1980 2348 2116 2398; x_wconf 46' lang='lat' dir='ltr'><strong>mus-lgm</strong></span> <span class='ocrx_word' id='word_1_494' title='bbox 2136 2383 2137 2387; x_wconf 12' lang='grc' dir='ltr'><strong>Ἰ</strong></span> 
     </span>
     <span class='ocr_line' id='line_1_91' title="bbox 1223 2397 2062 2442; baseline 0.001 -10"><span class='ocrx_word' id='word_1_495' title='bbox 1223 2400 1347 2432; x_wconf 81' lang='lat' dir='ltr'><strong>niarum</strong></span> <span class='ocrx_word' id='word_1_496' title='bbox 1363 2409 1400 2432; x_wconf 85' lang='lat' dir='ltr'><strong>ac</strong></span> <span class='ocrx_word' id='word_1_497' title='bbox 1413 2399 1532 2432; x_wconf 86' lang='lat' dir='ltr'><strong>rituum</strong></span> <span class='ocrx_word' id='word_1_498' title='bbox 1549 2398 1707 2431; x_wconf 77' lang='lat' dir='ltr'><strong>formulae</strong></span> <span class='ocrx_word' id='word_1_499' title='bbox 1720 2397 1762 2431; x_wconf 88' lang='lat' dir='ltr'><strong>ibi</strong></span> <span class='ocrx_word' id='word_1_500' title='bbox 1781 2408 1962 2442; x_wconf 85' lang='lat' dir='ltr'><strong>expressae,</strong></span> <span class='ocrx_word' id='word_1_501' title='bbox 1981 2403 2062 2442; x_wconf 47' lang='lat' dir='ltr'><strong>form&amp;</strong></span> 
     </span>
     <span class='ocr_line' id='line_1_92' title="bbox 1223 2451 1966 2497; baseline 0.003 -13"><span class='ocrx_word' id='word_1_502' title='bbox 1223 2459 1343 2496; x_wconf 86' lang='lat' dir='ltr'><strong>postca,</strong></span> <span class='ocrx_word' id='word_1_503' title='bbox 1353 2452 1418 2485; x_wconf 83' lang='lat' dir='ltr'><strong>sive</strong></span> <span class='ocrx_word' id='word_1_504' title='bbox 1429 2451 1647 2485; x_wconf 82' lang='lat' dir='ltr'><strong>diuturnitatis</strong></span> <span class='ocrx_word' id='word_1_505' title='bbox 1662 2451 1789 2492; x_wconf 83' lang='lat' dir='ltr'><strong>iniuria,</strong></span> <span class='ocrx_word' id='word_1_506' title='bbox 1801 2451 1865 2485; x_wconf 88' lang='lat' dir='ltr'><strong>sive</strong></span> <span class='ocrx_word' id='word_1_507' title='bbox 1875 2458 1966 2497; x_wconf 77' lang='lat' dir='ltr'><strong>typo-</strong></span> 
     </span>
     <span class='ocr_line' id='line_1_93' title="bbox 1223 2503 1962 2549; baseline 0.001 -11"><span class='ocrx_word' id='word_1_508' title='bbox 1223 2506 1420 2549; x_wconf 67' lang='lat' dir='ltr'><strong>graphorum</strong></span> <span class='ocrx_word' id='word_1_509' title='bbox 1434 2503 1639 2546; x_wconf 65' lang='lat' dir='ltr'><strong>negligentia,</strong></span> <span class='ocrx_word' id='word_1_510' title='bbox 1651 2503 1716 2537; x_wconf 89' lang='lat' dir='ltr'><strong>sive</strong></span> <span class='ocrx_word' id='word_1_511' title='bbox 1728 2504 1790 2537; x_wconf 83' lang='lat' dir='ltr'><strong>alia</strong></span> <span class='ocrx_word' id='word_1_512' title='bbox 1803 2504 1842 2538; x_wconf 86' lang='lat' dir='ltr'><strong>de</strong></span> <span class='ocrx_word' id='word_1_513' title='bbox 1856 2515 1962 2546; x_wconf 78' lang='lat' dir='ltr'><strong>causa,</strong></span> 
     </span>
     <span class='ocr_line' id='line_1_94' title="bbox 1225 2557 1962 2602; baseline 0 -11"><span class='ocrx_word' id='word_1_514' title='bbox 1225 2558 1254 2591; x_wconf 92' lang='lat' dir='ltr'><strong>in</strong></span> <span class='ocrx_word' id='word_1_515' title='bbox 1291 2558 1359 2602; x_wconf 88' lang='lat' dir='ltr'><strong>ipso</strong></span> <span class='ocrx_word' id='word_1_516' title='bbox 1393 2557 1571 2591; x_wconf 80' lang='lat' dir='ltr'><strong>Pontiticali</strong></span> <span class='ocrx_word' id='word_1_517' title='bbox 1603 2557 1719 2600; x_wconf 87' lang='lat' dir='ltr'><strong>partim</strong></span> <span class='ocrx_word' id='word_1_518' title='bbox 1755 2557 1962 2599; x_wconf 80' lang='lat' dir='ltr'><strong>immutatae,</strong></span> 
     </span>
     <span class='ocr_line' id='line_1_95' title="bbox 1223 2610 1966 2655; baseline 0.001 -12"><span class='ocrx_word' id='word_1_519' title='bbox 1223 2611 1340 2655; x_wconf 85' lang='lat' dir='ltr'><strong>partim</strong></span> <span class='ocrx_word' id='word_1_520' title='bbox 1361 2616 1551 2655; x_wconf 82' lang='lat' dir='ltr'><strong>corruptae,</strong></span> <span class='ocrx_word' id='word_1_521' title='bbox 1575 2610 1689 2644; x_wconf 86' lang='lat' dir='ltr'><strong>veteris</strong></span> <span class='ocrx_word' id='word_1_522' title='bbox 1716 2610 1850 2644; x_wconf 85' lang='lat' dir='ltr'><strong>instituti</strong></span> <span class='ocrx_word' id='word_1_523' title='bbox 1870 2615 1966 2655; x_wconf 82' lang='lat' dir='ltr'><strong>atque</strong></span> 
     </span>
    </p>
   </div>
  </div>
 </body>
</html>
