2253 3195
7 318 123 906 l

38 206 85 234 Au.
103 205 132 232 C.
154 203 220 232 1500

60 1433 222 1454 Universitatem

41 1461 77 1481 sub
91 1460 151 1481 Beati
166 1460 223 1482 Pet-ii

55 1487 169 1508 retectione
189 1493 222 1508 su-

41 1513 101 1539 seipit
115 1514 222 1536 etliberat

41 1540 67 1561 ab
75 1540 128 1561 omni
135 1539 223 1561 Ordina-

41 1566 223 1588 riiiurisdictione.

840 203 986 227 CLEMENS
1006 203 1063 226 VIII
1084 203 1132 227 Pr.

236 251 419 291 modernos,
437 258 468 285 et
488 262 547 296 pro
569 258 713 296 tempore
734 251 903 285 existentes
924 262 975 284 re-

236 310 373 344 ctorem,
398 305 598 347 collegiales,
620 310 782 348 regentes,
807 305 971 343 doctores⁷

237 358 416 401 magistros,
428 358 616 400 licentiatos,
631 359 868 398 baccalaureos,
884 358 976 391 sebo-

236 412 328 451 lares‚
352 412 546 456 capellanos,
567 412 747 450 servitores,
771 417 802 444 et
823 411 976 444 officiales

236 465 363 507 collegii
391 471 421 497 et
455 465 670 498 universitatis
701 465 904 505 huiusmodi,
939 475 976 497 ae

236 523 449 562 exequutores
466 523 497 551 et
516 523 755 551 conservatores
780 518 972 561 praedictos,

235 571 378 615 aliasque
399 570 613 604 universitatis
634 576 664 604 et
677 571 802 613 collegii
823 581 976 615 personas

236 636 456 670 quascumque
481 626 726 669 quomodolibet
751 632 973 670 nuncupatas,

236 685 266 713 et
286 680 544 724 quibuscumque
564 679 750 713 nominibus
771 686 973 720 censeantur,

235 744 414 777 eorumque
445 734 529 767 bona
550 744 773 777 quaecumque
797 733 976 777 spiritualia

236 792 267 820 et
286 786 497 830 temporalia,
525 792 579 819 aut
601 786 712 825 mixta,
747 787 785 819 ad
804 786 974 829 collegium

236 846 266 873 et
287 840 525 874 universitatem
542 868 548 880 ,
580 846 634 874 aut
654 850 766 873 eorum
798 840 976 883 singulares

236 903 389 936 personas
419 892 663 933 universaliter,
693 893 909 926 communiter
928 895 975 927 vel

235 946 460 989 singulariter,
488 952 543 979 aut
563 946 699 986 divisim,
732 947 977 990 quomodolibet

236 999 430 1043 pertinentia
450 999 489 1032 ab
508 999 596 1032 omni
617 999 852 1040 iurisdictione,
876 1011 972 1044 supe-

236 1052 391 1093 rioritate‚
415 1052 574 1092 dominio,
599 1058 753 1096 potestate
768 1080 775 1089 ,
796 1053 976 1087 visitatione

237 1112 268 1139 et
291 1106 492 1139 correctione
505 1106 737 1150 archiepiscopi
758 1107 976 1141 Toletanensis

237 1164 268 1192 et
291 1159 429 1192 aliorum
450 1159 707 1199 Ordinariorum,
732 1170 911 1204 eorumque
932 1162 976 1193 vi-

237 1212 398 1246 cariorum
419 1218 450 1245 et
473 1212 659 1246 officialium
673 1240 680 1253 ,
716 1219 747 1246 et
773 1219 975 1247 caeterorum

237 1265 401 1305 iudicum,
435 1266 555 1299 eisdem
584 1266 773 1299 auctoritate
794 1272 822 1299 et
851 1273 972 1307 tenore,

238 1326 302 1352 tam
323 1319 355 1352 in
376 1319 479 1363 capite
497 1330 592 1363 quam
618 1319 650 1352 in
672 1320 837 1361 membris,
861 1326 890 1353 et
912 1327 974 1354 tam

238 1373 461 1406 universaliter
481 1383 577 1416 quam
596 1373 811 1415 singulariter,
830 1384 972 1418 prorsus,

237 1426 364 1470 penitus
378 1431 409 1459 et
421 1426 553 1459 omnino
567 1426 738 1460 eximimus
747 1432 777 1460 et
787 1427 973 1469 liberamus,

239 1491 275 1513 ac
292 1480 350 1513 sub
371 1481 404 1513 B.
425 1480 509 1513 Petri
530 1486 559 1513 et
574 1479 664 1513 Sedis
680 1480 883 1524 Apostolicae
904 1492 978 1526 pro-

240 1533 378 1566 tectione
398 1532 599 1577 suscipimus,
624 1533 759 1577 illosque
780 1540 810 1567 et
823 1534 978 1569 illanobis

238 1593 269 1620 et
288 1586 528 1620 successoribus
548 1587 665 1620 nostris
689 1587 843 1621 Romanis
863 1589 975 1622 Ponti-

238 1639 352 1673 ficibus
372 1640 527 1673 canonice
545 1640 749 1680 intrantibus,
774 1651 831 1674 nec
849 1652 914 1675 non
932 1642 979 1675 di-

238 1694 388 1738 ctae—Sedi
402 1694 568 1727 dumtaxat
578 1694 763 1728 immediate
776 1695 975 1737 subiicimus,

237 1758 274 1781 ac
294 1753 469 1791 exemptos
488 1747 619 1788 liberos,
643 1754 808 1792 susceptos
829 1755 859 1782 et
872 1750 979 1783 subie-

237 1806 304 1834 ctos
328 1802 395 1835 sore
413 1801 626 1835 decernimus.
648 1801 694 1834 Ita
714 1802 801 1845 quod
822 1803 979 1847 archiepi-

237 1854 337 1898 scopi,
366 1860 397 1887 et
417 1854 614 1898 quicumque
635 1855 781 1888 locorum
802 1855 975 1895 Ordinarii,

237 1914 292 1941 aut
312 1918 424 1941 eorum
457 1909 505 1941 vel
541 1908 679 1941 cuiusvis
713 1919 826 1941 eorum
848 1909 975 1951 vicarii,

237 1961 390 1995 officiales
410 1967 441 1994 et
458 1961 581 1994 iudices
601 1961 767 2005 praedicti,
784 1973 843 2006 per
862 1973 906 2001 se,
930 1964 977 1996 vel

237 2014 347 2054 alium,
375 2025 431 2047 seu
452 2014 542 2055 alios,
566 2015 598 2047 in
623 2021 782 2048 rectorem
799 2043 806 2056 ,
830 2016 977 2060 aliosque

236 2067 438 2112 praedictos,
473 2078 650 2112 eorumque
680 2068 764 2102 bona
793 2069 974 2113 praedicta,

237 2126 292 2154 aut
311 2121 411 2165 ipsam
433 2122 689 2162 universitatem,
714 2123 905 2165 collegium,
928 2135 979 2158 ca-

237 2174 392 2218 pellanos,
406 2174 569 2208 ministros
578 2180 608 2208 et
619 2186 773 2219 personas
785 2176 975 2219 praedictas,

238 2227 285 2260 vel
299 2238 410 2261 earum
424 2228 569 2268 alteram,
594 2229 689 2262 etiam
713 2229 835 2262 ratione
857 2230 975 2271 delicti,

237 2286 433 2321 contractus,
458 2281 624 2323 domicilii,
653 2282 800 2315 beneficii
822 2283 975 2316 ecclesia-

238 2334 329 2374 stici,
351 2344 407 2367 seu
433 2335 565 2368 alterius
599 2335 664 2375 rei,
697 2336 736 2368 de
761 2346 823 2379 qua
844 2342 975 2378 agetur,

239 2387 435 2431 ubicumque
446 2389 667 2422 committatur
678 2388 843 2429 delictum,
861 2389 980 2422 iniatur

239 2445 437 2481 contractus,
461 2447 515 2474 aut
535 2452 584 2474 res
609 2441 676 2485 ipsa
707 2452 764 2474 seu
785 2442 976 2475 beneficium

240 2493 490 2527 ecclesiasticum
512 2494 675 2534 consistat,
690 2494 829 2538 aliquam
852 2490 979 2527 iurisdi-

240 2547 390 2587 ctionem,
407 2547 598 2587 dominium,
623 2548 669 2581 vel
689 2553 877 2591 potestatem
900 2558 979 2592 quo—

241 2600 417 2634 modolibet
437 2611 595 2642 exercere,
619 2612 674 2634 scu
702 2611 755 2634 cos
783 2601 829 2633 vcl
852 2612 887 2634 ea
909 2612 978 2635 cor-

1010 250 1113 293 rigere
1135 256 1187 283 aut
1201 250 1444 295 apprehendere
1466 261 1529 284 non
1543 251 1676 295 possint,
1693 252 1747 284 sed

1009 310 1114 337 rector
1131 315 1189 348 pro
1212 309 1355 348 tempore
1376 304 1527 343 existens,
1552 315 1588 337 ac
1608 314 1747 348 exequu-

1009 363 1093 390 tores
1114 362 1142 390 et
1164 362 1403 390 conservatores
1430 357 1605 401 praedicti,
1639 367 1746 390 coram

1008 411 1088 444 Sede
1117 411 1281 454 praedicta
1317 416 1369 443 aut
1403 410 1514 453 legatis
1542 416 1573 443 et
1593 410 1747 453 delegatis

1009 464 1098 503 eius,
1129 464 1311 506 collegiales
1336 475 1426 504 vero,
1460 469 1608 507 regentes
1634 470 1662 497 et
1694 464 1746 497 alii

1009 517 1163 561 praedicti
1185 527 1293 550 coram
1306 518 1418 550 eodem
1435 523 1558 550 rectore
1571 518 1744 558 dumtaxat,

1010 575 1181 603 teneantur
1211 570 1250 602 de
1271 569 1389 603 iustitia
1410 571 1607 614 respondere
1632 575 1695 603 tam
1716 570 1747 603 in

1009 623 1252 656 beneficialibus
1272 629 1302 656 et
1323 623 1353 655 in
1373 623 1528 664 civilibus,
1543 634 1639 667 quam
1652 623 1747 657 etiam

1010 678 1041 710 in
1060 677 1300 717 criminalibus,
1325 688 1380 710 seu
1411 678 1516 710 mixtis
1537 678 1660 719 causis,
1684 678 1748 712 sive

1010 736 1122 773 agatur
1139 732 1178 764 de
1199 731 1333 764 crimine
1355 741 1390 764 ex
1411 731 1528 772 officio,
1552 731 1615 764 sive
1637 731 1745 775 inqui-

1009 784 1135 824 sitione,
1160 790 1214 817 aut
1234 785 1332 828 partis
1353 784 1574 826 accusatione,
1599 791 1653 818 aut
1672 785 1749 818 alias

1009 838 1255 881 quomodolibet
1289 837 1424 871 civiliter
1462 838 1510 870 vel
1538 837 1749 871 criminaliter

1010 891 1218 935 respondere,
1242 901 1301 924 ncc
1321 891 1451 924 nomine
1472 891 1596 930 delicti,
1620 891 1666 924 vel
1689 891 1750 923 alia

1010 955 1046 978 ex
1067 956 1161 978 causa
1187 945 1217 978 in
1240 945 1324 985 alio,
1355 956 1451 989 quam
1473 946 1548 979 dicti
1574 945 1699 988 collegii
1721 951 1750 978 et

1009 998 1225 1032 universitatis
1256 1009 1384 1032 carcerc
1412 999 1589 1043 mancipari
1609 999 1746 1043 possint,

1010 1053 1162 1096 quodque
1183 1051 1353 1094 collegium
1375 1058 1404 1085 ct
1425 1052 1629 1093 universitas,
1653 1058 1683 1085 et
1700 1063 1749 1085 re-

1010 1112 1097 1145 ctor,
1133 1105 1251 1148 aliique
1272 1115 1384 1138 omnes
1404 1105 1579 1148 supradicti
1600 1105 1749 1138 omnibus

1010 1166 1038 1193 et
1060 1159 1193 1202 singulis
1213 1159 1406 1203 privilegiis,
1431 1159 1565 1203 aliisque
1591 1159 1746 1192 immuni-

1009 1212 1127 1246 tatibus
1162 1218 1193 1245 et
1223 1212 1333 1255 gratiis
1361 1212 1545 1245 huiusmodi
1577 1212 1747 1254 gaudeant.

1009 1267 1223 1300 Decernentes
1238 1271 1433 1309 praesentes,
1457 1276 1492 1298 ac
1513 1276 1571 1308 per
1590 1264 1705 1298 Iulium
1726 1265 1751 1297 ll

1010 1325 1041 1352 et
1070 1319 1185 1353 Iulium
1218 1320 1278 1359 III,
1317 1319 1581 1363 praedecessores
1609 1323 1747 1359 nostros,

1011 1383 1179 1407 concessas
1200 1372 1320 1406 litteras
1338 1373 1426 1406 nullo
1443 1382 1586 1416 unquam
1608 1377 1753 1415 tempore

1011 1427 1049 1460 de
1070 1426 1287 1470 subreptionis
1306 1427 1355 1459 vel
1375 1425 1573 1470 obreptionis
1593 1425 1679 1465 vitio,
1696 1435 1751 1458 seu

1011 1479 1198 1512 intentionis
1219 1484 1346 1512 nostrae
1367 1479 1415 1512 vel
1433 1478 1584 1522 quopiam
1607 1478 1669 1511 alio
1690 1478 1747 1510 de-

1012 1534 1107 1573 fectu,
1136 1533 1232 1566 etiam
1254 1544 1289 1566 ex
1311 1543 1348 1565 eo
1374 1533 1460 1576 quod
1490 1532 1751 1576 archiepiscopus

1011 1587 1241 1627 Toletanensis,
1263 1592 1315 1619 aut
1337 1586 1390 1619 alii
1416 1587 1563 1620 locorum
1581 1585 1752 1627 Ordinarii,

1011 1641 1059 1673 vel
1081 1640 1233 1673 interesse
1254 1639 1286 1672 in
1304 1639 1487 1683 praemissis
1508 1639 1753 1683 quomodolibetv

1012 1694 1166 1727 habentes
1187 1693 1288 1726 vocati
1309 1703 1374 1726 non
1389 1693 1529 1733 suerunt,
1553 1693 1670 1733 notari,
1695 1693 1753 1724 im—

1011 1748 1159 1792 pugnari,
1178 1747 1357 1787 invalidari,
1373 1753 1425 1780 aut
1447 1747 1487 1780 ad
1501 1746 1655 1780 terminos
1677 1746 1754 1779 iuris

1012 1801 1133 1841 reduci,
1157 1811 1212 1834 seu
1231 1801 1262 1833 in
1288 1800 1336 1833 ius
1355 1801 1404 1833 vel
1425 1800 1677 1833 controversiam
1702 1810 1753 1833 re-

1012 1855 1120 1888 vocari
1141 1865 1245 1898 posse,
1269 1855 1324 1887 sed
1345 1854 1414 1886 illas
1439 1864 1567 1898 semper
1587 1853 1706 1887 validas
1724 1859 1755 1886 ct

1012 1908 1157 1941 efficaces
1169 1907 1312 1947 existere,
1329 1917 1468 1951 suosque
1479 1907 1642 1951 plenarios
1656 1907 1750 1940 et'in-

1012 1968 1119 2004 tegros
1131 1961 1261 1994 effectus
1271 1960 1391 2001 sortiri,
1401 1960 1574 2004 minusque
1584 1966 1753 1998 rectorem,

1012 2016 1195 2058 collegium,
1219 2014 1472 2055 universitatem,
1488 2015 1536 2047 vel
1556 2015 1695 2058 aliquem
1717 2025 1753 2047 ex

1012 2068 1104 2101 dictis
1129 2074 1159 2101 et
1187 2067 1304 2100 uostris
1317 2067 1432 2100 litteris
1447 2067 1689 2110 comprehensis
1714 2067 1752 2100 ad

1012 2122 1244 2155 verificandum
1265 2121 1395 2164 aliquod
1422 2131 1457 2153 ex
1479 2120 1598 2154 eisdem
1619 2121 1754 2164 praede—

1012 2175 1201 2215 cessoribus,
1214 2175 1262 2208 vel
1271 2174 1362 2207 nobis
1374 2174 1521 2213 narratis,
1537 2174 1644 2217 aliquo
1656 2174 1754 2207 modo

1013 2229 1114 2263 teneri
1128 2229 1176 2261 vel
1191 2228 1347 2270 obligatos
1365 2239 1443 2265 esse,
1468 2227 1543 2271 quia
1561 2238 1619 2260 nos
1640 2238 1693 2260 eos
1714 2228 1752 2260 ab

1012 2292 1110 2315 onere
1130 2281 1315 2315 verificandi
1338 2281 1430 2314 nobis
1454 2281 1501 2314 vel
1526 2280 1752 2324 praedecesso-

1012 2335 1100 2368 ribus
1111 2334 1227 2367 nostris
1239 2333 1361 2377 aliquid
1376 2334 1407 2366 in
1419 2333 1478 2373 liis,
1489 2338 1519 2366 et
1532 2333 1624 2366 dictis
1639 2332 1751 2366 litteris

1012 2387 1160 2424 narratis.
1185 2387 1378 2427 relevamus,
1399 2392 1429 2419 et
1449 2387 1488 2419 ad
1509 2386 1649 2430 aliquam
1670 2386 1750 2419 veri-

1013 2441 1194 2487 ficationem
1217 2440 1350 2473 minime
1384 2440 1483 2473 teneri
1506 2441 1667 2480 volumus,
1692 2451 1749 2474 nec

1012 2494 1267 2538 exemptionem,
1292 2494 1515 2527 liberationem
1533 2521 1540 2532 ‚
1568 2494 1749 2538 ampliatio-

1011 2559 1083 2582 nem
1103 2554 1133 2581 ct
1153 2547 1431 2581 confirmationem
1450 2547 1635 2581 huiusmodi
1653 2547 1684 2581 in
1703 2547 1750 2581 ius

1012 2602 1057 2634 vel
1080 2600 1328 2634 wntrovcrsiam
1360 2601 1473 2634 deduci
1497 2611 1597 2645 posse.

1649 194 1711 226 587
1761 203 1809 229 An.
1832 204 1858 228 ιῑ,
1880 203 1945 229 icoo
