2253 3195
55 273 102 299 An.
123 271 150 297 (ἶ.
171 269 228 296 16111

88 915 186 936 [ει-1101111
198 915 236 935 Sa<

55 948 103 963 enin
114 942 236 967 scripturae

56 971 87 990 vel
95 974 180 989 casuum
190 974 236 988 cnu-

55 996 154 1016 scientiae
164 996 183 1015 111
190 1001 238 1015 con-

56 1023 162 1047 wanhun

104 1287 237 1313 Paupertatis

58 1317 104 1335 voto
124 1315 236 1334 observan-

57 1341 94 1366 do,-

855 268 1000 292 (xiil-:nENs

251 317 412 350 catoribus
432 316 614 360 superiores
631 305 691 354 ’(115
710 322 832 349 tantum
852 316 985 352 diebus,

1025 268 1081 291 vtu
1108 269 1155 291 1³1³.

1024 321 1171 360 nequent
1189 315 1321 359 proprio
1343 320 1460 348 utatur.
1477 314 1535 354 Qui
1557 314 1587 347 in
1610 315 1764 358 praemis-

252 371 368 415 qnibns
392 380 446 403 eos
477 371 598 412 legere.
629 376 679 402 aut
703 370 889 414 praedit-are
915 381 989 402 con-
1024 381 1132 402 sorum
1159 370 1267 413 aliquo
1300 368 1481 412 deliquerit,
1509 378 1630 412 poenas
1644 368 1762 400 nedum

253 424 371 466 tigerit)
393 424 576 467 dispensare
598 423 730 467 possint.
757 424 840 456 ldem
861 433 990 466 quoque
1005 460 1007 462 ,
1025 434 1041 455 a
1062 423 1202 456 Concilio
1222 422 1410 455 Tridentino
1441 421 1676 465 praescriptas,
1711 421 1764 454 sed

253 483 414 520 praestare
445 476 569 508 valeant.
599 487 669 508 cum
692 476 832 517 aegrotis
863 482 890 508 et
919 482 986 508 stu-

252 530 380 563 diorum
402 540 495 561 causa
517 529 658 570 legitime
685 529 856 572 impeditis.
886 530 918 561 ln
938 540 991 561 eos

251 593 326 615 vcro
358 583 411 626 qui
446 582 644 624 negligentes
678 588 729 614 ant
771 582 991 614 inobedientes

253 636 369 668 fuerint
391 663 397 672 ,
425 635 556 668 salutari
586 635 784 678 poenitentia
809 635 992 678 superiores

252 688 517 724 animadvertant.
542 689 580 720 ad
607 688 839 732 praescriptum
863 688 991 730 regulae

253 749 282 774 et
315 742 599 779 constitutionumv
632 742 793 774 alimentis
820 742 935 778 etiam,
967 742 990 773 si

252 805 332 838 opus
353 795 456 835 fuerit,
484 795 713 828 subtractione.

297 850 313 890 ἓ
335 848 364 880 l.
388 848 495 881 Lectio
516 848 631 881 Sacrae
662 849 845 892 Sci-ipturae
867 850 913 881 vel
935 860 989 881 ea-

253 912 345 934 51111111
368 901 602 938 conscientiae,
629 902 676 934 bis
702 901 732 934 in
764 902 989 942 bebdomada,

252 954 459 998 praescriptis
480 955 594 988 diebus
615 955 645 987 in
670 955 803 997 singulis
827 956 992 988 conventi-

253 1008 311 1041 bus
343 1008 517 1047 habeatur,
540 1009 579 1041 ail
612 1020 707 1053 quam
741 1010 852 1042 fratres
881 1020 993 1043 omnes

253 1062 456 1098 conveniant,
480 1073 581 1106 eaque
608 1063 765 1100 absoluta,
794 1069 904 1096 mutua
929 1064 993 1096 col-

253 1114 372 1147 latione
393 1115 478 1147 circa
510 1115 699 1158 explicatam
726 1116 906 1148 doctrinam
925 1127 992 1149 sese

253 1167 373 1201 utiliter
390 1175 569 1201 exerceant.

297 1220 362 1262 5⁹2.
396 1221 487 1260 Quod
514 1221 690 1254 Tridentini
713 1222 843 1255 Concilii
865 1223 994 1255 decreta

253 1275 292 1307 de
309 1276 506 1319 paupertatis
527 1283 600 1309 roto
631 1276 843 1309 eustodiendo
869 1276 994 1309 fidelius

253 1328 474 1368 observentur,
498 1329 695 1372 praecipitur
715 1334 745 1361 ut
763 1330 869 1362 nullus
883 1341 918 1363 ex
932 1330 994 1362 fra-

255 1382 366 1419 tribus,
391 1382 513 1415 etiamsi
532 1383 681 1426 superior
701 1383 750 1418 sit,
774 1384 858 1416 bona
880 1383 994 1416 immo-

254 1436 331 1468 bilia
351 1437 398 1468 vel
420 1436 562 1475 mobilia,
584 1442 638 1469 aut
659 1437 840 1480 pecuniam,
859 1448 994 1480 proven—

255 1496 314 1527 tuS,
338 1500 477 1527 census,
503 1490 738 1533 eleemosynas,
769 1490 833 1523 sive
861 1501 898 1523 ex
920 1501 994 1523 con-

256 1542 424 1579 cionibus,
457 1543 520 1575 sire.
551 1553 586 1575 ex
615 1543 827 1577 lectionibus.
853 1549 905 1575 aut
936 1553 995 1586 pro

256 1595 359 1628 missis
391 1601 453 1628 tam
484 1595 514 1627 in
548 1595 679 1639 propria
710 1595 863 1633 ecclesia,
898 1607 993 1640 quam

255 1648 450 1692 ubicumque
472 1648 692 1685 celebrandis,
717 1648 817 1681 aliove
851 1648 993 1692 ipsorum

256 1701 338 1734 iusto
359 1701 469 1734 labore
491 1707 517 1733 et
541 1712 647 1739 eausa,
665 1707 695 1733 et
713 1711 919 1744 quocumque
937 1712 995 1734 no-

256 1754 342 1787 mine
361 1754 516 1797 acquisita
537 1755 672 1797 (etiamsi
695 1754 837 1787 subsidia
862 1765 997 1787 consan-

256 1808 459 1849 guineorum,
481 1814 536 1841 aut
567 1808 692 1852 piorum
722 1807 927 1850 largitiones,
951 1809 996 1841 le-

256 1868 345 1903 gata,
370 1868 424 1895 aut
452 1863 642 1895 donationes
669 1862 805 1905 fuerint)
832 1867 994 1906 tamqnam

257 1915 408 1959 propria,
446 1921 499 1948 aut.
528 1915 622 1948 etiam
660 1916 791 1948 nomine
823 1921 996 1948 conventus

256 1968 418 2011 possidere
439 1968 550 2011 possit‚
563 1969 617 2001 sed
636 1979 672 2001 ea
694 1969 801 2001 onmia
820 1968 925 2001 statim
947 1979 998 2001 sn-

255 2021 373 2064 periori
397 2022 576 2059 tradantur,
601 2027 630 2053 et
649 2022 818 2054 conventui
842 2021 994 2065 incorpo—

255 2080 386 2111 rentur,
419 2079 514 2117 atque
537 2085 609 2106 cuni
633 2074 767 2106 caeteris
785 2074 870 2107 illius
890 2074 994 2114 bonis,

255 2127 434 2167 reditibus,
459 2127 604 2171 pecuniis
624 2138 659 2159 ac
685 2128 894 2171 proventibus
915 2139 994 2161 con—

256 2183 440 2219 fundantur,
462 2193 525 2226 qno
547 2183 728 2215 eommunis
750 2183 823 2215 inde
847 2183 946 2216 victus
969 2189 997 2215 et

257 2236 385 2268 restitus
405 2235 555 2269 omnibus
581 2236 779 2279 suppeditari
798 2236 907 2280 possit.
937 2237 998 2269 Ne.-

257 2300 318 2333 que
345 2289 588 2333 superioribus,
620 2289 817 2333 quicumque
851 2289 894 2321 illi
923 2289 995 2326 sint,

258 2342 323 2374 ullo
353 2348 445 2386 pacto
473 2342 567 2375 liceat
603 2342 722 2375 eisdem
757 2342 917 2381 fratribus,
946 2348 1000 2375 aut

258 2405 368 2428 eorum
402 2395 518 2432 alicui,
556 2396 640 2428 bona
673 2395 820 2432 stabilia,
842 2394 937 2427 etiam
961 2396 998 2428 ad

257 2450 459 2483 usufructum
482 2449 530 2481 vel
551 2459 657 2487 usum,
687 2448 998 2481 administrationem

259 2507 311 2536 ant
333 2501 570 2538 commendam,
594 2501 689 2533 etiam
713 2500 848 2543 depositi
868 2505 921 2533 aut
939 2511 996 2534 eu-

259 2555 381 2589 stodiae
403 2554 531 2587 nomine
557 2554 744 2586 concedere.
771 2553 889 2585 Eorum
912 2563 996 2592 vero,

260 2619 341 2652 quae
353 2608 392 2641 ad
407 2608 626 2641 necessitatem
640 2617 790 2640 concessa
809 2613 912 2647 erunt,
930 2607 1001 2639 nul-

261 2662 309 2695 lus
330 2661 504 2705 quidquam
538 2660 717 2704 possideat,
748 2667 777 2693 ut
810 2661 995 2703 proprium.

1025 477 1102 509 alias
1123 487 1253 520 quoque
1276 476 1375 508 multo
1397 475 1578 518 graviores,
1614 475 1764 518 superio-

1027 540 1096 562 rum
1112 529 1245 562 arbitrio
1261 529 1483 572 imponendas,
1502 529 1655 561 incurrat.
1675 528 1767 560 Nulla

1026 593 1308 626 quorumcumque
1334 582 1538 626 superiorum
1558 582 1764 625 dispensatio,

1027 636 1113 668 nulla
1134 636 1272 674 licentia,
1308 641 1462 679 quantum
1485 636 1524 668 ad
1550 635 1636 668 bona
1657 634 1764 667 mobi-

1027 688 1067 721 lia
1089 689 1135 721 vel
1154 688 1343 727 immobilia,
1359 689 1470 724 fratres
1492 699 1641 721 excusare
1656 687 1766 731 possit,

1027 753 1091 785 quo
1113 742 1218 774 minus
1239 742 1350 785 culpas·
1372 747 1402 774 et
1418 752 1542 785 poenae
1563 741 1602 774 ab
1624 741 1767 774 eiusdem

1027 795 1154 828 concilii
1180 795 1317 828 decretis
1342 795 1520 839 impositae,
1542 801 1569 827 et
1592 795 1660 838 ipso
1688 795 1769 826 facto

1029 848 1254 886 incurrendae,
1279 848 1506 883 obnoxiisint:
1531 847 1654 880 etiamsi
1675 858 1769 891 supe-

1029 901 1129 934 riores
1150 907 1330 934 asscrerent
1348 901 1532 934 huiusmodi
1554 900 1769 944 dispensatio-

1028 965 1083 988 nes
1103 961 1154 987 aut
1175 954 1319 987 licentias
1330 955 1508 987 concedere
1523 964 1627 998 posse,
1652 953 1770 997 quibus

1029 1009 1059 1041 in
1074 1019 1110 1041 ea
1132 1018 1165 1040 re
1180 1008 1275 1040 fidem
1299 1007 1431 1040 minime
1450 1007 1595 1040 adbiberi
1608 1007 1766 1040 volumus.

1073 1062 1087 1105 ἓ
1107 1061 1137 1094 3.
1166 1062 1312 1094 Fratrnin
1335 1061 1465 1094 restitus
1484 1060 1692 1104 etsuppellex
1706 1060 1770 1092 cel-

1029 1116 1131 1147 larum
1153 1126 1187 1147 ex
1212 1114 1526 1158 communipecunia
1547 1118 1767 1157 comparetur,

1028 1174 1059 1201 et
1079 1168 1212 1201 omnino
1234 1167 1401 1200 uniformis
1421 1167 1461 1200 sit
1487 1168 1618 1199 fratrum
1641 1171 1672 1199 et
1692 1177 1771 1209 quo-

1028 1232 1242 1265 rumcumque
1262 1221 1478 1264 superiorum,
1506 1220 1665 1264 statuique
1686 1231 1768 1264 pan-

1029 1275 1172 1318 pe1·tatis‚
1200 1285 1296 1318 quam
1317 1267 1450 1318 professi
1481 1279 1566 1312 sunt,
1589 1273 1768 1309 conveniat,

1030 1328 1071 1361 ita
1096 1333 1131 1360 ut
1158 1327 1236 1360 nihil
1265 1327 1420 1371 superflui
1448 1327 1660 1364 admittatur,
1693 1325 1770 1358 niliil

1029 1381 1123 1414 etiam
1150 1381 1238 1425 quod
1258 1381 1298 1413 sit
1318 1380 1534 1413 necessarium
1556 1379 1651 1412 alicui
1675 1379 1773 1412 dene-

1029 1440 1131 1477 getnr.
1155 1434 1383 1477 Quaecumque
1405 1434 1537 1466 fratrum
1561 1438 1682 1471 vestes,
1708 1432 1772 1465 sive

1030 1488 1140 1520 laneae
1166 1487 1231 1520 sive
1256 1487 1381 1524 lineae,
1407 1486 1576 1529 omnisque
1609 1486 1671 1518 alia
1692 1497 1769 1528 sup—

1030 1541 1130 1584 pellex
1155 1540 1184 1572 in
1204 1539 1344 1583 aliquem
1367 1540 1574 1572 commodum
1596 1544 1772 1572 conventus

1031 1595 1136 1626 locum
1172 1593 1381 1630 deferantur,
1414 1593 1522 1636 ibique
1551 1592 1590 1625 ab
1624 1602 1688 1624 uno
1725 1592 1771 1623 rel

1031 1646 1156 1679 dnobus
1182 1646 1335 1678 fratribus
1356 1645 1431 1678 huic
1456 1645 1580 1678 muneri
1600 1645 1770 1688 deputatis,

1031 1701 1201 1743 diligenter
1215 1699 1447 1737 custodiantur,
1463 1705 1493 1731 ut
1509 1699 1582 1731 inde
1598 1698 1774 1742 superioris

1031 1753 1191 1793 arbitrio,
1225 1758 1321 1796 prout
1353 1752 1528 1796 unicuique
1556 1762 1637 1796 opus
1664 1751 1770 1789 fuerit,

1031 1807 1266 1840 subministrari
1289 1811 1472 1850 opportune
1493 1805 1625 1849 possint.

1076 1863 1092 1903 g
1115 1860 1144 1892 Ιι.
1169 1860 1286 1893 Omnes
1304 1860 1399 1892 etiam
1418 1859 1609 1903 superiores,
1627 1859 1774 1902 quicum-

1032 1925 1093 1957 que
1116 1914 1159 1946 illi
1186 1913 1269 1950 51111,
1294 1913 1407 1945 eodem
1434 1923 1528 1956 panc,
1558 1912 1671 1944 eodem
1702 1911 1774 1943 vino

1033 1968 1212 2010 eodemque
1225 1965 1373 2005 obsonio,
1390 1965 1454 1997 sive
1476 1965 1599 2001 eadem,
1618 1970 1649 1996 ut
1671 1964 1771 2002 aiunt,

1032 2021 1188 2065 pitantia,
1224 2021 1254 2052 in
1274 2019 1438 2052 communi
1464 2029 1573 2051 mensa
1603 2018 1706 2061 prima
1727 2018 1773 2049 vel

1033 2074 1183 2111 secunda,
1205 2073 1262 2105 nisi
1286 2072 1481 2105 infirmitatis
1509 2082 1603 2104 eausa
1630 2070 1774 2113 impediti

1035 2127 1162 2163 fuerint.
1191 2132 1375 2163 reseantur2
1401 2136 1505 2169 neque
1526 2125 1688 2167 singulare
1712 2124 1771 2156 ali—

1034 2181 1132 2224 quid,
1168 2191 1231 2223 qno
1264 2179 1412 2223 privatim
1446 2179 1583 2222 quisque
1610 2178 1639 2210 111
1667 2178 1773 2210 cilium

1035 2240 1161 2272 utatur,
1187 2234 1252 2266 ullo
1275 2233 1371 2265 modo
1389 2232 1495 2265 afferri
1518 2232 1636 2275 possit:
1659 2231 1683 2263 si
1706 2231 1776 2274 quis

1035 2287 1064 2318 in
1087 2298 1122 2318 ea
1138 2297 1170 2318 re
1192 2285 1381 2329 peccaverit,
1403 2284 1481 2317 nihil
1503 2295 1540 2316 ea
1558 2284 1609 2316 die
1632 2283 1774 2316 alimenti

1035 2339 1200 2383 percipiat,
1225 2339 1284 2371 nisi
1310 2348 1426 2382 panem
1448 2343 1477 2370 et
1497 2347 1624 2381 aquam.

1079 2395 1095 2434 g
1118 2392 1146 2425 5.
1171 2393 1359 2436 Superiores
1380 2402 1502 2428 omnes=
1528 2391 1622 2424 etiam
1643 2401 1776 2431 genera-

1034 2447 1083 2485 lis,
1108 2446 1161 2489 qui
1184 2446 1306 2479 reditus
1335 2451 1387 2478 aut
1420 2444 1652 2488 praestationes
1673 2455 1772 2487 pecu·-

1036 2500 1129 2532 liares
1149 2490 1273 2531 ratione
1295 2498 1477 2531 officiorum
1496 2498 1615 2530 habent
1632 2525 1638 2536 ‚
1663 2508 1774 2530 eorum

1036 2559 1165 2597 accepta
1187 2559 1216 2585 et
1240 2563 1377 2596 expensa
1399 2552 1428 2584 in
1458 2552 1541 2585 libro
1563 2551 1713 2585 distincto
1734 2552 1773 2583 li-

1036 2606 1148 2639 deliter
1168 2612 1197 2639 et
1218 2605 1390 2648 diligenter
1407 2605 1553 2638 adnotari
1576 2610 1699 2644 curent,
1717 2616 1773 2637 ne-

1035 2670 1096 2703 que
1119 2659 1148 2691 in
1166 2659 1244 2692 alios
1265 2670 1340 2692 usus
1361 2669 1456 2702 quam
1473 2658 1596 2692 ratione
1618 2658 1713 2690 officii
1729 2659 1775 2691 sui

1669 256 1733 290 «aaa
1780 266 1827 292 An.
1848 266 1876 291 c.
1895 266 1957 293 11101

1846 1068 1927 1087 Vestitu
1950 1069 1970 1086 fll.

1786 1095 1933 1120 suppellectili:

1852 1867 1904 1887 (libo
1918 1874 1921 1890 2

1842 2398 1975 2418 ‚kuliiiinu‘ra-

1793 2428 1848 2444 11111111
1864 2428 1882 2443 ot
1895 2427 1976 2444 initiunt)

1793 2452 1826 2471 ossi
1837 2452 1915 2470 ·11·111111.
