2253 3195
50 1638 165 1665 nerogauo
173 1643 221 1659 cou-

37 1666 157 1686 irai-inrum.

841 251 988 277 CLEMENS
1007 251 1065 275 vm
1083 251 1134 275 PP.

228 303 322 336 missa
340 301 460 340 omnia,
477 301 584 335 statim
600 307 671 345 post
683 300 900 345 praesentium
916 311 968 333 su·
1001 299 1126 333 litterae
1147 298 1229 332 inter
1248 303 1365 331 statuta
1390 302 1420 330 et
1440 295 1644 330 definitiones
1661 295 1744 328 eius-

226 355 443 400 sceptionem,
468 355 500 388 in
524 354 779 397 Congregatione
804 353 968 397 praedicta
983 378 985 383 ,
1001 353 1075 385 dem
1103 350 1364 394 Congregationis
1390 355 1547 394 perpetuo
1572 349 1744 381 observan-

226 415 256 443 et
276 410 308 442 in
329 408 480 442 omnibus
498 409 565 442 eius
574 407 776 441 monasteriis
796 406 965 451 publicari,

227 473 328 507 eaque
349 462 458 496 omnia
472 468 536 495 tam
557 471 615 506 per
634 472 679 499 se,
696 471 791 504 quam
814 470 872 504 per
894 459 969 492 visi-

228 521 346 549 tatores
370 515 563 555 ordinarios,
587 524 764 557 omnesque
785 513 865 546 alios
886 513 967 545 inse-

228 569 329 602 riores
353 569 496 603 eiusdem
514 567 778 610 Congregationis
809 566 971 609 praelatos

229 623 268 655 ab
289 622 442 655 omnibus
466 621 610 654 eiusdem
636 619 894 662 congregationis
915 629 968 651 re-

228 675 394 718 gularibus
420 674 567 718 personis
595 672 825 706 inviolabiliter
855 672 969 705 obser-

228 728 306 769 vari,
323 733 355 761 et
367 727 511 772 quolibet
525 736 609 759 anno
626 726 658 758 in
671 724 905 759 visitationibus
918 724 969 757 di-

228 787 297 815 ctae
310 780 572 824 Congregationis
589 791 687 824 super
699 778 882 823 praemissis
895 789 972 812 con-

230 841 278 868 tra
289 835 512 879 delinquentes
531 834 650 878 inquiri
669 833 775 871 saciat,
799 832 972 877 praecipue

229 898 304 921 vero
324 898 364 921 ne
385 888 508 932 aliquas
532 887 595 920 iam
615 887 783 927 iniunctas,
801 887 848 919 vel
867 886 972 930 impo—

229 948 350 976 sterum
368 941 582 985 iniungendas
601 951 723 985 poenas
738 963 754 981 ,›
772 950 828 974 seu
853 939 970 984 poeni—

231 995 346 1029 tentias
365 995 559 1038 cuicumque
579 994 723 1028 eiusdem
743 993 973 1036 Congregatio-
990 984 993 994 ¹

231 1049 279 1082 nis
299 1048 451 1092 religioso
471 1049 512 1082 ad
535 1048 793 1092 supradictarum
824 1047 971 1081 saecula-

233 1102 331 1143 rium,
364 1108 419 1135 aut
448 1101 739 1135 ecclesiasticarum
760 1110 974 1144 personarum

231 1155 470 1199 praedictarum
490 1155 674 1188 instantiam
701 1153 875 1194 remittant,
899 1164 976 1187 con-

232 1209 364 1249 donent,
395 1209 539 1242 relaxent
569 1214 625 1242 aut
649 1208 817 1248 minuant,
845 1213 900 1241 aut
920 1217 973 1240 re-

234 1262 326 1304 mitti,
350 1262 539 1303 condonari,
563 1262 700 1296 relaxari
729 1262 777 1295 vel
796 1261 898 1294 minui
914 1272 973 1305 pa-

233 1315 374 1356 tiantur;
408 1315 665 1349 contradictores
690 1321 721 1349 et
753 1315 977 1348 inobedientes

233 1369 425 1413 supradictis
446 1375 477 1403 et
493 1370 563 1403 aliis
580 1369 709 1414 poenis,
727 1370 812 1403 iuxta
833 1369 976 1403 eiusdem

233 1422 496 1466 congregationis
516 1423 677 1466 regularia
701 1428 820 1456 statuta
846 1433 882 1455 ac
908 1421 978 1455 aliis

235 1475 426 1520 opportunis
446 1476 525 1510 iuris
544 1482 575 1510 et
595 1476 667 1510 sacti
688 1476 851 1517 remediis,
866 1476 978 1519 appel-

234 1529 354 1563 latione
371 1529 504 1563 omnino
524 1529 712 1574 postposita,
729 1529 975 1574 compescendo.

281 1583 298 1624 ξ
319 1581 349 1615 8.
373 1582 442 1616 Non
462 1583 664 1616 obstantibus
676 1583 825 1627 quibuvis
845 1588 977 1627 aposto-

237 1635 307 1669 licis
326 1646 364 1669 ac
383 1635 417 1669 in
440 1636 688 1677 universalibus,
713 1636 977 1681 provincialibus,

238 1694 269 1722 et
287 1689 495 1734 synodalibus
510 1689 655 1724 conciliis
671 1689 764 1723 editis
777 1690 981 1733 generalibus

237 1743 286 1776 vel
306 1743 499 1787 specialibus
530 1743 814 1777 constitutionibus
834 1749 865 1777 et
887 1743 978 1777 ordi-

238 1794 442 1836 nationibus,
465 1805 503 1828 ac
523 1795 782 1839 quibuscumque
806 1794 931 1828 statutis
952 1800 983 1828 et

239 1847 538 1889 consuetudinibus,
562 1847 659 1881 etiam
678 1848 877 1889 iuramento,
906 1858 983 1882 con-

240 1900 425 1934 firmatione
450 1900 627 1944 apostolica
641 1927 649 1942 ‚
672 1901 720 1934 vel
742 1901 854 1945 quavis
874 1900 983 1934 firmi—

241 1958 306 1987 tate
330 1953 393 1987 alia
423 1953 606 1995 roboratis,
641 1953 818 1997 privilegiis
838 1964 980 1998 quoque,

243 2006 375 2040 indultis
400 2012 433 2040 et
453 2006 567 2040 litteris
588 2007 772 2051 apostolicis
797 2007 829 2040 in
854 2013 984 2041 contra-

242 2059 327 2093 rium
356 2059 611 2104 praemissorum
631 2060 877 2104 quomodolibet
902 2071 982 2094 con-

244 2113 351 2155 cessis,
379 2112 589 2154 confirmatis,
617 2114 804 2158 approbatis
829 2119 860 2147 et
886 2114 983 2148 inno-

242 2166 331 2200 vatis.
355 2166 477 2206 Quibus
497 2166 659 2208 omnibus,
683 2167 807 2201 etiamsi
825 2177 884 2211 pro
910 2167 983 2200 illo-

243 2230 316 2253 rum
336 2219 506 2254 sufficienti
532 2219 741 2263 derogatione
759 2220 798 2253 de
823 2219 895 2261 illis,
934 2230 987 2253 eo-

243 2283 380 2318 rumque
394 2274 468 2307 totis
481 2273 647 2307 tenoribus
664 2273 822 2317 specialis,
839 2273 988 2317 specifica

244 2332 276 2360 et
300 2327 342 2360 ad
371 2327 506 2361 verbum
527 2336 675 2371 expressa
696 2326 818 2360 mentio
839 2326 989 2359 habenda

244 2385 338 2421 esset,
361 2386 489 2414 tenores
510 2379 707 2420 huiusmodi,
731 2389 768 2413 ac
786 2379 812 2412 si
833 2379 872 2413 de
889 2380 988 2413 verbo

244 2433 284 2467 ad
296 2433 431 2467 verbum
445 2434 676 2475 insererentur,
693 2433 917 2477 praesentibus
928 2443 988 2477 pro

245 2487 401 2531 expressis
431 2487 608 2529 habentes,
640 2487 701 2520 hac
731 2486 798 2520 vice
825 2486 990 2520 dumtaxat

1002 406 1061 438 dae
1082 404 1308 438 describantur
1322 431 1329 444 ‚
1354 409 1384 436 et
1404 403 1491 447 quod
1508 412 1620 435 earum
1652 407 1742 434 tran-

1002 458 1137 501 sumptis
1158 457 1252 490 etiam
1275 456 1438 500 impressis
1459 466 1557 488 manu
1581 454 1746 488 secretarii

1004 510 1107 543 dictae
1127 509 1400 552 Congregationis,
1417 514 1471 542 aut.
1484 508 1618 541 alicuius
1630 507 1747 540 notarii

1004 564 1136 607 publici,
1156 573 1282 596 necnon
1303 563 1409 605 sigillo
1435 563 1580 596 eiusdem
1602 562 1744 603 Congre-

1006 618 1153 661 gationis,
1184 617 1231 650 vel
1252 617 1387 650 alicuius
1406 627 1563 661 personae
1586 617 1616 649 in
1638 615 1745 658 digni-

1006 676 1070 704 tate
1098 670 1312 704 ecclesiastica
1339 670 1531 703 constitutae
1551 668 1746 712 obsignatiS,

1008 724 1140 758 indubia
1157 724 1289 768 ubique,
1305 724 1336 757 in
1356 724 1475 757 iudicio
1490 729 1517 757 et
1533 730 1633 763 extra,
1649 732 1750 765 aeque

1008 789 1042 811 ac
1063 778 1285 822 praesentibus
1304 776 1379 821 ipsis
1402 777 1481 810 fides
1501 777 1703 810 adhiheatur.

1052 832 1167 864 Datum
1199 831 1320 864 Romae
1346 830 1432 873 apud
1457 829 1487 862 S.
1513 830 1665 869 Marcum,
1694 828 1751 861 sub

1008 884 1128 917 annulo
1162 883 1344 923 Piscatoris,
1373 883 1423 915 die
1445 892 1476 916 tv
1508 882 1574 914 iulii
1608 891 1725 915 MDxCVt
1741 908 1748 920 ‚

1008 936 1213 981 pontificatus
1237 936 1337 970 nostri
1357 946 1442 968 anno
1464 946 1493 968 v.

1044 999 1102 1026 Dat.
1118 998 1186 1026 diet
1202 998 1261 1025 iulii
1272 998 1350 1032 1596,
1372 997 1469 1034 pontif.
1482 1005 1525 1025 an.
1540 1005 1564 1023 v.

1305 1163 1455 1198 cxxxvt.

1013 1263 1105 1304 Quod
1124 1262 1207 1297 Itali
1225 1266 1318 1295 eoetra
1353 1261 1491 1295 Italiam
1521 1271 1586 1293 non
1608 1260 1756 1293 habitent

1056 1327 1092 1359 in
1113 1325 1200 1366 loeis,
1230 1325 1289 1358 ubi
1314 1324 1397 1358 liber
1422 1328 1451 1356 el
1469 1324 1622 1367 publicus
1651 1322 1757 1355 cultus

1057 1389 1123 1421 sive
1159 1397 1238 1421 usus
1273 1386 1452 1420 catholicae
1482 1385 1654 1429 religionis
1692 1395 1755 1417 non

1057 1452 1186 1485 eoeistat.

1227 1513 1361 1555 Clemens
1377 1512 1456 1546 Papa
1470 1512 1546 1544 VIII,

1164 1567 1201 1595 ad
1215 1568 1350 1594 futuram
1364 1566 1410 1594 rei
1430 1565 1614 1593 memoriam.

1059 1638 1148 1679 Cum,
1165 1638 1248 1671 sicut
1267 1647 1332 1670 non
1352 1637 1420 1670 sine
1441 1646 1560 1679 magno
1581 1635 1681 1668 animi
1702 1645 1761 1668 no-

1015 1691 1072 1725 stri
1093 1692 1206 1725 dolore
1226 1690 1422 1734 accepimus,
1445 1688 1656 1734 quamplures
1676 1688 1760 1722 chri-

1016 1745 1170 1779 stifideles
1190 1756 1226 1778 ex
1248 1744 1380 1778 diversis
1400 1743 1510 1777 Italiae
1529 1742 1686 1787 partibus,
1709 1751 1763 1775 eo-

1017 1810 1089 1832 rum
1110 1798 1233 1843 patriis,
1253 1798 1309 1831 ubi
1331 1808 1406 1831 vera
1426 1803 1458 1830 et
1474 1803 1584 1830 saneta
1604 1795 1763 1829 catholica

1017 1857 1048 1886 et
1068 1852 1246 1896 apostolica
1266 1850 1381 1894 religio
1410 1850 1518 1893 viget,
1549 1855 1579 1883 et
1610 1848 1762 1893 pubblice

1017 1905 1234 1950 praedicatur,
1258 1904 1470 1944 discedentes,
1494 1903 1611 1937 abeant
1631 1902 1663 1935 in
1688 1902 1763 1935 lon-

1018 1959 1139 2003 ginqua
1158 1958 1241 1999 loca,
1258 1958 1313 1991 ubi
1330 1967 1397 1991 non
1416 1956 1521 1990 solum
1543 1956 1691 1989 haereses
1706 1955 1765 1987 im-

1018 2023 1106 2057 pune
1136 2017 1334 2056 grassantur,
1367 2011 1435 2052 sed,
1469 2010 1557 2054 quod
1588 2009 1679 2053 peius
1706 2014 1763 2048 est,

1020 2066 1197 2100 catholicae
1216 2064 1383 2108 religionis
1407 2074 1483 2097 usus
1500 2063 1629 2108 publice
1661 2062 1763 2095 inter—

1021 2120 1138 2153 dicitur
1158 2125 1189 2153 et
1206 2118 1414 2163 prohibetur3
1435 2126 1500 2161 quo
1521 2116 1577 2157 fit,
1601 2121 1636 2149 ut
1656 2124 1767 2159 perso-

1020 2183 1081 2206 nae
1107 2172 1150 2206 ibi
1170 2176 1410 2216 permanentes,
1427 2170 1523 2204 etiam
1542 2168 1567 2203 si
1588 2166 1765 2202 catholicae

1021 2221 1102 2262 sint,
1126 2226 1283 2263 cogantur
1304 2226 1410 2254 tamen
1439 2224 1551 2252 contra
1571 2228 1684 2251 eorum
1713 2216 1766 2260 pia

1022 2274 1192 2315 desideria,
1216 2278 1440 2307 sacrosanctae
1460 2272 1575 2305 missae
1593 2269 1764 2308 sacrificio,

1023 2327 1159 2371 aliisque
1181 2326 1297 2360 divinis
1320 2325 1434 2359 officiis
1448 2335 1485 2358 ac
1509 2329 1694 2358 sanctorum
1719 2332 1769 2355 sa-

1023 2385 1264 2413 cramentorum
1303 2378 1538 2423 perceptione,
1567 2377 1598 2409 in
1633 2386 1764 2409 suarum

1023 2433 1206 2466 animarum
1224 2432 1397 2466 discrimen
1412 2458 1419 2471 ‚
1443 2430 1565 2464 diutius
1585 2440 1707 2463 carere.

1068 2488 1084 2529 ἕ
1111 2486 1141 2519 i.
1175 2486 1280 2526 Quare
1300 2496 1377 2526 nOS,
1411 2484 1461 2517 his
1481 2489 1512 2517 et
1532 2483 1602 2516 aliis
1623 2483 1716 2516 malis
1737 2487 1768 2516 et

245 2540 426 2584 specialiter
446 2546 477 2574 et
494 2550 642 2585 expresse
656 2541 861 2583 derogatum,
885 2546 989 2575 caete-
1005 2557 1007 2570 ι
1024 2539 1175 2585 peri-culis
1207 2540 1281 2573 inde
1302 2538 1584 2583 provenientibus,
1611 2542 1767 2581 quantum

245 2593 354 2638 risque
373 2593 544 2627 contrariis
564 2593 834 2638 quibuscumque.

1005 2579 1096 2642 'cum
1115 2593 1252 2627 Domino
1276 2602 1459 2637 possumus,
1487 2591 1616 2624 obviare
1637 2589 1769 2634 cupien-

290 2647 305 2690 ἓ
325 2646 355 2680 9.
380 2647 534 2681 Volumus
554 2653 674 2688 autem,
698 2647 784 2691 quod
805 2653 989 2691 praesentes
1006 2655 1007 2676 t
1025 2654 1087 2686 tos,
1119 2648 1177 2680 liae
1209 2651 1317 2679 nostra
1351 2646 1382 2679 in
1414 2650 1606 2689 perpetuum
1633 2644 1769 2677 valitura

1649 236 1713 270 279
1760 247 1807 272 An.
1825 246 1854 271 c,
1878 245 1944 273 1596

1808 308 1873 329 Fides
1888 310 1945 329 tran-

1760 338 1897 362 sumptorum.

1813 1635 1885 1664 Canza·
1898 1634 1961 1664 huius

1778 1664 1942 1683 constitution-1.

1814 2485 1860 2506 {tali
1876 2490 1917 2505 non
1932 2484 1968 2504 lm-

1783 2513 1852 2534 bitom
1872 2513 1893 2532 in
1917 2512 1969 2531 locis

1784 2539 1890 2565 inquibus
1897 2538 1969 2558 catho-

1784 2567 1838 2587 licae
1847 2565 1895 2585 fidei
1902 2565 1969 2584 cultus

1784 2593 1850 2614 libere
1865 2596 1906 2612 nou
1922 2596 1969 2616 pei·-

1784 2619 1880 2640 mittitur.
