2253 3195
13 241 74 282 ξΛιι.
90 240 121 268 C.
142 239 206 267 1601

47 719 74 741 Et
83 719 203 746 dispositio-

12 746 13 769 ]
23 751 60 768 nes
67 751 127 767 secus
137 746 204 767 nactas

12 781 13 786 ¹
24 775 44 794 ot
57 772 163 794 faciendas
172 773 202 794 in-

11 797 13 808 ¹
24 799 107 820 validat.

837 241 982 265 CLEMENS
1002 242 1059 265 vui
1081 242 1130 265 PP.

220 295 255 322 ut
271 289 466 332 praefertur,
487 301 523 324 ex
543 299 637 324 eausa
663 289 746 323 dotis
768 296 799 322 et
824 290 962 334 disposi-

221 343 344 376 tionum
371 343 455 377 inter
473 344 579 383 vivos,
607 354 643 376 ac
666 343 761 376 etiam
798 343 836 376 ad
866 349 963 376 testa-

220 402 340 438 menta,
363 397 537 438 codicillos,
563 397 679 440 legata,
702 397 964 437 fideicommissa,

220 448 408 484 donationes
426 461 521 484 eausa
540 450 669 491 mortis,
690 456 721 483 et.
746 450 823 483 alias
842 450 966 483 ultimas

219 503 398 536 voluntates
408 503 604 543 huiusmodi,
615 509 650 536 ut
663 504 854 547 praefertur,
869 504 966 536 factas

220 559 250 589 et
261 555 433 595 faciendas,
449 556 641 589 auctoritate
660 556 844 599 apostolica,
856 562 966 589 tenore

220 609 449 651 praesentium,
465 609 665 641 extendimus
690 615 719 641 et
743 610 942 651 ampliamus.

263 661 278 703 g
303 661 335 694 6.
354 662 396 694 Ac
418 662 580 695 neminem
608 673 645 694 ex
677 662 911 695 habitatoribus
936 669 963 696 et

219 714 356 748 subditis
369 715 474 748 Status
493 715 591 748 nostri
610 715 837 755 aeclesiastici,
852 716 962 748 euius-

218 777 355 812 cumque
379 767 433 800 ille
462 767 640 811 dignitatis,
674 769 812 811 gradus,
843 769 965 802 ordinis

217 826 249 854 et
261 821 511 861 conditionisut
528 833 624 865 supra
645 821 766 855 dictum
781 828 841 863 est,
856 823 962 863 suerit,

217 874 256 907 de
280 875 344 908 suis
368 874 460 908 bonis
485 874 653 909 stabilibus
674 881 704 908 et
725 875 793 908 aliis
810 875 961 919 supradi-

216 927 274 960 etis
285 932 395 961 eontra
404 929 539 961 sormam
550 928 788 961 constitutionis
803 928 875 961 dicti
887 928 963 961 Sixti

216 980 522 1023 praedecessoris‚et
540 981 720 1025 praesentis
742 981 965 1014 declarationis

217 1037 249 1066 et
264 1034 456 1067 extensionis
477 1040 617 1074 nostrae,
634 1034 803 1078 disponere
821 1034 964 1077 potuisse

216 1086 254 1119 et‘
266 1096 369 1130 posse,
396 1098 433 1120 ac
451 1086 534 1131 ipsas
555 1087 763 1131 respublicas,
784 1087 966 1120 communi-

216 1145 308 1180 tateS,
330 1140 564 1179 universitates,
583 1140 717 1183 collegia
731 1146 818 1173 extra
839 1140 963 1173 dietum

217 1192 340 1226 Statum
362 1193 621 1226 Ecclesiastieum
639 1193 818 1233 existentia,
845 1199 875 1226 et
899 1204 962 1226 non

216 1242 441 1285 ecclesiastiea,
465 1257 591 1280 necnon
616 1247 777 1290 principes
798 1252 964 1279 extraneos

204 1299 400 1332 'huiusmodi
420 1299 460 1332 ad
481 1299 640 1332 bonorum
651 1298 826 1340 stabitium,
838 1305 869 1333 et
887 1300 965 1333 alio-

216 1362 288 1385 rum
311 1352 569 1397 supradictorum
600 1353 844 1397 acquisitionem
868 1353 964 1387 fuisse

216 1411 248 1438 et
271 1416 339 1438 esse
356 1406 488 1439 omnino
513 1406 681 1446 inhabiles,
704 1406 894 1449 nullumque
915 1406 964 1439 ius

216 1458 278 1492 illis
295 1459 340 1502 (in
365 1469 447 1502 quos
467 1459 552 1492 dieta
572 1459 667 1500 bona,
688 1459 758 1492 iura
782 1465 814 1493 et
831 1459 891 1493 alia
913 1470 964 1493 su-

215 1512 361 1555 pradicta
384 1517 549 1556 praetextu
569 1512 713 1545 eiusdem
742 1512 964 1556 permissionis

214 1566 369 1598 hactenus
381 1566 533 1599 translata
549 1565 691 1606 suerunt,
703 1576 759 1599 seu
777 1566 962 1599 infuturum

215 1619 378 1652 transferri
410 1619 598 1662 contigerit)
624 1619 816 1662 acquisitum
846 1619 959 1660 fuisse,

215 1678 270 1706 aut
294 1672 417 1715 acquiri
433 1683 541 1716 posse,
559 1673 615 1706 sed
629 1672 699 1716 ipsa
715 1672 800 1706 hona
823 1673 961 1713 stabilia,

215 1725 329 1759 iuraet
339 1726 399 1758 alia
416 1726 599 1769 supradicta
617 1727 722 1769 quoad
735 1726 963 1769 dispositiones

215 1777 277 1811 iam
302 1778 413 1819 saetas,
431 1779 470 1811 ad
495 1789 561 1819 eos,
585 1778 624 1811 ad
649 1789 729 1822 quos
754 1779 807 1812 illa
832 1779 871 1812 de
894 1779 963 1812 iure

215 1832 254 1876 (si
278 1831 483 1875 disponentes
508 1833 547 1865 ab
565 1833 714 1866 intestato
739 1832 961 1873 decessissent,

215 1890 246 1918 et
270 1885 495 1929 dispositiones
508 1885 693 1918 huiusmodi
712 1886 812 1918 sactae
830 1885 963 1918 minime

214 1938 363 1982 fuissent)
371 1939 538 1982 pervenire
552 1938 737 1972 debuissent
754 1944 784 1972 et.
794 1939 960 1979 deberent,

215 1997 372 2036 spectasse
392 1997 423 2025 et.
453 1991 667 2036 pertinuisse,
697 2002 732 2025 ae
760 1998 904 2035 spectare
933 1997 964 2026 ct

215 2045 386 2088 pertinere,
410 2050 529 2078 servata
550 2045 582 2078 in
607 2045 738 2089 reliquis
762 2048 864 2079 forma
888 2056 963 2079 con-

215 2098 388 2132 stitutionis
409 2098 551 2131 eiusdem
582 2098 662 2131 Sixti
690 2099 959 2142 praedecessoris,

215 2162 341 2185 necnon
361 2152 573 2185 instrumenta
589 2180 596 2193 ,
631 2158 829 2192 contractUS,
861 2158 959 2185 testa-

215 2211 335 2246 menta,
362 2205 476 2249 legata,
504 2205 689 2245 codicillos,
717 2205 908 2239 donationes
933 2212 960 2239 ct

192 2274 195 2276 ·
215 2257 292 2291 alias
316 2269 537 2302 quascumque
561 2258 788 2303 dispositiones
803 2259 836 2291 in
855 2259 907 2291 illa
932 2264 963 2291 et

215 2311 298 2353 illos,
320 2312 432 2356 quovis
458 2313 561 2353 titulo,
584 2318 620 2345 ut
639 2312 836 2356 praefertur,
865 2312 962 2345 factas

215 2371 246 2399 ct
270 2365 448 2405 faciendas,
476 2366 539 2398 sive
559 2365 654 2399 etiam
680 2364 840 2409 principes
863 2375 958 2407 prae-

215 2418 291 2452 dicti
310 2419 417 2462 aliquo
442 2418 709 2462 consanguinatis
726 2428 780 2451 seu
799 2417 961 2450 affinitatis

214 2469 341 2505 vinculo
355 2471 431 2515 ipsis
441 2471 688 2515 disponentibus
702 2470 863 2504 coniuncti
883 2470 959 2510 sint,

215 2523 279 2558 sive
303 2534 386 2566 non,
416 2530 447 2557 et
472 2524 547 2557 inde
577 2530 710 2567 sequuta
737 2533 961 2567 quaecumque

216 2575 312 2610 fuisse
333 2582 364 2611 et
387 2587 453 2610 esse
478 2577 566 2610 nulla
583 2582 614 2610 et
638 2576 760 2616 nullas,
778 2576 961 2619 nulliusque

216 2630 340 2664 roboris
360 2636 391 2663 et
420 2630 591 2669 momenti,
618 2640 654 2663 ae
690 2630 898 2662 instrumenta
930 2634 961 2661 et

268 2693 346 2720 Bull.
365 2693 444 2721 Rom.
465 2693 523 2720 Vol.
541 2693 568 2719 X.
853 2691 888 2717 90

1000 290 1174 333 scripturas
1210 290 1349 333 desuper
1365 289 1449 322 edita
1477 294 1508 323 et
1531 288 1653 329 editas,
1681 288 1745 320 sive

1000 342 1122 375 edenda
1142 348 1170 375 et
1192 343 1343 383 edendas,
1364 343 1459 376 etiam
1480 342 1661 375 iuramento
1682 341 1746 375 val-

1000 396 1063 429 lata
1087 402 1118 429 et
1137 396 1289 435 vallatas,
1319 395 1466 429 similiter
1496 395 1593 429 fuisse
1625 401 1657 428 et
1677 405 1746 428 esse

1000 449 1087 481 nulla
1104 455 1130 482 et
1160 449 1275 489 nullas,
1297 459 1332 481 ae
1350 448 1469 481 nullius
1489 448 1615 481 roboris
1629 454 1658 481 et
1679 458 1746 481 mo-

1000 502 1110 542 menti,
1134 502 1318 545 nullamque
1335 502 1430 534 tidem
1448 501 1560 535 secisse
1579 506 1610 533 et
1627 501 1743 542 faeere,

999 564 1057 587 nee
1083 565 1119 587 ex
1139 555 1202 587 illis
1222 555 1401 597 audiri,agi
1427 560 1458 588 et.
1475 555 1575 598 excipi
1602 554 1746 598 potuisse

1000 612 1030 639 et
1048 618 1140 650 posse
1158 608 1189 639 in
1210 607 1330 640 iudicio
1356 614 1386 640 et
1411 614 1510 640 extra.
1701 609 1704 612 ”

1045 662 1060 701 Q
1084 660 1112 692 7.
1139 661 1175 693 Et
1207 660 1341 693 ulterius
1368 660 1552 693 tabelliones
1576 660 1744 704 publicos,

1000 724 1035 745 ae
1059 720 1184 747 nostros
1202 719 1232 746 et
1257 714 1348 747 Sedis
1373 714 1568 757 Apostolicac
1592 713 1745 754 notarios,

999 766 1094 799 etiam
1121 778 1157 800 ex
1175 778 1310 800 nurnero
1328 767 1606 811 participantium,
1625 772 1656 800 et
1669 767 1746 800 alios

999 830 1222 864 quoscumque
1239 821 1277 853 de
1294 821 1527 862 instrumentis,
1556 827 1586 854 et
1599 821 1668 854 aliis
1692 821 1747 853 di-

999 874 1227 917 spositionibus
1253 875 1444 918 supradictis
1469 884 1500 907 se
1525 885 1638 918 rogare
1654 901 1661 915 ,
1694 881 1748 908 aut

998 926 1050 959 illa
1062 927 1219 959 conticere
1233 927 1321 960 nullo
1335 928 1430 960 modo
1441 927 1585 970 potuisse
1598 932 1628 960 et
1640 937 1745 971 posse.

998 980 1181 1018 Quinimmo
1208 990 1262 1012 eos
1286 980 1351 1023 ipsa
1379 981 1590 1014 instrumenta
1614 986 1645 1014 et
1664 981 1745 1013 scri—

999 1038 1107 1076 pturas
1134 1033 1195 1065 iam
1216 1033 1297 1066 sacta
1322 1038 1353 1066 et
1385 1034 1505 1073 factas,
1539 1033 1639 1067 teneri
1667 1033 1749 1066 infra

999 1097 1152 1127 mensem,
1171 1097 1188 1118 a
1209 1086 1259 1119 die
1281 1086 1507 1130 publicationis
1530 1086 1747 1131 praesentium

998 1139 1264 1182 computandum,
1288 1139 1381 1173 nobis
1407 1146 1437 1173 et
1465 1140 1552 1180 Sedi,
1572 1151 1608 1173 ac
1632 1140 1748 1174 Came-

998 1202 1051 1224 rae
1072 1192 1277 1235 Apostolicae
1302 1194 1453 1231 revelare,
1479 1198 1510 1226 et
1534 1204 1606 1226 cum
1631 1192 1746 1226 effectu

998 1245 1157 1278 exhibere.
1179 1246 1380 1279 Habitatores
1393 1251 1557 1290 praeterea
1582 1252 1613 1280 et
1637 1247 1746 1281 subdi-

999 1305 1046 1331 tos
1063 1305 1190 1332 nostros
1215 1299 1408 1343 praedictos,
1434 1306 1470 1332 ut
1495 1301 1685 1344 praefertur,
1713 1301 1746 1333 in

997 1352 1140 1385 futurum
1174 1352 1399 1395 disponentes,
1427 1363 1529 1395 poena
1566 1352 1746 1386 amissionis

998 1405 1157 1438 dictorum
1187 1404 1361 1445 bonorum,
1388 1410 1418 1439 et
1442 1406 1578 1439 aliorum
1601 1406 1746 1450 supradi-

999 1463 1135 1497 ctorum,
1147 1458 1191 1490 ita
1208 1458 1294 1501 quod
1308 1458 1404 1491 Sedes
1424 1464 1455 1492 et.
1472 1459 1600 1492 Camera
1610 1459 1743 1503 Aposto—

997 1511 1058 1543 lica
1081 1522 1118 1544 eo
1142 1511 1211 1555 ipso
1229 1511 1329 1555 possit
1342 1512 1394 1544 illa
1412 1512 1540 1555 propria
1558 1512 1746 1546 auctoritate

997 1574 1127 1606 capere,
1154 1571 1185 1597 et
1203 1575 1300 1608 penes
1324 1576 1358 1597 se
1383 1565 1538 1605 renitere,
1570 1564 1747 1599 viventibus

998 1617 1039 1649 ita
1070 1617 1338 1661 disponentibus,
1375 1618 1450 1662 ipsis
1482 1629 1556 1652 vero
1589 1618 1747 1652 defunctis

1651 230 1715 263 713
1760 239 1809 266 An.
1826 238 1855 267 C.
1876 240 1940 267 1601

1777 670 1859 692 Poenas
1873 671 1946 692 inobe-

1762 697 1869 718 dientibus
1886 700 1947 718 nota-

1761 725 1841 750 viisque
1870 724 1946 744 instru-

1761 753 1831 771 menta
1853 751 1946 775 roganti-

1762 778 1800 798 bus
1815 777 1910 802 imponit,

998 1670 1108 1704 eadem
1125 1672 1221 1711 bona,
1240 1676 1270 1704 et
1288 1672 1348 1704 alia
1363 1671 1558 1715 supradicta,
1575 1671 1613 1705 de
1628 1671 1745 1714 quibus
1793 1681 1797 1686 ·

999 1724 1188 1768 dispositum
1213 1724 1309 1758 suerit.
1325 1753 1332 1766 ,
1374 1725 1413 1758 ad
1439 1735 1505 1765 eos,
1536 1725 1574 1757 ad
1600 1736 1681 1768 quos
1707 1725 1745 1758 de

998 1778 1067 1811 iure
1086 1778 1124 1821 (si
1146 1778 1351 1821 disponentes
1369 1778 1408 1811 ab
1429 1779 1577 1812 intestato
1595 1777 1746 1811 decessis-

998 1837 1087 1871 sent,
1114 1833 1161 1865 vel
1188 1831 1413 1875 dispositiones
1438 1831 1621 1865 huiusmodi
1646 1832 1746 1864 saetae

998 1895 1061 1917 non
1087 1885 1247 1927 fuissent)⁷
1267 1884 1433 1928 pervenire
1452 1884 1585 1924 debent,
1612 1883 1744 1917 omnino

997 1937 1197 1981 perveniant.
1220 1938 1422 1971 Tabelliones
1451 1948 1525 1971 vero
1549 1943 1580 1970 et
1603 1938 1744 1970 notarios

998 1990 1092 2023 ctiam
1110 2002 1147 2024 ex
1168 2001 1304 2024 numero
1325 1990 1599 2034 participantium,
1620 1995 1650 2022 et
1667 1990 1744 2023 alios

998 2055 1219 2088 quoscumque
1245 2045 1444 2088 praedictos,
1478 2044 1689 2076 instrumenta
1715 2048 1746 2076 et

997 2099 1170 2143 scripturas
1198 2099 1384 2132 huiusmodi
1420 2098 1645 2138 conficientes,
1688 2108 1743 2131 seu

998 2151 1060 2184 iam
1086 2153 1164 2185 saeta
1186 2158 1216 2185 et
1248 2152 1364 2192 saetas,
1391 2157 1426 2184 ut
1446 2151 1646 2194 praefertur,
1679 2160 1746 2184 non

997 2204 1172 2238 revelantes
1194 2210 1224 2238 et
1245 2204 1446 2245 exhibentes,
1459 2213 1596 2247 poenam
1616 2213 1746 2247 quoque

997 2258 1077 2294 salsi,
1112 2268 1148 2291 ae
1170 2257 1356 2300 privationis
1377 2257 1601 2290 tabellionatus
1627 2262 1657 2289 et
1682 2267 1745 2290 no-

996 2310 1139 2351 tariatus,
1162 2311 1256 2343 etiam
1274 2322 1311 2344 ex
1325 2321 1462 2344 numero
1482 2310 1745 2354 participantium

997 2362 1200 2404 huiusmodi,
1228 2368 1258 2395 et
1286 2363 1419 2397 aliorum
1442 2363 1641 2403 officiorum,
1665 2373 1746 2407 quae

996 2416 1152 2455 obtinent,
1173 2427 1208 2449 ae
1227 2422 1399 2459 perpetuae
1414 2415 1620 2449 inhabilitatis
1641 2416 1678 2449 ad
1694 2417 1746 2450 illa

995 2474 1026 2502 et
1046 2470 1105 2502 alia
1125 2470 1313 2509 exercenda,
1342 2481 1379 2503 eo
1402 2470 1470 2513 ipso
1492 2469 1657 2503 incurrere
1683 2470 1745 2504 de-

997 2522 1170 2555 cernimus.

1040 2576 1054 2617 Q
1072 2575 1102 2608 8.
1123 2575 1289 2610 Caeterum
1309 2576 1744 2621 declaramusdispositiones

996 2633 1058 2661 tam
1084 2630 1195 2669 saetas,
1218 2640 1312 2673 <ptam
1345 2639 1402 2673 pro
1438 2634 1581 2673 tempore
1620 2630 1741 2664 sacien-

1787 2595 1811 2615 1ῗῖ
1828 2595 1880 2615 sixti
1896 2601 1944 2616 ren·

1759 2623 1889 2642 stitutionem
1905 2623 1944 2642 clr-

1760 2655 1784 2669 ca
1799 2649 1944 2670 haereditates
