2253 3195
73 250 123 276 An.
140 249 171 276 C.
190 249 257 277 1597

85 1467 128 1487 Sub
140 1468 213 1497 poenis
221 1467 257 1487 hie

71 1498 181 1519 expressw.

888 248 1033 272 CLEMENS
1053 248 1111 272 VIII
1131 248 1180 271 PP.

1696 237 1759 270 5³99

270 296 393 330 iuribus
406 296 574 329 ducalibus
588 296 709 339 aliquid
723 296 847 328 solvant
860 296 908 328 vel
922 306 1013 339 prae-
1048 295 1213 328 incurrant
1237 306 1274 329 eo
1296 296 1364 339 ipso
1378 322 1385 333 ,
1409 306 1426 328 a
1457 306 1536 338 qua,
1561 301 1787 339 praeterquam

269 355 371 386 stent:
403 351 457 383 sed
485 350 540 393 qui
561 349 653 382 nobis
673 355 704 382 ct
723 350 886 382 Romanae
907 349 1014 382 Eccle-

269 403 351 441 siae,
374 402 514 446 Sedique
539 408 570 435 et
600 402 752 435 Gamerae
777 402 960 446 praedictae
982 401 1013 434 in

271 455 502 499 temporalibus
519 455 654 487 subiecti
675 461 758 491 sunt,
783 465 840 487 nos
861 460 891 486 et
912 454 1011 497 ipsam

269 509 448 542 Romanam
480 509 654 542 Ecclesiam
686 509 867 551 Sedemquc
896 513 926 540 et
957 508 1013 540 Ca-

271 572 393 594 meram
414 563 613 606 praedictam
636 561 874 598 tantummodo,
899 571 935 593 ac
955 570 1013 603 pro

270 620 415 658 tempore
429 615 614 648 existentem
629 615 810 648 Romanum
825 613 1012 647 Pontificem

271 668 493 701 immediatum
515 668 683 701 dominum
702 674 733 700 et
752 667 966 711 superiorem,
981 672 1013 699 ut

271 727 421 754 tenentur
441 727 615 763 agnoscant
642 727 672 754 ct
698 726 922 757 revereantur,
950 730 1011 752 no-

270 773 382 817 bisque
403 779 434 807 et
453 774 557 807 eidem
580 773 903 817 Eeclesiae‚Sediq11e
917 773 1014 806 etCa-

270 836 379 859 merae
399 827 583 870 praedictae
603 827 642 859 de
663 826 891 859 emolumentis
911 837 948 859 ac
969 826 1015 858 iu-

271 879 359 912 ribus
378 880 551 923 praedictis
569 880 703 913 omnino
716 880 943 923 respondeant.
956 879 1014 918 Qui

270 943 345 966 vero
359 934 512 974 ecclesiis,
527 934 576 967 vel
596 934 666 966 aliis
685 934 820 967 subiecti
838 939 922 974 sunt,
939 933 1015 976 ipsis

271 987 435 1027 ecclesiis,
468 987 516 1020 vel
548 998 659 1021 eorum
693 987 832 1020 dominis
861 986 1011 1027 directis,

271 1039 340 1072 iura
360 1046 392 1073 et
411 1040 630 1073 emolumenta
650 1040 757 1073 debita
777 1040 972 1083 persolvant,
985 1044 1016 1072 et

270 1092 331 1125 nisi
350 1092 464 1126 Caesar
493 1099 523 1126 et
552 1093 605 1126 alii
633 1093 747 1136 privati
772 1092 948 1136 supradicti
978 1102 1014 1124 ex

271 1145 347 1188 ipsis
372 1145 572 1186 civitatibus,
596 1146 711 1183 terris,
736 1145 848 1178 castris
875 1151 903 1178 et
936 1145 1015 1177 locis

270 1199 443 1241 praedictis
468 1199 693 1240 discesserint,
717 1209 772 1232 cos
802 1198 1016 1243 personaliter

270 1251 416 1285 detentos
435 1258 466 1285 et
485 1259 594 1297 captos
623 1253 664 1286 ad
690 1263 748 1286 nos
776 1252 1011 1293 transmittant,

269 1306 319 1338 vet
331 1306 444 1339 saltem
458 1317 494 1339 ex
508 1306 630 1339 eisdem
648 1306 726 1339 locis
739 1306 767 1339 vi
789 1312 885 1350 atque
902 1306 1011 1343 armis,

270 1359 326 1392 ubi
357 1370 438 1404 opus
468 1360 585 1400 fuerit,
609 1359 735 1393 eiiciant
769 1366 800 1393 et
829 1360 1010 1404 expellant,

271 1413 427 1457 alioquin,
451 1413 547 1457 lapsis
567 1413 740 1447 duodecim
761 1414 875 1447 diebus
901 1414 1013 1447 huius-

271 1466 372 1507 modi,
395 1467 481 1499 ultra
501 1466 679 1507 Caesarem,
697 1466 793 1499 etiam
806 1466 886 1499 alios
903 1477 1015 1510 supra-

272 1519 374 1552 dictos
383 1519 534 1563 privatos
549 1524 580 1553 et
590 1520 669 1553 alios
682 1530 904 1564 quoscumque
914 1520 1015 1563 ipsius

271 1572 412 1606 Caesaris
437 1574 599 1614 fautores,
635 1573 835 1606 consultores
850 1600 857 1613 ,
890 1573 1012 1606 adhae-

272 1632 393 1666 rentes,
427 1632 667 1667 conversantes,
699 1627 872 1670 complices
907 1632 937 1659 et
960 1637 1012 1660 se-

272 1688 401 1722 quaces,
419 1680 641 1724 etquemlibet
661 1690 786 1720 eorum,
809 1690 846 1713 ac
866 1679 891 1712 si
911 1679 1017 1713 nomi-

271 1733 372 1765 natim
385 1733 503 1775 singuli
515 1733 738 1777 praesentibus
747 1738 852 1766 essent
862 1733 1013 1776 expressi,

271 1796 398 1819 necnon
426 1786 604 1829 singulares
631 1797 761 1830 quoque
781 1797 935 1830 personas
964 1786 1014 1819 di-

272 1845 395 1872 ctarum
416 1840 685 1873 communitatum
707 1847 737 1873 et
758 1840 1014 1881 universitatum,

271 1904 308 1926 ac
333 1893 461 1926 illarum
486 1893 625 1934 incolas,
653 1893 850 1927 habitatores
880 1900 911 1928 et
938 1894 1018 1927 alios

271 1946 473 1990 supradictos
498 1947 681 1987 universos,
709 1947 764 1990 qui
795 1948 1018 1991 praesentibus

272 2000 389 2033 nostris
419 2000 639 2044 requisitioni,
667 2000 837 2034 monitioni
867 2007 898 2034 et
922 2012 1015 2034 man-

272 2054 346 2087 dato
367 2054 500 2087 minime
523 2054 704 2098 paruerint,
731 2060 786 2088 aut
812 2065 852 2088 ne
877 2055 940 2088 illis
964 2066 1019 2099 pa-

273 2112 392 2147 reatur,
421 2117 477 2140 seu
503 2112 539 2139 ut
566 2107 672 2151 pareri
698 2107 881 2149 differatur,
905 2118 1019 2141 consu-

272 2160 405 2201 luerint,
430 2160 604 2201 suaserint,
627 2161 775 2202 fecerint,
797 2161 950 2202 dixerint,
970 2162 1018 2195 vel

272 2213 529 2257 procuraverint,
549 2224 606 2247 seu
627 2213 705 2246 alias
726 2213 846 2247 directe
863 2215 912 2248 vel
930 2214 1016 2247 indi-

273 2272 371 2307 recte,
398 2267 492 2299 tacite
513 2267 561 2299 vel
584 2277 742 2310 expresse,
766 2267 1018 2310 praemissorum

273 2320 522 2363 exequutionem
554 2320 797 2363 impediverint,
830 2320 878 2353 vel
908 2321 1020 2364 quovis

273 2373 370 2405 modo
396 2373 428 2406 in
455 2373 516 2406 hoc
546 2373 723 2417 culpabiles
748 2373 884 2414 fuerint,
908 2383 1020 2417 supra-

273 2425 391 2458 dictam
418 2426 760 2460 excommunicationis
788 2426 921 2459 maioris
947 2437 1019 2459 sen-

274 2480 428 2521 tentiam,
456 2481 559 2523 'quam
593 2481 631 2513 de
660 2480 850 2513 eorumdem
884 2480 1018 2513 fratrum

273 2534 410 2567 consilio
435 2533 556 2577 pariter
569 2539 600 2566 et
616 2544 758 2574 assensu,
776 2544 812 2566 ex
826 2544 911 2566 nunc
924 2539 1020 2577 prout

273 2599 310 2621 ex
332 2594 419 2628 tunc,
444 2593 474 2620 et
497 2598 514 2620 e
535 2592 657 2628 contra,
683 2588 715 2619 in
741 2587 811 2620 illos
832 2592 862 2619 et
883 2587 1020 2631 quemli-

268 2641 327 2690 ⁸bet
346 2651 457 2675 eorum
480 2641 511 2673 in
537 2640 586 2674 his
612 2640 738 2685 scriptis
759 2640 1015 2684 promulgamus,

1047 348 1078 380 in
1109 348 1221 381 mortis
1252 348 1388 381 articulo
1421 348 1569 381 similiter
1600 348 1786 385 constituti,

1047 401 1107 434 nisi
1127 412 1145 434 a
1163 402 1255 435 nobis
1275 403 1321 435 vel
1344 413 1362 435 a
1381 403 1526 436 Romano
1546 401 1702 435 Pontitice
1730 412 1790 445 pro

1049 461 1194 498 tempore
1224 456 1378 489 existente
1405 456 1524 495 <etiam
1558 456 1790 499 cuiuscumque

1049 507 1173 545 indulti,
1188 508 1346 552 privilegii
1366 509 1412 541 vel
1432 509 1592 542 facultatis
1610 509 1791 552 cuivisper-

1048 571 1156 601 sonae,
1172 567 1207 594 ut
1226 572 1323 605 supra
1344 562 1464 595 dictum
1487 567 1543 602 est,
1568 572 1625 606 pro
1648 568 1791 606 tempore

1049 626 1220 649 concessae
1240 616 1420 659 praetextu)
1438 617 1586 658 gratiam,
1614 617 1663 649 vel
1693 616 1789 649 abso-

1049 668 1180 701 lutionis
1204 668 1399 701 beneficium
1432 674 1595 712 nequeant
1622 668 1789 707 obtinere,

1050 721 1130 754 itaut
1158 721 1283 765 siquem
1312 732 1424 755 eorum
1457 722 1487 754 in
1521 722 1632 755 mortis
1656 722 1793 755 articulo

1049 774 1260 807 constitutum
1281 775 1400 808 absolvi
1422 775 1607 818 contingat,
1631 775 1685 818 qui
1707 780 1793 819 post-

1050 829 1182 861 modum
1207 828 1407 861 convaluerit
1427 828 1458 860 in
1488 829 1635 861 eamdem
1664 839 1793 862 excom—

1050 880 1276 913 municationis
1307 881 1498 914 sententiam
1535 892 1645 914 rursus
1676 882 1795 915 incidat.

1049 940 1080 967 et
1099 934 1263 968 relabatur
1282 944 1320 967 eo
1346 934 1437 978 ipso,
1461 934 1520 967 nisi
1547 941 1619 978 post
1647 935 1794 968 convale-

1048 987 1215 1028 scentiam,
1239 987 1453 1031 requisitioni,
1471 988 1642 1021 monitioni
1656 993 1688 1021 et
1705 998 1794 1021 man-

1049 1041 1124 1074 dato
1152 1041 1269 1074 nostris
1297 1041 1469 1084 praedictis
1490 1042 1633 1085 paruerit
1653 1053 1726 1075 cum
1748 1043 1794 1075 ef—

1050 1094 1146 1127 fectu.

1094 1149 1110 1189 g
1136 1147 1189 1180 ta.
1213 1148 1250 1180 Et
1269 1147 1295 1180 si
1316 1148 1444 1188 Caesar,
1469 1159 1527 1191 per
1547 1153 1611 1181 tres
1632 1148 1699 1181 dies
1723 1154 1796 1192 post

1048 1201 1300 1244 publicationem
1322 1202 1557 1245 praesentium,
1578 1202 1694 1235 caeteri
1719 1213 1794 1235 vero

1050 1254 1162 1287 moniti
1186 1259 1217 1286 et
1243 1254 1511 1287 excommunicati
1534 1254 1709 1298 praedicti,
1737 1266 1796 1298 per

1049 1307 1128 1340 alios
1149 1307 1245 1340 etiam
1264 1312 1328 1340 tres
1352 1307 1420 1340 dies
1439 1313 1512 1350 post
1540 1308 1665 1352 lapsum
1695 1308 1796 1341 dicto-

1049 1370 1120 1392 rum
1150 1359 1321 1393 duodecim
1351 1360 1476 1393 dierum
1505 1360 1549 1393 eis
1576 1361 1795 1404 praefixorum

1049 1412 1235 1446 immediate
1263 1418 1447 1456 sequenteS,
1471 1413 1647 1456 respective
1668 1424 1797 1447 excom-

1050 1466 1275 1500 municationis
1314 1467 1506 1500 sententiam
1544 1467 1654 1500 animo
1688 1468 1796 1510 (quod

1049 1520 1145 1563 absit)
1166 1520 1376 1553 sustinuerint
1394 1520 1545 1553 indurato
1561 1547 1568 1561 ‚
1592 1530 1650 1553 nos
1670 1526 1798 1554 senten-

1050 1573 1126 1606 tiam
1141 1573 1242 1617 ipsam
1257 1584 1479 1616 aggravamus,
1495 1584 1531 1606 ac
1549 1584 1585 1606 ex
1598 1584 1685 1606 nunc
1702 1579 1799 1617 prout

1050 1638 1087 1660 ex
1107 1632 1200 1667 tunc,
1224 1627 1379 1668 civitates,
1405 1632 1516 1667 terras,
1541 1632 1655 1667 castra,
1679 1627 1799 1670 oppida

1051 1686 1082 1714 et
1102 1681 1172 1713 loca
1193 1680 1388 1724 supradicta,
1410 1690 1587 1723 omnesque
1608 1685 1639 1713 et
1658 1680 1799 1721 singulas

1052 1734 1084 1766 in
1110 1733 1170 1766 illis
1191 1733 1361 1766 existentes
1382 1733 1552 1772 ecclesias,
1577 1732 1773 1766 monasteria
1789 1759 1796 1771 ‚

1052 1787 1204 1828 oratoria,
1229 1787 1367 1830 capellas
1384 1797 1420 1819 ac
1440 1786 1590 1829 religiosa
1610 1791 1640 1819 et
1660 1786 1712 1830 pia
1729 1786 1798 1819 loca

1052 1851 1288 1884 quaecumque,
1303 1840 1342 1872 de
1363 1840 1553 1873 eorumdem
1576 1840 1708 1872 fratrum
1724 1850 1799 1872 con-

1052 1894 1124 1927 silio
1144 1893 1293 1926 similiter
1317 1899 1348 1926 et
1372 1903 1523 1934 assensu,
1547 1893 1713 1937 praedicta
1744 1904 1799 1926 au—

1053 1947 1219 1986 ctoritate,
1243 1946 1461 1980 ecclesiastico
1481 1947 1672 1980 subiicimus
1700 1946 1798 1979 inter—

1054 2001 1151 2041 dicto,
1169 2001 1258 2040 itaut,
1276 2000 1331 2033 illo
1352 2000 1500 2040 durante,
1525 2000 1556 2032 in
1578 1999 1639 2033 illis
1659 2010 1718 2033 nec
1739 2010 1798 2043 pu-

1053 2054 1135 2087 blice
1161 2064 1220 2086 nec
1240 2053 1390 2097 privatim
1421 2053 1591 2086 missarum
1621 2052 1796 2090 solemnia,

1054 2108 1181 2151 aliaque
1202 2107 1310 2140 divina
1330 2107 1435 2140 officia
1465 2107 1685 2147 celebrentur,
1709 2117 1800 2150 prae-

1054 2167 1202 2205 terquam
1223 2161 1255 2193 in
1277 2161 1404 2194 casibus
1424 2171 1443 2194 a
1462 2160 1531 2194 iure
1558 2160 1723 2204 permissis
1738 2187 1745 2200 ,
1769 2165 1801 2192 et

1055 2214 1087 2246 in
1108 2214 1169 2247 illis
1189 2214 1286 2247 etiam
1307 2225 1372 2248 non
1392 2214 1452 2247 nisi
1478 2213 1581 2246 ianuis
1606 2213 1739 2254 clausis,
1764 2223 1801 2245 ac

1054 2268 1342 2301 excommunicatis
1361 2273 1392 2300 et
1409 2267 1587 2300 interdictis
1603 2277 1736 2310 prorsus
1750 2276 1801 2299 ex—

1055 2320 1150 2353 clusis
1165 2347 1172 2361 ,
1196 2320 1290 2354 etiam
1324 2326 1490 2364 praetextu
1516 2330 1797 2363 quarumcumque

1055 2374 1311 2415 concessionum,
1335 2374 1578 2418 privilegiorum
1604 2384 1641 2406 ac
1661 2373 1802 2406 indulto-

1054 2438 1126 2459 rum
1145 2427 1409 2470 apostolicorum‚
1427 2427 1685 2470 quilmscumque
1707 2437 1799 2470 prae-

1046 2480 1135 2521 latis,
1160 2486 1215 2513 aut
1235 2480 1305 2513 aliis
1326 2480 1472 2524 personis
1493 2480 1716 2513 ecclesiasticis
1738 2485 1801 2513 tam

1054 2533 1283 2571 saecularibus,
1305 2544 1401 2577 quam
1421 2534 1608 2577 quorumvis
1628 2533 1797 2575 Ordinum,

1054 2587 1150 2620 etiam
1171 2587 1434 2627 Meudieantium,
1451 2592 1506 2620 aut
1517 2587 1738 2620 Institutorum
1752 2598 1801 2621 re-

1054 2640 1230 2683 gularibus,
1255 2645 1285 2673 et
1303 2639 1448 2684 ipsismet
1465 2639 1658 2684 civitatibus,
1683 2640 1797 2685 terris,

1807 245 1855 272 An.
1872 246 1902 272 C.
1920 244 1987 272 1597

1838 1152 1876 1175 Qui

1810 1180 1869 1198 sacto
1893 1181 1996 1203 termino,

1810 1207 1996 1226 contum-acessus·-

1810 1231 1864 1255 rint,
1886 1232 1996 1253 Ecclesiae

1811 1263 1882 1278 omnes
1901 1259 1995 1279 eiusdem

1811 1285 1901 1305 ducatus
1930 1287 1996 1306 ecete-

1811 1311 1899 1331 sinatis-0
1910 1311 1996 1332 interdi-

1812 1339 1845 1356 rto
1876 1344 1996 1363 -zuppnnuu-

1812 1365 1852 1383 tur.

1892 1152 1923 1176 si,
1940 1155 1995 1174 tran-
