2253 3195
255 247 305 273 Αη.
321 247 351 273 C.
371 247 438 274 1602

278 1164 389 1183 Ctausulae
405 1169 443 1189 pro

258 1194 361 1216 perpetua
370 1191 443 1211 boi-nm

257 1218 405 1238 mandaterum
412 1218 443 1238 fir-

258 1246 338 1265 mitatc.

306 2616 341 2634 t·-
351 2622 398 2640 Ὶιιιι-

299 2651 315 2659 i¹⁴
331 2646 379 2659 ΡΙΙῨΙ1
406 2654 408 2658 ψ

466 237 547 271 ’810

457 307 515 340 pro
536 302 603 329 rata
633 295 742 329 debita
767 294 891 337 integre
917 294 1127 334 satisfactum,
1151 295 1200 328 vel

457 361 529 383 euin
552 350 723 383 collectore
749 355 779 381 et
800 347 1008 381 distributore
1027 348 1201 392 praedictis

457 402 671 436 amicabiliter
697 401 929 435 comfordatum
965 401 1080 442 suerit,
1102 412 1198 445 prae-

459 463 604 500 terquam
635 456 666 488 in
699 456 813 489 mortis
838 456 975 489 articulo
1011 455 1198 496 constituti,

457 516 619 553 nequeant
639 509 796 543 obtinere.
814 509 846 543 Si
869 520 943 542 vero
963 520 1022 553 per
1039 520 1091 542 sex
1113 520 1202 542 men-

457 575 506 596 ses
527 574 543 595 a
565 563 616 596 die
637 563 808 596 solutionis
826 563 993 597 faciendae
1011 569 1203 608 computan-

458 618 526 657 dos,
550 617 609 649 sub
634 617 822 650 huiusmodi
857 617 1051 658 interdicto,
1079 617 1199 658 animo,

458 671 544 715 quod
565 671 657 708 absit,
685 671 923 714 permanserint
946 671 1114 712 indurato,
1146 682 1202 704 seu

458 724 649 758 sententiam
687 725 787 769 ipsam
818 725 967 759 similiter
993 725 1204 759 sustinuerint

459 791 495 812 ex
517 786 592 812 tunc
613 778 736 813 effluxis
756 779 922 813 mensibus
944 779 1065 813 eisdem
1083 807 1089 820 ,
1114 791 1130 812 a
1153 790 1203 813 re-

458 832 578 874 gimine
600 839 632 865 et
655 832 937 866 administratione
964 833 1068 866 dietae
1095 833 1200 865 ecele-

458 887 522 920 siae
541 886 744 920 Dertusensis
769 898 966 931 suspensus,
990 898 1027 920 ac
1047 887 1102 919 alii
1130 886 1202 920 reli-

459 940 529 984 quis
550 940 784 983 dignitatibus,
808 940 1053 984 praeposituris,
1082 940 1204 974 benefi-

459 993 515 1025 eiis
535 993 742 1027 inferioribus
762 999 922 1038 perpetuo
938 993 1050 1038 privati
1071 994 1204 1027 existant

460 1057 498 1080 eo
520 1047 599 1091 ipso.

504 1102 518 1145 ἓ
540 1100 569 1133 7.
597 1102 812 1135 Decernentes
830 1101 925 1134 etiam
949 1107 1134 1145 praesentes
1155 1101 1206 1134 lit-

461 1161 543 1187 teras
575 1155 640 1187 ullo
662 1166 816 1200 umquam
852 1162 997 1200 tempore
1030 1156 1068 1188 de
1093 1155 1205 1188 subre-

460 1208 579 1252 ptionis
608 1209 654 1241 rel
676 1209 878 1253 obreptionis
898 1209 975 1242 vitio
995 1237 1001 1250 ‚
1029 1215 1081 1242 aut
1105 1209 1207 1242 inten-

462 1262 556 1295 tionis
577 1268 717 1304 nostrae,
741 1270 796 1296 aut
820 1263 973 1307 quopiam
997 1263 1060 1296 alio
1082 1263 1206 1297 defectu

461 1316 578 1357 notari,
604 1315 785 1360 impugnari
809 1317 856 1350 vel
878 1315 1056 1357 inralidari,
1080 1322 1133 1350 aut
1148 1317 1206 1349 sub

461 1370 628 1414 quibusvis
654 1370 809 1403 similium
832 1371 879 1403 vel
901 1370 1106 1403 dissimilium
1128 1382 1203 1412 gra-

463 1424 578 1457 tiarum
603 1423 873 1466 revocationibus,
897 1424 1163 1469 suspensionibus
1178 1430 1207 1458 et

462 1478 712 1511 lin‘iitationibus
750 1478 983 1522 comprebeiuli
1024 1479 1208 1513 nullatenus

463 1543 571 1575 posse:
595 1533 661 1573 sed,
688 1532 748 1565 illis
767 1543 830 1565 nnn
857 1533 1071 1573 obstantibus,
1094 1533 1123 1565 in
1148 1544 1206 1566 suo

463 1586 580 1619 robore
602 1592 629 1618 et
657 1586 799 1619 ellicaeia
822 1586 1004 1630 persistere,
1029 1592 1057 1620 et
1079 1587 1207 1630 quoties

463 1640 534 1672 illae
553 1640 763 1681 emanabant,
788 1640 881 1673 toties
903 1640 933 1673 in
955 1640 1127 1684 pristmum
1143 1646 1206 1673 sta—

463 1700 527 1725 tnni
551 1693 724 1733 restitutas,
751 1693 1092 1738 i·epositas,*plenai·ie
1117 1694 1203 1727 rein-

462 1753 599 1789 tegrata>
631 1747 788 1787 existere,
817 1758 956 1791 suosque.
983 1748 1145 1791 plenarios
1176 1755 1204 1781 et

464 1801 604 1843 integros
628 1801 760 1834 effeetus
780 1801 911 1839 sortiri,
936 1813 973 1834 ae
1004 1801 1032 1833 in
1055 1801 1207 1835 omnibus

464 1856 643 1889 rsa-toribus
664 1857 854 1889 earumdem
874 1856 1122 1900 parochialium,
1143 1862 1205 1889 tam

464 1922 567 1954 nuper
595 1922 652 1954 per
679 1916 883 1954 praesentes,
912 1921 1007 1953 quain
1031 1910 1109 1943 alias
1131 1921 1204 1944 ere-

464 1970 610 2001 etaruni‚
640 1963 809 2003 suflragfgari
840 1963 976 1997 debere:
1010 1963 1119 2007 sieque
1152 1975 1209 2007 per

464 2029 685 2062 ‹ptoseiinnpie
706 2017 826 2049 iudiees
848 2023 877 2049 et
899 2017 1150 2057 commissarios,
1172 2028 1207 2049 ae

464 2084 632 2105 eausarum
647 2072 756 2105 l‘alatii
773 2071 945 2116 apostolici
960 2072 1134 2112 auditores,
1151 2081 1208 2104 nee,

465 2138 527 2159 non
560 2128 694 2160 ¹<anctae
721 2127 883 2159 llonianae
917 2125 1075 2159 l·I‹·elesiae
1102 2125 1207 2158 vai-‹ti-

465 2182 563 2218 nab-s,
584 2181 709 2213 sublata
735 2180 779 2213 eis
800 2186 830 2213 et
850 2173 962 2212 eorum
982 2179 1206 2222 ettililn··tqna-

465 2235 508 2266 xi>
530 2234 622 2267 aliter
656 2234 818 2267 iudicandi
844 2241 871 2266 et
897 2233 1128 2277 interpretamli
1163 2233 1208 2266 sa-

465 2290 580 2321 eultate
602 2295 628 2320 et
653 2288 855 2325 :metm-itate,
881 2287 1014 2320 hulieni-i
1030 2293 1056 2320 et
1081 2287 1207 2320 deliniri

465 2343 603 2382 ‹lebet-e,
638 2353 672 2374 ae
707 2342 832 2374 irritum
867 2347 898 2375 et
923 2341 1022 2375 inane
1051 2341 1208 2385 quidquid

465 2409 555 2428 ses-us⁴
578 2408 674 2439 super
689 2396 735 2428 bis
751 2408 767 2428 a
785 2407 962 2440 quoquam,
976 2395 1086 2439 (piaris
1100 2401 1210 2428 aueto-

466 2451 567 2486 ritate„
592 2450 729 2483 >etenim-
751 2450 796 2481 vet
821 2449 1020 2492 ignoranter,
1038 2448 1207 2491 eontigerit

467 2504 627 2535 attentari.

512 2559 526 2598 ζ
549 2560 577 2588 N.
614 2557 769 2595 Quian-iren
793 2555 1030 2589 venerabilibus
1059 2554 1211 2588 fratribus

420 2623 440 2658 2ss.
468 2611 713 2654 airliieprenpm
748 2611 962 2643 vatentinensi
991 2616 1019 2642 et
1058 2609 1210 2653 episeopo

466 2664 643 2700 ‘tenth-nsi,
669 2675 702 2696 av
734 2664 806 2694 dile«
822 2670 851 2694 to
874 2664 939 2695 lilio
961 2674 1130 2694 cannarum
1152 2663 1208 2693 ‹111-

1039 245 1224 270 BULLARIUM
1242 245 1398 270 ROMANUM

1235 294 1301 328 riae
1322 294 1474 328 Gamerae
1491 292 1695 337 Apostolieae
1722 293 1864 336 generali
1885 293 1977 326 audi-

1236 348 1296 380 tori
1311 358 1369 391 per
1388 353 1574 391 praesentes
1594 346 1826 380 committimus
1840 352 1871 379 et
1888 357 1978 379 man-

1236 402 1361 442 damus,
1385 407 1543 445 quatenus
1564 400 1635 445 ipsi,
1659 401 1709 434 vel
1723 401 1799 441 duo,
1824 406 1978 434 :tutunus

1236 466 1349 488 eorum
1381 466 1439 499 per
1459 465 1504 495 se,
1524 455 1572 488 vel
1597 454 1708 495 alium,
1732 465 1789 487 seu
1810 454 1900 494 alios,
1924 453 1980 487 ubi

1237 515 1267 542 et
1283 509 1414 553 quando
1427 519 1508 553 opus
1523 508 1629 548 suerit,
1641 507 1806 552 etquoties
1817 518 1875 552 pro
1889 513 1981 551 parte

1237 563 1418 596 collectoris
1439 569 1469 596 et
1497 562 1714 596 distributoris
1735 561 1978 606 praedictorum

1237 628 1296 661 pro
1318 623 1462 660 tempore
1481 615 1698 656 existentium,
1715 615 1780 648 sive
1794 615 1982 649 earumdem

1238 670 1447 704 eeclesiarum
1469 667 1785 703 novitererectaruin
1804 673 1979 709 rectorum,

1238 730 1292 757 aut.
1312 723 1448 757 alicuius
1469 734 1583 756 eorum
1607 723 1725 756 suerint
1757 722 1916 766 requisiti,
1940 722 1984 755 sa-

1239 777 1335 818 ciant,
1352 777 1464 810 eadem
1492 777 1693 817 auctoritate,
1709 775 1984 821 praedictaslitte-

1242 843 1292 865 ras
1322 837 1351 865 et
1383 831 1413 864 in
1446 831 1490 864 eis
1511 836 1663 877 content—a
1690 841 1916 874 quaecumque
1943 829 1982 863 ab

1240 885 1402 923 omnibus,
1424 895 1505 928 quos
1523 884 1578 917 illa
1590 889 1789 917 concernunt
1803 889 1834 917 et
1853 893 1985 917 concer-

1240 945 1313 972 nent
1338 938 1537 978 infuturum,
1559 937 1787 971 inviolabiliter
1806 937 1980 971 observari.

1239 993 1308 1026 Non
1330 992 1554 1036 permittentes
1575 1002 1629 1025 eos
1649 997 1703 1025 aut
1723 1002 1837 1024 eorum
1859 991 1985 1035 aliquos

1240 1047 1381 1090 desuper
1401 1056 1419 1078 a
1439 1056 1647 1090 quocumque
1669 1044 1916 1089 quomodolibet
1938 1044 1982 1078 in-

1241 1100 1348 1133 debite
1370 1099 1545 1133 molestari:
1568 1109 1694 1132 necnon
1712 1109 1872 1132 summam
1893 1110 1986 1143 pecu-

1242 1154 1369 1188 niarum
1384 1154 1414 1186 in
1430 1153 1514 1187 dicta
1530 1159 1598 1186 taxa
1608 1158 1831 1186 contentarum
1848 1153 1879 1185 in
1893 1163 1985 1197 prae-

1242 1208 1345 1241 dictos
1366 1218 1442 1241 usus
1456 1207 1706 1241 convertendam
1720 1206 1852 1240 realiter
1869 1213 1983 1240 etcum

1242 1262 1367 1301 effectu,
1386 1262 1470 1294 iuxta
1493 1261 1731 1305 impositionem
1747 1266 1774 1294 et
1791 1259 1983 1294 taxationem

1242 1317 1417 1361 praefatam
1445 1317 1578 1356 saetam,
1602 1322 1634 1349 et
1656 1316 1876 1360 praesentium
1901 1315 1984 1349 litte-

1242 1382 1351 1404 rarum
1374 1370 1604 1403 continentiam
1631 1376 1662 1403 et
1684 1375 1826 1404 tenorem
1855 1369 1987 1403 realiter

1242 1431 1270 1459 et
1290 1436 1361 1458 cum
1381 1424 1495 1458 effectu
1526 1423 1685 1468 persolvi3
1710 1429 1740 1456 et
1761 1422 1983 1463 nibilominus,

1242 1478 1415 1523 quemlibet
1446 1488 1482 1511 ex
1508 1477 1649 1522 Gaspare
1681 1477 1833 1521 episcopo
1863 1482 1893 1510 et
1918 1476 1987 1510 aliis

1242 1533 1502 1577 quibuscumque
1520 1531 1681 1564 dictorum
1708 1530 1897 1564 inferiorum
1923 1529 1982 1563 be-

1243 1586 1434 1620 neficiorum
1456 1585 1708 1630 possessoribus,
1724 1590 1752 1617 et
1769 1584 1898 1618 illorum
1913 1594 1986 1617 suc-

1242 1641 1434 1681 cessoribus,
1458 1650 1555 1683 quem
1578 1638 1752 1680 interdicti,
1766 1637 1986 1682 suspensionis

1242 1701 1272 1728 et
1296 1692 1641 1728 exeonnnunicationis
1670 1691 1844 1725 sententias
1871 1691 1983 1725 incur-

1241 1749 1318 1782 risse
1337 1749 1382 1781 cis
1405 1747 1602 1787 eonstiterit,
1627 1745 1748 1779 tamdiu
1769 1745 1939 1778 dominicis
1956 1750 1988 1779 et

1241 1801 1311 1835 aliis
1332 1801 1450 1834 festivis
1465 1800 1589 1840 diebus,
1612 1800 1689 1833 dum
1712 1798 1816 1832 maior
1836 1798 1913 1831 inibi
1927 1808 1986 1842 po-

1242 1855 1307 1899 puli
1328 1854 1500 1887 multitudo
1518 1853 1557 1886 ad
1580 1853 1686 1886 divina
1706 1851 1904 1891 convenerit,
1933 1851 1983 1884 in-

1243 1909 1412 1943 terdictum
1435 1914 1465 1941 et
1484 1917 1687 1951 suspensum:
1712 1906 1854 1950 reliquos
1879 1911 1986 1939 autem

1244 1963 1412 1997 inferiores
1430 1961 1729 1996 exeommunicatos
1750 1960 1878 2005 publice
1906 1970 1988 1993 nun-

1243 2018 1324 2050 eient
1347 2023 1377 2050 et
1398 2016 1513 2049 saciant
1541 2016 1581 2048 ab
1603 2015 1673 2049 aliis
1695 2014 1864 2056 nunciati,
1889 2019 1919 2047 et
1947 2013 1987 2047 ab

1243 2071 1394 2104 omnibus
1412 2069 1531 2104 arctius
1543 2069 1666 2109 evitari,
1681 2069 1784 2101 donee
1803 2068 1841 2101 de
1853 2066 1988 2101 smnmis

1245 2131 1319 2158 tune.
1341 2124 1458 2157 debitis
1479 2123 1600 2156 eisdem
1633 2121 1799 2155 collectori
1821 2132 1857 2154 ac
1882 2119 1988 2154 distri-

1245 2178 1351 2211 butori
1376 2183 1407 2211 et
1434 2176 1613 2210 rectoribus
1635 2175 1806 2219 praedictis
1826 2173 1921 2207 suerit
1941 2173 1988 2206 in-

1246 2239 1331 2274 tegre
1363 2231 1584 2264 satisfactum:
1622 2229 1753 2273 ipseque
1785 2226 1984 2267 interdictus,

1243 2296 1417 2329 suspensus
1438 2291 1464 2317 et
1485 2283 1784 2317 excommunicatus
1804 2279 1988 2325 suspensio-

1245 2339 1292 2372 nis
1313 2345 1343 2372 et
1362 2337 1574 2371 absolutionis
1596 2335 1790 2369 beneficium
1813 2332 1987 2378 respective

1246 2392 1421 2426 meruerint
1445 2391 1603 2424 obtinere.
1625 2388 1988 2430 Contradietoresquos-

1245 2447 1318 2480 libet
1346 2451 1376 2479 et
1402 2445 1537 2478 rebelles
1564 2455 1600 2477 ac
1621 2441 1804 2487 praemissis
1834 2451 1898 2474 non
1935 2450 1989 2483 pa-

1247 2506 1352 2533 rentes
1374 2511 1430 2543 per
1450 2497 1635 2536 sententias,
1660 2506 1812 2529 censuras
1825 2500 1856 2528 et
1870 2503 1990 2537 poenas

1245 2552 1488 2589 ecclesiasta-as,
1515 2551 1641 2594 aliaque
1660 2554 1843 2593 opportuna
1864 2546 1990 2580 inviset

1247 2607 1317 2640 l'arti
1351 2605 1505 2644 remedia,
1534 2602 1751 2648 appellatione
1787 2599 1985 2645 postposita,
2036 2627 2043 2631 .

1247 2660 1493 2704 eunipeseeudo:
1520 2669 1643 2692 net-inm
1667 2655 1817 2698 legitimis
1831 2652 1989 2698 superbis
