2253 3195
12 316 15 321 ,
50 281 99 309 An.
116 279 144 308 C.
167 279 235 307 ¹599

59 395 141 417 Causae
149 394 232 420 dispen-

18 424 19 427 ’
50 422 137 443 sationis
162 421 232 441 favore

50 448 198 474 Hispaniarum
204 453 233 468 re-

51 475 88 501 gis.

863 280 1009 304 CLEMENs

248 327 430 361 obedientia
451 338 488 360 eo
510 327 636 361 firmior
654 333 685 361 et
699 328 899 361 constantior
913 326 986 367 eris,

248 391 312 424 quo
333 381 434 423 magis
462 392 520 414 nos
541 388 571 414 et
592 381 679 414 illam
702 392 777 424 erga
806 387 834 414 te
864 392 986 423 cogno-

247 434 329 467 veris
355 434 524 467 munificos
557 440 587 468 et
616 435 787 475 liberales,
812 440 843 467 et
870 440 1008 489 quantos

247 488 409 531 potentior
429 488 503 528 eris,
522 494 608 521 tanto
630 488 730 530 magis
751 488 855 520 eidem
876 488 987 520 Eccle-
1007 521 1008 524 ,

247 541 312 574 siae
326 542 442 582 favere,
458 552 594 585 eamque
609 547 720 574 contra
736 541 900 584 improbos
912 551 987 584 per-

247 605 413 627 versorum
438 601 570 628 conatus
590 594 762 627 defendere
783 600 814 626 et
839 593 1009 626 adiuvare«

249 648 457 691 procurabis;
481 654 511 681 te
537 659 554 680 a
576 647 739 691 quibusvis
765 646 987 680 excommuni-

250 701 394 741 cationis,
410 701 630 745 suspensionis
650 707 680 733 et
701 700 874 740 interdicti,
898 700 987 733 aliis·
1008 713 1009 716 ¹

250 765 312 798 que
337 754 559 787 ecclesiasticis
588 754 753 787 sententiis
768 781 775 794 ,
799 754 942 787 censuris
963 759 1009 787 et,

249 807 378 851 poenis,
403 818 420 840 a
440 807 509 841 iure
530 808 577 840 rel
596 808 634 841 ab
656 808 787 841 homine
807 807 918 851 quavis
939 818 1010 854 oc-)

250 861 377 894 casione
397 861 446 894 vel
471 872 566 895 causa
594 862 687 901 latis,
711 862 736 895 si
758 862 875 905 quibus
905 871 988 904 quo-
1008 860 1010 896 ἒ

251 914 429 947 modolibet
447 914 619 948 innodatus
640 915 758 955 existis,
782 915 822 948 ad
843 914 992 948 effectum

250 967 470 1010 praesentium
507 968 672 1000 dumtaxat
703 968 989 1011 consequendum,
1009 983 1011 1021 Ξ

250 1020 367 1053 harum
380 1021 461 1054 serie
475 1021 675 1055 absolventes
689 1027 718 1055 et
732 1022 913 1054 absolutum
927 1022 993 1054 fore
1009 1027 1011 1062 ζ

252 1081 439 1116 censentes,
462 1081 551 1108 motu
573 1075 705 1119 proprio
721 1102 728 1113 ,
752 1085 817 1108 non
839 1075 878 1108 ad
907 1081 992 1108 tuam
1010 1066 1012 1091 ’-

251 1129 299 1162 vel
320 1130 451 1164 alterius
464 1142 523 1175 pro
545 1137 574 1164 te
594 1130 687 1163 nobis
707 1141 804 1174 super
824 1131 885 1163 hoc
905 1131 995 1163 obla-

252 1188 302 1215 tae
325 1183 489 1226 petitionis
517 1184 720 1225 instantiam,
752 1184 807 1217 sed
838 1184 876 1217 dc
905 1195 1012 1217 mera

253 1235 445 1270 liberalitate
466 1243 494 1270 et
517 1248 553 1270 ex
574 1243 661 1271 certa
690 1238 822 1271 scientia
851 1238 969 1271 nostris
984 1266 991 1279 ,

253 1296 411 1333 quatenus
425 1291 528 1324 dictus
542 1292 676 1325 ducatus
696 1291 852 1324 maiorem
870 1298 993 1335 partem

252 1343 466 1378 Lombardiae
497 1345 683 1378 huiusmodi
715 1345 991 1388 comprehendat,

255 1403 351 1442 tuque
373 1399 568 1432 relaxatione
590 1399 782 1439 iuramenti,
810 1405 839 1431 ct
860 1399 992 1443 dispen-

252 1451 376 1485 satione
403 1453 442 1485 ad
474 1453 686 1486 obtinendum
712 1463 846 1495 regnum
868 1452 1013 1486 Siciliae³

253 1504 333 1538 citra
347 1505 492 1538 =Pharum
514 1512 543 1539 et
564 1506 715 1539 ducatum
734 1506 920 1539 huiusmodi
941 1506 992 1538 in—

253 1558 373 1601 digeas,
394 1570 450 1592 seu
468 1559 546 1592 alias
567 1559 763 1593 relaxatione
784 1565 815 1592 et
832 1559 995 1603 dispensa·

255 1611 340 1645 tione
361 1613 534 1656 praedictis
558 1624 639 1657 opus
659 1613 715 1653 sit,
744 1619 773 1646 te
792 1624 809 1645 a
830 1613 996 1656 quibusvis

254 1671 345 1698 reatu
369 1666 521 1710 periurii,
544 1677 581 1700 ac
601 1666 778 1705 sententiis,
803 1667 946 1700 censuris
967 1672 997 1700 et

253 1719 376 1762 poenis,
388 1720 414 1753 si
426 1731 504 1764 quas
514 1721 621 1753 forsan
635 1731 770 1763 regnum
779 1720 905 1753 Siciliae
918 1721 997 1754 citra

253 1773 394 1806 Pharum
425 1774 611 1807 huiusmodi
646 1780 720 1807 ante
756 1775 804 1807 vel
835 1781 907 1818 post
939 1785 993 1807 ac-

255 1827 469 1871 ceptationem
502 1829 577 1862 dicti
608 1829 742 1862 ducatus
773 1829 993 1873 acceptando,

255 1887 309 1914 aut
333 1887 362 1915 te
393 1882 477 1915 illius
508 1882 658 1925 regimini
689 1882 923 1922 immiscendo,
947 1883 1015 1916 vel»

256 1935 340 1969 illius
371 1947 480 1979 regem
511 1936 735 1975 inscribendo,
760 1942 815 1970 aut
844 1937 1015 1970 denomi-⁴

255 1989 363 2022 nando
378 1989 441 2022 iam
455 1990 560 2023 forsan
575 1990 750 2028 incurristi,
766 1996 820 2023 aut
834 1990 998 2024 incurrere

255 2048 357 2086 potes,
369 2043 558 2076 auctoritate
577 2044 765 2087 apostolica,
783 2050 892 2077 tenore
906 2055 998 2088 prae-

255 2096 406 2137 sentium,
427 2096 622 2130 absolvimus
643 2103 673 2130 et
690 2097 876 2137 liberamus,
899 2098 996 2130 abso·
1015 2128 1016 2141 ἶ

257 2150 426 2194 lutumque
447 2156 477 2183 et
494 2150 666 2183 liberatum
685 2161 753 2184 esse
775 2151 996 2189 decc1·nimus;

256 2215 293 2237 ac
313 2204 491 2237 dummodo
511 2204 573 2237 alia
589 2215 671 2248 quae
687 2204 717 2236 in
732 2204 848 2237 litteris
868 2211 1017 2237 conces-¹

256 2257 354 2291 sionis
374 2258 464 2300 regni
484 2258 610 2291 Siciliae
630 2258 709 2291 citra
729 2257 869 2291 Pharum
890 2258 998 2291 huius-

258 2310 345 2343 modi
366 2310 397 2343 in
420 2311 561 2351 seudum,
585 2321 710 2344 necnon
741 2310 889 2354 capitulis
917 2311 1001 2343 inter

257 2364 329 2407 piae
349 2365 524 2398 memoriae
544 2365 682 2397 Leonem
705 2375 821 2408 papam
842 2365 879 2404 X,
903 2364 999 2397 etiam

258 2418 538 2461 praedecessorem
559 2424 718 2459 nostrum,
735 2424 766 2451 et
786 2418 913 2450 inclitae
935 2428 1000 2450 me-

259 2471 381 2504 moriae
389 2471 537 2505 Carolum
556 2472 785 2515 imperatorem
801 2476 877 2503 tunc
891 2481 998 2513 regem

258 2525 497 2559 Romanorum.
526 2526 584 2558 sub
612 2525 664 2557 die
694 2535 730 2557 111
764 2524 882 2556 mensis
921 2523 999 2556 iunii

259 2577 333 2610 anni
354 2588 469 2617 mnxxi,
487 2577 572 2610 initis
593 2582 745 2610 contenta
759 2577 799 2610 ad
815 2582 854 2617 te,
872 2582 903 2609 et
920 2576 1000 2609 alios

259 2631 357 2674 ipsius
377 2631 480 2665 Caroli
494 2631 699 2675 imperatoris
712 2641 915 2664 successores
928 2641 1000 2674 per-

260 2685 411 2725 tinentia,
433 2691 461 2719 et
483 2696 622 2731 quorum
653 2685 798 2718 remissio
819 2695 876 2728 per
900 2695 995 2729 prae·
1016 2715 1017 2721 ,

1027 280 1084 304 VIII
1104 280 1153 303 1³1³.

1024 328 1140 360 dictam
1162 327 1277 361 Sedem
1302 327 1383 360 sacta
1408 337 1472 360 non
1503 332 1637 371 apparet
1663 327 1761 370 (quo-

1024 392 1094 414 rum
1117 381 1261 414 omnium
1284 387 1421 421 tenores,
1446 392 1481 414 ac
1501 381 1526 414 si
1549 382 1587 414 de
1607 381 1704 414 verbo
1725 382 1764 414 ad

1023 434 1155 466 verbum
1172 434 1403 474 insererentur,
1419 435 1640 478 praesentibus
1654 435 1765 467 haberi

1024 487 1171 519 volumus
1203 498 1260 530 pro
1290 488 1468 531 expressis,
1492 489 1598 531 quoad
1628 488 1762 526 vixeris,

1024 540 1252 574 inviolabiliter
1277 542 1445 585 observes)
1465 543 1692 586 quodcumque
1713 542 1763 574 iu-

1026 600 1207 626 ramentum
1229 605 1287 637 per
1308 601 1347 635 te,
1366 600 1420 627 aut.
1440 596 1538 628 alium
1560 596 1692 628 nomine
1712 601 1767 628 tuo

1024 657 1121 690 super
1141 658 1205 680 non
1226 648 1403 681 obtinendo
1435 648 1580 681 dominio
1607 649 1764 682 Lombar-

1026 701 1096 733 diae
1116 700 1312 739 huiusmodi,
1337 707 1392 734 aut
1420 702 1505 734 illius
1536 702 1650 735 maiori
1678 708 1768 745 parte

1026 765 1097 787 cum
1131 754 1200 798 ipso
1232 765 1331 797 regno
1365 755 1490 788 Siciliae
1520 755 1599 788 citra
1627 755 1768 788 Pharum

1026 808 1180 841 hactenus
1206 809 1312 841 forsan
1334 809 1544 852 praestitum,
1570 815 1600 842 et
1627 809 1657 841 in
1679 809 1766 842 futu—

1026 872 1097 894 rum
1118 872 1176 905 per
1194 868 1223 895 te
1237 863 1283 895 vel
1297 868 1543 906 procuratorem
1566 868 1656 895 tuum
1678 873 1770 906 prae-

1026 915 1175 948 standum
1197 915 1236 948 ad
1257 916 1318 948 hoc
1343 915 1531 956 dumtaxat,
1556 922 1591 948 ut
1618 916 1769 949 ducatum

1027 974 1057 1001 et
1077 979 1212 1011 regnum
1232 969 1359 1002 Siciliae
1381 969 1459 1001 citra
1489 969 1629 1002 Pharum
1662 969 1772 1001 huius-

1029 1022 1131 1062 modi,
1148 1022 1269 1066 absque
1288 1022 1424 1056 alicuius
1438 1033 1592 1056 censurae
1606 1029 1636 1056 et
1648 1033 1771 1067 poenae

1029 1075 1159 1109 incursu
1179 1076 1227 1108 vel
1247 1076 1330 1114 labe,
1351 1087 1406 1109 seu
1426 1082 1517 1109 reatu
1535 1076 1669 1120 perlurii
1691 1076 1772 1109 obti-

1011 1140 1115 1177 mere,
1137 1135 1232 1173 teque
1254 1140 1363 1172 regem
1385 1130 1511 1163 Siciliae
1533 1130 1614 1163 eitra
1631 1130 1772 1163 Pharum

1029 1188 1059 1214 et
1079 1183 1193 1216 ducem
1219 1182 1390 1215 Mediolani
1411 1183 1571 1216 nominari
1597 1189 1625 1216 et
1661 1183 1773 1216 inscri-

1028 1235 1117 1271 bere,
1145 1236 1297 1269 acabaliis
1329 1237 1532 1269 denominari
1562 1242 1593 1270 et
1623 1237 1769 1274 inscribi,

1011 1290 1218 1324 tauctoritate
1245 1296 1275 1323 et
1298 1296 1407 1323 tenore
1438 1291 1630 1334 praedictis,
1651 1292 1773 1324 relaxa-

1011 1364 1013 1375 ι
1029 1354 1115 1383 mus,
1139 1350 1233 1388 teque
1255 1355 1292 1378 eo
1307 1355 1372 1378 non
1393 1345 1505 1384 teneri,
1522 1356 1581 1379 nec
1595 1345 1770 1387 adstringi,

1011 1403 1060 1449 get
1084 1398 1180 1430 etiam
1209 1398 1234 1431 si
1267 1399 1433 1441 contingat
1461 1404 1489 1432 te
1523 1399 1555 1431 in
1587 1399 1775 1432 investitura

1029 1462 1086 1495 per
1102 1462 1160 1484 nos
1183 1451 1239 1484 tibi
1260 1453 1299 1485 de
1320 1463 1419 1495 regno
1440 1452 1566 1485 Siciliae
1587 1452 1667 1485 citra
1692 1453 1774 1486 Pha-

1030 1516 1102 1538 rum
1120 1505 1305 1539 huiusmodi
1327 1506 1535 1539 concedenda
1556 1506 1774 1539 iuramentum

1029 1559 1231 1602 praedictum
1240 1570 1298 1603 per
1313 1565 1341 1592 te
1356 1565 1411 1592 aut
1422 1565 1668 1603 procuratorem
1683 1565 1774 1593 tuum

1029 1613 1197 1656 praestari,
1218 1619 1249 1646 et
1268 1624 1326 1656 per
1346 1619 1376 1646 te
1397 1613 1442 1645 illi
1463 1613 1691 1653 contraveniri,
1712 1625 1771 1657 pe-

1030 1666 1122 1698 riurii
1136 1672 1260 1700 reatum
1276 1667 1409 1700 mininie
1430 1667 1602 1700 incurrisse
1623 1668 1773 1701 decerni-

1031 1731 1114 1758 mus,
1140 1720 1280 1764 tibique,
1305 1721 1393 1763 quod
1415 1720 1568 1754 ducatum
1590 1726 1620 1754 et
1637 1731 1775 1764 regnum

1031 1773 1157 1806 Siciliae
1175 1773 1255 1806 citra
1279 1773 1437 1813 Pharum,
1455 1779 1489 1806 ut
1509 1774 1708 1817 praefertur,
1729 1780 1776 1808 te-

1031 1837 1108 1859 nere
1126 1832 1153 1860 et
1173 1827 1340 1870 possidere
1360 1827 1474 1871 possis,
1495 1828 1616 1861 eisdem
1638 1829 1778 1861 auctori-

1033 1886 1094 1913 tate
1117 1886 1148 1914 et
1168 1887 1280 1914 tenore
1294 1908 1301 1922 ,
1325 1882 1366 1915 de
1384 1881 1514 1926 speciali
1535 1882 1637 1925 gratia
1658 1893 1774 1916 concc-

1032 1934 1138 1967 dimus
1152 1940 1182 1967 et.
1196 1934 1418 1977 indulgemus,
1438 1947 1474 1968 ac
1488 1946 1659 1979 personam
1675 1942 1774 1973 tuam,

1032 1988 1057 2021 si
1079 1988 1227 2032 expediat.
1252 1995 1282 2022 et
1307 2000 1388 2033 opus
1408 1989 1467 2029 sit,
1493 1995 1590 2033 tuque
1611 1989 1773 2031 indigeas,

1014 2048 1016 2079 ξ
1033 2043 1072 2075 ad
1093 2042 1258 2086 praedicta
1275 2043 1385 2076 omnia
1405 2043 1623 2077 habilitamus¹

1078 2095 1092 2139 ἓ
1118 2095 1148 2129 3.
1178 2096 1246 2128 Non
1279 2096 1481 2129 obstantibus
1511 2096 1715 2140 praemissis,
1739 2108 1776 2130 ac

1015 2163 1017 2167 ·
1034 2148 1317 2182 constitutionibus
1331 2154 1362 2181 et
1375 2148 1634 2182 ordinationibus
1648 2155 1777 2193 aposto-

1034 2203 1120 2243 licis,
1142 2213 1267 2236 necnon
1289 2203 1440 2236 omnibus
1462 2203 1539 2243 illis,
1568 2214 1651 2246 quae
1679 2203 1778 2237 lulius

1035 2262 1065 2289 et
1078 2257 1140 2290 Leo
1159 2268 1195 2289 ac
1209 2256 1262 2289 alii
1278 2256 1412 2290 Romani
1432 2257 1621 2297 Pontifices,
1638 2258 1775 2300 praede-

1034 2321 1177 2343 cessores
1198 2311 1373 2354 praedicti,
1395 2310 1426 2343 in
1449 2310 1563 2343 litteris
1580 2317 1611 2343 et
1630 2311 1778 2354 capitulis

1035 2363 1205 2407 praedictis
1222 2364 1395 2396 voluerunt
1419 2374 1484 2396 non
1506 2364 1650 2404 obstare,
1672 2369 1777 2397 caete-

1035 2417 1143 2460 risque
1169 2417 1339 2450 contrariis
1364 2417 1634 2461 quibuscumque.

1079 2472 1095 2511 ξ
1120 2469 1150 2502 4.
1173 2470 1328 2502 Volumus
1354 2475 1461 2503 autem
1492 2475 1522 2502 et
1551 2470 1773 2510 declaramus,

1034 2524 1120 2567 quod
1138 2534 1195 2567 per
1209 2524 1395 2557 huiusmodi
1414 2524 1778 2563 relaxationcm,decrc-

1035 2583 1114 2617 tum,
1143 2577 1398 2618 concessionem,
1422 2577 1584 2610 indultum
1610 2584 1640 2611 et
1661 2578 1776 2611 habili-

1034 2630 1187 2664 tationem
1212 2631 1338 2663 nullum
1355 2630 1591 2674 praeiudicium
1613 2632 1730 2665 nostris
1748 2638 1777 2665 et

1034 2684 1137 2717 dictae
1155 2684 1256 2724 Sedis,
1281 2696 1317 2718 ac
1337 2684 1366 2718 S.
1390 2685 1424 2718 R.
1451 2685 1483 2718 E.
1508 2685 1632 2719 iuribus
1658 2685 1690 2719 in
1707 2686 1777 2731 qui-

1667 268 1731 303 535
1778 278 1826 305 An.
1849 278 1877 306 c.
1895 279 1962 306 1599

1819 2102 1912 2132 Dei-egat
1930 2108 1977 2123 con·

1793 2131 1870 2149 trariis.

1792 2476 1905 2497 clausulae
1917 2483 1979 2503 prae-

1792 2506 1921 2525 servatium.
