2253 3195
298 246 348 272 An.
366 246 396 274 C.
415 245 478 273 1601

529 236 593 270 660

1081 248 1264 272 BULLARIUM
1284 248 1437 273 Romnum

331 307 483 333 Superioribus
497 302 672 329 conventus
697 296 940 335 Annunciatae,
966 295 1189 339 superioribus
1215 301 1245 328 et
1278 296 1523 338 ecclesiasticas,
1547 297 1675 342 aliaque
1695 305 1878 342 opportuna
1898 299 1977 333 iuris
1995 305 2026 333 et

299 334 355 354 dieta
367 334 448 357 domus,
458 339 483 353 ac

299 361 364 386 priori
399 349 597 392 „imin-priori
625 349 815 392 provinciali
843 359 879 381 ac
900 349 1042 391 generali
1071 349 1244 392 praedictis
1278 350 1350 383 sacti
1380 351 1541 391 remedia,
1576 352 1791 396 appellatione
1822 353 2021 397 postposita,

298 387 348 407 vinti
359 389 379 407 et
390 387 482 412 generati

298 416 402 443 pprpemu
417 413 483 434 sumi-
496 402 637 440 subesse,
658 412 764 444 neque
788 401 828 434 ab
842 401 1027 435 huiusmodi
1046 402 1241 442 obedientia,
1279 405 1538 448 compescendo,
1563 405 1710 440 invocato
1731 406 1826 440 etiam
1848 408 1888 441 ad
1908 408 1981 447 hoc,
1998 408 2024 441 si

298 442 374 461 cietur.

325 626 385 646 Priui-
400 628 419 645 et
432 631 481 645 con-

298 656 374 673 ver-tus
398 654 482 672 Annun-

298 682 368 699 cintae
385 684 481 699 uecessi-

298 713 328 726 ΠΛ
343 706 418 725 lit-emt»
433 705 481 725 sub-

297 735 422 753 ministrt'n'.

315 1000 338 1020 ln
353 1000 481 1020 coriti-arium

295 1027 427 1050 attentanda,
436 1027 482 1047 irri-

296 1056 375 1074 tantur.

333 1479 482 1505 Exequuiores

296 1506 358 1526 buius
381 1506 481 1526 conuiui-

296 1533 359 1553 tiouis
379 1533 481 1559 deputan-

297 1562 337 1580 tllt'.

497 454 609 498 quovis
626 460 802 497 praetextu,
819 465 926 495 causa,
942 455 1071 498 ingenio
1085 456 1132 488 vel
1148 466 1243 499 quae-

496 507 557 540 sito
578 507 687 540 colore
707 508 852 540 subtrahi
873 514 928 541 aut
953 509 1048 542 eximi
1068 519 1174 552 posse.

541 562 558 603 ἓ
579 561 631 593 Η.
649 561 739 605 Ipsos
753 572 828 595 vero
842 562 985 605 priorem
1004 568 1035 595 et
1050 568 1244 596 conventum

497 614 729 654 Anmmeiatae,
744 615 864 648 victum
886 621 916 648 et
937 616 1097 656 vestitum,
1118 615 1245 660 aliaque

496 667 677 700 necessaria
703 673 767 700 tam
792 678 851 712 pro
877 668 985 701 divino
1012 669 1116 709 cultu,
1148 679 1244 712 quam

496 730 555 764 pro
570 721 813 754 manutentione
831 727 860 754 et
874 722 1108 755 restauratione
1130 723 1246 755 domus

496 774 682 818 praedictae
703 785 812 807 sacrae
832 775 950 815 Eremi,
974 775 1124 819 illiusque
1141 776 1246 809 tratri-

495 827 555 861 bus
575 833 605 861 et
623 828 783 870 religiosis
804 828 835 861 in
856 835 1047 872 perpetuum
1081 830 1242 863 submini-

496 886 598 914 strare
620 881 749 915 debere.

541 935 556 979 ξ
578 934 630 968 12.
646 935 761 979 Sicque
778 946 838 979 per
855 946 1078 980 quoscumque
1099 936 1175 970 dicti
1188 936 1245 970 Or-

497 988 579 1022 dinis
599 988 801 1032 superiores,
825 995 855 1022 et
872 989 952 1022 alios
970 989 1092 1023 iudices
1109 990 1244 1023 ordina-

497 1042 561 1075 rios
598 1049 628 1076 et
658 1043 843 1085 delegatos,
869 1043 995 1076 sublata
1016 1043 1061 1077 eis
1082 1049 1243 1077 eteorum

496 1096 629 1130 cuilibet
657 1097 768 1140 quavis
785 1097 880 1130 aliter
904 1097 1069 1131 iudicandi
1089 1103 1119 1131 et
1139 1098 1241 1132 inter-

494 1151 642 1194 pretandi
664 1151 815 1184 facultate
836 1157 867 1185 et
886 1152 1089 1192 auctoritate,
1105 1152 1243 1185 iudicari

496 1209 526 1236 et
555 1203 683 1236 definiri
715 1204 851 1243 debere‘,
884 1215 921 1237 ac
952 1204 1079 1238 irritum
1098 1210 1129 1238 et
1148 1204 1244 1238 inane

496 1256 655 1300 quidquid
693 1268 784 1291 sevus
818 1268 916 1301 super
944 1257 993 1291 bis
1021 1268 1039 1291 a
1063 1268 1240 1302 quoquam,

496 1310 607 1353 quavis
620 1311 823 1351 auctoritate,
835 1311 974 1345 scienter
983 1312 1030 1345 vel
1042 1311 1240 1354 ignoranter,

497 1364 670 1406 contigerit
689 1365 851 1405 attentari,
873 1365 1089 1398 decernimus.

541 1419 558 1460 ἓ
588 1417 639 1451 13.
674 1418 831 1457 Quocirca
866 1418 1041 1452 venerabili
1068 1419 1158 1452 fratri
1188 1430 1242 1452 ar-

497 1471 703 1515 chiepiscopo
735 1471 938 1511 Florentino,
966 1482 1002 1504 ac
1023 1471 1146 1505 dilectis
1170 1472 1245 1505 filiis

497 1525 595 1569 ipsius
616 1524 762 1565 Ordinis,
797 1525 883 1569 apud
908 1535 966 1558 nos
987 1530 1017 1558 et
1034 1525 1244 1569 apostolicam

495 1578 610 1612 Sedem
637 1578 831 1622 protectori,
853 1590 889 1611 ac
910 1584 1020 1612 nostro
1041 1584 1069 1611 et
1091 1579 1245 1623 apostoli-

496 1642 551 1665 cae
572 1631 662 1666 Sedis
682 1633 768 1676 apud
787 1642 939 1675 magnum
961 1632 1107 1665 Etruriae
1128 1633 1243 1666 ducem

496 1685 625 1725 nuncio,
643 1696 728 1718 nunc
742 1691 771 1719 et
786 1696 844 1729 pro
861 1691 1006 1729 tempore
1021 1685 1241 1726 existentibus,

496 1750 554 1783 per
585 1745 769 1782 praesentes
793 1739 1027 1772 committimus
1052 1745 1083 1772 et
1104 1740 1241 1772 manda-

497 1804 589 1832 mus,
612 1798 644 1825 ut
663 1792 743 1836 ipsi,
768 1793 814 1826 vel
836 1793 916 1832 duo,
941 1798 996 1825 aut
1027 1803 1109 1825 unus
1130 1803 1242 1825 eorum

496 1856 553 1888 per
573 1856 627 1884 sc,
659 1845 706 1877 vel
727 1845 823 1885 alios,
854 1845 907 1877 ubi
939 1850 968 1878 et
997 1845 1128 1889 quando
1163 1856 1244 1889 opus

497 1899 602 1938 suerit,
627 1904 812 1942 praesentes
834 1898 955 1931 litteras
975 1899 1163 1932 solemniter
1176 1910 1239 1943 pu-

497 1952 669 1991 blicanteS,
694 1957 789 1995 atque
810 1951 853 1995 pii
877 1952 1062 1985 buiusmodi
1082 1958 1113 1985 ct
1133 1953 1243 1986 lauda-

496 2006 569 2039 bilis
594 2005 702 2049 operis
734 2005 924 2038 institutioni
957 2011 984 2037 et
1009 2006 1243 2040 conservationi

495 2060 632 2092 eslicaeis
653 2059 850 2092 defensionis
864 2059 1025 2103 praesidio
1047 2061 1240 2100 assistentes,

496 2114 611 2146 lat-iant
643 2113 833 2145 :uu-{oritate
866 2119 974 2145 nostra
995 2113 1103 2145 omnia
1129 2119 1156 2145 et
1179 2113 1243 2146 slu-

495 2168 568 2209 gula
590 2166 847 2210 pi·ac.=111issa,pei·
865 2177 935 2205 eos,
956 2166 995 2198 ad
1018 2176 1099 2209 quos
1123 2172 1241 2209 spectat

495 2227 522 2253 et
545 2231 603 2264 pro
630 2226 775 2263 tempore
795 2219 972 2262 spectabit,
1003 2219 1117 2263 exequi
1140 2226 1166 2253 et
1188 2220 1244 2253 ob-

495 2275 629 2314 servari,
661 2273 849 2318 praesertim
879 2284 953 2305 vero
975 2273 1076 2306 dictos
1102 2274 1242 2317 priorem

495 2334 523 2360 vt
542 2333 733 2360 conventum
754 2327 973 2360 Annum-intas:
994 2328 1032 2359 ad
1060 2327 1143 2360 idem
1173 2339 1244 2361 san-

496 2381 1243 2424 ctumopusexequendumetmanutenendum,

497 2439 529 2466 ut
551 2445 646 2477 supra
667 2435 721 2469 (ue
741 2434 830 2477 impii
854 2434 1023 2467 ttamusmis
1044 2440 1126 2473 astu,
1157 2442 1238 2468 tem--

496 2499 650 2530 porumve
672 2488 859 2531 iniquitate,
885 2494 936 2520 aut
960 2489 1094 2521 fratrum
1118 2489 1241 2522 insui-ia

498 2541 600 2583 perii«¹
621 2548 675 2573 aut
704 2542 870 2575 intermitti
901 2543 1016 2584 valeat)
1039 2543 1189 2581 cxvitont,
1212 2548 1239 2575 et

496 2594 519 2625 si
542 2606 621 2637 opus
642 2595 690 2633 sit,
708 2590 820 2635 cogant
837 2602 864 2627 et
881 2596 1087 2639 compellant.
1109 2597 1241 2628 Contra-

497 2648 634 2680 ctis-tore>-
655 2651 814 2693 quoslibet
830 2663 887 2694 per
900 2662 1050 2684 censuras·
1068 2657 1099 2684 et
1120 2662 1241 2695 poenas

1279 468 1360 502 opus
1380 458 1486 499 suerit,
1510 459 1629 492 auxilio
1649 460 1773 493 brachii
1793 460 1977 495 saecularis.

1324 511 1414 554 5714.
1438 512 1507 545 Non
1535 512 1736 546 obstantibus
1766 513 1930 556 quibusvis
1949 524 2026 558 apo-

1279 565 1410 606 stolicis,
1431 576 1467 598 ac
1493 565 1524 598 in
1546 565 1816 609 provincialibus,
1840 572 1871 599 et
1890 566 2023 600 sinoda-

1279 617 1364 651 libus
1377 618 1521 651 conciliis
1541 618 1646 659 editis,
1671 619 1874 653 oeneralibus
1894 621 1942 653 vel
1956 632 2028 664 spe-

1279 671 1414 704 cialibus
1423 672 2025 715 constitutionilmsetordinationibus,

1279 736 1315 758 ac
1324 725 1451 758 Ordinis
1465 725 1631 770 praedicti,
1643 726 1737 758 etiam
1752 726 2028 768 im·ainento,con-

1280 778 1464 812 firmatione
1478 779 1665 822 apostoliea,
1681 780 1729 812 vel
1749 779 1859 823 quavis
1872 780 2027 814 firmitate

1279 832 1439 865 roboratis
1459 833 1584 865 statutis
1596 838 1626 866 ct
1636 833 1935 874 consuetudinibus,
1956 844 2028 867 cae-

1282 885 1420 929 terisque
1441 886 1612 919 contrariis
1632 886 1903 930 quibuscumque.
1969 923 1984 940 ο

1322 940 1390 973 Dat.
1414 940 1535 973 Romae
1556 940 1641 984 apud
1662 941 1692 974 S.
1713 941 1865 981 Marcum,
1889 941 1948 974 sub
1968 951 2027 974 an-

1279 993 1356 1026 nulo
1374 993 1555 1034 piscatoris,
1577 993 1628 1027 die
1648 1004 1714 1027 xxu
1732 994 1874 1027 octobris
1887 1004 2024 1035 nnxcnl,

1279 1047 1487 1091 pontificatus
1506 1047 1608 1080 nostri
1629 1058 1713 1080 anno
1735 1058 1768 1081 11.

1315 1110 1373 1137 Dat.
1386 1110 1430 1138 die
1449 1111 1483 1138 22
1499 1111 1618 1138 octobris
1637 1111 1715 1143 1593,
1727 1111 1822 1146 pontif.
1841 1119 1884 1138 an.
1903 1119 1933 1138 11.

1277 1211 1434 1255 Sequitur
1450 1209 1519 1242 alia
1538 1209 1783 1242 ordinationum
1797 1208 1900 1242 dictae
1916 1219 2027 1243 sacrae

1489 1261 1601 1295 Ercmi
1617 1261 1818 1304 praefinitio.

1492 1343 1626 1370 Clemens
1640 1343 1720 1376 Papa
1731 1342 1811 1372 vm,

1422 1398 1458 1425 ad
1473 1400 1649 1432 perpetuam
1665 1396 1710 1423 rei
1725 1396 1908 1424 memoriam.

1323 1471 1358 1504 In
1378 1469 1427 1503 bis
1449 1469 1544 1502 rebus
1558 1468 1758 1502 auctoritatis
1778 1473 1906 1501 nostrae
1919 1473 2026 1512 partes

1279 1524 1418 1557 libenter
1429 1522 1674 1566 interponimus,
1691 1532 1750 1566 per
1763 1532 1844 1566 quae
1859 1521 2026 1564 religioso-

1278 1589 1350 1612 rum
1367 1577 1463 1611 statui
1480 1587 1634 1621 prospere
1659 1575 1828 1619 dirigendo
1842 1580 2024 1620 opportune

1279 1632 1498 1677 provideatur.

1323 1687 1340 1728 5
1361 1685 1413 1718 15.
1437 1684 1608 1728 Cupientes
1633 1683 1731 1726 igitur
1751 1693 1907 1727 prospero
1928 1683 2024 1716 statui

1278 1745 1306 1773 et
1329 1739 1411 1772 felici
1431 1737 1590 1781 gubernio
1604 1738 1719 1771 doums
1739 1742 1770 1769 et
1788 1736 1894 1769 Eremi
1912 1736 2025 1769 Montis

1278 1790 1553 1832 Senarii,Or‹linis
1572 1786 1744 1823 Serv'orum
1766 1790 1798 1823 Β.
1811 1789 1938 1829 Mariae,
1954 1789 2026 1823 Flo-

1279 1847 1423 1880 rentinae
1444 1845 1611 1885 dioecesis,
1627 1849 1781 1888 quantum
1795 1854 1866 1876 cum
1888 1843 2025 1877 Domino

1277 1911 1458 1945 possumus,
1482 1899 1654 1932 salubriter
1673 1898 1861 1938 consulere,
1896 1897 2022 1941 suppli-

1278 1954 1459 1988 cationibus
1480 1963 1539 1997 pro
1559 1958 1649 1996 parte
1672 1951 1863 1985 dilectorum
1883 1951 2023 1984 tiliorum

1278 2008 1394 2052 prioris
1415 2006 1574 2050 generalis
1592 2005 1668 2039 dicti
1686 2005 1830 2045 Ordinis,
1851 2015 1887 2038 ac.
1907 2005 2025 2049 prioris

1279 2067 1456 2095 conventus
1471 2062 1504 2094 B.
1519 2060 1635 2093 Mariae
1646 2059 1867 2093 Annunciatae
1888 2058 2024 2092 civitatis

1278 2115 1482 2149 l⁴*loi·entinac
1497 2114 1640 2147 eiusdem
1655 2112 1938 2146 OrdinisFratrum
1953 2111 2024 2146 Ser-

1279 2180 1402 2209 vorum,
1427 2178 1553 2202 necnon
1574 2167 1683 2200 vicarii
1704 2172 1733 2200 et
1759 2167 1893 2199 fratrum
1920 2165 2022 2199 dietae

1279 2223 1383 2256 Eremi
1404 2222 1518 2256 Montis
1546 2221 1685 2258 Senarii,
1717 2220 1810 2253 nobis
1837 2230 1934 2264 super
1962 2219 2024 2253 boc

1280 2277 1445 2310 humiliter
1463 2275 1620 2320 porrectis
1643 2273 1808 2313 inclinati,
1832 2283 1887 2306 cos
1911 2283 2023 2306 omncs

1279 2336 1308 2363 et
1328 2330 1472 2371 singulos
1491 2340 1509 2362 a
1531 2328 1695 2372 quibusvis
1715 2326 2022 2360 exromumnicatio-

1279 2383 1348 2423 uis,
1387 2381 1606 2426 suspensionis
1634 2387 1662 2415 et
1687 2380 1866 2420 interdicti,
1887 2379 2022 2424 aliisque

1277 2435 1499 2469 eta-lesiasticis
1510 2434 1686 2473 sententiis,
1704 2433 1846 2466 censuris
1858 2433 2019 2477 etpoenis,

1278 2501 1294 2522 a
1316 2489 1384 2522 iure
1406 2489 1451 2521 v‹·t
1478 2489 1517 2521 ab
1539 2488 1689 2528 bomine,
1720 2487 1830 2531 quavis
1854 2486 2022 2520 occasione

1277 2544 1323 2576 vel
1346 2554 1440 2576 rausa
1462 2542 1554 2580 latis,
1586 2542 1610 2574 si
1637 2541 1754 2585 quibus
1774 2540 2021 2585 quomodolibet

1277 2597 1419 2630 inundati
1435 2596 1583 2634 existunt,
1597 2596 1635 2628 ad
1646 2595 1792 2628 ellectum
1802 2593 2019 2638 praesentium

1276 2651 1439 2683 dumtaxat
1475 2648 1736 2692 consequeiulum
1753 2675 1759 2688 ,
1796 2647 1908 2680 barum
1937 2645 2020 2679 serie

2037 249 2085 276 Au.
2104 249 2132 276 C.
2152 250 2212 280 ¹601

2067 522 2179 546 Contraria
2190 525 2220 552 usb-

2040 552 2159 572 moventur.
2200 560 2204 561 ⁷

2077 1479 2198 1502 Exordium.

2087 1693 2176 1715 Consum

2001 1736 2007 1742 .
2039 1720 2189 1746 praeci-denso

2039 1747 2132 1768 stitutio.
