2253 3195
2 210 9 246 ῐ
34 219 80 245 An.
98 217 127 245 c.
146 217 207 245 1601

79 598 214 624 Supplicatnr

33 624 127 645 Pontifici
138 627 158 644 ut
168 630 214 644 eam

12 655 13 659 ¹
32 651 143 672 contitinet.

836 216 981 240 CLEMENS
1002 216 1059 240 vm
1080 216 1130 240 Pr.

317 265 350 298 Io
364 264 522 298 Vincenzo
535 264 749 298 Seccadenari
764 265 808 297 sui
822 270 970 308 presente

230 328 247 351 a
267 323 388 361 quanto
409 317 440 351 di
459 328 555 362 sopra
572 318 597 351 si
618 318 778 359 conticne,
803 329 819 351 c
840 318 882 350 ini
900 323 971 352 sot-

231 370 382 404 toscrissi.

317 424 350 457 lo
385 423 498 457 Orazio
526 424 661 458 Leonori
692 425 734 458 fui
775 430 922 468 presente
953 434 970 456 a

229 482 350 520 quanto
371 476 403 510 di
427 487 535 520 sopra.

273 531 290 572 S
311 529 341 563 3.
366 530 520 573 Cumque,
544 531 626 563 sicut
654 530 750 563 etiam
772 531 965 574 accepimus,

230 583 436 616 concordiam
466 583 664 627 praedictam
686 584 921 627 acceptaverint
941 589 971 617 et

230 637 459 670 ratificaverint
482 637 591 671 dilecti
612 638 669 670 filii
695 638 820 671 nobiles
840 638 899 670 viri
922 639 969 671 Ia-

229 690 329 723 cobus
346 691 616 734 Boncompagnus
637 691 699 724 dux
717 692 815 725 Sorae
834 696 864 724 ct
884 701 969 724 mar-

229 742 302 776 chio
311 743 475 786 Vignolae,
493 754 529 777 ac
543 744 657 778 Caesar
670 744 809 777 Mutinae
830 749 858 776 et
879 744 969 786 Regii

228 798 314 840 dux,
346 804 512 843 tamquam
540 799 691 833 dominus
717 799 858 833 directus
893 798 969 832 dicti

228 852 479 893 marchionatus,
499 853 690 886 universitas
707 858 737 886 et
747 852 894 886 homines
910 858 970 886 ter-

227 915 281 938 rae
301 905 465 948 Vignolae,
486 906 676 940 universitas
697 912 727 940 et
746 906 893 939 homines
912 906 969 940 Sa-

226 958 367 1001 vig-nani,
394 959 584 993 universitas
606 965 638 993 et
656 960 805 993 homines
826 960 970 993 Seraval-

227 1011 281 1052 lis,
304 1022 431 1045 necnon
462 1013 655 1055 vicelegatus
682 1018 712 1046 et
738 1013 892 1056 assumpti
919 1013 966 1045 ci-

227 1065 337 1099 vitatis
349 1072 477 1099 nostrae
494 1066 716 1107 Bononiensis,
739 1071 838 1110 prout
862 1066 893 1098 in
915 1066 965 1099 di-

227 1118 326 1152 versis
346 1119 566 1152 instrumentis
584 1119 723 1163 desuper
735 1120 774 1152 de
789 1119 881 1152 annis
905 1129 968 1153 unc

228 1176 259 1204 et
277 1181 367 1212 MDCI,
390 1171 568 1215 respective
577 1171 747 1205 celebratis
767 1171 969 1205 diciturcon-

229 1224 334 1266 tineri,
363 1230 393 1258 et
412 1235 472 1269 pro
497 1225 641 1259 eiusdem
663 1225 856 1258 concordiae
876 1224 969 1257 firma

230 1283 261 1311 et
280 1277 388 1311 stabili
401 1278 565 1312 validitate
584 1284 696 1312 nostra
715 1284 746 1312 et
766 1271 969 1322 Apostolicae

228 1324 317 1365 Sedis
337 1332 540 1376 approbatio,
560 1332 730 1366 ratificatio
745 1338 775 1366 et
795 1332 969 1366 confirma-

229 1384 273 1417 tio
301 1386 527 1418 tantummodo
554 1385 679 1429 reliqua
709 1386 771 1426 sit,
798 1391 970 1430 propterea

229 1439 322 1472 nobis
343 1439 438 1473 suerit
451 1439 618 1472 humiliter
630 1440 858 1484 supplicatum,
875 1446 910 1473 ut
923 1440 968 1472 illi

229 1492 329 1525 robur
357 1493 553 1537 apostolicae
578 1493 835 1527 confirmationis
852 1494 970 1527 adiice—

228 1556 279 1587 re,
306 1546 345 1579 de
372 1547 569 1590 benignitate
596 1547 791 1591 apostolica,
815 1548 966 1591 dignare-

228 1610 312 1633 mur.

273 1655 290 1696 g
303 1653 334 1686 4.
358 1654 420 1688 Nos
434 1654 594 1687 dictorum
617 1654 907 1688 instrumentorum
923 1661 968 1689 te-

229 1718 325 1741 nores
344 1708 566 1752 praesentibus
587 1720 646 1753 pro
667 1710 823 1753 expressis
842 1710 966 1744 haben-

230 1767 285 1802 tes,
309 1773 345 1795 ac
364 1762 532 1796 universos
557 1768 588 1795 et
606 1762 751 1805 singulos
771 1764 932 1807 praefatos
952 1775 970 1797 a

229 1815 392 1858 quibusvis
412 1816 767 1857 excommunicationis,
785 1817 969 1861 suspensio-

228 1868 277 1902 nis
296 1875 327 1902 et
358 1869 542 1909 interdicti,
577 1869 714 1914 aliisque
745 1870 970 1904 ecclesiasticis

227 1922 413 1963 sententiis,
438 1923 582 1957 censuris
603 1929 633 1956 et
657 1923 770 1967 poenis
791 1935 808 1957 a
833 1924 901 1957 iure
922 1925 968 1958 vel

228 1975 267 2008 ab
295 1976 426 2009 homine
460 1976 570 2020 quavis
602 1976 770 2010 occasione
801 1978 849 2010 vel
874 1989 970 2011 causa

228 2029 313 2069 latis,
345 2029 370 2062 si
402 2029 520 2073 quibus
549 2030 798 2073 quomodolibet
826 2031 968 2064 innodati

227 2083 376 2125 existunt,
401 2084 440 2117 ad
459 2083 607 2118 effectum
625 2085 846 2129 praesentium
869 2086 966 2119 dum-

227 2143 310 2171 taxat
322 2139 599 2182 consequendum,
617 2139 732 2173 barum
750 2139 844 2181 serie,
861 2141 968 2174 absol-

225 2196 333 2225 ventes
356 2197 386 2225 et
410 2192 574 2226 absolutos
601 2193 670 2227 sore
698 2199 885 2233 censentes,
910 2194 968 2227 hu-

225 2244 364 2278 iusmodi
385 2245 674 2289 supplicationibus
696 2246 852 2287 inclinati,
876 2257 968 2291 prae-

225 2297 377 2331 insertam
405 2299 631 2340 concordiam,
655 2310 692 2333 ac
712 2300 822 2333 onmia
843 2306 874 2333 et
897 2300 965 2333 sin-

225 2350 299 2392 gula
319 2351 393 2384 inde
410 2357 557 2395 sequuta,
576 2352 767 2386 auctoritate
778 2353 964 2396 apostolica,

227 2409 336 2437 tenore
359 2404 589 2448 praesentium,
617 2411 844 2449 acceptamus,
868 2406 968 2439 ratifi-

225 2467 346 2493 camus,
370 2468 407 2490 ac
426 2463 585 2501 perpetuo
606 2458 838 2492 confirmamus
859 2464 888 2492 et.
905 2470 964 2503 ap-

224 2511 412 2554 probamus,
432 2511 558 2555 illisque
578 2518 753 2556 perpetuae
774 2523 810 2546 ac
829 2512 964 2546 inviola-

225 2563 298 2597 bilis
318 2564 512 2608 apostolicae
540 2564 701 2598 firmitatis
729 2565 829 2598 robur
849 2566 964 2599 adiici-

226 2627 307 2659 nius,
322 2629 358 2650 ae
378 2628 490 2651 omnes
505 2624 531 2651 et
548 2618 691 2660 singulos
703 2624 764 2652 tam
783 2619 964 2663 iurisquam

1651 204 1713 237 087

1005 264 1079 297 sacti
1108 264 1266 303 desectus,
1291 263 1316 297 si
1337 263 1391 307 qui
1410 263 1441 295 in
1467 262 1586 296 eisdem
1609 262 1744 296 interve-

1005 318 1120 359 nerint,
1144 318 1342 362 supplemus.

1049 373 1066 414 g
1091 371 1121 404 5.
1145 372 1359 405 Decernentes
1389 371 1595 404 concordiam
1628 371 1742 415 ipsam,

1005 435 1041 457 ac
1061 425 1135 458 inde
1165 431 1301 469 sequuta
1332 435 1557 468 quaecumque
1587 429 1746 468 perpetuo

1005 478 1118 518 valida,
1143 479 1237 512 firma
1257 485 1287 512 et
1308 479 1450 512 efficacia
1471 489 1538 512 esse
1559 484 1589 511 et
1609 479 1689 519 sore,
1710 488 1746 511 ac

1004 542 1078 565 suos
1099 532 1262 575 plenarios
1279 537 1309 566 et
1329 532 1471 574 integros
1491 532 1622 565 effectus
1638 531 1747 564 sortiri

1005 589 1035 617 ct
1060 585 1217 624 obtinere,
1241 585 1327 618 acab
1342 585 1504 626 omnibus,
1527 585 1567 618 ad
1581 595 1661 628 quos
1674 594 1746 628 spe-

1005 642 1079 678 ctat,
1104 643 1134 670 et
1161 638 1193 670 in
1218 638 1362 671 futurum
1393 638 1574 682 spectabit,
1611 637 1748 670 firmiter

1005 691 1167 724 observari
1199 692 1335 725 debere:
1371 692 1482 736 sicque
1503 698 1533 725 et
1554 702 1619 725 non
1655 691 1748 724 aliter

1004 755 1062 788 per
1075 755 1301 789 quoscumque
1319 745 1441 778 iudices
1455 744 1637 778 ordinarios
1651 750 1681 778 et
1694 745 1749 778 de-

1004 799 1137 841 legatos,
1154 799 1250 832 ctiam
1267 810 1437 833 causarum
1451 799 1560 843 palatii
1579 799 1746 843 apostolici

1004 852 1179 893 auditores,
1204 853 1337 886 iudicari
1359 859 1389 886 et
1410 853 1538 886 definiri
1564 853 1693 893 debere,
1710 863 1746 886 ac

1004 904 1131 938 irritum
1161 911 1192 938 et
1216 905 1310 938 inane
1341 905 1501 949 quidquid
1532 916 1622 939 secus
1649 916 1746 949 super

1004 958 1052 991 his
1069 969 1087 991 a
1100 968 1276 1002 quoquam,
1290 959 1400 1002 quavis
1419 959 1621 999 auctoritate,
1641 958 1744 992 scien-

1004 1017 1052 1044 ter
1071 1012 1119 1044 vel
1139 1011 1339 1054 ignoranter,
1364 1012 1536 1054 contigerit
1556 1012 1718 1045 attentari.

1048 1064 1113 1107 §st
1148 1065 1217 1099 Non
1241 1065 1443 1098 obstantibus
1474 1065 1681 1109 praemissis,
1709 1076 1745 1099 ac

1003 1119 1167 1162 quibusvis
1187 1119 1471 1153 constitutionibus
1489 1119 1744 1153 etordinationi-

1003 1172 1062 1205 bus
1082 1173 1279 1216 apostolicis,
1303 1183 1340 1206 ac
1360 1178 1519 1206 terrarum
1541 1179 1572 1206 et
1597 1173 1744 1206 locorum

1003 1226 1243 1269 praedictorum
1255 1253 1262 1267 ,
1279 1226 1374 1259 etiam
1395 1227 1577 1260 iuramento
1593 1254 1599 1267 ,
1624 1226 1744 1260 confir-

1004 1279 1145 1313 matione
1169 1280 1361 1323 apostolica,
1388 1281 1437 1314 vel
1458 1280 1569 1324 quavis
1590 1279 1745 1313 firmitate

1003 1332 1065 1365 alia
1084 1333 1255 1375 roboratis,
1284 1334 1410 1367 statutis
1431 1339 1461 1367 et
1494 1334 1742 1367 consuetudini-

1003 1386 1074 1427 bus,
1087 1387 1287 1431 caeterisque
1294 1387 1465 1420 contrariis
1472 1387 1741 1431 quilniscumque.

1048 1440 1162 1473 Datum
1187 1440 1309 1473 Romae
1330 1440 1415 1484 apud
1441 1440 1593 1473 Sanctum
1616 1440 1745 1473 Petrum

1003 1493 1062 1525 sub
1092 1494 1212 1527 annulo
1244 1493 1437 1533 Piscatoris,
1462 1494 1513 1527 dic
1541 1504 1600 1527 x111
1635 1493 1746 1538 aprilis

1004 1556 1092 1588 MDCI,
1116 1546 1323 1590 pontificatus
1341 1547 1440 1580 nostri
1462 1557 1548 1580 anno
1569 1558 1598 1580 x.

1041 1609 1097 1637 Dat.
1114 1609 1157 1637 die
1174 1610 1206 1637 13
1225 1611 1318 1645 aprilis
1336 1611 1413 1643 1601,
1434 1611 1531 1645 pontis.
1548 1619 1587 1637 an.
1614 1619 1637 1636 x.

1301 1790 1447 1823 CCLVIII.

1007 1886 1218 1921 canonizatio
1235 1888 1267 1920 S.
1289 1887 1481 1930 Raymundz·
1501 1887 1747 1920 Bai-chinonen-

1048 1952 1103 1992 εἰς,
1120 1953 1312 1995 professoris
1327 1953 1463 1987 Ordinis
1482 1953 1626 1995 fratrum
1634 1952 1666 1986 S.
1685 1952 1746 1985 Do-

1048 2014 1165 2047 minici
1181 2042 1188 2055 ,
1212 2015 1345 2059 eiusque
1371 2015 1488 2048 relatio
1511 2015 1547 2047 in
1572 2024 1746 2047 numerian

1049 2077 1096 2110 ss.
1122 2077 1358 2119 Confessorum:
1386 2081 1414 2109 et
1438 2076 1604 2109 institutio
1623 2076 1746 2119 festivi-

1050 2138 1126 2171 tatis
1144 2149 1205 2181 pro
1230 2138 1281 2171 (lie
1301 2149 1345 2172 v11
1372 2138 1491 2171 mensis
1512 2138 1675 2171 ianuarii.

1029 2229 1165 2256 Clemens
1185 2229 1356 2263 episcopus,
1367 2236 1474 2256 servus
1490 2236 1644 2256 servorum
1655 2229 1718 2262 Dei,

1122 2285 1157 2310 ad
1180 2285 1355 2316 perpetuam
1377 2283 1422 2310 rei
1445 2283 1624 2310 memoriam.

1048 2354 1192 2387 Romana
1220 2354 1383 2387 Catholica
1409 2354 1561 2395 Ecclesia,
1590 2365 1672 2398 quae
1691 2365 1745 2388 su-

1000 2417 1061 2449 pra
1087 2407 1341 2449 fundamentum
1361 2406 1593 2450 Apostolorum
1616 2412 1645 2440 et
1665 2408 1745 2441 Pro-

1000 2459 1187 2502 phetarum,
1223 2460 1291 2503 ipso
1310 2470 1437 2492 summo
1457 2460 1617 2504 tuzyulari
1638 2461 1746 2504 lapide

1004 2513 1132 2546 Christo
1163 2513 1237 2545 Iesu
1258 2513 1437 2555 aedificata,
1466 2513 1617 2547 divinitus
1637 2525 1654 2547 a
1674 2515 1745 2559 Spi-

1002 2566 1065 2599 ritu
1086 2567 1202 2599 Sancto
1226 2567 1359 2608 regitur,
1380 2572 1410 2600 et.
1432 2567 1583 2600 ineffabili
1605 2568 1673 2610 eius
1691 2579 1744 2602 ae-

1003 2625 1110 2654 ternae
1131 2620 1307 2664 sapientiae
1328 2620 1530 2665 providentia
1554 2621 1745 2656 mirabiliter

1762 214 1810 241 Λ11.
1827 214 1857 242 C.
1876 215 1939 242 ¹601

1792 382 1887 409 Eamque
1901 387 1944 403 ser·

1761 409 1805 430 vari
1820 409 1911 430 mandat.

1760 1075 1870 1096 Contraria
1886 1076 1944 1096 tollit.

1786 2359 1928 2381 Prooemium.
