<?xml version="1.0" encoding="UTF-8"?>
<!DOCTYPE html PUBLIC "-//W3C//DTD XHTML 1.0 Transitional//EN"
    "http://www.w3.org/TR/xhtml1/DTD/xhtml1-transitional.dtd">
<html xmlns="http://www.w3.org/1999/xhtml" xml:lang="en" lang="en">
 <head>
  <title>
</title>
<meta http-equiv="Content-Type" content="text/html;charset=utf-8" />
  <meta name='ocr-system' content='tesseract 3.04.00' />
  <meta name='ocr-capabilities' content='ocr_page ocr_carea ocr_par ocr_line ocrx_word'/>
</head>
<body>
  <div class='ocr_page' id='page_1' title='image "./bullarumdiplomat10cath_0713.png"; bbox 0 0 2253 3195; ppageno 0'>
   <div class='ocr_carea' id='block_1_1' title="bbox 0 259 230 291">
    <p class='ocr_par' dir='ltr' id='par_1_1' title="bbox 0 259 230 291">
     <span class='ocr_line' id='line_1_1' title="bbox 0 259 230 291; baseline -0.022 0"><span class='ocrx_word' id='word_1_1' title='bbox 0 265 4 285; x_wconf 74' lang='lat' dir='ltr'>l</span> <span class='ocrx_word' id='word_1_2' title='bbox 55 263 101 291; x_wconf 82' lang='lat' dir='ltr'>An.</span> <span class='ocrx_word' id='word_1_3' title='bbox 117 262 146 289; x_wconf 87' lang='lat' dir='ltr'>C.</span> <span class='ocrx_word' id='word_1_4' title='bbox 170 259 230 287; x_wconf 74' lang='lat'>¹601</span> 
     </span>
    </p>
   </div>
   <div class='ocr_carea' id='block_1_2' title="bbox 70 2285 247 2339">
    <p class='ocr_par' dir='ltr' id='par_1_2' title="bbox 70 2285 247 2339">
     <span class='ocr_line' id='line_1_2' title="bbox 95 2285 247 2309; baseline 0.007 -1"><span class='ocrx_word' id='word_1_5' title='bbox 95 2285 202 2309; x_wconf 61' lang='lat' dir='ltr'>Dion-estu</span> <span class='ocrx_word' id='word_1_6' title='bbox 217 2294 247 2309; x_wconf 76' lang='lat' dir='ltr'>as-</span> 
     </span>
     <span class='ocr_line' id='line_1_3' title="bbox 70 2312 164 2339; baseline 0.011 -6"><span class='ocrx_word' id='word_1_7' title='bbox 70 2312 164 2339; x_wconf 69' lang='lat' dir='ltr'>nlssnatio.</span> 
     </span>
    </p>
   </div>
   <div class='ocr_carea' id='block_1_3' title="bbox 861 255 1005 280">
    <p class='ocr_par' dir='ltr' id='par_1_3' title="bbox 861 255 1005 280">
     <span class='ocr_line' id='line_1_4' title="bbox 861 255 1005 280; baseline 0 -1"><span class='ocrx_word' id='word_1_8' title='bbox 861 255 1005 280; x_wconf 72' lang='lat' dir='ltr'>CLEMENS</span> 
     </span>
    </p>
   </div>
   <div class='ocr_carea' id='block_1_4' title="bbox 1026 255 1153 279">
    <p class='ocr_par' dir='ltr' id='par_1_4' title="bbox 1026 255 1153 279">
     <span class='ocr_line' id='line_1_5' title="bbox 1026 255 1153 279; baseline -0.008 -1"><span class='ocrx_word' id='word_1_9' title='bbox 1026 255 1082 279; x_wconf 86' lang='lat' dir='ltr'>VIII</span> <span class='ocrx_word' id='word_1_10' title='bbox 1105 255 1153 279; x_wconf 72' lang='lat' dir='ltr'>Pr.</span> 
     </span>
    </p>
   </div>
   <div class='ocr_carea' id='block_1_5' title="bbox 295 300 1766 349">
    <p class='ocr_par' dir='ltr' id='par_1_5' title="bbox 295 300 1766 349">
     <span class='ocr_line' id='line_1_6' title="bbox 295 300 1766 349; baseline -0.004 -10"><span class='ocrx_word' id='word_1_11' title='bbox 295 309 310 349; x_wconf 65' lang='grc' dir='ltr'>ξ</span> <span class='ocrx_word' id='word_1_12' title='bbox 332 306 362 339; x_wconf 79' lang='grc'>3.</span> <span class='ocrx_word' id='word_1_13' title='bbox 381 308 423 340; x_wconf 71' lang='lat' dir='ltr'>Ac</span> <span class='ocrx_word' id='word_1_14' title='bbox 442 305 472 338; x_wconf 91' lang='lat' dir='ltr'>in</span> <span class='ocrx_word' id='word_1_15' title='bbox 494 306 605 339; x_wconf 86' lang='lat' dir='ltr'>eadem</span> <span class='ocrx_word' id='word_1_16' title='bbox 628 304 761 338; x_wconf 78' lang='lat' dir='ltr'>ecclesia</span> <span class='ocrx_word' id='word_1_17' title='bbox 776 304 870 346; x_wconf 52' lang='lat' dir='ltr'>Burffi</span> <span class='ocrx_word' id='word_1_18' title='bbox 886 303 915 337; x_wconf 87' lang='lat' dir='ltr'>S.</span> <span class='ocrx_word' id='word_1_19' title='bbox 933 304 993 337; x_wconf 88' lang='lat' dir='ltr'>Do·</span> <span class='ocrx_word' id='word_1_20' title='bbox 1008 306 1010 311; x_wconf 91' lang='grc'><strong>’</strong></span> <span class='ocrx_word' id='word_1_21' title='bbox 1026 302 1277 343; x_wconf 81' lang='lat' dir='ltr'>sonis,ecclesiis</span> <span class='ocrx_word' id='word_1_22' title='bbox 1305 301 1399 335; x_wconf 86' lang='lat' dir='ltr'>etiam</span> <span class='ocrx_word' id='word_1_23' title='bbox 1433 300 1627 343; x_wconf 72' lang='lat' dir='ltr'>collegiatis,</span> <span class='ocrx_word' id='word_1_24' title='bbox 1652 311 1766 334; x_wconf 83' lang='lat' dir='ltr'>mona—</span> 
     </span>
    </p>
   </div>
   <div class='ocr_carea' id='block_1_6' title="bbox 56 350 1012 430">
    <p class='ocr_par' dir='ltr' id='par_1_6' title="bbox 56 350 1012 430">
     <span class='ocr_line' id='line_1_7' title="bbox 56 350 1012 425; baseline -0.006 -31"><span class='ocrx_word' id='word_1_25' title='bbox 56 404 84 425; x_wconf 47' lang='lat' dir='ltr'>ca</span> <span class='ocrx_word' id='word_1_26' title='bbox 115 375 235 423; x_wconf 51' lang='lat' dir='ltr'>clamant»</span> <span class='ocrx_word' id='word_1_27' title='bbox 252 359 352 392; x_wconf 90' lang='lat' dir='ltr'>mnini</span> <span class='ocrx_word' id='word_1_28' title='bbox 368 369 466 392; x_wconf 90' lang='lat' dir='ltr'>unum</span> <span class='ocrx_word' id='word_1_29' title='bbox 493 358 802 394; x_wconf 73' lang='lat' dir='ltr'>archidiaconatum,</span> <span class='ocrx_word' id='word_1_30' title='bbox 818 357 872 400; x_wconf 87' lang='lat' dir='ltr'>qui</span> <span class='ocrx_word' id='word_1_31' title='bbox 891 356 994 389; x_wconf 87' lang='lat' dir='ltr'>maior</span> <span class='ocrx_word' id='word_1_32' title='bbox 1009 350 1012 405; x_wconf 74' lang='lat'>3</span> 
     </span>
     <span class='ocr_line' id='line_1_8' title="bbox 86 404 151 430; baseline -0.031 -6"><span class='ocrx_word' id='word_1_33' title='bbox 86 404 129 430; x_wconf 81' lang='lat' dir='ltr'>pitu</span> <span class='ocrx_word' id='word_1_34' title='bbox 139 404 151 423; x_wconf 90' lang='lat' dir='ltr'>i.</span> 
     </span>
    </p>
   </div>
   <div class='ocr_carea' id='block_1_7' title="bbox 251 410 1029 2649">
    <p class='ocr_par' dir='ltr' id='par_1_7' title="bbox 251 410 1022 2210">
     <span class='ocr_line' id='line_1_9' title="bbox 251 410 1012 457; baseline -0.005 -11"><span class='ocrx_word' id='word_1_35' title='bbox 251 419 323 457; x_wconf 90' lang='lat' dir='ltr'>post</span> <span class='ocrx_word' id='word_1_36' title='bbox 344 412 561 457; x_wconf 87' lang='lat' dir='ltr'>pontificalem</span> <span class='ocrx_word' id='word_1_37' title='bbox 585 422 642 455; x_wconf 85' lang='lat' dir='ltr'>pro</span> <span class='ocrx_word' id='word_1_38' title='bbox 664 422 728 444; x_wconf 91' lang='lat' dir='ltr'>uno</span> <span class='ocrx_word' id='word_1_39' title='bbox 750 410 991 449; x_wconf 79' lang='lat' dir='ltr'>archidiacono,</span> <span class='ocrx_word' id='word_1_40' title='bbox 1011 451 1012 456; x_wconf 66' lang='lat'>,</span> 
     </span>
     <span class='ocr_line' id='line_1_10' title="bbox 251 464 1013 509; baseline -0.005 -9"><span class='ocrx_word' id='word_1_41' title='bbox 251 479 287 500; x_wconf 88' lang='lat' dir='ltr'>ac</span> <span class='ocrx_word' id='word_1_42' title='bbox 301 477 401 500; x_wconf 89' lang='lat' dir='ltr'>unum</span> <span class='ocrx_word' id='word_1_43' title='bbox 416 466 776 509; x_wconf 69' lang='lat' dir='ltr'>archipresbyteratum.</span> <span class='ocrx_word' id='word_1_44' title='bbox 789 464 843 508; x_wconf 84' lang='lat' dir='ltr'>qui</span> <span class='ocrx_word' id='word_1_45' title='bbox 855 464 995 497; x_wconf 88' lang='lat' dir='ltr'>secunda</span> <span class='ocrx_word' id='word_1_46' title='bbox 1010 472 1013 507; x_wconf 96' lang='lat'>3</span> 
     </span>
     <span class='ocr_line' id='line_1_11' title="bbox 251 513 1014 577; baseline -0.008 -23"><span class='ocrx_word' id='word_1_47' title='bbox 251 522 390 564; x_wconf 79' lang='lat' dir='ltr'>dignitas</span> <span class='ocrx_word' id='word_1_48' title='bbox 422 521 499 553; x_wconf 91' lang='lat' dir='ltr'>inibi</span> <span class='ocrx_word' id='word_1_49' title='bbox 526 520 660 553; x_wconf 77' lang='lat' dir='ltr'>existant</span> <span class='ocrx_word' id='word_1_50' title='bbox 693 520 741 552; x_wconf 84' lang='lat' dir='ltr'>(et</span> <span class='ocrx_word' id='word_1_51' title='bbox 771 518 931 560; x_wconf 73' lang='lat' dir='ltr'>magistris</span> <span class='ocrx_word' id='word_1_52' title='bbox 964 513 1014 577; x_wconf 78' lang='lat' dir='ltr'>in3</span> 
     </span>
     <span class='ocr_line' id='line_1_12' title="bbox 251 571 1014 617; baseline -0.008 -9"><span class='ocrx_word' id='word_1_53' title='bbox 251 586 341 609; x_wconf 86' lang='lat' dir='ltr'>sacra</span> <span class='ocrx_word' id='word_1_54' title='bbox 363 574 547 617; x_wconf 75' lang='lat' dir='ltr'>theologia,</span> <span class='ocrx_word' id='word_1_55' title='bbox 572 585 626 607; x_wconf 88' lang='lat' dir='ltr'>seu</span> <span class='ocrx_word' id='word_1_56' title='bbox 649 572 855 609; x_wconf 79' lang='lat' dir='ltr'>doctoribus,</span> <span class='ocrx_word' id='word_1_57' title='bbox 879 576 932 604; x_wconf 86' lang='lat' dir='ltr'>aut</span> <span class='ocrx_word' id='word_1_58' title='bbox 954 571 993 603; x_wconf 92' lang='lat' dir='ltr'>li-</span> <span class='ocrx_word' id='word_1_59' title='bbox 1012 579 1014 599; x_wconf 73' lang='lat' dir='ltr'>t</span> 
     </span>
     <span class='ocr_line' id='line_1_13' title="bbox 253 623 1014 669; baseline -0.007 -7"><span class='ocrx_word' id='word_1_60' title='bbox 253 629 397 662; x_wconf 85' lang='lat' dir='ltr'>centiatis</span> <span class='ocrx_word' id='word_1_61' title='bbox 435 629 467 661; x_wconf 91' lang='lat' dir='ltr'>in</span> <span class='ocrx_word' id='word_1_62' title='bbox 505 627 653 663; x_wconf 77' lang='lat' dir='ltr'>decretis,</span> <span class='ocrx_word' id='word_1_63' title='bbox 685 626 709 658; x_wconf 85' lang='lat' dir='ltr'>si</span> <span class='ocrx_word' id='word_1_64' title='bbox 750 626 818 659; x_wconf 81' lang='lat' dir='ltr'>fieri</span> <span class='ocrx_word' id='word_1_65' title='bbox 855 625 969 669; x_wconf 88' lang='lat' dir='ltr'>poterit</span> <span class='ocrx_word' id='word_1_66' title='bbox 987 652 993 665; x_wconf 83' lang='lat'>,</span> <span class='ocrx_word' id='word_1_67' title='bbox 1013 623 1014 651; x_wconf 64' lang='lat' dir='ltr'>l</span> 
     </span>
     <span class='ocr_line' id='line_1_14' title="bbox 253 674 1015 723; baseline -0.007 -8"><span class='ocrx_word' id='word_1_68' title='bbox 253 682 478 723; x_wconf 88' lang='lat' dir='ltr'>conserantur)</span> <span class='ocrx_word' id='word_1_69' title='bbox 510 691 545 713; x_wconf 82' lang='lat' dir='ltr'>ac</span> <span class='ocrx_word' id='word_1_70' title='bbox 577 690 648 713; x_wconf 84' lang='lat' dir='ltr'>cum</span> <span class='ocrx_word' id='word_1_71' title='bbox 688 678 931 712; x_wconf 85' lang='lat' dir='ltr'>canonicatibus</span> <span class='ocrx_word' id='word_1_72' title='bbox 969 674 1015 711; x_wconf 57' lang='lat' dir='ltr'>et*</span> 
     </span>
     <span class='ocr_line' id='line_1_15' title="bbox 254 732 1016 779; baseline -0.005 -11"><span class='ocrx_word' id='word_1_73' title='bbox 254 735 446 779; x_wconf 80' lang='lat' dir='ltr'>praebendis</span> <span class='ocrx_word' id='word_1_74' title='bbox 464 734 568 767; x_wconf 89' lang='lat' dir='ltr'>dictae</span> <span class='ocrx_word' id='word_1_75' title='bbox 591 733 743 766; x_wconf 88' lang='lat' dir='ltr'>ecclesiae</span> <span class='ocrx_word' id='word_1_76' title='bbox 765 732 859 775; x_wconf 76' lang='lat' dir='ltr'>Burgi</span> <span class='ocrx_word' id='word_1_77' title='bbox 881 732 910 765; x_wconf 89' lang='lat' dir='ltr'>S.</span> <span class='ocrx_word' id='word_1_78' title='bbox 939 732 1016 765; x_wconf 79' lang='lat' dir='ltr'>Do-&#39;</span> 
     </span>
     <span class='ocr_line' id='line_1_16' title="bbox 254 785 997 831; baseline -0.004 -11"><span class='ocrx_word' id='word_1_79' title='bbox 254 787 354 820; x_wconf 93' lang='lat' dir='ltr'>mnini</span> <span class='ocrx_word' id='word_1_80' title='bbox 383 786 642 831; x_wconf 89' lang='lat' dir='ltr'>incompatibiles</span> <span class='ocrx_word' id='word_1_81' title='bbox 674 786 746 823; x_wconf 77' lang='lat' dir='ltr'>sint,</span> <span class='ocrx_word' id='word_1_82' title='bbox 780 796 837 818; x_wconf 89' lang='lat' dir='ltr'>nec</span> <span class='ocrx_word' id='word_1_83' title='bbox 871 785 997 818; x_wconf 84' lang='lat' dir='ltr'>insimul</span> 
     </span>
     <span class='ocr_line' id='line_1_17' title="bbox 254 838 999 884; baseline -0.003 -11"><span class='ocrx_word' id='word_1_84' title='bbox 254 841 320 873; x_wconf 92' lang='lat' dir='ltr'>ullo</span> <span class='ocrx_word' id='word_1_85' title='bbox 349 851 493 884; x_wconf 90' lang='lat' dir='ltr'>unquam</span> <span class='ocrx_word' id='word_1_86' title='bbox 527 846 672 884; x_wconf 85' lang='lat' dir='ltr'>tempore</span> <span class='ocrx_word' id='word_1_87' title='bbox 707 838 845 872; x_wconf 79' lang='lat' dir='ltr'>obtineri</span> <span class='ocrx_word' id='word_1_88' title='bbox 877 838 999 882; x_wconf 79' lang='lat' dir='ltr'>possint</span> 
     </span>
     <span class='ocr_line' id='line_1_18' title="bbox 255 892 997 938; baseline -0.004 -11"><span class='ocrx_word' id='word_1_89' title='bbox 255 905 314 938; x_wconf 90' lang='lat' dir='ltr'>pro</span> <span class='ocrx_word' id='word_1_90' title='bbox 345 905 410 927; x_wconf 90' lang='lat' dir='ltr'>uno</span> <span class='ocrx_word' id='word_1_91' title='bbox 448 894 744 938; x_wconf 79' lang='lat' dir='ltr'>archipresbytero,</span> <span class='ocrx_word' id='word_1_92' title='bbox 781 892 835 936; x_wconf 90' lang='lat' dir='ltr'>qui</span> <span class='ocrx_word' id='word_1_93' title='bbox 868 892 997 936; x_wconf 88' lang='lat' dir='ltr'>quidem</span> 
     </span>
     <span class='ocr_line' id='line_1_19' title="bbox 254 946 1000 990; baseline -0.003 -10"><span class='ocrx_word' id='word_1_94' title='bbox 254 947 501 980; x_wconf 83' lang='lat' dir='ltr'>archidiaconus</span> <span class='ocrx_word' id='word_1_95' title='bbox 543 953 571 979; x_wconf 89' lang='lat' dir='ltr'>et</span> <span class='ocrx_word' id='word_1_96' title='bbox 608 946 865 990; x_wconf 65' lang='lat' dir='ltr'>archipresbyter</span> <span class='ocrx_word' id='word_1_97' title='bbox 902 956 1000 989; x_wconf 84' lang='lat' dir='ltr'>supra</span> 
     </span>
     <span class='ocr_line' id='line_1_20' title="bbox 255 999 1017 1043; baseline -0.003 -10"><span class='ocrx_word' id='word_1_98' title='bbox 255 1011 367 1033; x_wconf 85' lang='lat' dir='ltr'>omncs</span> <span class='ocrx_word' id='word_1_99' title='bbox 397 1000 570 1034; x_wconf 87' lang='lat' dir='ltr'>canonicos</span> <span class='ocrx_word' id='word_1_100' title='bbox 599 999 697 1043; x_wconf 90' lang='lat' dir='ltr'>ipsius</span> <span class='ocrx_word' id='word_1_101' title='bbox 727 999 880 1032; x_wconf 85' lang='lat' dir='ltr'>ecclesiae</span> <span class='ocrx_word' id='word_1_102' title='bbox 905 999 1017 1041; x_wconf 57' lang='lat' dir='ltr'>Burgi*</span> 
     </span>
     <span class='ocr_line' id='line_1_21' title="bbox 256 1052 1017 1095; baseline -0.001 -9"><span class='ocrx_word' id='word_1_103' title='bbox 256 1053 447 1086; x_wconf 90' lang='lat' dir='ltr'>S.Domnini</span> <span class='ocrx_word' id='word_1_104' title='bbox 469 1058 530 1085; x_wconf 83' lang='lat' dir='ltr'>tam</span> <span class='ocrx_word' id='word_1_105' title='bbox 554 1053 584 1085; x_wconf 93' lang='lat' dir='ltr'>in</span> <span class='ocrx_word' id='word_1_106' title='bbox 604 1052 688 1085; x_wconf 87' lang='lat' dir='ltr'>illius</span> <span class='ocrx_word' id='word_1_107' title='bbox 706 1052 925 1095; x_wconf 85' lang='lat' dir='ltr'>choro‚quam</span> <span class='ocrx_word' id='word_1_108' title='bbox 947 1062 1017 1085; x_wconf 62' lang='lat' dir='ltr'>‹za-³</span> 
     </span>
     <span class='ocr_line' id='line_1_22' title="bbox 255 1105 1017 1149; baseline -0.003 -10"><span class='ocrx_word' id='word_1_109' title='bbox 255 1106 357 1149; x_wconf 84' lang='lat' dir='ltr'>pitulo</span> <span class='ocrx_word' id='word_1_110' title='bbox 378 1107 519 1145; x_wconf 77' lang='lat' dir='ltr'>sedeant,</span> <span class='ocrx_word' id='word_1_111' title='bbox 541 1115 716 1149; x_wconf 83' lang='lat' dir='ltr'>vocemque</span> <span class='ocrx_word' id='word_1_112' title='bbox 736 1105 870 1138; x_wconf 75' lang='lat' dir='ltr'>activam</span> <span class='ocrx_word' id='word_1_113' title='bbox 886 1111 917 1138; x_wconf 86' lang='lat' dir='ltr'>et</span> <span class='ocrx_word' id='word_1_114' title='bbox 930 1107 1017 1148; x_wconf 67' lang='lat' dir='ltr'>pas-¹</span> 
     </span>
     <span class='ocr_line' id='line_1_23' title="bbox 255 1158 1000 1202; baseline 0 -11"><span class='ocrx_word' id='word_1_115' title='bbox 255 1159 353 1192; x_wconf 86' lang='lat' dir='ltr'>sivam</span> <span class='ocrx_word' id='word_1_116' title='bbox 375 1159 534 1198; x_wconf 82' lang='lat' dir='ltr'>habeant,</span> <span class='ocrx_word' id='word_1_117' title='bbox 559 1169 684 1191; x_wconf 87' lang='lat' dir='ltr'>necnon</span> <span class='ocrx_word' id='word_1_118' title='bbox 710 1159 794 1192; x_wconf 89' lang='lat' dir='ltr'>ultra</span> <span class='ocrx_word' id='word_1_119' title='bbox 819 1158 1000 1202; x_wconf 85' lang='lat' dir='ltr'>praedictos</span> 
     </span>
     <span class='ocr_line' id='line_1_24' title="bbox 257 1212 1002 1256; baseline 0 -11"><span class='ocrx_word' id='word_1_120' title='bbox 257 1218 328 1246; x_wconf 90' lang='lat' dir='ltr'>octo</span> <span class='ocrx_word' id='word_1_121' title='bbox 347 1213 423 1245; x_wconf 91' lang='lat' dir='ltr'>inibi</span> <span class='ocrx_word' id='word_1_122' title='bbox 445 1213 483 1245; x_wconf 85' lang='lat' dir='ltr'>ad</span> <span class='ocrx_word' id='word_1_123' title='bbox 504 1222 656 1256; x_wconf 81' lang='lat' dir='ltr'>praesens</span> <span class='ocrx_word' id='word_1_124' title='bbox 670 1212 1002 1255; x_wconf 78' lang='lat' dir='ltr'>existeiite5‚quatuor</span> 
     </span>
     <span class='ocr_line' id='line_1_25' title="bbox 257 1265 1001 1309; baseline 0 -11"><span class='ocrx_word' id='word_1_125' title='bbox 257 1266 337 1299; x_wconf 85' lang='lat' dir='ltr'>alios</span> <span class='ocrx_word' id='word_1_126' title='bbox 358 1266 575 1305; x_wconf 84' lang='lat' dir='ltr'>canonicatus,</span> <span class='ocrx_word' id='word_1_127' title='bbox 593 1271 625 1299; x_wconf 83' lang='lat' dir='ltr'>et</span> <span class='ocrx_word' id='word_1_128' title='bbox 645 1265 776 1298; x_wconf 88' lang='lat' dir='ltr'>totidem</span> <span class='ocrx_word' id='word_1_129' title='bbox 800 1265 1001 1309; x_wconf 83' lang='lat' dir='ltr'>praebendas</span> 
     </span>
     <span class='ocr_line' id='line_1_26' title="bbox 258 1318 1019 1363; baseline -0.001 -11"><span class='ocrx_word' id='word_1_130' title='bbox 258 1330 317 1363; x_wconf 90' lang='lat' dir='ltr'>pro</span> <span class='ocrx_word' id='word_1_131' title='bbox 339 1325 478 1363; x_wconf 83' lang='lat' dir='ltr'>quatuor</span> <span class='ocrx_word' id='word_1_132' title='bbox 506 1319 576 1352; x_wconf 91' lang='lat' dir='ltr'>aliis</span> <span class='ocrx_word' id='word_1_133' title='bbox 596 1319 781 1358; x_wconf 89' lang='lat' dir='ltr'>canonicis,</span> <span class='ocrx_word' id='word_1_134' title='bbox 805 1318 859 1362; x_wconf 92' lang='lat' dir='ltr'>qui</span> <span class='ocrx_word' id='word_1_135' title='bbox 890 1329 1019 1352; x_wconf 58' lang='lat' dir='ltr'>omnes1</span> 
     </span>
     <span class='ocr_line' id='line_1_27' title="bbox 258 1371 998 1416; baseline -0.001 -11"><span class='ocrx_word' id='word_1_136' title='bbox 258 1383 323 1405; x_wconf 89' lang='lat' dir='ltr'>una</span> <span class='ocrx_word' id='word_1_137' title='bbox 336 1383 408 1405; x_wconf 89' lang='lat' dir='ltr'>cum</span> <span class='ocrx_word' id='word_1_138' title='bbox 424 1372 654 1406; x_wconf 85' lang='lat' dir='ltr'>archidiacono</span> <span class='ocrx_word' id='word_1_139' title='bbox 668 1377 699 1405; x_wconf 89' lang='lat' dir='ltr'>et</span> <span class='ocrx_word' id='word_1_140' title='bbox 710 1371 998 1416; x_wconf 68' lang='lat' dir='ltr'>archipresbytero,</span> 
     </span>
     <span class='ocr_line' id='line_1_28' title="bbox 260 1425 1002 1471; baseline -0.001 -12"><span class='ocrx_word' id='word_1_141' title='bbox 260 1426 396 1471; x_wconf 88' lang='lat' dir='ltr'>aliisque</span> <span class='ocrx_word' id='word_1_142' title='bbox 415 1434 486 1460; x_wconf 89' lang='lat' dir='ltr'>octo</span> <span class='ocrx_word' id='word_1_143' title='bbox 507 1426 671 1459; x_wconf 89' lang='lat' dir='ltr'>canonicis</span> <span class='ocrx_word' id='word_1_144' title='bbox 689 1425 862 1470; x_wconf 87' lang='lat' dir='ltr'>praedictis</span> <span class='ocrx_word' id='word_1_145' title='bbox 880 1425 1002 1469; x_wconf 88' lang='lat' dir='ltr'>capitu-</span> 
     </span>
     <span class='ocr_line' id='line_1_29' title="bbox 260 1477 1020 1523; baseline -0.003 -10"><span class='ocrx_word' id='word_1_146' title='bbox 260 1480 325 1513; x_wconf 92' lang='lat' dir='ltr'>lum</span> <span class='ocrx_word' id='word_1_147' title='bbox 348 1480 534 1513; x_wconf 91' lang='lat' dir='ltr'>huiusmodi</span> <span class='ocrx_word' id='word_1_148' title='bbox 559 1480 771 1519; x_wconf 81' lang='lat' dir='ltr'>constituant,</span> <span class='ocrx_word' id='word_1_149' title='bbox 795 1485 824 1512; x_wconf 89' lang='lat' dir='ltr'>et</span> <span class='ocrx_word' id='word_1_150' title='bbox 846 1479 932 1523; x_wconf 86' lang='lat' dir='ltr'>apud</span> <span class='ocrx_word' id='word_1_151' title='bbox 954 1477 1020 1512; x_wconf 63' lang='lat' dir='ltr'>cti-³</span> 
     </span>
     <span class='ocr_line' id='line_1_30' title="bbox 260 1532 1001 1576; baseline -0.003 -9"><span class='ocrx_word' id='word_1_152' title='bbox 260 1540 342 1567; x_wconf 90' lang='lat' dir='ltr'>ctam</span> <span class='ocrx_word' id='word_1_153' title='bbox 365 1534 531 1567; x_wconf 87' lang='lat' dir='ltr'>eeclesiam</span> <span class='ocrx_word' id='word_1_154' title='bbox 555 1533 650 1576; x_wconf 81' lang='lat' dir='ltr'>Burgi</span> <span class='ocrx_word' id='word_1_155' title='bbox 675 1533 706 1566; x_wconf 84' lang='lat' dir='ltr'>S.</span> <span class='ocrx_word' id='word_1_156' title='bbox 731 1532 879 1566; x_wconf 90' lang='lat' dir='ltr'>Domnini</span> <span class='ocrx_word' id='word_1_157' title='bbox 900 1533 945 1565; x_wconf 91' lang='lat' dir='ltr'>illi</span> <span class='ocrx_word' id='word_1_158' title='bbox 971 1532 1001 1565; x_wconf 93' lang='lat' dir='ltr'>in</span> 
     </span>
     <span class='ocr_line' id='line_1_31' title="bbox 260 1587 999 1630; baseline -0.003 -9"><span class='ocrx_word' id='word_1_159' title='bbox 260 1587 374 1621; x_wconf 88' lang='lat' dir='ltr'>divinis</span> <span class='ocrx_word' id='word_1_160' title='bbox 405 1587 609 1620; x_wconf 85' lang='lat' dir='ltr'>laudabiliter</span> <span class='ocrx_word' id='word_1_161' title='bbox 642 1587 850 1620; x_wconf 81' lang='lat' dir='ltr'>deserviendo</span> <span class='ocrx_word' id='word_1_162' title='bbox 886 1597 999 1630; x_wconf 87' lang='lat' dir='ltr'>perso-</span> 
     </span>
     <span class='ocr_line' id='line_1_32' title="bbox 260 1640 1003 1684; baseline -0.003 -9"><span class='ocrx_word' id='word_1_163' title='bbox 260 1642 377 1675; x_wconf 83' lang='lat' dir='ltr'>naliter</span> <span class='ocrx_word' id='word_1_164' title='bbox 394 1641 574 1681; x_wconf 62' lang='lat' dir='ltr'>resideant,</span> <span class='ocrx_word' id='word_1_165' title='bbox 598 1640 809 1684; x_wconf 89' lang='lat' dir='ltr'>habitumque</span> <span class='ocrx_word' id='word_1_166' title='bbox 831 1640 1003 1673; x_wconf 85' lang='lat' dir='ltr'>canonica-</span> 
     </span>
     <span class='ocr_line' id='line_1_33' title="bbox 260 1694 1003 1738; baseline -0.003 -10"><span class='ocrx_word' id='word_1_167' title='bbox 260 1696 323 1728; x_wconf 86' lang='lat' dir='ltr'>lem</span> <span class='ocrx_word' id='word_1_168' title='bbox 354 1702 416 1728; x_wconf 87' lang='lat' dir='ltr'>tam</span> <span class='ocrx_word' id='word_1_169' title='bbox 448 1695 479 1727; x_wconf 92' lang='lat' dir='ltr'>in</span> <span class='ocrx_word' id='word_1_170' title='bbox 509 1695 608 1727; x_wconf 89' lang='lat' dir='ltr'>choro</span> <span class='ocrx_word' id='word_1_171' title='bbox 630 1704 726 1738; x_wconf 88' lang='lat' dir='ltr'>quam</span> <span class='ocrx_word' id='word_1_172' title='bbox 749 1694 889 1738; x_wconf 85' lang='lat' dir='ltr'>capitulo</span> <span class='ocrx_word' id='word_1_173' title='bbox 910 1705 1003 1738; x_wconf 85' lang='lat' dir='ltr'>prae-</span> 
     </span>
     <span class='ocr_line' id='line_1_34' title="bbox 262 1747 1022 1792; baseline -0.003 -10"><span class='ocrx_word' id='word_1_174' title='bbox 262 1749 364 1789; x_wconf 79' lang='lat' dir='ltr'>dictis,</span> <span class='ocrx_word' id='word_1_175' title='bbox 392 1760 451 1782; x_wconf 86' lang='lat' dir='ltr'>nec</span> <span class='ocrx_word' id='word_1_176' title='bbox 476 1759 540 1781; x_wconf 91' lang='lat' dir='ltr'>non</span> <span class='ocrx_word' id='word_1_177' title='bbox 572 1748 845 1792; x_wconf 74' lang='lat' dir='ltr'>processionibus,</span> <span class='ocrx_word' id='word_1_178' title='bbox 877 1754 907 1781; x_wconf 90' lang='lat' dir='ltr'>et</span> <span class='ocrx_word' id='word_1_179' title='bbox 934 1747 1022 1788; x_wconf 67' lang='lat' dir='ltr'>aliis,</span> 
     </span>
     <span class='ocr_line' id='line_1_35' title="bbox 261 1801 1005 1846; baseline -0.003 -11"><span class='ocrx_word' id='word_1_180' title='bbox 261 1802 383 1836; x_wconf 88' lang='lat' dir='ltr'>actibus</span> <span class='ocrx_word' id='word_1_181' title='bbox 403 1813 462 1846; x_wconf 90' lang='lat' dir='ltr'>per</span> <span class='ocrx_word' id='word_1_182' title='bbox 483 1802 656 1835; x_wconf 86' lang='lat' dir='ltr'>canonicos</span> <span class='ocrx_word' id='word_1_183' title='bbox 681 1801 816 1834; x_wconf 86' lang='lat' dir='ltr'>aliarum</span> <span class='ocrx_word' id='word_1_184' title='bbox 838 1801 1005 1834; x_wconf 85' lang='lat' dir='ltr'>cathedra-</span> 
     </span>
     <span class='ocr_line' id='line_1_36' title="bbox 262 1854 1006 1898; baseline -0.001 -10"><span class='ocrx_word' id='word_1_185' title='bbox 262 1856 339 1889; x_wconf 90' lang='lat' dir='ltr'>lium</span> <span class='ocrx_word' id='word_1_186' title='bbox 355 1855 575 1895; x_wconf 87' lang='lat' dir='ltr'>ecclcsiarum,</span> <span class='ocrx_word' id='word_1_187' title='bbox 593 1855 804 1898; x_wconf 82' lang='lat' dir='ltr'>etdignitates</span> <span class='ocrx_word' id='word_1_188' title='bbox 822 1855 854 1887; x_wconf 94' lang='lat' dir='ltr'>in</span> <span class='ocrx_word' id='word_1_189' title='bbox 868 1854 912 1888; x_wconf 88' lang='lat' dir='ltr'>eis</span> <span class='ocrx_word' id='word_1_190' title='bbox 924 1854 1006 1888; x_wconf 89' lang='lat' dir='ltr'>obti-</span> 
     </span>
     <span class='ocr_line' id='line_1_37' title="bbox 261 1908 1004 1953; baseline -0.003 -10"><span class='ocrx_word' id='word_1_191' title='bbox 261 1916 373 1943; x_wconf 87' lang='lat' dir='ltr'>nentes</span> <span class='ocrx_word' id='word_1_192' title='bbox 391 1910 507 1953; x_wconf 79' lang='lat' dir='ltr'>gestari</span> <span class='ocrx_word' id='word_1_193' title='bbox 528 1909 669 1950; x_wconf 90' lang='lat' dir='ltr'>solitum,</span> <span class='ocrx_word' id='word_1_194' title='bbox 687 1908 842 1947; x_wconf 87' lang='lat' dir='ltr'>deferant,</span> <span class='ocrx_word' id='word_1_195' title='bbox 855 1919 890 1942; x_wconf 89' lang='lat' dir='ltr'>ac</span> <span class='ocrx_word' id='word_1_196' title='bbox 907 1919 1004 1941; x_wconf 90' lang='lat' dir='ltr'>unam</span> 
     </span>
     <span class='ocr_line' id='line_1_38' title="bbox 262 1963 1005 2007; baseline -0.003 -10"><span class='ocrx_word' id='word_1_197' title='bbox 262 1970 450 2007; x_wconf 86' lang='lat' dir='ltr'>perpetuam</span> <span class='ocrx_word' id='word_1_198' title='bbox 483 1963 635 1996; x_wconf 83' lang='lat' dir='ltr'>vicariam</span> <span class='ocrx_word' id='word_1_199' title='bbox 666 1973 724 2007; x_wconf 91' lang='lat' dir='ltr'>pro</span> <span class='ocrx_word' id='word_1_200' title='bbox 756 1973 821 1996; x_wconf 91' lang='lat' dir='ltr'>uno</span> <span class='ocrx_word' id='word_1_201' title='bbox 850 1968 1005 2006; x_wconf 87' lang='lat' dir='ltr'>perpetuo</span> 
     </span>
     <span class='ocr_line' id='line_1_39' title="bbox 262 2015 1005 2060; baseline -0.004 -10"><span class='ocrx_word' id='word_1_202' title='bbox 262 2017 391 2058; x_wconf 68' lang='lat' dir='ltr'>vicario,</span> <span class='ocrx_word' id='word_1_203' title='bbox 406 2017 459 2060; x_wconf 88' lang='lat' dir='ltr'>qui</span> <span class='ocrx_word' id='word_1_204' title='bbox 478 2027 587 2049; x_wconf 86' lang='lat' dir='ltr'>curam</span> <span class='ocrx_word' id='word_1_205' title='bbox 607 2016 787 2049; x_wconf 87' lang='lat' dir='ltr'>animarum</span> <span class='ocrx_word' id='word_1_206' title='bbox 809 2015 1005 2059; x_wconf 86' lang='lat' dir='ltr'>praedictam</span> 
     </span>
     <span class='ocr_line' id='line_1_40' title="bbox 262 2069 1007 2111; baseline -0.001 -8"><span class='ocrx_word' id='word_1_207' title='bbox 262 2070 382 2103; x_wconf 87' lang='lat' dir='ltr'>ibidem</span> <span class='ocrx_word' id='word_1_208' title='bbox 415 2075 582 2111; x_wconf 86' lang='lat' dir='ltr'>exerceat,</span> <span class='ocrx_word' id='word_1_209' title='bbox 611 2069 801 2103; x_wconf 85' lang='lat' dir='ltr'>auctoritate</span> <span class='ocrx_word' id='word_1_210' title='bbox 833 2075 864 2102; x_wconf 88' lang='lat' dir='ltr'>et</span> <span class='ocrx_word' id='word_1_211' title='bbox 896 2074 1007 2102; x_wconf 84' lang='lat' dir='ltr'>tenore</span> 
     </span>
     <span class='ocr_line' id='line_1_41' title="bbox 262 2122 1009 2168; baseline -0.004 -11"><span class='ocrx_word' id='word_1_212' title='bbox 262 2123 456 2168; x_wconf 86' lang='lat' dir='ltr'>praedictis,</span> <span class='ocrx_word' id='word_1_213' title='bbox 481 2123 575 2156; x_wconf 86' lang='lat' dir='ltr'>etiam</span> <span class='ocrx_word' id='word_1_214' title='bbox 609 2129 765 2166; x_wconf 90' lang='lat' dir='ltr'>perpetuo</span> <span class='ocrx_word' id='word_1_215' title='bbox 797 2122 951 2165; x_wconf 81' lang='lat' dir='ltr'>erigimus</span> <span class='ocrx_word' id='word_1_216' title='bbox 979 2128 1009 2155; x_wconf 89' lang='lat' dir='ltr'>et</span> 
     </span>
     <span class='ocr_line' id='line_1_42' title="bbox 264 2177 471 2210; baseline 0 0"><span class='ocrx_word' id='word_1_217' title='bbox 264 2177 471 2210; x_wconf 87' lang='lat' dir='ltr'>instituimus.</span> 
     </span>
    </p>

    <p class='ocr_par' dir='ltr' id='par_1_8' title="bbox 265 2229 1029 2649">
     <span class='ocr_line' id='line_1_43' title="bbox 308 2229 1008 2273; baseline -0.004 -9"><span class='ocrx_word' id='word_1_218' title='bbox 308 2232 324 2273; x_wconf 67' lang='grc' dir='ltr'>ξ</span> <span class='ocrx_word' id='word_1_219' title='bbox 342 2230 373 2264; x_wconf 72' lang='grc'>4.</span> <span class='ocrx_word' id='word_1_220' title='bbox 398 2231 527 2264; x_wconf 82' lang='lat' dir='ltr'>Necnon</span> <span class='ocrx_word' id='word_1_221' title='bbox 549 2230 588 2263; x_wconf 87' lang='lat' dir='ltr'>ab</span> <span class='ocrx_word' id='word_1_222' title='bbox 609 2229 743 2263; x_wconf 82' lang='lat' dir='ltr'>ecclesia</span> <span class='ocrx_word' id='word_1_223' title='bbox 764 2229 920 2263; x_wconf 87' lang='lat' dir='ltr'>dioecesis</span> <span class='ocrx_word' id='word_1_224' title='bbox 937 2229 1008 2262; x_wconf 92' lang='lat' dir='ltr'>Cre-</span> 
     </span>
     <span class='ocr_line' id='line_1_44' title="bbox 266 2282 1009 2327; baseline -0.004 -10"><span class='ocrx_word' id='word_1_225' title='bbox 266 2284 428 2317; x_wconf 90' lang='lat' dir='ltr'>monensis</span> <span class='ocrx_word' id='word_1_226' title='bbox 450 2290 548 2317; x_wconf 82' lang='lat' dir='ltr'>totam</span> <span class='ocrx_word' id='word_1_227' title='bbox 576 2290 607 2317; x_wconf 87' lang='lat' dir='ltr'>et</span> <span class='ocrx_word' id='word_1_228' title='bbox 634 2284 791 2326; x_wconf 83' lang='lat' dir='ltr'>integram</span> <span class='ocrx_word' id='word_1_229' title='bbox 818 2288 942 2327; x_wconf 85' lang='lat' dir='ltr'>partem</span> <span class='ocrx_word' id='word_1_230' title='bbox 965 2282 1009 2315; x_wconf 89' lang='lat' dir='ltr'>ci-</span> 
     </span>
     <span class='ocr_line' id='line_1_45' title="bbox 266 2336 1028 2377; baseline -0.004 -7"><span class='ocrx_word' id='word_1_231' title='bbox 266 2344 313 2371; x_wconf 86' lang='lat' dir='ltr'>tra</span> <span class='ocrx_word' id='word_1_232' title='bbox 333 2337 503 2371; x_wconf 90' lang='lat' dir='ltr'>dimidium</span> <span class='ocrx_word' id='word_1_233' title='bbox 526 2336 668 2370; x_wconf 83' lang='lat' dir='ltr'>fluminis</span> <span class='ocrx_word' id='word_1_234' title='bbox 682 2336 757 2369; x_wconf 87' lang='lat' dir='ltr'>Padi</span> <span class='ocrx_word' id='word_1_235' title='bbox 772 2346 881 2368; x_wconf 85' lang='lat' dir='ltr'>versus</span> <span class='ocrx_word' id='word_1_236' title='bbox 895 2345 1007 2377; x_wconf 83' lang='lat' dir='ltr'>agrum</span> <span class='ocrx_word' id='word_1_237' title='bbox 1026 2353 1028 2367; x_wconf 55' lang='grc' dir='ltr'>ι</span> 
     </span>
     <span class='ocr_line' id='line_1_46' title="bbox 265 2388 1010 2433; baseline -0.005 -9"><span class='ocrx_word' id='word_1_238' title='bbox 265 2391 552 2430; x_wconf 85' lang='lat' dir='ltr'>Parmensem‚sub</span> <span class='ocrx_word' id='word_1_239' title='bbox 571 2389 741 2433; x_wconf 89' lang='lat' dir='ltr'>temporali</span> <span class='ocrx_word' id='word_1_240' title='bbox 763 2388 907 2422; x_wconf 88' lang='lat' dir='ltr'>dominio</span> <span class='ocrx_word' id='word_1_241' title='bbox 929 2389 1010 2421; x_wconf 88' lang='lat' dir='ltr'>eius-</span> 
     </span>
     <span class='ocr_line' id='line_1_47' title="bbox 266 2442 1028 2489; baseline -0.007 -11"><span class='ocrx_word' id='word_1_242' title='bbox 266 2446 338 2478; x_wconf 89' lang='lat' dir='ltr'>dem</span> <span class='ocrx_word' id='word_1_243' title='bbox 356 2444 505 2489; x_wconf 79' lang='lat' dir='ltr'>Raynutii</span> <span class='ocrx_word' id='word_1_244' title='bbox 519 2443 608 2476; x_wconf 90' lang='lat' dir='ltr'>ducis</span> <span class='ocrx_word' id='word_1_245' title='bbox 622 2443 820 2481; x_wconf 77' lang='lat' dir='ltr'>existentem,</span> <span class='ocrx_word' id='word_1_246' title='bbox 837 2452 918 2485; x_wconf 85' lang='lat' dir='ltr'>quae</span> <span class='ocrx_word' id='word_1_247' title='bbox 933 2442 1008 2474; x_wconf 56' lang='lat' dir='ltr'>Bula</span> <span class='ocrx_word' id='word_1_248' title='bbox 1027 2443 1028 2449; x_wconf 62' lang='lat'>¹</span> 
     </span>
     <span class='ocr_line' id='line_1_48' title="bbox 265 2495 1007 2537; baseline -0.007 -5"><span class='ocrx_word' id='word_1_249' title='bbox 265 2505 379 2537; x_wconf 85' lang='lat' dir='ltr'>sctum,</span> <span class='ocrx_word' id='word_1_250' title='bbox 391 2498 620 2536; x_wconf 87' lang='lat' dir='ltr'>Monticellum‚</span> <span class='ocrx_word' id='word_1_251' title='bbox 632 2497 800 2536; x_wconf 88' lang='lat' dir='ltr'>Libellum,</span> <span class='ocrx_word' id='word_1_252' title='bbox 811 2495 1007 2535; x_wconf 84' lang='lat' dir='ltr'>Polosinum,</span> 
     </span>
     <span class='ocr_line' id='line_1_49' title="bbox 267 2541 1029 2594; baseline -0.007 -9"><span class='ocrx_word' id='word_1_253' title='bbox 267 2558 297 2585; x_wconf 81' lang='lat' dir='ltr'>et</span> <span class='ocrx_word' id='word_1_254' title='bbox 317 2552 472 2585; x_wconf 88' lang='lat' dir='ltr'>nonnulla</span> <span class='ocrx_word' id='word_1_255' title='bbox 497 2551 558 2584; x_wconf 83' lang='lat' dir='ltr'>alia</span> <span class='ocrx_word' id='word_1_256' title='bbox 579 2550 720 2594; x_wconf 90' lang='lat' dir='ltr'>oppida,</span> <span class='ocrx_word' id='word_1_257' title='bbox 750 2556 872 2589; x_wconf 85' lang='lat' dir='ltr'>terras,</span> <span class='ocrx_word' id='word_1_258' title='bbox 896 2548 1007 2587; x_wconf 85' lang='lat' dir='ltr'>villas,</span> <span class='ocrx_word' id='word_1_259' title='bbox 1027 2541 1029 2553; x_wconf 89' lang='lat'>&#39;</span> 
     </span>
     <span class='ocr_line' id='line_1_50' title="bbox 266 2601 1007 2649; baseline -0.007 -11"><span class='ocrx_word' id='word_1_260' title='bbox 266 2616 366 2649; x_wconf 81' lang='lat' dir='ltr'>pagos</span> <span class='ocrx_word' id='word_1_261' title='bbox 386 2610 417 2638; x_wconf 89' lang='lat' dir='ltr'>et</span> <span class='ocrx_word' id='word_1_262' title='bbox 436 2605 507 2638; x_wconf 88' lang='lat' dir='ltr'>loca</span> <span class='ocrx_word' id='word_1_263' title='bbox 528 2604 682 2643; x_wconf 83' lang='lat' dir='ltr'>continet,</span> <span class='ocrx_word' id='word_1_264' title='bbox 707 2613 779 2637; x_wconf 87' lang='lat' dir='ltr'>cum</span> <span class='ocrx_word' id='word_1_265' title='bbox 806 2602 934 2635; x_wconf 91' lang='lat' dir='ltr'>illorum</span> <span class='ocrx_word' id='word_1_266' title='bbox 957 2601 1007 2634; x_wconf 86' lang='lat' dir='ltr'>iu-</span> 
     </span>
    </p>
   </div>
   <div class='ocr_carea' id='block_1_8' title="bbox 1016 945 1032 2693">
    <p class='ocr_par' dir='ltr' id='par_1_9' title="bbox 1016 945 1032 2693">
     <span class='ocr_line' id='line_1_51' title="bbox 1016 945 1032 2693; baseline 0 0"><span class='ocrx_word' id='word_1_267' title='bbox 1016 945 1032 2693; x_wconf 95' lang='lat' dir='ltr'> </span> 
     </span>
    </p>
   </div>
   <div class='ocr_carea' id='block_1_9' title="bbox 267 2656 1011 2699">
    <p class='ocr_par' dir='ltr' id='par_1_10' title="bbox 267 2656 1011 2699">
     <span class='ocr_line' id='line_1_52' title="bbox 267 2656 1011 2699; baseline -0.004 -9"><span class='ocrx_word' id='word_1_268' title='bbox 267 2658 366 2699; x_wconf 80' lang='lat' dir='ltr'>ribus,</span> <span class='ocrx_word' id='word_1_269' title='bbox 391 2657 598 2697; x_wconf 83' lang='lat' dir='ltr'>districtibus,</span> <span class='ocrx_word' id='word_1_270' title='bbox 624 2656 804 2695; x_wconf 79' lang='lat' dir='ltr'>territoriis,</span> <span class='ocrx_word' id='word_1_271' title='bbox 829 2656 1011 2698; x_wconf 83' lang='lat' dir='ltr'>clero,per-</span> 
     </span>
    </p>
   </div>
   <div class='ocr_carea' id='block_1_10' title="bbox 1027 355 1774 773">
    <p class='ocr_par' dir='ltr' id='par_1_11' title="bbox 1027 355 1774 773">
     <span class='ocr_line' id='line_1_53' title="bbox 1027 355 1767 400; baseline -0.003 -11"><span class='ocrx_word' id='word_1_272' title='bbox 1027 357 1148 394; x_wconf 76' lang='lat' dir='ltr'>steriis,</span> <span class='ocrx_word' id='word_1_273' title='bbox 1173 356 1369 400; x_wconf 82' lang='lat' dir='ltr'>prioratibus</span> <span class='ocrx_word' id='word_1_274' title='bbox 1390 362 1417 389; x_wconf 90' lang='lat' dir='ltr'>et</span> <span class='ocrx_word' id='word_1_275' title='bbox 1441 356 1510 388; x_wconf 90' lang='lat' dir='ltr'>aliis</span> <span class='ocrx_word' id='word_1_276' title='bbox 1530 355 1695 389; x_wconf 87' lang='lat' dir='ltr'>beneficiis</span> <span class='ocrx_word' id='word_1_277' title='bbox 1713 366 1767 387; x_wconf 73' lang='lat' dir='ltr'>ec-</span> 
     </span>
     <span class='ocr_line' id='line_1_54' title="bbox 1029 409 1770 443; baseline -0.003 0"><span class='ocrx_word' id='word_1_278' title='bbox 1029 410 1213 443; x_wconf 87' lang='lat' dir='ltr'>clesiasticis</span> <span class='ocrx_word' id='word_1_279' title='bbox 1232 421 1302 443; x_wconf 88' lang='lat' dir='ltr'>cum</span> <span class='ocrx_word' id='word_1_280' title='bbox 1326 421 1402 443; x_wconf 82' lang='lat' dir='ltr'>cura</span> <span class='ocrx_word' id='word_1_281' title='bbox 1424 415 1454 442; x_wconf 90' lang='lat' dir='ltr'>et</span> <span class='ocrx_word' id='word_1_282' title='bbox 1474 409 1541 442; x_wconf 90' lang='lat' dir='ltr'>sine</span> <span class='ocrx_word' id='word_1_283' title='bbox 1563 419 1639 442; x_wconf 81' lang='lat' dir='ltr'>cura</span> <span class='ocrx_word' id='word_1_284' title='bbox 1659 419 1770 442; x_wconf 85' lang='lat' dir='ltr'>saecu-</span> 
     </span>
     <span class='ocr_line' id='line_1_55' title="bbox 1030 464 1768 507; baseline -0.003 -11"><span class='ocrx_word' id='word_1_285' title='bbox 1030 464 1171 502; x_wconf 80' lang='lat' dir='ltr'>laribus,</span> <span class='ocrx_word' id='word_1_286' title='bbox 1207 475 1241 497; x_wconf 86' lang='lat' dir='ltr'>ac</span> <span class='ocrx_word' id='word_1_287' title='bbox 1278 464 1432 498; x_wconf 90' lang='lat' dir='ltr'>Ordinum</span> <span class='ocrx_word' id='word_1_288' title='bbox 1466 473 1768 507; x_wconf 85' lang='lat' dir='ltr'>quorumcumque,</span> 
     </span>
     <span class='ocr_line' id='line_1_56' title="bbox 1030 516 1772 560; baseline -0.003 -10"><span class='ocrx_word' id='word_1_289' title='bbox 1030 517 1124 550; x_wconf 88' lang='lat' dir='ltr'>etiam</span> <span class='ocrx_word' id='word_1_290' title='bbox 1148 518 1344 557; x_wconf 83' lang='lat' dir='ltr'>Militiarum‚</span> <span class='ocrx_word' id='word_1_291' title='bbox 1369 523 1396 550; x_wconf 88' lang='lat' dir='ltr'>et</span> <span class='ocrx_word' id='word_1_292' title='bbox 1419 517 1479 560; x_wconf 94' lang='lat' dir='ltr'>piis</span> <span class='ocrx_word' id='word_1_293' title='bbox 1501 517 1577 550; x_wconf 87' lang='lat' dir='ltr'>locis</span> <span class='ocrx_word' id='word_1_294' title='bbox 1606 516 1772 558; x_wconf 78' lang='lat' dir='ltr'>Regulari-</span> 
     </span>
     <span class='ocr_line' id='line_1_57' title="bbox 1031 570 1772 609; baseline -0.003 -5"><span class='ocrx_word' id='word_1_295' title='bbox 1031 571 1100 609; x_wconf 86' lang='lat' dir='ltr'>bus,</span> <span class='ocrx_word' id='word_1_296' title='bbox 1118 571 1240 604; x_wconf 85' lang='lat' dir='ltr'>etiamsi</span> <span class='ocrx_word' id='word_1_297' title='bbox 1256 571 1447 604; x_wconf 88' lang='lat' dir='ltr'>venerabilis</span> <span class='ocrx_word' id='word_1_298' title='bbox 1468 570 1573 603; x_wconf 83' lang='lat' dir='ltr'>fratris</span> <span class='ocrx_word' id='word_1_299' title='bbox 1587 570 1687 603; x_wconf 88' lang='lat' dir='ltr'>nostri</span> <span class='ocrx_word' id='word_1_300' title='bbox 1703 580 1772 602; x_wconf 92' lang='lat' dir='ltr'>mo-</span> 
     </span>
     <span class='ocr_line' id='line_1_58' title="bbox 1032 623 1771 668; baseline -0.004 -10"><span class='ocrx_word' id='word_1_301' title='bbox 1032 625 1122 658; x_wconf 86' lang='lat' dir='ltr'>derni</span> <span class='ocrx_word' id='word_1_302' title='bbox 1153 624 1317 668; x_wconf 82' lang='lat' dir='ltr'>episcopi,</span> <span class='ocrx_word' id='word_1_303' title='bbox 1342 636 1378 657; x_wconf 89' lang='lat' dir='ltr'>ac</span> <span class='ocrx_word' id='word_1_304' title='bbox 1409 624 1598 658; x_wconf 88' lang='lat' dir='ltr'>dilectorum</span> <span class='ocrx_word' id='word_1_305' title='bbox 1631 623 1771 656; x_wconf 84' lang='lat' dir='ltr'>filiorum</span> 
     </span>
     <span class='ocr_line' id='line_1_59' title="bbox 1033 677 1774 721; baseline -0.003 -11"><span class='ocrx_word' id='word_1_306' title='bbox 1033 678 1162 721; x_wconf 88' lang='lat' dir='ltr'>capituli</span> <span class='ocrx_word' id='word_1_307' title='bbox 1184 677 1407 711; x_wconf 87' lang='lat' dir='ltr'>Cremonensis</span> <span class='ocrx_word' id='word_1_308' title='bbox 1428 683 1458 709; x_wconf 87' lang='lat' dir='ltr'>et</span> <span class='ocrx_word' id='word_1_309' title='bbox 1478 677 1709 720; x_wconf 85' lang='lat' dir='ltr'>cuiuscumque</span> <span class='ocrx_word' id='word_1_310' title='bbox 1730 677 1774 709; x_wconf 86' lang='lat' dir='ltr'>al-</span> 
     </span>
     <span class='ocr_line' id='line_1_60' title="bbox 1034 731 1773 773; baseline -0.001 -10"><span class='ocrx_word' id='word_1_311' title='bbox 1034 731 1131 764; x_wconf 83' lang='lat' dir='ltr'>terius</span> <span class='ocrx_word' id='word_1_312' title='bbox 1151 731 1190 764; x_wconf 90' lang='lat' dir='ltr'>ad</span> <span class='ocrx_word' id='word_1_313' title='bbox 1213 731 1242 763; x_wconf 88' lang='lat' dir='ltr'>id</span> <span class='ocrx_word' id='word_1_314' title='bbox 1264 741 1326 763; x_wconf 88' lang='lat' dir='ltr'>non</span> <span class='ocrx_word' id='word_1_315' title='bbox 1342 731 1474 764; x_wconf 84' lang='lat' dir='ltr'>accedat</span> <span class='ocrx_word' id='word_1_316' title='bbox 1494 741 1652 769; x_wconf 84' lang='lat' dir='ltr'>assensus,</span> <span class='ocrx_word' id='word_1_317' title='bbox 1669 740 1773 773; x_wconf 88' lang='lat' dir='ltr'>neque</span> 
     </span>
    </p>
   </div>
   <div class='ocr_carea' id='block_1_11' title="bbox 1015 782 1776 989">
    <p class='ocr_par' dir='ltr' id='par_1_12' title="bbox 1015 782 1776 989">
     <span class='ocr_line' id='line_1_61' title="bbox 1034 782 1773 828; baseline -0.004 -11.075"><span class='ocrx_word' id='word_1_318' title='bbox 1034 784 1091 827; x_wconf 90' lang='lat' dir='ltr'>ipsi</span> <span class='ocrx_word' id='word_1_319' title='bbox 1113 784 1152 817; x_wconf 86' lang='lat' dir='ltr'>ad</span> <span class='ocrx_word' id='word_1_320' title='bbox 1174 784 1350 828; x_wconf 81' lang='lat' dir='ltr'>praemissa</span> <span class='ocrx_word' id='word_1_321' title='bbox 1371 784 1473 816; x_wconf 78' lang='lat' dir='ltr'>vocati</span> <span class='ocrx_word' id='word_1_322' title='bbox 1500 783 1629 822; x_wconf 86' lang='lat' dir='ltr'>suerint,</span> <span class='ocrx_word' id='word_1_323' title='bbox 1653 782 1773 815; x_wconf 87' lang='lat' dir='ltr'>eisdem</span> 
     </span>
     <span class='ocr_line' id='line_1_62' title="bbox 1015 833 1775 879; baseline -0.003 -9"><span class='ocrx_word' id='word_1_324' title='bbox 1015 833 1222 876; x_wconf 58' lang='lat' dir='ltr'>iauctoritate</span> <span class='ocrx_word' id='word_1_325' title='bbox 1248 843 1275 870; x_wconf 89' lang='lat' dir='ltr'>et</span> <span class='ocrx_word' id='word_1_326' title='bbox 1301 843 1423 877; x_wconf 88' lang='lat' dir='ltr'>tenore,</span> <span class='ocrx_word' id='word_1_327' title='bbox 1447 836 1595 870; x_wconf 87' lang='lat' dir='ltr'>similiter</span> <span class='ocrx_word' id='word_1_328' title='bbox 1619 841 1775 879; x_wconf 89' lang='lat' dir='ltr'>perpetuo</span> 
     </span>
     <span class='ocr_line' id='line_1_63' title="bbox 1015 885 1775 934; baseline -0.004 -10"><span class='ocrx_word' id='word_1_329' title='bbox 1015 885 1017 934; x_wconf 71' lang='grc' dir='ltr'><strong><em>ζ</em></strong></span> <span class='ocrx_word' id='word_1_330' title='bbox 1034 901 1221 934; x_wconf 87' lang='lat' dir='ltr'>separamus</span> <span class='ocrx_word' id='word_1_331' title='bbox 1240 897 1269 923; x_wconf 87' lang='lat' dir='ltr'>et</span> <span class='ocrx_word' id='word_1_332' title='bbox 1290 890 1575 927; x_wconf 81' lang='lat' dir='ltr'>dismemhramus;</span> <span class='ocrx_word' id='word_1_333' title='bbox 1598 889 1717 932; x_wconf 85' lang='lat' dir='ltr'>illaque</span> <span class='ocrx_word' id='word_1_334' title='bbox 1731 889 1775 921; x_wconf 88' lang='lat' dir='ltr'>sic</span> 
     </span>
     <span class='ocr_line' id='line_1_64' title="bbox 1016 943 1776 989; baseline -0.008 -8"><span class='ocrx_word' id='word_1_335' title='bbox 1016 977 1017 981; x_wconf 73' lang='grc'>,</span> <span class='ocrx_word' id='word_1_336' title='bbox 1034 951 1180 989; x_wconf 84' lang='lat' dir='ltr'>separata</span> <span class='ocrx_word' id='word_1_337' title='bbox 1200 952 1230 979; x_wconf 89' lang='lat' dir='ltr'>et</span> <span class='ocrx_word' id='word_1_338' title='bbox 1250 945 1480 978; x_wconf 83' lang='lat' dir='ltr'>dismembrata</span> <span class='ocrx_word' id='word_1_339' title='bbox 1497 944 1535 977; x_wconf 88' lang='lat' dir='ltr'>ab</span> <span class='ocrx_word' id='word_1_340' title='bbox 1554 943 1642 977; x_wconf 90' lang='lat' dir='ltr'>omni</span> <span class='ocrx_word' id='word_1_341' title='bbox 1656 949 1684 976; x_wconf 91' lang='lat' dir='ltr'>et</span> <span class='ocrx_word' id='word_1_342' title='bbox 1698 954 1776 987; x_wconf 88' lang='lat' dir='ltr'>qua-</span> 
     </span>
    </p>
   </div>
   <div class='ocr_carea' id='block_1_12' title="bbox 1035 998 1777 1149">
    <p class='ocr_par' dir='ltr' id='par_1_13' title="bbox 1035 998 1777 1149">
     <span class='ocr_line' id='line_1_65' title="bbox 1035 998 1777 1043; baseline -0.003 -12"><span class='ocrx_word' id='word_1_343' title='bbox 1035 1009 1173 1043; x_wconf 85' lang='lat' dir='ltr'>cumque</span> <span class='ocrx_word' id='word_1_344' title='bbox 1187 998 1417 1039; x_wconf 89' lang='lat' dir='ltr'>iurisdictione,</span> <span class='ocrx_word' id='word_1_345' title='bbox 1427 998 1663 1042; x_wconf 91' lang='lat' dir='ltr'>superioritate,</span> <span class='ocrx_word' id='word_1_346' title='bbox 1673 1007 1777 1030; x_wconf 88' lang='lat' dir='ltr'>corre-</span> 
     </span>
     <span class='ocr_line' id='line_1_66' title="bbox 1035 1050 1776 1095; baseline -0.003 -11"><span class='ocrx_word' id='word_1_347' title='bbox 1035 1052 1150 1091; x_wconf 81' lang='lat' dir='ltr'>ctione,</span> <span class='ocrx_word' id='word_1_348' title='bbox 1175 1051 1357 1085; x_wconf 79' lang='lat' dir='ltr'>visitatione</span> <span class='ocrx_word' id='word_1_349' title='bbox 1389 1057 1420 1084; x_wconf 90' lang='lat' dir='ltr'>et</span> <span class='ocrx_word' id='word_1_350' title='bbox 1447 1057 1603 1095; x_wconf 83' lang='lat' dir='ltr'>potestate</span> <span class='ocrx_word' id='word_1_351' title='bbox 1634 1050 1776 1094; x_wconf 90' lang='lat' dir='ltr'>episcopi</span> 
     </span>
     <span class='ocr_line' id='line_1_67' title="bbox 1036 1103 1776 1149; baseline -0.004 -11"><span class='ocrx_word' id='word_1_352' title='bbox 1036 1115 1120 1137; x_wconf 89' lang='lat' dir='ltr'>nunc</span> <span class='ocrx_word' id='word_1_353' title='bbox 1135 1111 1164 1138; x_wconf 91' lang='lat' dir='ltr'>et</span> <span class='ocrx_word' id='word_1_354' title='bbox 1176 1116 1233 1149; x_wconf 89' lang='lat' dir='ltr'>pro</span> <span class='ocrx_word' id='word_1_355' title='bbox 1244 1111 1389 1148; x_wconf 88' lang='lat' dir='ltr'>tempore</span> <span class='ocrx_word' id='word_1_356' title='bbox 1406 1104 1580 1143; x_wconf 82' lang='lat' dir='ltr'>existentis,</span> <span class='ocrx_word' id='word_1_357' title='bbox 1596 1114 1631 1136; x_wconf 85' lang='lat' dir='ltr'>ac</span> <span class='ocrx_word' id='word_1_358' title='bbox 1645 1103 1776 1147; x_wconf 89' lang='lat' dir='ltr'>capituli</span> 
     </span>
    </p>
   </div>
   <div class='ocr_carea' id='block_1_13' title="bbox 1016 1157 1779 1202">
    <p class='ocr_par' dir='ltr' id='par_1_14' title="bbox 1016 1157 1779 1202">
     <span class='ocr_line' id='line_1_68' title="bbox 1016 1157 1779 1202; baseline -0.004 -11"><span class='ocrx_word' id='word_1_359' title='bbox 1016 1184 1018 1200; x_wconf 71' lang='lat'>‚</span> <span class='ocrx_word' id='word_1_360' title='bbox 1035 1158 1257 1191; x_wconf 86' lang='lat' dir='ltr'>Cremonensis</span> <span class='ocrx_word' id='word_1_361' title='bbox 1274 1158 1526 1202; x_wconf 81' lang='lat' dir='ltr'>praedictorum,</span> <span class='ocrx_word' id='word_1_362' title='bbox 1543 1164 1573 1190; x_wconf 91' lang='lat' dir='ltr'>et</span> <span class='ocrx_word' id='word_1_363' title='bbox 1591 1157 1779 1201; x_wconf 85' lang='lat' dir='ltr'>quorumvis</span> 
     </span>
    </p>
   </div>
   <div class='ocr_carea' id='block_1_14' title="bbox 1035 1211 1778 1254">
    <p class='ocr_par' dir='ltr' id='par_1_15' title="bbox 1035 1211 1778 1254">
     <span class='ocr_line' id='line_1_69' title="bbox 1035 1211 1778 1254; baseline -0.003 -9"><span class='ocrx_word' id='word_1_364' title='bbox 1035 1212 1172 1245; x_wconf 85' lang='lat' dir='ltr'>aliorum</span> <span class='ocrx_word' id='word_1_365' title='bbox 1201 1211 1464 1251; x_wconf 89' lang='lat' dir='ltr'>Ordinariorum‚</span> <span class='ocrx_word' id='word_1_366' title='bbox 1488 1221 1666 1254; x_wconf 86' lang='lat' dir='ltr'>eorumque</span> <span class='ocrx_word' id='word_1_367' title='bbox 1694 1211 1778 1243; x_wconf 85' lang='lat' dir='ltr'>vica-</span> 
     </span>
    </p>
   </div>
   <div class='ocr_carea' id='block_1_15' title="bbox 1017 1265 1779 1308">
    <p class='ocr_par' dir='ltr' id='par_1_16' title="bbox 1017 1265 1779 1308">
     <span class='ocr_line' id='line_1_70' title="bbox 1017 1265 1779 1308; baseline 0 -11"><span class='ocrx_word' id='word_1_368' title='bbox 1017 1266 1176 1305; x_wconf 83' lang='lat' dir='ltr'>.riorum,</span> <span class='ocrx_word' id='word_1_369' title='bbox 1201 1276 1325 1298; x_wconf 84' lang='lat' dir='ltr'>necnon</span> <span class='ocrx_word' id='word_1_370' title='bbox 1353 1265 1513 1299; x_wconf 87' lang='lat' dir='ltr'>solutione</span> <span class='ocrx_word' id='word_1_371' title='bbox 1545 1275 1779 1308; x_wconf 90' lang='lat' dir='ltr'>quorumcum-</span> 
     </span>
    </p>
   </div>
   <div class='ocr_carea' id='block_1_16' title="bbox 1036 1317 1781 1630">
    <p class='ocr_par' dir='ltr' id='par_1_17' title="bbox 1036 1317 1781 1630">
     <span class='ocr_line' id='line_1_71' title="bbox 1036 1317 1779 1363; baseline -0.003 -11"><span class='ocrx_word' id='word_1_372' title='bbox 1036 1330 1098 1363; x_wconf 91' lang='lat' dir='ltr'>que</span> <span class='ocrx_word' id='word_1_373' title='bbox 1127 1319 1244 1352; x_wconf 90' lang='lat' dir='ltr'>inrium</span> <span class='ocrx_word' id='word_1_374' title='bbox 1275 1325 1305 1352; x_wconf 90' lang='lat' dir='ltr'>et</span> <span class='ocrx_word' id='word_1_375' title='bbox 1337 1318 1536 1352; x_wconf 85' lang='lat' dir='ltr'>decimarum</span> <span class='ocrx_word' id='word_1_376' title='bbox 1562 1318 1683 1351; x_wconf 87' lang='lat' dir='ltr'>eisdem</span> <span class='ocrx_word' id='word_1_377' title='bbox 1711 1317 1779 1361; x_wconf 87' lang='lat' dir='ltr'>epi-</span> 
     </span>
     <span class='ocr_line' id='line_1_72' title="bbox 1036 1370 1780 1416; baseline -0.004 -11"><span class='ocrx_word' id='word_1_378' title='bbox 1036 1383 1133 1416; x_wconf 85' lang='lat' dir='ltr'>scopo</span> <span class='ocrx_word' id='word_1_379' title='bbox 1155 1379 1185 1406; x_wconf 90' lang='lat' dir='ltr'>et</span> <span class='ocrx_word' id='word_1_380' title='bbox 1206 1372 1346 1416; x_wconf 85' lang='lat' dir='ltr'>capitulo</span> <span class='ocrx_word' id='word_1_381' title='bbox 1360 1371 1639 1411; x_wconf 86' lang='lat' dir='ltr'>Cremonensibus,</span> <span class='ocrx_word' id='word_1_382' title='bbox 1656 1370 1780 1403; x_wconf 87' lang='lat' dir='ltr'>ratione</span> 
     </span>
     <span class='ocr_line' id='line_1_73' title="bbox 1037 1425 1778 1470; baseline -0.004 -10"><span class='ocrx_word' id='word_1_383' title='bbox 1037 1427 1268 1461; x_wconf 87' lang='lat' dir='ltr'>iurisdictionis</span> <span class='ocrx_word' id='word_1_384' title='bbox 1289 1433 1318 1460; x_wconf 90' lang='lat' dir='ltr'>et</span> <span class='ocrx_word' id='word_1_385' title='bbox 1338 1425 1574 1470; x_wconf 84' lang='lat' dir='ltr'>superioritatis</span> <span class='ocrx_word' id='word_1_386' title='bbox 1594 1425 1778 1469; x_wconf 39' lang='lat' dir='ltr'>praedicta*</span> 
     </span>
     <span class='ocr_line' id='line_1_74' title="bbox 1037 1477 1780 1523; baseline -0.005 -9"><span class='ocrx_word' id='word_1_387' title='bbox 1037 1492 1129 1521; x_wconf 86' lang='lat' dir='ltr'>rum,</span> <span class='ocrx_word' id='word_1_388' title='bbox 1150 1492 1187 1514; x_wconf 88' lang='lat' dir='ltr'>ac</span> <span class='ocrx_word' id='word_1_389' title='bbox 1217 1480 1294 1513; x_wconf 86' lang='lat' dir='ltr'>alias</span> <span class='ocrx_word' id='word_1_390' title='bbox 1324 1479 1569 1523; x_wconf 88' lang='lat' dir='ltr'>quomodolibet</span> <span class='ocrx_word' id='word_1_391' title='bbox 1597 1477 1780 1511; x_wconf 89' lang='lat' dir='ltr'>debitorum</span> 
     </span>
     <span class='ocr_line' id='line_1_75' title="bbox 1038 1531 1781 1578; baseline -0.005 -11"><span class='ocrx_word' id='word_1_392' title='bbox 1038 1534 1116 1567; x_wconf 90' lang='lat' dir='ltr'>nihil</span> <span class='ocrx_word' id='word_1_393' title='bbox 1145 1545 1278 1578; x_wconf 88' lang='lat' dir='ltr'>prorsus</span> <span class='ocrx_word' id='word_1_394' title='bbox 1299 1533 1360 1566; x_wconf 86' lang='lat' dir='ltr'>illis</span> <span class='ocrx_word' id='word_1_395' title='bbox 1387 1539 1566 1573; x_wconf 82' lang='lat' dir='ltr'>reservato,</span> <span class='ocrx_word' id='word_1_396' title='bbox 1590 1531 1781 1564; x_wconf 85' lang='lat' dir='ltr'>auctoritate</span> 
     </span>
     <span class='ocr_line' id='line_1_76' title="bbox 1038 1584 1779 1630; baseline -0.005 -9"><span class='ocrx_word' id='word_1_397' title='bbox 1038 1594 1067 1621; x_wconf 86' lang='lat' dir='ltr'>et</span> <span class='ocrx_word' id='word_1_398' title='bbox 1082 1594 1193 1620; x_wconf 90' lang='lat' dir='ltr'>tenore</span> <span class='ocrx_word' id='word_1_399' title='bbox 1213 1587 1382 1627; x_wconf 87' lang='lat' dir='ltr'>similibus,</span> <span class='ocrx_word' id='word_1_400' title='bbox 1398 1586 1520 1630; x_wconf 89' lang='lat' dir='ltr'>pariter</span> <span class='ocrx_word' id='word_1_401' title='bbox 1537 1591 1694 1629; x_wconf 86' lang='lat' dir='ltr'>perpetuo</span> <span class='ocrx_word' id='word_1_402' title='bbox 1714 1584 1779 1617; x_wconf 84' lang='lat' dir='ltr'>exi-</span> 
     </span>
    </p>
   </div>
   <div class='ocr_carea' id='block_1_17' title="bbox 1019 1638 1782 1681">
    <p class='ocr_par' dir='ltr' id='par_1_18' title="bbox 1019 1638 1782 1681">
     <span class='ocr_line' id='line_1_77' title="bbox 1019 1638 1782 1681; baseline -0.004 -9"><span class='ocrx_word' id='word_1_403' title='bbox 1019 1670 1021 1672; x_wconf 78' lang='grc'>,</span> <span class='ocrx_word' id='word_1_404' title='bbox 1039 1641 1155 1674; x_wconf 87' lang='lat' dir='ltr'>mimus</span> <span class='ocrx_word' id='word_1_405' title='bbox 1173 1647 1203 1674; x_wconf 88' lang='lat' dir='ltr'>et</span> <span class='ocrx_word' id='word_1_406' title='bbox 1222 1641 1361 1673; x_wconf 84' lang='lat' dir='ltr'>totaliter</span> <span class='ocrx_word' id='word_1_407' title='bbox 1381 1640 1566 1679; x_wconf 88' lang='lat' dir='ltr'>liberamus,</span> <span class='ocrx_word' id='word_1_408' title='bbox 1583 1648 1709 1671; x_wconf 90' lang='lat' dir='ltr'>necnon</span> <span class='ocrx_word' id='word_1_409' title='bbox 1724 1638 1782 1681; x_wconf 91' lang='lat' dir='ltr'>ipsi</span> 
     </span>
    </p>
   </div>
   <div class='ocr_carea' id='block_1_18' title="bbox 1038 1691 1789 2434">
    <p class='ocr_par' dir='ltr' id='par_1_19' title="bbox 1038 1691 1789 2434">
     <span class='ocr_line' id='line_1_78' title="bbox 1038 1691 1783 1737; baseline -0.005 -9"><span class='ocrx_word' id='word_1_410' title='bbox 1038 1695 1191 1729; x_wconf 88' lang='lat' dir='ltr'>ecclesiae</span> <span class='ocrx_word' id='word_1_411' title='bbox 1212 1694 1307 1737; x_wconf 83' lang='lat' dir='ltr'>Burgi</span> <span class='ocrx_word' id='word_1_412' title='bbox 1330 1694 1360 1727; x_wconf 89' lang='lat' dir='ltr'>S.</span> <span class='ocrx_word' id='word_1_413' title='bbox 1379 1693 1529 1727; x_wconf 90' lang='lat' dir='ltr'>Domnini</span> <span class='ocrx_word' id='word_1_414' title='bbox 1552 1692 1708 1736; x_wconf 90' lang='lat' dir='ltr'>oppidum</span> <span class='ocrx_word' id='word_1_415' title='bbox 1738 1691 1783 1724; x_wconf 88' lang='lat' dir='ltr'>sic</span> 
     </span>
     <span class='ocr_line' id='line_1_79' title="bbox 1039 1745 1784 1790; baseline -0.007 -8"><span class='ocrx_word' id='word_1_416' title='bbox 1039 1750 1070 1782; x_wconf 91' lang='lat' dir='ltr'>in</span> <span class='ocrx_word' id='word_1_417' title='bbox 1091 1749 1253 1782; x_wconf 77' lang='lat' dir='ltr'>civitatem</span> <span class='ocrx_word' id='word_1_418' title='bbox 1274 1753 1433 1788; x_wconf 84' lang='lat' dir='ltr'>erectum,</span> <span class='ocrx_word' id='word_1_419' title='bbox 1462 1746 1595 1790; x_wconf 88' lang='lat' dir='ltr'>eiusque</span> <span class='ocrx_word' id='word_1_420' title='bbox 1615 1745 1736 1778; x_wconf 86' lang='lat' dir='ltr'>incolas</span> <span class='ocrx_word' id='word_1_421' title='bbox 1754 1750 1784 1778; x_wconf 89' lang='lat' dir='ltr'>et</span> 
     </span>
     <span class='ocr_line' id='line_1_80' title="bbox 1039 1798 1784 1845; baseline -0.007 -10"><span class='ocrx_word' id='word_1_422' title='bbox 1039 1802 1236 1835; x_wconf 86' lang='lat' dir='ltr'>habitatores</span> <span class='ocrx_word' id='word_1_423' title='bbox 1257 1812 1316 1845; x_wconf 89' lang='lat' dir='ltr'>pro</span> <span class='ocrx_word' id='word_1_424' title='bbox 1335 1800 1459 1833; x_wconf 88' lang='lat' dir='ltr'>civitate</span> <span class='ocrx_word' id='word_1_425' title='bbox 1478 1805 1508 1832; x_wconf 92' lang='lat' dir='ltr'>et</span> <span class='ocrx_word' id='word_1_426' title='bbox 1526 1799 1664 1833; x_wconf 79' lang='lat' dir='ltr'>civibus:</span> <span class='ocrx_word' id='word_1_427' title='bbox 1685 1798 1784 1831; x_wconf 87' lang='lat' dir='ltr'>comi-</span> 
     </span>
     <span class='ocr_line' id='line_1_81' title="bbox 1041 1851 1782 1894; baseline -0.005 -6"><span class='ocrx_word' id='word_1_428' title='bbox 1041 1861 1139 1889; x_wconf 88' lang='lat' dir='ltr'>tatum</span> <span class='ocrx_word' id='word_1_429' title='bbox 1171 1865 1267 1894; x_wconf 82' lang='lat' dir='ltr'>vero,</span> <span class='ocrx_word' id='word_1_430' title='bbox 1306 1853 1503 1887; x_wconf 83' lang='lat' dir='ltr'>territorium</span> <span class='ocrx_word' id='word_1_431' title='bbox 1536 1858 1567 1885; x_wconf 91' lang='lat' dir='ltr'>et</span> <span class='ocrx_word' id='word_1_432' title='bbox 1602 1851 1782 1885; x_wconf 88' lang='lat' dir='ltr'>districtum</span> 
     </span>
     <span class='ocr_line' id='line_1_82' title="bbox 1040 1906 1786 1950; baseline -0.005 -8"><span class='ocrx_word' id='word_1_433' title='bbox 1040 1909 1182 1942; x_wconf 90' lang='lat' dir='ltr'>eiusdem</span> <span class='ocrx_word' id='word_1_434' title='bbox 1207 1908 1352 1947; x_wconf 80' lang='lat' dir='ltr'>civitatis,</span> <span class='ocrx_word' id='word_1_435' title='bbox 1377 1918 1413 1940; x_wconf 87' lang='lat' dir='ltr'>ac</span> <span class='ocrx_word' id='word_1_436' title='bbox 1434 1906 1593 1949; x_wconf 73' lang='lat' dir='ltr'>integram</span> <span class='ocrx_word' id='word_1_437' title='bbox 1615 1910 1739 1950; x_wconf 89' lang='lat' dir='ltr'>partem</span> <span class='ocrx_word' id='word_1_438' title='bbox 1768 1916 1786 1938; x_wconf 88' lang='lat' dir='ltr'>a</span> 
     </span>
     <span class='ocr_line' id='line_1_83' title="bbox 1041 1961 1782 2004; baseline -0.005 -8"><span class='ocrx_word' id='word_1_439' title='bbox 1041 1963 1125 1996; x_wconf 87' lang='lat' dir='ltr'>dicta</span> <span class='ocrx_word' id='word_1_440' title='bbox 1147 1962 1284 1996; x_wconf 86' lang='lat' dir='ltr'>dioecesi</span> <span class='ocrx_word' id='word_1_441' title='bbox 1305 1961 1525 2001; x_wconf 84' lang='lat' dir='ltr'>Cremonensi,</span> <span class='ocrx_word' id='word_1_442' title='bbox 1542 1966 1576 1994; x_wconf 90' lang='lat' dir='ltr'>ut</span> <span class='ocrx_word' id='word_1_443' title='bbox 1593 1961 1782 2004; x_wconf 81' lang='lat' dir='ltr'>praefertur,</span> 
     </span>
     <span class='ocr_line' id='line_1_84' title="bbox 1041 2014 1786 2061; baseline -0.005 -11"><span class='ocrx_word' id='word_1_444' title='bbox 1041 2023 1221 2061; x_wconf 75' lang='lat' dir='ltr'>separatam</span> <span class='ocrx_word' id='word_1_445' title='bbox 1243 2022 1273 2049; x_wconf 54' lang='lat' dir='ltr'>et,</span> <span class='ocrx_word' id='word_1_446' title='bbox 1294 2016 1570 2055; x_wconf 88' lang='lat' dir='ltr'>dismembratam,</span> <span class='ocrx_word' id='word_1_447' title='bbox 1588 2025 1660 2048; x_wconf 87' lang='lat' dir='ltr'>cum</span> <span class='ocrx_word' id='word_1_448' title='bbox 1682 2014 1786 2047; x_wconf 90' lang='lat' dir='ltr'>omni-</span> 
     </span>
     <span class='ocr_line' id='line_1_85' title="bbox 1042 2068 1783 2113; baseline -0.005 -9"><span class='ocrx_word' id='word_1_449' title='bbox 1042 2071 1101 2104; x_wconf 92' lang='lat' dir='ltr'>bus</span> <span class='ocrx_word' id='word_1_450' title='bbox 1121 2076 1153 2104; x_wconf 91' lang='lat' dir='ltr'>et</span> <span class='ocrx_word' id='word_1_451' title='bbox 1172 2070 1306 2112; x_wconf 79' lang='lat' dir='ltr'>singulis</span> <span class='ocrx_word' id='word_1_452' title='bbox 1326 2069 1391 2102; x_wconf 89' lang='lat' dir='ltr'>suis</span> <span class='ocrx_word' id='word_1_453' title='bbox 1410 2069 1548 2113; x_wconf 87' lang='lat' dir='ltr'>oppidis,</span> <span class='ocrx_word' id='word_1_454' title='bbox 1569 2068 1661 2109; x_wconf 76' lang='lat' dir='ltr'>villis,</span> <span class='ocrx_word' id='word_1_455' title='bbox 1682 2068 1783 2112; x_wconf 81' lang='lat' dir='ltr'>pagis,</span> 
     </span>
     <span class='ocr_line' id='line_1_86' title="bbox 1042 2121 1786 2166; baseline -0.004 -9"><span class='ocrx_word' id='word_1_456' title='bbox 1042 2123 1120 2157; x_wconf 90' lang='lat' dir='ltr'>locis</span> <span class='ocrx_word' id='word_1_457' title='bbox 1139 2129 1169 2156; x_wconf 89' lang='lat' dir='ltr'>et</span> <span class='ocrx_word' id='word_1_458' title='bbox 1190 2122 1388 2156; x_wconf 86' lang='lat' dir='ltr'>districtibus</span> <span class='ocrx_word' id='word_1_459' title='bbox 1409 2132 1468 2166; x_wconf 90' lang='lat' dir='ltr'>pro</span> <span class='ocrx_word' id='word_1_460' title='bbox 1487 2121 1639 2162; x_wconf 88' lang='lat' dir='ltr'>dioecesi,</span> <span class='ocrx_word' id='word_1_461' title='bbox 1660 2131 1786 2154; x_wconf 87' lang='lat' dir='ltr'>necnon</span> 
     </span>
     <span class='ocr_line' id='line_1_87' title="bbox 1043 2175 1787 2221; baseline -0.001 -13"><span class='ocrx_word' id='word_1_462' title='bbox 1043 2187 1197 2221; x_wconf 85' lang='lat' dir='ltr'>personas</span> <span class='ocrx_word' id='word_1_463' title='bbox 1217 2176 1448 2209; x_wconf 84' lang='lat' dir='ltr'>ecclesiasticas</span> <span class='ocrx_word' id='word_1_464' title='bbox 1477 2181 1507 2208; x_wconf 86' lang='lat' dir='ltr'>et</span> <span class='ocrx_word' id='word_1_465' title='bbox 1531 2175 1712 2208; x_wconf 89' lang='lat' dir='ltr'>saeculares</span> <span class='ocrx_word' id='word_1_466' title='bbox 1737 2185 1787 2207; x_wconf 84' lang='lat' dir='ltr'>ea-</span> 
     </span>
     <span class='ocr_line' id='line_1_88' title="bbox 1043 2229 1788 2271; baseline -0.004 -7"><span class='ocrx_word' id='word_1_467' title='bbox 1043 2231 1191 2264; x_wconf 89' lang='lat' dir='ltr'>rumdem</span> <span class='ocrx_word' id='word_1_468' title='bbox 1206 2230 1341 2263; x_wconf 77' lang='lat' dir='ltr'>civitatis</span> <span class='ocrx_word' id='word_1_469' title='bbox 1359 2235 1389 2262; x_wconf 91' lang='lat' dir='ltr'>et</span> <span class='ocrx_word' id='word_1_470' title='bbox 1403 2229 1557 2263; x_wconf 84' lang='lat' dir='ltr'>dioecesis</span> <span class='ocrx_word' id='word_1_471' title='bbox 1570 2229 1666 2271; x_wconf 73' lang='lat' dir='ltr'>Burgi</span> <span class='ocrx_word' id='word_1_472' title='bbox 1681 2229 1711 2262; x_wconf 93' lang='lat' dir='ltr'>S.</span> <span class='ocrx_word' id='word_1_473' title='bbox 1728 2229 1788 2262; x_wconf 91' lang='lat' dir='ltr'>Do-</span> 
     </span>
     <span class='ocr_line' id='line_1_89' title="bbox 1044 2282 1788 2327; baseline -0.004 -10"><span class='ocrx_word' id='word_1_474' title='bbox 1044 2285 1145 2317; x_wconf 89' lang='lat' dir='ltr'>mnini</span> <span class='ocrx_word' id='word_1_475' title='bbox 1174 2294 1233 2327; x_wconf 89' lang='lat' dir='ltr'>pro</span> <span class='ocrx_word' id='word_1_476' title='bbox 1254 2284 1341 2316; x_wconf 89' lang='lat' dir='ltr'>clero</span> <span class='ocrx_word' id='word_1_477' title='bbox 1363 2288 1393 2316; x_wconf 89' lang='lat' dir='ltr'>et</span> <span class='ocrx_word' id='word_1_478' title='bbox 1419 2283 1552 2327; x_wconf 89' lang='lat' dir='ltr'>populo,</span> <span class='ocrx_word' id='word_1_479' title='bbox 1576 2293 1612 2315; x_wconf 81' lang='lat' dir='ltr'>ac</span> <span class='ocrx_word' id='word_1_480' title='bbox 1632 2282 1788 2326; x_wconf 87' lang='lat' dir='ltr'>palatium</span> 
     </span>
     <span class='ocr_line' id='line_1_90' title="bbox 1045 2336 1788 2381; baseline -0.003 -11"><span class='ocrx_word' id='word_1_481' title='bbox 1045 2348 1145 2381; x_wconf 90' lang='lat' dir='ltr'>prope</span> <span class='ocrx_word' id='word_1_482' title='bbox 1170 2337 1338 2370; x_wconf 80' lang='lat' dir='ltr'>ecclesiam</span> <span class='ocrx_word' id='word_1_483' title='bbox 1372 2337 1402 2369; x_wconf 83' lang='lat' dir='ltr'>S.</span> <span class='ocrx_word' id='word_1_484' title='bbox 1428 2336 1578 2370; x_wconf 91' lang='lat' dir='ltr'>Domnini</span> <span class='ocrx_word' id='word_1_485' title='bbox 1602 2336 1788 2369; x_wconf 90' lang='lat' dir='ltr'>huiusmodi</span> 
     </span>
     <span class='ocr_line' id='line_1_91' title="bbox 1045 2389 1789 2434; baseline -0.004 -10"><span class='ocrx_word' id='word_1_486' title='bbox 1045 2401 1116 2424; x_wconf 82' lang='lat' dir='ltr'>cum</span> <span class='ocrx_word' id='word_1_487' title='bbox 1132 2391 1198 2424; x_wconf 90' lang='lat' dir='ltr'>cius</span> <span class='ocrx_word' id='word_1_488' title='bbox 1213 2390 1376 2429; x_wconf 88' lang='lat' dir='ltr'>viridario,</span> <span class='ocrx_word' id='word_1_489' title='bbox 1392 2390 1607 2434; x_wconf 90' lang='lat' dir='ltr'>omnibusque</span> <span class='ocrx_word' id='word_1_490' title='bbox 1621 2389 1744 2423; x_wconf 89' lang='lat' dir='ltr'>iuribus</span> <span class='ocrx_word' id='word_1_491' title='bbox 1758 2396 1789 2423; x_wconf 82' lang='lat' dir='ltr'>et</span> 
     </span>
    </p>
   </div>
   <div class='ocr_carea' id='block_1_19' title="bbox 1027 2443 1789 2488">
    <p class='ocr_par' dir='ltr' id='par_1_20' title="bbox 1027 2443 1789 2488">
     <span class='ocr_line' id='line_1_92' title="bbox 1027 2443 1789 2488; baseline -0.003 -10"><span class='ocrx_word' id='word_1_492' title='bbox 1027 2460 1028 2463; x_wconf 48' lang='lat'>¹</span> <span class='ocrx_word' id='word_1_493' title='bbox 1046 2444 1247 2488; x_wconf 85' lang='lat' dir='ltr'>pertinentiis</span> <span class='ocrx_word' id='word_1_494' title='bbox 1266 2444 1422 2477; x_wconf 83' lang='lat' dir='ltr'>universis</span> <span class='ocrx_word' id='word_1_495' title='bbox 1446 2443 1511 2476; x_wconf 87' lang='lat' dir='ltr'>suis</span> <span class='ocrx_word' id='word_1_496' title='bbox 1529 2454 1586 2487; x_wconf 91' lang='lat' dir='ltr'>pro</span> <span class='ocrx_word' id='word_1_497' title='bbox 1608 2443 1704 2476; x_wconf 78' lang='lat' dir='ltr'>futuri</span> <span class='ocrx_word' id='word_1_498' title='bbox 1724 2444 1789 2487; x_wconf 83' lang='lat' dir='ltr'>epi·</span> 
     </span>
    </p>
   </div>
   <div class='ocr_carea' id='block_1_20' title="bbox 1045 2496 1789 2644">
    <p class='ocr_par' dir='ltr' id='par_1_21' title="bbox 1045 2496 1789 2644">
     <span class='ocr_line' id='line_1_93' title="bbox 1045 2496 1789 2541; baseline -0.001 -11"><span class='ocrx_word' id='word_1_499' title='bbox 1045 2497 1133 2541; x_wconf 87' lang='lat' dir='ltr'>scopi</span> <span class='ocrx_word' id='word_1_500' title='bbox 1155 2497 1249 2539; x_wconf 78' lang='lat' dir='ltr'>Burgi</span> <span class='ocrx_word' id='word_1_501' title='bbox 1278 2497 1307 2531; x_wconf 89' lang='lat' dir='ltr'>S.</span> <span class='ocrx_word' id='word_1_502' title='bbox 1329 2496 1479 2530; x_wconf 91' lang='lat' dir='ltr'>Domnini</span> <span class='ocrx_word' id='word_1_503' title='bbox 1501 2497 1710 2534; x_wconf 81' lang='lat' dir='ltr'>habitatione,</span> <span class='ocrx_word' id='word_1_504' title='bbox 1732 2508 1789 2530; x_wconf 85' lang='lat' dir='ltr'>au-</span> 
     </span>
     <span class='ocr_line' id='line_1_94' title="bbox 1047 2549 1789 2594; baseline -0.001 -10"><span class='ocrx_word' id='word_1_505' title='bbox 1047 2551 1192 2584; x_wconf 88' lang='lat' dir='ltr'>ctoritate</span> <span class='ocrx_word' id='word_1_506' title='bbox 1213 2556 1242 2583; x_wconf 89' lang='lat' dir='ltr'>et</span> <span class='ocrx_word' id='word_1_507' title='bbox 1262 2556 1373 2583; x_wconf 88' lang='lat' dir='ltr'>tenore</span> <span class='ocrx_word' id='word_1_508' title='bbox 1387 2549 1529 2594; x_wconf 89' lang='lat' dir='ltr'>paribus,</span> <span class='ocrx_word' id='word_1_509' title='bbox 1546 2549 1657 2583; x_wconf 89' lang='lat' dir='ltr'>itidem</span> <span class='ocrx_word' id='word_1_510' title='bbox 1675 2561 1789 2594; x_wconf 87' lang='lat' dir='ltr'>perpe-</span> 
     </span>
     <span class='ocr_line' id='line_1_95' title="bbox 1048 2601 1619 2644; baseline -0.002 -9"><span class='ocrx_word' id='word_1_511' title='bbox 1048 2608 1102 2635; x_wconf 92' lang='lat' dir='ltr'>tuo</span> <span class='ocrx_word' id='word_1_512' title='bbox 1125 2601 1332 2635; x_wconf 86' lang='lat' dir='ltr'>concedimus</span> <span class='ocrx_word' id='word_1_513' title='bbox 1353 2607 1383 2635; x_wconf 90' lang='lat' dir='ltr'>et</span> <span class='ocrx_word' id='word_1_514' title='bbox 1409 2601 1619 2644; x_wconf 83' lang='lat' dir='ltr'>assignamus.</span> 
     </span>
    </p>
   </div>
   <div class='ocr_carea' id='block_1_21' title="bbox 1091 2654 1790 2701">
    <p class='ocr_par' dir='ltr' id='par_1_22' title="bbox 1091 2654 1790 2701">
     <span class='ocr_line' id='line_1_96' title="bbox 1091 2654 1790 2701; baseline 0.001 -13"><span class='ocrx_word' id='word_1_515' title='bbox 1091 2656 1106 2697; x_wconf 67' lang='grc' dir='ltr'>Ξ</span> <span class='ocrx_word' id='word_1_516' title='bbox 1129 2654 1158 2688; x_wconf 85' lang='grc'>5.</span> <span class='ocrx_word' id='word_1_517' title='bbox 1180 2656 1313 2699; x_wconf 88' lang='lat' dir='ltr'>Insuper</span> <span class='ocrx_word' id='word_1_518' title='bbox 1333 2666 1462 2689; x_wconf 87' lang='lat' dir='ltr'>mensae</span> <span class='ocrx_word' id='word_1_519' title='bbox 1480 2655 1655 2701; x_wconf 79' lang='lat' dir='ltr'>episcopali</span> <span class='ocrx_word' id='word_1_520' title='bbox 1677 2665 1790 2689; x_wconf 81' lang='lat' dir='ltr'>omnes</span> 
     </span>
    </p>
   </div>
   <div class='ocr_carea' id='block_1_22' title="bbox 1676 242 1964 280">
    <p class='ocr_par' dir='ltr' id='par_1_23' title="bbox 1676 242 1964 280">
     <span class='ocr_line' id='line_1_97' title="bbox 1676 242 1964 280; baseline 0.021 -6"><span class='ocrx_word' id='word_1_521' title='bbox 1676 242 1739 275; x_wconf 55' lang='lat'>(3543</span> <span class='ocrx_word' id='word_1_522' title='bbox 1786 253 1833 279; x_wconf 73' lang='lat' dir='ltr'>Au.</span> <span class='ocrx_word' id='word_1_523' title='bbox 1851 252 1879 280; x_wconf 87' lang='lat' dir='ltr'>C.</span> <span class='ocrx_word' id='word_1_524' title='bbox 1904 253 1964 280; x_wconf 72' lang='lat' dir='ltr'>mol</span> 
     </span>
    </p>
   </div>
  </div>
 </body>
</html>
