2253 3195
862 282 1007 307 CLEMENS

249 332 388 375 gressui,
412 342 448 365 ac
469 331 662 374 religionum
688 330 912 375 propagationi
934 341 990 374 op-

249 390 387 429 portune
407 385 596 424 consulitur,
618 390 714 429 prout
735 384 765 416 in
787 383 922 417 Domitio
942 394 990 416 sa·
1007 418 1008 425 ἵ

249 438 385 472 lubriter
405 438 601 482 conspicitur
622 438 783 481 expedire.
1007 430 1009 455 l

295 493 311 534 ἓ
334 491 362 524 1.
378 492 439 525 Nos
461 492 567 534 itaque
581 491 746 534 cupientes
768 490 990 534 propagationi
1008 492 1009 516 ἒ

105 557 233 587 „pr-..baim
249 544 512 586 Congregationis
526 545 656 577 fratrum
671 544 927 577 Reformatorum
943 543 993 576 Di·
1008 558 1010 570 ι

52 588 234 633 liftss'r'iiti’J'i'iitt-‘t'ssss
250 598 483 630 scalceatorum
509 597 637 631 Ordinis
661 598 691 630 S.
720 596 905 639 Augustini,
934 585 1010 628 nti-i

53 644 93 666 ‘¹¹¹⁰
109 638 186 659 “¹⁶¹³‘'
250 662 308 695 per
328 651 359 683 in
380 651 465 683 alma
494 650 579 684 Urbe
609 661 666 694 per
695 660 754 682 nos
779 650 936 682 admissae
957 649 1010 682 acl

250 704 430 743 institutae,
454 709 635 747 opportune
660 703 862 747 prospicere,
886 714 922 735 ac
947 702 993 735 di-

250 757 349 791 tectos
371 757 453 790 filios
474 757 626 789 vicarium
649 757 843 799 generalem,
868 767 904 788 ac
924 756 991 789 sin-

250 810 341 852 gulos
370 810 481 842 frati-es
508 809 651 842 eiusdem
684 809 956 851 Congregationis,
978 820 995 841 a

250 863 415 907 quibusvis
436 862 790 902 excommunicationis,
813 862 995 906 suspensio-

250 916 299 950 nis
329 922 359 949 et
390 916 572 957 interdicti,
605 917 741 960 aliisque
773 916 995 950 ecclesiasticis

249 970 437 1010 sententiis,
459 969 603 1003 censuris
624 975 655 1003 et
674 969 797 1013 poenis,
819 980 836 1002 a
857 969 926 1002 iure
947 970 994 1002 vel

250 1023 290 1056 ab
304 1023 436 1056 bomine
455 1022 567 1067 quavis
588 1023 757 1056 occasione
777 1023 824 1055 vel
843 1033 938 1055 causa
951 1023 995 1055 la-

250 1077 300 1117 tis,
318 1076 343 1110 si
362 1076 478 1120 quibus
499 1076 744 1120 quomodolibet
765 1075 908 1109 innodati
930 1075 994 1109 exi-

250 1136 348 1170 stunt,
365 1129 405 1163 ad
421 1129 569 1163 effectum
591 1128 810 1173 praesentium
831 1129 996 1162 dumtaxat

251 1183 516 1227 consequendum
530 1209 537 1222 ‚
554 1183 670 1216 barum
692 1182 774 1215 serie
795 1183 996 1215 absolventes

250 1242 281 1270 et
301 1236 467 1270 absolutos
487 1236 553 1269 fore
575 1241 753 1272 censentes,
781 1235 993 1279 supplicatio-

250 1289 345 1323 nibus
374 1299 487 1323 eorum
519 1288 651 1322 nomine
683 1287 776 1321 nobis
807 1298 904 1331 super
935 1288 996 1321 boc

250 1343 417 1377 humiliter
437 1343 595 1387 porrectis
616 1342 773 1381 inclinati,
797 1353 833 1375 ac
851 1353 888 1375 ex
909 1348 995 1375 certa

250 1403 359 1431 nostra
378 1397 522 1434 scientia,
552 1397 655 1441 deque
683 1396 878 1440 apostolicae
899 1402 992 1440 poto—

250 1451 340 1484 statis
361 1450 574 1494 plenitudine,
600 1450 813 1494 professiones
834 1460 890 1494 per
911 1450 995 1494 ipsos

250 1504 363 1537 fratres
390 1509 421 1537 et
452 1503 630 1547 quemlibet
659 1513 794 1543 eorum,
831 1514 931 1547 usque
963 1503 993 1535 in

250 1564 452 1603 praesentem
475 1557 573 1595 diem,
590 1557 619 1589 in
640 1557 724 1590 dicta
741 1557 995 1599 Congregatione

251 1612 394 1650 emissas,
418 1616 449 1645 et
468 1610 670 1655 receptiones
690 1621 910 1655 quascumque
931 1621 992 1644 no-

249 1666 401 1699 vitiorum
417 1666 447 1698 in
463 1665 531 1709 ipsa
548 1665 801 1707 Congregatione
819 1665 881 1698 buc
895 1676 995 1710 usque

250 1720 358 1759 saetas,
374 1719 564 1752 auctoritate
577 1719 763 1762 apostolica,
779 1725 889 1751 tenore
901 1710 995 1763 prae·
1013 1754 1014 1758 ,

251 1773 410 1814 sentium,
439 1773 690 1811 confirmamus,
723 1773 941 1816 approbamus
966 1779 1014 1809 eti

251 1826 445 1867 validamus,
469 1837 505 1859 ac
524 1825 776 1866 validas‚firmas
797 1831 828 1859 et
852 1826 996 1860 efficaces

252 1880 359 1920 ruisse,
381 1891 448 1914 esse
470 1891 506 1914 ac
527 1881 605 1920 fore,
630 1881 781 1925 ipsosque
803 1881 926 1918 fratres,
942 1881 995 1924 qui
1013 1895 1014 1898 ¹

252 1933 483 1978 professionem
510 1933 708 1973 emiserunt,
737 1944 810 1967 vere
836 1935 996 1977 professos

253 1988 405 2027 existere,
430 1994 460 2021 et
481 1988 524 2021 uti
549 1989 626 2021 tales
657 1988 688 2021 in
718 1989 830 2021 eadem
856 1988 996 2031 Congre-

253 2042 381 2085 gatione
402 2052 608 2085 perseverare
629 2053 722 2086 posse
740 2053 776 2076 ac
798 2043 926 2077 debere.

299 2097 315 2137 ξ
336 2095 367 2129 2.
391 2095 533 2129 Novitios
554 2106 627 2129 vero
649 2095 883 2139 professionem
904 2107 997 2138 regu-

253 2149 353 2182 larem
383 2149 529 2182 emittere
554 2148 654 2182 libere
678 2149 800 2193 pariter
819 2160 912 2194 posse
936 2150 994 2184 de-

255 2202 426 2236 clai-amus.

300 2254 365 2298 §3
393 2255 563 2288 Praeterea
583 2254 702 2288 eisdem
724 2254 843 2288 vicario
871 2261 902 2288 et
931 2256 996 2288 fra-

256 2308 369 2349 tribus,
384 2314 418 2341 ut
439 2308 469 2340 in
491 2308 560 2352 ipsa
580 2308 834 2350 Congregatione
848 2308 927 2341 alios
941 2320 998 2341 no-

255 2362 358 2402 vitios,
373 2367 496 2395 servata
513 2367 620 2395 tamen
642 2362 742 2395 forma
761 2362 999 2394 constitutionis

255 2415 357 2448 felicis
388 2414 621 2448 recordationis
651 2414 729 2447 Sixti
759 2415 863 2458 Papae
896 2416 997 2458 quinti

254 2468 521 2512 praedecessoris,
535 2478 571 2501 ac
586 2468 788 2501 decretorum
804 2474 1000 2508 nostrorum,

255 2521 400 2565 recipere
421 2526 467 2560 et,
496 2521 620 2564 expleto
642 2521 813 2554 novitiatus
834 2531 936 2559 anno,
960 2522 998 2555 ad

255 2574 487 2618 professionem
504 2574 597 2606 etiam
621 2575 799 2614 regularem
816 2575 996 2613 admittere,

255 2628 324 2661 sine
350 2627 411 2660 alia
437 2633 544 2660 nostra
565 2627 715 2667 licentia,
736 2628 835 2661 libere
857 2634 886 2661 et
917 2628 999 2661 licite

17 263 25 310 ³?
53 286 101 315 An.
116 285 145 314 c,
169 283 236 312 ¹599

78 2150 172 2173 Licentia
180 2153 239 2174 emit-

58 2178 113 2198 tendi
129 2180 239 2204 professio-

58 2209 105 2226 ntem
116 2221 120 2229 ,

82 2338 85 2339 ⁷
104 2310 240 2341 Novittosqne

58 2336 110 2358 altos
126 2341 239 2366 recipit-udi

59 2365 80 2383 et.
106 2365 131 2386 ad
162 2368 239 2393 profes-

59 2392 137 2413 stnnem
165 2394 238 2415 adnitt-

60 2419 127 2445 tenni,

257 2681 380 2726 possint
399 2687 429 2714 et
450 2681 590 2721 valeant,
615 2681 805 2715 auctoritate
833 2688 863 2715 et
889 2687 1000 2716 tenore

1027 282 1084 306 vui
1105 282 1155 305 PP.
1672 266 1735 299 549

1025 329 1216 373 praedictis,
1241 327 1402 361 licentiam
1429 325 1636 360 concedimus
1662 330 1692 357 et
1712 324 1763 356 in-

1026 383 1205 421 dulzenius.

1071 416 1137 477 554.
1163 435 1232 468 Non
1262 434 1463 467 obstantibus
1485 431 1768 466 constitutionibus

1783 275 1830 301 An.
1848 274 1876 301 C.
1899 274 1966 302 1599

1796 442 1968 466 Quibuscumquo

1745 484 1750 489 .
1784 468 1968 489 nonobstantibus

1026 495 1053 521 ot
1078 488 1336 521 ordinationibus
1357 487 1552 531 apostolicis,
1576 497 1613 519 ac
1633 486 1769 518 decretis

1027 542 1143 574 nostris
1164 541 1335 584 praedictis
1355 540 1540 573 huiusmodi
1566 538 1703 572 novitios
1730 537 1770 570 ad

1027 595 1270 638 professionem,
1284 594 1351 627 sine
1361 594 1490 637 speciali
1505 599 1613 626 nostra
1628 591 1767 632 licentia,

1028 649 1151 682 admitti
1174 659 1266 692 posse
1287 648 1551 692 prohibentibus,
1572 646 1770 689 caeterisque

1028 702 1199 735 contrariis
1220 701 1492 745 quibuscumque.

1073 756 1185 788 Datum
1208 756 1329 788 Romae
1349 755 1434 798 apud
1455 756 1485 788 Si
1501 754 1628 786 Petrum
1642 753 1700 786 sub
1716 762 1771 784 an-

1029 810 1106 842 nulo
1124 809 1306 848 Pis-catoris,
1332 809 1381 841 die
1403 819 1421 841 v
1440 807 1623 841 novembris
1637 817 1767 847 mxcix,

1029 863 1235 906 pontificatus
1256 861 1356 895 nostri
1378 872 1462 894 anno
1488 871 1556 894 viti.

1066 924 1123 952 Dat.
1141 924 1184 951 die
1199 924 1215 952 5
1230 924 1371 951 novembr.
1394 923 1472 957 1500,
1489 923 1584 959 pontif.
1602 931 1644 949 an.
1662 928 1717 949 vnt.

1336 1083 1459 1118 CCXXI.

1030 1191 1186 1226 Facultas
1218 1190 1361 1233 eliqendi
1395 1191 1601 1234 confessorem
1618 1217 1625 1230 ,
1646 1200 1729 1234 quae
1754 1200 1775 1222 α

1074 1253 1153 1287 Sede
1176 1253 1366 1297 Apostolica
1385 1252 1485 1285 datur
1510 1252 1546 1285 in
1571 1252 1662 1285 bulla
1689 1252 1775 1286 (ἴτω-

1074 1317 1179 1349 cr'alae
1204 1320 1232 1349 et
1252 1315 1331 1348 aliis
1355 1315 1509 1354 indultis,
1526 1325 1591 1347 non
1613 1314 1774 1357 suffra-qa-

1076 1383 1130 1412 ιω·
1158 1379 1305 1422 personis
1339 1377 1474 1412 Ordinis
1499 1377 1618 1410 Beatae.
1649 1377 1776 1410 Martae

1074 1442 1112 1474 de
1132 1442 1240 1474 Monte
1266 1441 1432 1480 Carmelo,
1461 1451 1564 1485 neque
1592 1440 1670 1473 aliis
1694 1440 1771 1484 qui-

1075 1505 1272 1548 buscumque
1295 1503 1516 1547 reqularibus.

1243 1593 1377 1620 Clemens
1394 1593 1473 1627 Papa
1489 1592 1568 1623 vm,

1159 1650 1194 1675 ad
1211 1651 1386 1683 perpetuam
1401 1648 1445 1675 rei
1465 1648 1646 1675 memorz'am.

1075 1718 1211 1753 Romani
1232 1718 1395 1752 Pontificis
1422 1718 1655 1763 circumspecta
1679 1719 1773 1752 beni-

1030 1773 1133 1816 gnitas
1164 1773 1306 1805 honestis
1344 1772 1523 1817 petentium
1556 1772 1657 1811 votis,
1692 1783 1775 1816 quae

1033 1836 1243 1870 personarum
1263 1826 1322 1859 sub
1341 1825 1506 1867 religionis
1521 1825 1595 1868 iugo
1613 1825 1775 1859 Altissimo

1032 1881 1254 1914 famulantium
1270 1885 1386 1912 statum
1401 1885 1431 1912 et
1444 1879 1606 1912 salubrem
1622 1879 1775 1912 directio-

1013 1945 1104 1972 ,nem
1126 1933 1313 1978 respiciunt,
1339 1933 1377 1966 ad
1404 1932 1618 1966 exauditionis
1639 1932 1775 1974 gratiam

1033 1988 1169 2021 libenter
1190 1987 1340 2027 admittit,
1365 1992 1396 2020 et
1416 1986 1578 2020 favoribus
1599 1985 1772 2030 prosequi-

1034 2048 1083 2075 tur
1103 2040 1306 2085 opportunis.

1077 2095 1139 2139 5‘1.
1164 2094 1284 2137 Exponi
1306 2093 1399 2126 nobis
1424 2103 1528 2137 nuper
1547 2092 1619 2126 fecit
1640 2092 1776 2126 dilectus

1033 2148 1117 2182 silius
1149 2148 1238 2192 prior
1270 2147 1427 2189 generalis
1461 2146 1588 2181 OrdInis
1627 2147 1773 2180 Fratrum

1032 2202 1146 2235 Beatae
1167 2201 1282 2234 Mariae
1303 2201 1342 2233 de
1363 2201 1467 2233 Monte
1495 2200 1663 2237 Carmelo,
1688 2200 1774 2243 quod

1033 2266 1105 2288 cum
1129 2255 1158 2287 in
1187 2254 1273 2287 bulla
1299 2254 1463 2287 Ci‘uciuttte
1490 2259 1617 2286 sanctae
1648 2259 1678 2285 et
1706 2252 1776 2286 aliis

1035 2307 1219 2351 privilegiis,
1236 2317 1317 2351 quae
1336 2307 1375 2339 ab
1397 2306 1578 2349 Apostolica
1601 2306 1681 2338 =<ede
1702 2316 1777 2338 con-

1034 2361 1102 2393 cedi
1123 2361 1238 2399 solent,
1267 2361 1360 2393 detur
1381 2360 1514 2392 fat-ultas
1539 2359 1675 2400 eligendi
1696 2369 1775 2392 con-

1035 2415 1185 2447 fessorem
1202 2414 1366 2452 idoneum,
1384 2413 1423 2445 ab
1437 2412 1470 2446 Oi
1482 2412 1606 2445 dinario
1620 2413 1779 2456 approba-

1036 2474 1112 2505 tum,
1134 2467 1187 2511 qui
1210 2467 1307 2510 possit
1330 2466 1555 2499 christifideles
1575 2466 1740 2499 absolvere
1761 2477 1779 2499 a

1035 2522 1160 2554 casibus
1191 2521 1362 2555 Ordinario
1395 2521 1582 2559 reservatiS,
1608 2526 1675 2553 eta
1701 2521 1774 2564 qui-

1034 2575 1168 2607 busdam
1195 2575 1303 2613 etiam,
1325 2574 1377 2617 qui
1408 2574 1510 2607 dictae
1531 2574 1603 2607 Sedi
1627 2575 1777 2607 reservati

1034 2634 1117 2667 sunt,
1142 2628 1281 2670 religiosi
1310 2627 1385 2661 dicti
1411 2627 1559 2666 Ordinis,
1584 2638 1638 2661 seu
1664 2639 1777 2661 eorum

1035 2681 1193 2722 nonnulli,
1217 2681 1313 2715 etiam
1335 2681 1373 2714 iis
1391 2681 1594 2715 facultatibus
1615 2681 1660 2715 uti
1685 2692 1778 2726 prae-

1829 1725 1949 1746 Exordium.

1811 2098 1879 2120 Sedes
1889 2100 1976 2125 Aposto-

1791 2127 1831 2146 tica
1855 2128 1890 2146 dat
1910 2132 1976 2151 quun-

1792 2154 1859 2178 ¹toque
1890 2153 1976 2172 fur-itta-

1791 2179 1979 2200 mummii-ssorum

1791 2207 1880 2229 eliuendi
1889 2207 1908 2226 in
1920 2206 1974 2226 bulln

1791 2233 1903 2254 Criu-tutat:
1912 2235 1977 2259 =itque

1792 2262 1846 2281 utus.
