2253 3195
18 252 64 280 An.
80 249 107 278 C.
130 249 191 276 1601

820 252 964 275 etinttnx's
986 251 1043 274 ΥΠῘ
1065 252 1114 274 ΓΡ.

210 298 465 341 praeposituram
496 298 595 342 ipsam
618 299 859 342 quomodolilwt
896 299 945 331 di-

211 350 357 383 mittente
377 379 382 391 ,
416 351 653 394 inspatronatus
674 358 701 384 et
724 352 948 395 lunesentandi

210 414 380 447 personam
404 404 553 437 idoneam
573 406 610 437 ad
634 405 732 443 illam,
767 405 893 448 quoties
914 416 948 437 ex

212 463 286 489 tunc
313 458 463 501 deinceps
489 463 626 495 vacaret,
655 458 822 501 praedicto
852 458 949 499 Sigis-

211 510 333 542 mundo
355 510 427 542 duci
449 517 475 543 et
506 511 635 549 comiti⁷
660 511 792 553 eiusque
823 521 949 543 succes-

210 563 349 602 soribus,
384 570 540 607 perpetuo
565 570 792 601 reservaretur,
818 564 883 607 ipse
904 564 950 596 Si-

210 616 400 657 gismundus
433 617 494 649 dux
516 623 544 649 et
567 628 675 649 comes
695 617 812 650 dictam
841 617 949 649 Eccle-

210 669 289 701 siam
310 669 599 708 'l'ridentinensem,
630 670 719 702 cuius
740 670 900 702 bonorum
921 674 950 701 et,

211 722 394 755 libertatum
414 723 500 755 idem
522 723 747 765 Sigistnundus
770 724 831 755 dux
852 729 881 756 et
898 734 950 755 eo-

211 786 277 808 mes
297 776 391 809 etiam
414 777 563 809 defensor
593 777 743 810 existebat
762 805 768 811 .
798 776 949 820 illiusque

209 839 362 872 personas
376 840 412 862 ac
430 830 514 862 bona
529 841 544 862 a
561 830 708 862 manibus
726 830 780 862 illa
794 840 851 873 pro
870 835 949 862 tem-

209 892 288 926 pore
309 882 527 915 invadentium
542 894 749 926 praeservare
769 889 835 916 toto
856 894 950 927 posse

210 936 361 975 studeret,
379 935 482 969 dietus
496 937 725 980 praedeeessor
746 943 808 969 tam
830 937 949 978 glorio-

210 989 325 1021 sissimi
352 989 504 1027 Frideriei
525 991 745 1023 Romanorum
769 991 947 1033 imperato-

210 1042 264 1082 ris,
289 1053 384 1086 quain
409 1043 564 1086 praedicti
587 1043 782 1085 Sigismundi
805 1044 894 1076 ducis
920 1049 951 1076 et

211 1095 336 1128 comitis
356 1096 646 1139 supplicationibus
675 1096 706 1128 in
728 1107 763 1129 ea
786 1102 875 1140 parte
896 1097 946 1128 in-

211 1148 368 1188 clinatus,
402 1149 642 1192 iuspatronatus
674 1156 701 1182 et
724 1149 949 1193 praesentandi

210 1213 380 1246 personam
403 1203 550 1236 idoneam
573 1204 611 1236 ad
633 1203 829 1246 praedictam
852 1214 947 1246 prae-

211 1256 401 1299 posituram,
426 1256 551 1299 quoties
573 1256 660 1288 illam
683 1267 795 1289 vacare
819 1256 947 1289 contin·-

211 1316 311 1351 geret‚
335 1309 499 1353 praedicto
528 1309 733 1351 Sigismundo
753 1309 825 1342 duci
848 1315 876 1342 et
898 1320 951 1342 eo-

204 1362 291 1407 tuiti,
306 1362 439 1406 eiusque
453 1363 645 1395 haeredibus
656 1368 685 1395 ct
698 1363 946 1399 successoriluts,

211 1415 384 1448 comitibus
404 1416 536 1455 Tirolis⁷
557 1416 612 1459 qui
645 1427 704 1460 pro
730 1422 876 1459 tempore
905 1417 950 1448 so-

211 1474 303 1509 rent,
338 1476 495 1513 perpetuo
527 1470 710 1508 reservavit,
743 1470 900 1503 concessit
921 1476 951 1503 et,

211 1523 402 1565 assignavit:
436 1523 477 1556 ita
503 1524 601 1567 quod,
626 1534 661 1556 ex
684 1529 756 1556 tunc
784 1523 946 1567 deinceps,

211 1577 318 1610 nullus
339 1577 484 1610 eamdem
516 1577 771 1620 praeposituram
805 1577 949 1609 obtinere

211 1636 339 1673 posset,
363 1630 422 1662 nisi
444 1630 482 1663 ad
509 1630 595 1663 illam
631 1640 689 1673 per
709 1629 948 1671 Sigismundum

212 1683 325 1715 ducem
346 1689 375 1716 et
399 1683 566 1723 comitem,
591 1694 627 1715 ac
652 1683 807 1716 haeredes
828 1689 858 1716 et
878 1694 950 1716 snc-

212 1746 354 1769 cessores
374 1736 566 1780 praedictos,
597 1742 741 1780 tempore
763 1736 883 1776 debito,
905 1737 951 1769 di-

212 1795 261 1822 cto
279 1790 531 1833 praedecessori,
549 1789 680 1833 eiusque
698 1790 947 1829 successoribus,

210 1843 363 1876 Romanis
382 1843 592 1876 Pontificibus
622 1853 681 1886 pro
712 1848 856 1886 tempore
886 1843 950 1875 exi-

211 1896 378 1937 stentibus,
407 1897 486 1929 soret
502 1901 734 1940 piaesenttttus·⁷
759 1907 883 1929 necnon
905 1896 950 1929 ei-

212 1951 284 1983 dem
302 1949 507 1992 Sigismundo
529 1949 601 1981 duci
627 1955 656 1982 et
673 1949 795 1989 comiti,
818 1950 950 1993 eiusque

212 2003 404 2036 haeredibus
415 2009 443 2036 et
454 2003 704 2042 successoribus,
717 2003 802 2045 quod
813 2003 851 2035 ad
861 2013 952 2046 prae-

210 2056 388 2100 posituram
401 2055 598 2096 liuiusmodi,
612 2055 695 2088 illius
710 2056 874 2089 vacatione
892 2066 950 2100 pro

211 2115 356 2154 tempore
387 2115 588 2150 occurrente,
612 2120 782 2153 personam
802 2109 949 2142 idoneam

211 2173 268 2206 per
288 2162 569 2206 praedecessorem
592 2167 621 2195 et
648 2172 850 2195 successores
878 2173 951 2195 suos

211 2216 373 2249 Romanos
384 2216 556 2249 Pontifices
574 2216 757 2259 praedictos
772 2216 948 2255 dumtaxat,

213 2269 330 2312 quibus
351 2269 434 2302 idem
465 2270 695 2313 praedecessor
717 2269 950 2302 ii'ist,itutionet'n

213 2323 277 2356 sive
297 2323 512 2366 provisionem
540 2323 624 2356 illius
645 2322 826 2366 specialiter
851 2334 952 2356 reser—

214 2381 356 2416 vaveram·
376 2376 406 2408 in
428 2376 527 2419 ipsius
554 2375 707 2408 ecclesiae
732 2375 950 2418 praepositum

214 2429 458 2470 instituendum,
475 2429 594 2462 eisdem
616 2428 769 2462 Romanis
790 2428 952 2461 l‘ontitiei-

213 2483 272 2515 bus
292 2488 498 2526 praesentare
529 2483 629 2515 libere
654 2494 690 2515 ae
711 2482 794 2514 licite
815 2482 948 2519 valeret,

214 2535 355 2576 indulsit,
372 2535 507 2568 irritanti
522 2541 551 2568 et
572 2535 641 2568 aliis
661 2535 797 2568 decretis
816 2535 953 2578 desuper

214 2589 378 2632 appositis,
402 2594 495 2632 prout
515 2589 545 2620 in
567 2588 678 2621 litteris
700 2587 885 2631 apostolicis
900 2588 953 2620 de-

214 2653 310 2685 super
330 2641 483 2674 ronsertis
504 2641 629 2684 plenius
650 2640 843 2673 continetur

1631 239 1693 271 7:35
1740 249 1791 274 An.
1809 247 1836 273 e.
1856 247 1918 273 ttzot

1027 301 1041 341 ,ξ
1063 299 1092 331 ⁹2.
1114 299 1222 342 Nuper
1242 309 1328 337 vero,
1353 309 1424 330 eum
1449 298 1533 331 dicta
1555 297 1741 341 praeposi-¹
1763 307 1922 337 Cognitumffte-

984 356 1071 389 tura,
1104 362 1199 394 quam
1229 352 1332 385 bonae
1366 350 1541 383 memoriae
1580 351 1723 383 Andreas
1738 335 1923 389 :iiiiiit'iiisss'ss'iiiiss

983 405 1012 436 S
1037 404 1153 437 Mariae
1181 405 1289 437 Novae
1317 404 1472 437 diaconus
1493 402 1664 436 cardinalis
1684 402 1722 435 ab
1738 387 1833 448 {liil'isiiit
1850 387 1922 448 figi-'tii

984 457 1109 489 Austria
1131 463 1353 501 nuncupatus,
1390 468 1423 489 ex·
1458 457 1664 489 concessione
1694 440 1923 502 etss1¹1'35‡'³1¹1}‡2¹{li¹3333

984 510 1221 553 dispensatione
1235 511 1420 554 apostolica,
1439 511 1468 542 in
1484 511 1720 551 commendam,
1740 498 1776 512 ¹³⁰
1789 492 1879 517 hbmm'

984 564 1059 595 dum
1081 564 1211 603 vivom,
1236 564 1417 601 obtinebat„
1449 564 1641 597 commenda
1667 564 1725 596 bu-

985 617 1122 649 iusmodi
1144 628 1201 660 per
1226 618 1348 650 obitum
1362 617 1438 650 dicti
1460 618 1605 650 Andreae
1622 617 1726 650 cardi-

985 669 1064 701 nalis
1094 670 1179 713 apud
1209 670 1321 703 Sedent
1344 670 1561 713 Apostolicam
1584 669 1724 703 defuncti

984 727 1138 762 cessante,
1156 722 1261 754 adbuc
1279 733 1316 755 eo
1335 733 1399 765 quo
1413 728 1485 755 ante
1499 723 1724 755 commendam

984 774 1084 818 ipsam
1108 775 1239 808 vacabat
1262 776 1369 814 modo,
1395 786 1508 809 vacare
1523 781 1721 815 nosceretur,

984 833 1013 861 et
1039 839 1096 861 nos
1125 829 1163 861 de
1186 828 1239 861 illa
1267 829 1311 861 sie
1331 835 1485 869 vacante,
1510 834 1537 862 et
1560 835 1724 872 tamquam

984 881 1252 916 libera.etdietae
1274 882 1346 916 S'edi
1368 883 1491 915 ratione
1513 883 1724 915 commendae

984 935 1168 969 huiusmodi
1196 936 1318 973 affecta,
1345 936 1461 969 dilecto
1490 935 1555 968 filio
1576 936 1724 968 Matthiae

985 989 1068 1021 della
1088 990 1187 1023 Torre
1209 1001 1245 1022 ex
1264 989 1435 1023 comitibus
1457 989 1552 1021 Vallis
1576 989 1720 1029 Saxinae,

985 1042 1101 1075 clerieo
1123 1042 1341 1086 Aquilegiensi
1367 1042 1529 1086 provideri
1551 1042 1725 1075 concessis-

984 1106 1108 1133 semus·,
1132 1096 1340 1129 charissimus
1365 1102 1471 1128 autem
1494 1096 1525 1128 in
1546 1096 1669 1129 Christo
1688 1097 1724 1129 fi-

984 1149 1045 1181 lius
1075 1154 1184 1181 noster
1208 1149 1398 1192 [lodulpbus
1429 1150 1650 1182 Romanorum
1669 1161 1723 1183 rex

985 1201 1114 1234 illustris
1128 1201 1159 1233 in
1170 1202 1396 1245 imperatorem
1413 1203 1542 1242 electus,
1560 1202 1614 1246 qui
1627 1203 1723 1235 etiam

984 1266 1092 1288 comes
1122 1256 1236 1288 Tirolis
1261 1256 1385 1294 existit,
1410 1257 1664 1300 iuripatronatus
1694 1263 1722 1289 et

983 1309 1208 1352 praesentandi
1221 1309 1406 1342 huiusmodi
1427 1310 1638 1350 inhaerendo,
1656 1321 1725 1343 cer—

985 1367 1046 1394 tam
1070 1373 1240 1405 personam
1254 1363 1293 1395 ad
1312 1363 1429 1395 dictam
1452 1363 1721 1406 praeposituram,

984 1421 1018 1448 ut
1037 1416 1227 1458 praefertur,
1251 1421 1429 1455 vacantem,
1454 1416 1546 1449 nobis
1567 1428 1721 1460 praesen-

986 1474 1090 1509 tasset,
1107 1479 1144 1502 ac
1154 1479 1214 1512 pro
1228 1468 1445 1502 verificatione
1460 1469 1726 1513 iurispatronatus

984 1521 1180 1561 huiusmodi,
1203 1522 1593 1565 exemplarauthenticum
1604 1523 1726 1556 littera—

984 1586 1054 1608 rum
1077 1575 1312 1618 praedictarum
1332 1586 1439 1608 coram
1451 1575 1566 1608 dilecto
1587 1576 1654 1609 filio
1669 1577 1724 1609 da-

986 1628 1065 1661 tario
1084 1633 1193 1661 nostro
1212 1628 1355 1660 exbiberi
1377 1633 1530 1669 curasset,
1546 1629 1673 1662 tandem
1689 1641 1723 1662 ex

987 1687 1096 1714 tenore
1111 1681 1251 1724 ipsarum
1268 1681 1447 1714 litterarum
1469 1682 1633 1724 cognitum
1653 1683 1721 1721 snit,

985 1735 1185 1778 praedictum
1219 1735 1500 1778 praedecessorem
1544 1736 1627 1769 inter
1663 1736 1725 1769 alia

986 1788 1123 1821 voluisse
1152 1794 1182 1821 et
1208 1799 1354 1831 expresse
1382 1788 1609 1828 declaravisse,
1638 1790 1723 1832 quod

985 1841 1208 1883 Sigismundns
1221 1842 1282 1874 dux
1303 1846 1333 1873 et
1353 1852 1472 1881 comes,
1496 1842 1627 1885 eiusque
1648 1853 1722 1875 suc-

986 1906 1127 1928 cessores
1153 1901 1181 1928 et
1213 1894 1338 1938 patroni
1359 1895 1532 1938 praedicti,
1556 1906 1614 1938 pro
1635 1906 1726 1928 reeo-

986 1945 1129 1989 emtione
1163 1948 1379 1981 concessionis
1400 1954 1587 1990 patronatus
1616 1948 1726 1981 buius-

987 2002 1084 2039 modi‚
1109 2001 1243 2043 singulis
1264 2001 1365 2040 annis,
1391 2002 1421 2034 in
1450 2003 1528 2034 sesto
1557 2002 1724 2035 beatorum

986 2057 1068 2089 Petri
1090 2062 1119 2089 et
1141 2056 1228 2089 Pauli
1248 2055 1481 2098 apostolorum,
1496 2066 1592 2087 unam
1608 2055 1724 2088 libram

987 2120 1078 2143 cerae
1103 2109 1253 2142 Gamerae
1275 2109 1478 2152 Apostolieae
1497 2108 1619 2141 solvere
1639 2114 1725 2141 tene-

987 2169 1076 2196 retur
1096 2191 1102 2201 ,
1136 2162 1278 2206 alioquin
1296 2190 1302 2200 ,
1335 2163 1359 2194 si
1391 2162 1505 2194 libram
1545 2172 1636 2195 cerae
1674 2162 1724 2195 die

988 2217 1066 2248 sesto
1085 2226 1149 2248 non
1174 2216 1309 2248 solveret
1327 2242 1333 2254 ‚
1358 2221 1411 2248 ant
1432 2215 1724 2258 praesentationem

986 2279 1049 2301 non
1072 2269 1198 2307 faceret,
1215 2274 1248 2300 ut.
1268 2268 1459 2311 praefertur,
1482 2268 1646 2300 concessio
1667 2268 1725 2300 bu-

988 2321 1124 2354 iusmodi
1136 2321 1254 2353 nullius·
1266 2326 1347 2354 esset
1360 2321 1485 2353 roboris
1496 2321 1542 2353 vel
1557 2321 1721 2354 momenti.

1031 2375 1045 2416 ᾗ
1065 2375 1095 2407 ῖῖ,
1117 2374 1192 2407 Cum
1216 2380 1320 2406 autem
1339 2401 1345 2413 ,
1373 2374 1453 2406 sicut
1476 2374 1615 2406 exhibita
1634 2374 1726 2407 nobis
1755 2382 1800 2410 0¹¹3
1816 2386 1853 2406 rvr
1869 2381 1925 2405 iann-

1741 2409 1831 2427 ranttatn
1843 2413 1882 2427 nou
1893 2413 1925 2426 §.1-

987 2438 1090 2471 uuper
1108 2438 1166 2471 pro
1186 2433 1276 2471 parte
1297 2427 1371 2460 dicti
1397 2427 1558 2471 llodulplti
1576 2428 1675 2470 regis,
1694 2428 1725 2460 in
1742 2434 1784 2453 '¹¹¹³
1802 2433 1926 2470 limanium.

1741 2460 1863 2480 submitte—tu
1880 2460 1925 2483 leue

988 2481 1214 2524 i111pt2¹rsslOFOtn
1226 2480 1328 2516 electi„
1338 2480 1448 2524 petitio
1458 2480 1725 2524 continebat,ipse
1741 2487 1844 2533 f‡.{‡‡‚{‘.¹[,¹,³¹
1858 2487 1925 2532 *2513*ss

987 2533 1179 2565 conditionis
1204 2533 1387 2576 praedictae
1409 2533 1549 2580 ignarus,
1565 2539 1592 2566 et
1619 2534 1723 2567 forsan
1741 2527 1795 2561 uns
1828 2529 1830 2531 ’
1877 2520 1892 2533 ι’

988 2586 1057 2619 aliis
1071 2586 1138 2619 eius
1157 2586 1187 2619 in
1205 2587 1290 2619 (licto
1312 2587 1465 2620 comitatu
1491 2592 1720 2627 antecessores,

990 2640 1105 2673 dictam
1145 2640 1258 2672 libram
1298 2652 1411 2679 cerae,
1445 2641 1527 2674 iuxta
1564 2640 1722 2673 dictarum
