2253 3195
11 1719 14 1723 ¹
36 1693 139 1715 Concedit
163 1700 183 1715 e·

10 1726 50 1742 am
72 1722 101 1751 ut·
119 1721 184 1742 sci-vi-

19 1753 51 1768 ffl'ss
66 1754 184 1774 [(1111]ίῖυὲΙί-

5 1796 6 1801 ¹
14 1773 47 1794 ale
53 1774 80 1794 sit
89 1775 135 1795 loco
143 1774 183 1799 nri-

12 1805 46 1821 ae
55 1801 184 1822 residentiae

815 258 961 282 CLEMENS

198 303 460 344 ministrationes,
484 315 540 339 seu
558 305 663 339 officia
690 306 721 338 in
743 305 939 339 cathedrali-

197 357 267 396 bus,
291 357 385 390 etiam
405 359 672 402 metropolitanis,
697 360 743 392 rel
766 358 943 401 collegiatis

197 411 338 444 ecclesiis
360 412 532 455 praedictis
550 412 746 456 principales
766 412 938 452 extiterint,
960 431 961 440 κ

197 464 306 508 eisquc
327 476 403 498 cura
425 466 867 507 iurisdictionalisdumtaxat
885 466 942 498 im—

198 517 327 556 mineat,
349 529 408 551 nec
426 530 489 552 non
517 520 645 552 illorum
675 519 798 552 ratione
819 519 940 563 percipi
959 529 961 531 ’

197 571 306 604 solitas
327 572 530 615 quotidianas
557 572 821 611 distributiones,
845 572 939 604 anni-

197 625 336 658 versaria
348 631 375 658 et
390 625 452 658 alia
466 626 684 658 emolumenta
705 636 939 669 quaecumque,

197 674 292 710 etiam
320 679 541 721 praesentibus
566 679 731 712 dumtaxat
760 685 790 712 et
820 679 943 712 diurnis

196 739 233 763 ac
261 731 428 764 nocturnis
457 732 545 764 horis
575 732 789 775 personaliter
808 732 942 765 interes-

196 783 339 817 sentibus
360 784 441 825 dari,
458 790 487 818 et
510 796 567 828 per
587 785 658 818 illos
681 791 802 819 tautum
826 785 942 819 lucrari

196 837 300 877 solita,
322 849 395 871 eum
418 849 455 871 ea
476 839 671 882 integritate,
697 850 769 872 cum
791 850 853 883 qua
874 839 962 873 illas,

196 896 226 924 et
246 890 302 924 illa
321 891 541 935 perciperetis,
558 892 582 925 si
604 893 635 925 in
657 893 778 926 eisdem
801 893 944 926 ecclesiis

196 944 411 988 personaliter
432 945 627 985 resideretis,
643 957 679 979 ac
697 946 813 979 divinis
831 946 944 980 officiis

196 997 349 1041 horisque
363 998 526 1031 canonicis
539 999 713 1043 praedictis
734 999 940 1039 interessetis,

196 1052 375 1096 percipere,
400 1051 526 1094 exigere
552 1058 580 1085 et
603 1053 718 1090 levare,
734 1052 834 1086 libore
855 1058 886 1086 et
905 1053 943 1085 li-

197 1104 257 1138 cite
278 1105 417 1154 valeatis,
442 1105 567 1138 etiamsi
597 1106 628 1138 in
654 1105 774 1138 eisdem
801 1106 944 1139 eeclesiis

197 1163 228 1191 et
246 1158 412 1191 beneficiis
432 1159 572 1203 primam
593 1159 800 1192 residentiam
828 1170 941 1203 perso—

197 1211 303 1245 nalem
315 1218 514 1252 consuetam,
527 1223 582 1246 vos
597 1213 644 1245 vel
659 1212 775 1256 aliquis
788 1219 940 1253 vestrum,

197 1266 246 1298 vel
266 1265 403 1298 aliorum
431 1266 673 1309 praedictorum
699 1276 764 1299 non
794 1267 940 1300 feceritis.

196 1319 353 1364 Quodque
379 1320 476 1353 etiam
507 1321 546 1353 ad
576 1320 784 1363 residendum
815 1320 943 1354 interim

198 1372 229 1406 in
250 1373 371 1406 eisdem
391 1373 544 1412 ecelesiis,
568 1374 616 1406 rel
637 1373 814 1413 beneficiis,
835 1375 884 1407 vel
899 1374 946 1407 di-

198 1425 279 1459 vinis
306 1426 564 1460 interessendum
586 1426 719 1459 minime
747 1427 941 1468 teneamini,

198 1490 258 1513 nec
279 1480 319 1513 ad
333 1480 365 1513 id
379 1491 396 1513 a
415 1491 578 1524 quoquam
597 1481 685 1514 inviti
700 1481 772 1523 cogi
789 1482 837 1515 vel
858 1492 945 1515 com-
962 1502 964 1528 ἓ

168 1533 171 1535 ’
198 1533 274 1577 pelli
294 1533 433 1577 possitis,
450 1534 639 1567 auctoritate
657 1535 874 1577 praesentium
896 1535 945 1568 in-

199 1587 380 1629 dulgemus.

244 1641 260 1683 ἓ
281 1639 311 1673 3.
335 1641 524 1681 Praeterea,
546 1652 619 1674 cum
645 1641 677 1674 in
704 1641 868 1685 plerisque
893 1653 946 1675 ec-

199 1693 303 1726 clesiis
324 1693 501 1736 collegiatis
516 1721 523 1734 ,
547 1694 787 1727 cathedralibus
818 1700 849 1728 et
879 1706 946 1729 me-

199 1747 403 1791 tropolitanis
416 1748 549 1781 istarum
564 1747 703 1792 partium
718 1754 836 1782 statuta
849 1760 947 1792 quae-

200 1801 286 1841 dam,
310 1801 404 1835 etiam
427 1802 535 1835 forsan
556 1802 749 1842 iuramento,
771 1803 946 1847 apostolica

199 1855 400 1895 auctoritate,
425 1856 474 1888 vel
488 1855 565 1888 alias
579 1854 782 1896 confirmata,
803 1862 858 1889 aut
872 1866 947 1889 con-

199 1908 387 1942 suetudines
405 1908 543 1951 vigeant,
555 1915 590 1942 ut
606 1909 841 1949 audivimus,ut
861 1910 947 1953 quis-

199 1973 262 2007 que
287 1973 401 2001 earum
425 1963 610 2003 canonicus,
635 1968 664 1995 et
687 1963 877 2006 (lignitatem
898 1964 946 1996 vel

199 2016 394 2050 beneficium
415 2017 447 2049 in
468 2016 530 2049 illis
551 2017 717 2054 obtinens,
739 2022 886 2050 teneatur
907 2017 946 2049 ab

199 2069 291 2102 initio
305 2069 345 2102 ad
358 2075 481 2103 certum
504 2076 641 2113 tempus,
659 2080 732 2103 cum
750 2070 891 2114 primum
906 2071 945 2103 ad

200 2122 441 2156 inserviendum
475 2122 535 2166 ipsi
567 2123 722 2156 ecclesiae
752 2123 942 2163 accesserit,

198 2176 338 2220 primam
360 2176 569 2210 residentiam
599 2177 674 2209 almi
700 2176 831 2210 arctiori
862 2188 943 2221 qua-

199 2230 272 2263 dam
294 2229 497 2262 observantia
512 2230 628 2269 facere,
646 2230 790 2273 alioquin
811 2230 943 2270 fructus,

198 2283 344 2317 redditus
365 2288 395 2315 et
414 2288 600 2326 proventus,
625 2283 671 2315 vel
687 2283 943 2323 distributiones,

200 2342 254 2370 aut
285 2337 505 2370 emolumenta
536 2336 700 2380 praedicta
736 2336 853 2369 lucrari
885 2347 943 2368 ne—

200 2396 316 2434 queat,
341 2390 550 2423 concedimus
576 2390 672 2423 etiam
699 2389 789 2423 vobis
820 2394 852 2422 et
877 2389 947 2422 aliis

199 2443 383 2487 praedictis,
408 2449 439 2476 et
462 2443 639 2486 unicuique
659 2448 800 2476 vestrum
822 2447 852 2475 et
870 2442 943 2475 illo-

200 2507 284 2537 rum,
294 2502 329 2530 ut
341 2497 364 2530 si
380 2507 438 2541 per
450 2497 710 2541 quinquennium
725 2496 837 2529 saltem
850 2496 946 2529 etiam

200 2550 250 2583 vel
270 2555 341 2594 post
361 2550 602 2584 concessionem
634 2556 665 2583 et
694 2550 854 2583 indultum
886 2549 946 2582 liu-

202 2603 353 2644 iusmodi,
364 2603 469 2637 officio
489 2603 706 2648 inquisitionis
717 2603 943 2643 deservieritis,

203 2663 278 2690 tunc
293 2667 330 2690 eo
351 2657 432 2701 ipso,
449 2657 488 2691 ad
502 2657 641 2702 primam
661 2657 947 2702 tuiiusiuodrrcsi-

981 258 1038 281 vni
1059 258 1108 281 pp.

979 305 1120 338 dentiam
1139 305 1318 338 faciendam
1340 304 1372 337 in
1390 303 1510 337 eisdem
1533 302 1674 336 ecelesiis
1695 308 1725 336 et

979 356 1154 397 beneficiis,
1172 356 1202 388 in
1217 356 1334 399 quibus
1354 355 1562 389 canonicatus
1583 360 1614 386 et
1634 364 1725 397 prae-

978 410 1113 449 bendae,
1137 410 1185 442 rel
1207 409 1389 451 dignitates,
1413 408 1577 452 portiones
1598 407 1725 451 aliaque

978 463 1133 496 beneficia
1155 474 1211 506 per
1236 473 1290 496 vos
1311 463 1441 496 obtenta
1459 461 1588 501 fuerint,
1605 462 1643 494 ad
1661 461 1724 504 pri-

979 527 1063 548 mam
1086 516 1269 549 huiusmodi
1301 515 1507 549 residentiam
1540 515 1571 548 in
1603 514 1724 548 eisdem

978 569 1120 603 ecclesiis
1145 576 1175 602 et
1196 569 1361 602 benefieiis
1383 569 1515 602 minime
1537 568 1721 608 teneamini,

978 633 1035 656 nec
1053 624 1093 656 ad
1115 623 1145 655 id
1167 623 1237 665 cogi
1260 623 1305 656 vel
1328 623 1477 666 compelli
1500 622 1644 666 possitis3
1669 622 1726 655 sed

978 676 1132 719 obsequia
1154 682 1181 709 et
1209 676 1336 709 servitia
1358 676 1443 708 dicto
1465 676 1570 708 officio
1590 674 1724 719 inquisi-

980 729 1073 762 tionis
1098 740 1154 773 per
1172 729 1441 773 quinquennium,
1466 735 1498 761 ut
1521 729 1721 772 praefertur,

979 782 1128 827 praestita
1146 783 1208 816 sint
1226 783 1296 815 loco
1318 782 1441 826 primae
1463 782 1664 822 residentiae,
1682 782 1726 815 ita

979 843 1011 869 ut
1034 836 1185 880 deinceps
1206 837 1340 876 fructus,
1366 835 1520 871 redditus.
1536 841 1721 879 proventus,

979 889 1233 930 distributiones,
1250 889 1320 922 iura
1341 895 1371 922 et
1388 889 1607 922 emolumenta
1628 899 1726 932 quae-

979 954 1129 987 cumque,
1151 954 1209 976 nec
1227 953 1291 976 non
1312 943 1374 975 alia
1391 943 1569 986 privilegia,
1588 943 1722 983 indulta,

979 997 1112 1040 gratias,
1142 996 1413 1040 praeeminentias
1444 1002 1475 1029 et
1506 996 1727 1040 exemptiones

979 1051 1192 1095 personaliter
1212 1056 1319 1083 tamen
1337 1049 1546 1083 deserviendo
1561 1049 1727 1093 percipere

979 1111 1010 1138 et
1030 1105 1149 1137 habere
1170 1104 1274 1142 liceat,
1299 1104 1434 1147 perinde
1455 1114 1491 1136 ac
1509 1103 1533 1136 si
1555 1103 1660 1147 prima
1676 1114 1727 1136 re-

980 1159 1117 1192 sidentia
1138 1168 1210 1191 cum
1232 1157 1347 1190 effectu
1370 1168 1387 1189 a
1408 1157 1498 1190 vobis
1517 1158 1599 1190 facta
1619 1156 1728 1190 suisset

979 1212 1019 1245 ad
1045 1211 1145 1244 instar
1162 1210 1324 1250 ‘ali0rum,
1349 1210 1416 1253 qui,
1440 1215 1513 1253 post
1532 1210 1647 1242 factam
1669 1209 1727 1242 hu-

980 1265 1119 1298 iusmodi
1138 1264 1275 1308 primam
1298 1263 1520 1303 residentiam,
1546 1263 1599 1296 illa
1623 1263 1728 1306 perci-

980 1330 1056 1363 pere
1077 1324 1107 1351 et
1128 1318 1246 1350 habere
1265 1322 1512 1350 consueverunt.

1026 1374 1041 1414 ξ
1062 1371 1093 1404 4.
1117 1372 1203 1410 Quae
1232 1376 1264 1404 ut
1295 1370 1423 1403 debitae
1445 1370 1651 1414 exequutioni
1673 1370 1727 1403 de-

962 1426 1196 1465 *mandentur,
1225 1424 1253 1457 ei
1280 1424 1335 1468 qui
1367 1435 1426 1468 pro
1458 1430 1602 1467 tempore
1632 1423 1729 1457 fuerit

980 1479 1138 1522 generalis
1159 1478 1330 1522 inquisitor
1350 1477 1381 1510 in
1409 1477 1470 1510 illis
1488 1477 1594 1520 regnis
1612 1483 1724 1510 aucto-

981 1533 1074 1566 ritate
1104 1532 1281 1576 apostolica
1312 1532 1505 1574 deputatus,
1534 1541 1591 1574 per
1617 1541 1650 1564 se
1678 1531 1726 1564 vel

980 1587 1100 1623 alium,
1124 1596 1179 1618 seu
1211 1585 1290 1617 alios
1319 1585 1464 1617 locorum
1486 1583 1673 1617 Ordinarios
1697 1590 1728 1617 et

980 1639 1124 1683 Capitula
1142 1638 1363 1678 ecclesiarum,
1382 1638 1413 1670 in
1434 1637 1550 1681 quibus
1571 1637 1728 1670 beneficia

981 1700 1032 1727 aut
1056 1693 1242 1735 dignitates,
1263 1693 1311 1725 vel
1333 1692 1539 1725 canonicatus
1555 1720 1562 1732 ,
1586 1697 1617 1725 et
1636 1703 1729 1736 prae-

981 1747 1105 1780 bendae
1120 1746 1305 1779 huiusmodi
1320 1745 1423 1778 fuerin
1431 1751 1450 1785 t,
1463 1751 1493 1778 et
1506 1756 1729 1789 quoscumque

981 1800 1072 1841 alios,
1094 1796 1133 1832 ad
1154 1810 1235 1843 quos
1256 1804 1376 1843 spectat
1399 1805 1429 1832 et
1448 1799 1605 1843 spectabit
1625 1798 1657 1831 in
1679 1799 1728 1831 fu-

983 1859 1101 1893 turum,
1126 1853 1165 1886 ad
1193 1852 1454 1897 respondendum
1481 1852 1540 1885 sibi
1566 1857 1597 1885 et
1616 1852 1726 1896 inqui-

981 1907 1144 1947 sitoribus,
1157 1907 1290 1951 aliisque
1310 1906 1456 1950 personis
1474 1906 1645 1950 praedictis
1660 1906 1730 1950 qui-

982 1962 1194 2004 buscumque,
1215 1966 1246 1994 et
1267 1960 1397 1993 illorum
1418 1959 1569 2001 singulis,
1594 1960 1632 1993 de
1653 1959 1727 2003 qui-

981 2016 1183 2059 buscumque
1214 2013 1392 2052 fructibus,
1421 2013 1621 2053 redditibus,
1649 2023 1727 2057 pro-

981 2069 1144 2109 ventibus,
1169 2067 1449 2113 distributionibus
1474 2072 1503 2100 et
1529 2067 1731 2100 emolumen-

982 2123 1020 2157 tis
1040 2122 1238 2161 huiusmodi,
1255 2121 1445 2155 auctoritate
1466 2127 1575 2154 nostra
1593 2120 1730 2163 cogendi

982 2182 1012 2209 et
1041 2175 1276 2220 compellendi,
1310 2175 1507 2218 eosdemque
1543 2174 1730 2207 Ordinarios

982 2235 1012 2262 et
1036 2229 1190 2272 capitula,
1221 2238 1370 2273 necnon
1396 2227 1476 2260 alios
1507 2237 1730 2270 quoscumque

982 2283 1238 2315 contradictores
1269 2287 1301 2315 et
1334 2281 1558 2314 inobedientes
1590 2280 1730 2313 cuiusvis

981 2341 1102 2376 status,
1137 2337 1275 2378 gradus,
1309 2335 1433 2368 ordinis
1465 2340 1495 2367 ct
1531 2333 1728 2368 conditionis

983 2389 1109 2429 fuerint,
1133 2394 1164 2422 et
1188 2399 1393 2433 quacumque
1425 2387 1579 2430 dignitate
1607 2393 1637 2420 et
1666 2398 1726 2420 au-

982 2442 1130 2475 ctoritate
1150 2442 1320 2484 fulgentes,
1347 2441 1443 2475 etiam
1465 2446 1652 2485 exemptos,
1676 2446 1732 2474 aut

982 2495 1095 2539 quovis
1130 2495 1298 2539 privilegio
1337 2494 1506 2534 suffultos,
1546 2505 1604 2538 per
1643 2505 1725 2538 poc-

983 2560 1038 2582 nas
1059 2549 1261 2593 pecuniarias
1279 2559 1336 2581 suo
1355 2547 1488 2581 arbitrio
1513 2548 1730 2582 moderandas

983 2608 1014 2636 et
1034 2602 1253 2646 applicandas,
1277 2612 1336 2635 nec
1368 2612 1431 2635 non
1464 2601 1652 2646 privationis
1673 2601 1729 2634 lie-

983 2656 1174 2689 netirioruiu
1195 2666 1253 2700 per
1273 2666 1328 2689 eos
1349 2656 1556 2689 obtentorum
1572 2683 1579 2697 ,
1604 2655 1730 2690 inhabi-

1738 253 1789 280 An.
1809 252 1836 280 C.
1856 252 1924 281 ¹595

1763 1382 1886 1403 Generalem
1899 1381 1927 1401 in-

1743 1409 1867 1435 quisitorem
1879 1409 1928 1428 Por-

1743 1436 1843 1461 tugalliae
1866 1435 1929 1455 huius

1743 1463 1817 1483 indulti
1836 1467 1928 1487 exequu-

1744 1492 1810 1510 torem
1821 1489 1915 1515 deputat.
