2253 3195
208 222 260 249 An.
277 223 305 250 c.
330 223 397 251 ico-2
443 215 508 249 860

694 275 856 310 CCXCVII}
862 303 868 309 .

392 381 602 423 μΡιτωΙίηῐίὶο
617 381 750 414 habitus
763 382 879 414 coloris
892 383 1045 424 caerulei,
1057 394 1154 427 quem

450 435 573 477 deferre
585 435 698 467 debent
711 435 871 479 Reliqz‘osi
885 436 1154 480 Conqreyalz'om's

453 488 691 521 canonicorum
711 489 934 522 saecularium
960 490 992 524 S.
1023 490 1155 535 Georyz'i

452 541 488 572 ln·
507 541 597 585 Algya
622 541 831 574 Veneliarum
854 542 874 575 ¹.

607 631 743 659 Clemens
763 632 842 666 Papa
861 631 946 665 vm,

532 687 568 712 ad
587 689 764 719 perpetuam
783 686 828 713 rei
851 686 1032 714 memoriam.

451 756 538 795 Quae
569 757 610 789 ad
639 757 875 799 Religiosorum
905 758 1074 802 antiquum
1105 758 1154 791 in-

254 820 312 840 μυ.
352 837 356 840 .
407 810 555 843 stitutum
577 811 832 844 conservandum
851 812 985 855 provide
1004 812 1154 846 ordinata

408 864 505 897 fuisse
525 864 688 905 dicuntur,
706 875 754 905 ca,
778 876 851 898 cum
872 876 889 898 a
906 865 1000 899 nobis
1020 867 1150 910 petitur,

407 917 576 961 apostolici
608 918 796 952 muniminis
828 918 981 952 firmitate
1016 919 1155 953 libenter

409 971 660 1013 communimus,
679 978 775 1016 prout
803 973 835 1006 in
861 973 998 1006 Domino
1019 973 1151 1018 conspi-

409 1025 511 1058 cimus
531 1025 706 1058 salubriter
730 1025 892 1069 expedire.

453 1078 468 1121 ξ,
489 1079 520 1111 1.
544 1078 666 1122 Exponi
686 1078 846 1122 siquidem
867 1079 961 1113 nobis
981 1091 1086 1125 nuper
1103 1081 1155 1114 se·-

224 1168 227 1170 ‚
313 1145 374 1167 ..μη
386 1156 394 1160 -
409 1132 453 1166 cit
465 1132 602 1165 dilectus
615 1132 700 1165 filius
720 1133 879 1175 generalis
891 1134 1156 1177 Congregationis

208 1170 438 1225 32132⁴5⁴¹515f⁰iilfl¹218.
460 1185 589 1229 Georgii
610 1186 642 1218 in
663 1187 742 1229 Alga
758 1187 976 1228 Venetiarum‚
993 1189 1081 1231 quod
1097 1199 1157 1233 per

208 1228 279 1273 51:312„
297 1223 393 1272 ἀϊ-ἷῗιἺῖ-’ἶέ

208 1278 302 1297 caerulei
330 1281 393 1309 prout

208 1302 395 1353 l{;,.;1hf:.⁰.ti”d,’ti

209 1359 337 1381 arcp-ationis
351 1360 395 1380 sun-

209 1385 395 1407 ‹lat:·r·let'crebat.

409 1240 560 1274 undecim
580 1246 687 1284 patres
707 1240 887 1284 deputatos,
905 1241 1081 1285 capitulum
1102 1253 1156 1285 ge-

410 1295 520 1328 nerale
547 1294 691 1328 ciusdem
724 1294 989 1338 Congregationis
1018 1307 1152 1340 reprae-

410 1354 584 1390 sentantes,
608 1349 835 1383 eormnunibus
865 1350 947 1383 votis
977 1351 1155 1384 resolutum

411 1402 480 1442 suit,
504 1407 538 1435 ut
559 1403 727 1436 tolleretur
748 1403 866 1437 abusus
886 1403 969 1437 inter
989 1404 1156 1447 religiosos

411 1456 515 1489 dictae
541 1456 806 1499 Congregationis
826 1457 1049 1499 introductus,
1074 1458 1155 1492 inte-

410 1509 554 1543 rcssendi
575 1509 689 1543 divinis
714 1510 826 1544 officiis
847 1511 880 1544 in
906 1511 1026 1547 choro,
1051 1511 1083 1544 in
1104 1522 1156 1546 ec-

411 1563 527 1604 elesia,
551 1563 583 1596 in
614 1554 875 1608 processionibus
907 1564 1157 1609 particularibus

411 1623 441 1650 ct
462 1617 531 1651 aliis
562 1618 640 1651 locis
668 1618 827 1662 publicis,
851 1629 923 1651 cum
952 1619 1021 1652 sola
1051 1620 1157 1654 ‘tunica

411 1671 495 1711 alba,
512 1671 608 1704 vcluti
629 1672 792 1704 contraria
810 1672 962 1705 institutis
983 1678 1013 1706 et
1033 1673 1156 1706 liabitui

411 1724 545 1768 antiquo
566 1725 709 1757 eiusdem
731 1725 1005 1768 Congrcgatiouis.
1022 1727 1057 1759 Et
1076 1738 1157 1771 pro—

410 1783 521 1821 pterea
542 1777 693 1821 deinceps
715 1778 866 1820 Religiosi
897 1779 1053 1813 deberent
1085 1780 1157 1813 ulii-

411 1842 474 1875 que
494 1837 526 1864 ct.
545 1831 576 1864 in
607 1831 694 1864 omni
725 1837 891 1875 tempore,
913 1838 941 1865 ct
968 1834 1157 1877 praesertim

412 1884 519 1925 domi,
544 1884 575 1917 in
606 1885 809 1918 monasteriis
841 1891 871 1918 et
903 1885 981 1919 loeis
1011 1886 1156 1921 eiusdem

411 1938 675 1979 Confi-'regationis
689 1939 815 1971 deferre
831 1944 936 1980 togam
952 1940 1070 1973 coloris
1088 1952 1158 1975 eae-

413 1992 505 2033 rulci,
529 1992 712 2036 pallandam
734 1998 965 2036 nuncupatam,
985 1994 1069 2027 iuxta
1082 2005 1158 2028 con-

411 2047 592 2079 stitutiones
612 2047 755 2080 eiusdem
782 2048 1055 2090 tbugregatimis,
1074 2050 1157 2082 etad

415 2100 514 2133 instar
530 2100 626 2140 illius,
645 2112 740 2144 quam
761 2101 923 2134 dct'erebat
942 2102 1056 2135 Beatus
1071 2103 1154 2136 Lau-

414 2154 536 2187 rentius
550 2154 754 2194 lustinianus,
770 2155 915 2188 eiusdem
930 2156 1157 2197 Congu-gatio-

415 2208 463 2240 nis
484 2208 656 2241 institutor.
690 2209 726 2241 [ΙΙ
755 2213 862 2241 autem
893 2209 982 2241 nullo
1013 2215 1157 2253 tempure

417 2262 627 2305 imposterum
661 2262 844 2306 praedictae
879 2262 1068 2295 resolutioni
1101 2274 1156 2296 scu

416 2316 545 2348 ‹la-creto
575 2316 814 2359 przwdirtorum
846 2316 995 2349 umtcvim
1028 2318 1156 2351 l'atruut

416 2370 642 2412 deputatorum
675 2370 956 2410 cont1·aw.·uiatut·‚
985 2371 1069 2405 idem
1097 2383 1154 2411 ‘gc-

417 2423 534 2455 uvralis
558 2423 653 2456 totius
675 2423 939 2464 tlougrcgationis
973 2425 1157 2469 praedictae

418 2476 563 2515 nornine,
588 2477 679 2510 uubis
702 2477 867 2510 humiliter
886 2477 1060 2522 supplicari
1086 2479 1159 2512 fecit

455 2558 462 2582 l
489 2556 685 2583 tnutttuiinnmn
709 2557 787 2584 liuius
817 2559 1044 2592 congregauonis.
1061 2562 1088 2586 et
1108 2559 1160 2586 ulia

417 2609 476 2627 eam
492 2602 672 2636 respicientia„
691 2603 749 2628 ride
765 2603 790 2629 iu
807 2604 927 2638 tiri-gorii
941 2604 995 2638 ΧΗ,
1012 2605 1121 2632 com-tit.
1132 2611 1158 2632 tt:

420 2645 490 2677 luta,
508 2650 573 2672 totu.
591 2653 625 2679 tr,
649 2656 708 2681 {mg-
730 2647 791 2674 «315.

996 230 1180 254 BULnAmUM
1197 231 1350 256 ROMANUM

1187 283 1223 312 ut
1243 279 1322 313 illud
1349 280 1527 324 apostolica
1556 282 1748 316 auctoritate
1773 289 1930 328 perpetuo

1176 332 1383 366 >confirmare
1410 334 1449 367 de
1469 334 1667 377 benignitate
1688 335 1864 379 apostolica
1883 337 1932 370 di-

1187 395 1374 428 gnaremur.
1631 414 1642 421 „

1232 440 1249 481 ἓ
1271 441 1300 472 2.
1321 440 1385 473 Nos
1410 440 1530 483 igitur,
1553 441 1609 485 qui
1640 441 1721 475 iusta
1753 443 1931 486 petentium

1189 492 1268 525 votis
1288 497 1434 526 nostrum
1456 504 1521 527 non
1536 495 1734 537 denegamus
1750 506 1928 538 assensum,

1187 547 1369 588 generalem
1392 553 1422 580 et
1445 548 1624 591 singulares
1648 549 1815 592 religiosos
1828 549 1933 584 dictae

1187 599 1452 643 Congregationis
1480 612 1499 635 a
1517 602 1684 646 quibusvis
1710 603 1933 636 exeommuni-

1187 653 1334 694 cationis,
1357 655 1578 698 suspensionis
1604 661 1636 689 et
1661 656 1824 690 interdicti
1844 657 1931 690 aliis-

1187 718 1250 751 que
1270 708 1493 742 ecclesiasticis
1521 709 1709 751 sententiis,
1733 710 1877 744 censuris
1901 716 1933 744 et

1186 761 1312 804 poenis,
1328 772 1347 794 a
1367 761 1437 795 iure
1450 763 1505 796 -vel
1525 763 1565 796 ab
1585 763 1731 804 homine,
1755 763 1867 808 quavis
1878 773 1931 797 oe-

1187 814 1316 848 casione
1336 815 1385 848 vel
1405 826 1501 849 causa
1521 816 1603 858 latis,
1620 816 1777 860 siquibus
1797 812 1933 861 quomo-

1187 868 1310 902 dolibet
1320 868 1463 903 innodati
1474 870 1671 912 existunt‚ad
1684 870 1833 904 effectum
1844 881 1933 915 prae-

1187 921 1325 956 sentium
1344 923 1511 957 dumtaxat
1523 925 1800 968 consequendum,
1816 924 1932 958 harum

1188 975 1271 1009 serie
1291 976 1494 1010 absolventes
1520 983 1551 1010 et
1577 978 1742 1011 absolutos
1763 978 1831 1012 sore
1851 988 1930 1012 cen-

1188 1035 1304 1071 sentes,
1328 1029 1514 1064 huiusmodi
1533 1030 1823 1074 supplicationibus
1839 1030 1933 1064 incli-

1189 1083 1266 1124 nati,
1291 1094 1327 1116 cx
1347 1089 1421 1117 voto
1442 1084 1674 1117 venerabilium
1702 1084 1836 1117 fratrum
1868 1094 1930 1118 no-

1189 1143 1330 1171 strorum
1347 1137 1483 1171 Sanctae
1503 1138 1667 1171 Romanae
1684 1138 1844 1171 Ecclesiae
1864 1148 1934 1172 car—

1190 1191 1346 1225 dinalium
1378 1202 1476 1235 super
1502 1192 1793 1226 consultationibus
1823 1198 1854 1226 et
1877 1203 1934 1226 ne-

1189 1245 1289 1288 gociis
1312 1245 1546 1289 Episcoporum
1574 1251 1606 1279 et
1630 1246 1839 1289 Regularium
1872 1246 1931 1280 de-

1188 1303 1395 1343 putatorum,
1421 1299 1586 1332 decretum
1614 1299 1746 1343 capituli
1775 1299 1935 1342 generalis

1190 1352 1403 1396 praedictum,
1430 1357 1465 1385 ut
1489 1352 1744 1386 scilicetornnes
1765 1359 1796 1386 et
1815 1353 1934 1396 singuli

1191 1407 1295 1440 dictae
1329 1406 1594 1449 (long-rogationis
1628 1407 1770 1450 religiosi
1804 1412 1932 1450 togam,

1190 1461 1374 1505 pall-andam
1400 1465 1632 1504 nuncupatam,
1653 1461 1771 1494 coloris
1795 1460 1935 1495 caerulei

1191 1515 1316 1548 deferre
1331 1542 1338 1556 ,
1362 1521 1397 1548 ut
1417 1514 1630 1559 praemissum
1651 1520 1717 1556 est,
1741 1520 1932 1556 teneantur,

1191 1568 1384 1602 auctoritate
1415 1568 1612 1612 apostolica,
1643 1574 1755 1602 tenore
1785 1579 1937 1613 praesen-

1192 1622 1284 1662 tium,
1308 1627 1465 1666 perpetuo
1493 1621 1725 1655 confirmamus
1752 1627 1783 1656 et
1811 1632 1934 1666 appro-

1191 1675 1316 1714 bamus,
1340 1686 1377 1708 ac
1394 1675 1474 1708 illud
1495 1686 1552 1718 per
1571 1675 1673 1709 dictos
1693 1675 1862 1718 religiosos
1881 1675 1934 1708 in-

1192 1729 1307 1762 violate
1333 1729 1496 1762 observari
1527 1729 1646 1762 debere
1675 1729 1880 1763 decernimus
1906 1734 1938 1763 et

1193 1783 1406 1816 declaramus.

1237 1837 1254 1878 g
1275 1835 1306 1869 3.
1331 1836 1399 1869 Non
1425 1835 1628 1869 obstantibus
1653 1835 1936 1870 constitutionibus

1193 1896 1223 1923 et
1251 1889 1512 1923 ordinationibus
1541 1889 1746 1934 apostolicis,
1769 1901 1806 1923 ac
1838 1890 1937 1934 ipsius

1192 1942 1467 1985 Congregationis,
1488 1942 1583 1975 etiam
1605 1942 1798 1984 iuramento,
1819 1943 1938 1977 contir—

1194 1996 1334 2029 mationc
1359 1995 1554 2039 apostolica,
1578 1996 1625 2029 rel
1655 1996 1766 2040 quavis
1786 1996 1938 2031 firmitate

1192 2050 1253 2083 alia
1271 2049 1428 2083 roboratis
1441 2049 1567 2083 statutis
1584 2055 1614 2082 ct
1635 2049 1934 2092 consuetudinibus,

1194 2103 1368 2148 privilegiis
1382 2113 1523 2147 quoque,
1539 2102 1670 2136 indultis
1688 2108 1718 2136 et
1733 2102 1847 2136 litteris
1860 2113 1937 2148 apo-

1191 2157 1312 2191 stolicis
1327 2157 1356 2190 iu
1371 2157 1570 2190 contrarium
1591 2157 1842 2201 praemissorum
1857 2168 1938 2201 quo·
1968 2179 1970 2181 v

1193 2211 1369 2245 modoliliet
1394 2211 1568 2252 concessis,
1592 2211 1791 2245 contii-matis
1816 2218 1847 2245 et
1874 2223 1950 2256 ap-.

1193 2265 1351 2310 probatis-3
1375 2265 1588 2309 caeterisque.
1602 2265 1773 2299 contrariis
1797 2265 1934 2310 quibus-

1192 2330 1343 2364 cumque.

1236 2374 1348 2406 Datum
1376 2373 1496 2406 llomac
1520 2373 1606 2416 apud
1634 2372 1664 2406 S.
1689 2373 1850 2414 Marcum,
1877 2372 1937 2407 sub

1192 2427 1312 2460 annulo
1334 2425 1514 2464 Pis-catoris,
1536 2425 1588 2458 dic
1606 2435 1669 2459 xxti
1690 2425 1816 2466 augusti
1831 2435 1934 2467 ntnctt,

1193 2480 1398 2524 pontificatus
1419 2479 1518 2512 nostri
1541 2489 1625 2512 anno
1646 2490 1688 2513 xi.

1230 2541 1288 2569 ltut.
1303 2541 1347 2569 die
1355 2542 1389 2569 22
1405 2541 1510 2577 augusti
1530 2542 1605 2576 1002,
1619 2541 1715 2577 pontis.
1728 2550 1772 2570 an.
1786 2549 1821 2568 Μ.

1946 237 1995 263 An.
2011 236 2040 264 C.
2061 238 2131 266 16νὲ

1955 457 2085 485 Appi-'obnuit
2098 471 2101 480 ι
2112 465 2127 480 s:

1947 485 1980 505 ius
1989 485 2098 509 Pontius-,ts
2115 484 2128 505 '⁴-

1948 514 1996 533 ioto
2029 512 2092 536 Cani·

1946 538 2005 560 lium.
2074 545 2080 550 ·
2104 543 2109 546 ⁴

1963 1841 2078 1870 Derogatto
2087 1846 2137 1870 002*

1950 1869 2070 1892 triariorum.
2123 1886 2126 1892 .

2103 2705 2122 2746 0·
