2253 3195
252 235 301 271 A‘n.
323 244 351 272 c.
368 244 434 271 1597
481 234 548 267 404

296 1511 436 1532 Λᾱωοηειιῑιπ

250 1544 335 1564 qunque
355 1538 434 1558 Princi-

250 1570 287 1589 pe!
311 1570 390 1586 omnes.
415 1567 435 1584 ut

250 1594 323 1611 rantra
359 1590 435 1611 Caesa-

251 1623 304 1639 rem.
325 1618 342 1637 ui
363 1620 434 1638 eontu-

251 1649 296 1664 max
306 1646 339 1666 sit,
349 1650 391 1664 suis
402 1650 434 1664 ar-

251 1676 289 1691 mu
305 1673 419 1696 insurgant.

449 302 580 335 quoquo
594 291 690 324 modo
710 290 983 334 praesumpserint
1001 299 1059 332 per
1081 298 1126 327 se,
1144 289 1192 321 vel
1208 323 1210 343 l,

449 345 528 378 alios
545 345 666 377 directe
678 344 726 376 vel
747 343 917 381 indirecte,
935 342 1048 374 similis
1068 351 1194 374 excom-

450 397 676 431 municationis
694 408 730 429 30
750 396 976 435 anathematis,
994 394 1194 428 maledictio·

449 451 497 483 nis
513 456 541 483 et
559 449 758 494 privationis,
778 460 814 482 ac
832 447 1115 487 inhabilitationis,
1135 457 1193 480 nec
1209 441 1211 476 ἒ

448 514 513 536 11011
537 503 569 535 in
590 503 743 542 civitates,
775 507 886 542 terras,
907 501 1051 535 dominia
1071 506 1102 533 et
1124 501 1193 533 loca

449 565 571 595 eorum,
595 555 619 588 si
639 565 720 598 quae
737 561 813 588 tunc
839 565 892 588 eos
916 554 1032 587 habere
1055 559 1085 587 et
1105 552 1191 586 obti-

448 617 523 640 nere
539 607 724 650 contigerit,
744 607 919 646 interdicti,
934 618 970 640 ac
987 606 1022 639 in
1048 616 1114 645 eos,
1134 615 1191 638 eo-

448 670 583 704 rumque
611 660 849 700 descendentes,
872 659 1063 703 privationis
1083 658 1192 702 digni—

449 720 566 753 tatum,
589 713 823 752 dominiorum,
841 713 1010 746 feudorum
1030 718 1060 745 et
1086 712 1192 745 hono-

449 777 533 807 rum,
556 777 592 799 ae
617 766 859 810 privilegiorum
891 771 920 797 et
940 765 1129 809 gratiarum,
1159 775 1196 798 ac.

449 818 663 852 inhabilitatis
683 818 723 851 ad
736 828 773 851 ea
790 823 820 851 et
836 818 895 851 alia
915 819 1123 861 imposterum
1141 817 1196 850 ob-

447 871 591 912 tinenda,
612 882 671 905 nec
692 882 757 905 non
785 871 1004 905 dominiorum
1032 877 1063 904 et
1088 870 1193 903 bono-

447 935 520 958 rum
541 925 783 959 confiscationis
801 925 988 964 sententias,
1006 934 1155 957 censuras
1167 929 1196 957 et

447 988 577 1021 poenas,
597 988 633 1010 ex
650 988 749 1017 nunc,
771 983 868 1022 prout
880 987 915 1010 ex
933 983 1023 1018 tunc,
1039 983 1068 1010 et
1086 987 1103 1009 e
1120 987 1196 1010 con-

447 1037 512 1072 tra,
537 1030 633 1063 simili
660 1030 756 1064 modo
786 1030 819 1062 in
840 1030 889 1063 his
911 1029 1039 1073 ,scriptis
1067 1029 1214 1063 ferimus‘

447 1090 544 1127 atque
564 1083 819 1127 promulgamus,
840 1092 958 1126 eosque
974 1083 1056 1122 11135,
1076 1080 1213 1126 absque*

447 1137 511 1170 alia
532 1136 675 1170 ulteriori
702 1136 891 1175 monitione,
914 1135 1077 1169 incurrere
1099 1136 1193 1168 volu-

449 1201 522 1224 mus
541 1200 578 1224 eo
599 1191 681 1234 ipso,
701 1201 718 1223 a
747 1189 868 1233 quibus
885 1200 949 1223 non
978 1189 1112 1232 possint,
1134 1188 1195 1221 nisi

447 1255 465 1276 a
485 1243 591 1283 nobis,
612 1244 657 1276 vel
688 1244 834 1277 Romano
857 1243 1011 1276 Pontifice
1035 1252 1093 1285 pro
1111 1248 1193 1276 tem-

448 1307 525 1341 pore
537 1297 697 1336 existenti,
716 1302 939 1340 praeterquam
959 1296 992 1328 in
1006 1296 1119 1329 mortis
1140 1306 1193 1328 ar-

449 1350 561 1390 ticulo,
579 1356 611 1383 ut
639 1360 735 1393 supra
756 1349 879 1383 dictum
908 1354 964 1389 est,
984 1348 1197 1382 absolutionis

450 1403 642 1437 beneficium
657 1403 813 1437 obtinere.

497 1458 513 1499 ξ
532 1457 584 1490 ⁶25.
610 1456 656 1490 Ca=
671 1462 773 1489 terum
791 1456 816 1489 si
834 1456 961 1495 moniti,
978 1455 1195 1489 excommuni-

451 1509 525 1549 cati,
553 1509 728 1552 aggravati,
750 1508 958 1552 reaggravati,
981 1507 1194 1541 anathemati-

450 1563 525 1602 zati,
556 1562 740 1601 maledicti,
769 1562 906 1606 privati,
938 1571 974 1594 ac
1003 1560 1197 1594 inhabilitati

451 1613 623 1656 praedicti,
639 1623 714 1646 suae
737 1612 848 1645 salutis
873 1622 1005 1655 prorsus
1026 1611 1195 1645 immemo-

451 1677 518 1706 res,
545 1666 708 1700 obstinata
733 1665 833 1699 animi
851 1665 991 1704 duritie,
1013 1664 1199 1709 supradicta

450 1721 534 1753 bona
553 1724 720 1763 occupata,
737 1719 870 1753 omnino
893 1719 1068 1758 restituere,
1085 1724 1113 1751 et
1133 1722 1199 1752 m'o-

450 1773 567 1806 nitioni
588 1777 619 1805 et
636 1771 787 1805 mandato
807 1771 926 1805 nostris
948 1771 1121 1814 praedictis
1137 1771 1196 1804 ad-

450 1826 512 1859 huc
544 1825 765 1868 obtemperare
794 1825 999 1864 distulerint,
1031 1835 1066 1857 ex
1099 1835 1196 1862 nunc,

451 1885 546 1923 prout
563 1889 598 1911 ex
619 1884 707 1918 tune,
731 1878 836 1922 ipsum
858 1878 1075 1911 Romanorum
1094 1888 1198 1922 regem

452 1933 483 1965 in
505 1932 730 1976 imperatorem
749 1932 898 1970 electum,
918 1930 1060 1974 aliosque
1089 1941 1217 1964 omncs¹

452 1985 643 2018 christianos
678 1993 767 2026 reges
784 2011 790 2022 ,
824 1982 1021 2027 respublicas
1038 2011 1044 2022 ,
1083 1984 1195 2024 duces,

451 2038 626 2082 principes,
646 2038 860 2072 marchiones.
881 2036 1024 2077 comites,
1049 2036 1197 2075 bai-ones,

451 2102 508 2125 nec
523 2098 590 2124 non
608 2091 735 2124 easdem
757 2090 1001 2124 communitates
1015 2096 1045 2123 et
1066 2091 1195 2123 univcr-

451 2145 575 2183 sitates,
595 2154 833 2188 quamcumque
850 2149 1035 2187 potestatem
1054 2149 1082 2176 et
1097 2143 1198 2176 domi-

453 2199 543 2232 nium
562 2198 728 2235 habentes,
742 2203 769 2229 ut
789 2207 1009 2239 quoscumque
1031 2196 1111 2229 alios
1131 2202 1196 2229 ter·
1215 2219 1219 2234 ,

455 2261 563 2284 rarum
598 2250 746 2283 dominos
775 2255 804 2283 et
840 2260 1003 2282 armorum
1042 2249 1136 2282 duces
1170 2256 1200 2282 et

454 2304 637 2348 capitaneos
662 2313 942 2347 quorumcumque
972 2302 1112 2335 fidelium
1138 2302 1196 2336 sti-

454 2356 576 2400 pendiis
606 2356 796 2394 militantes,
819 2361 847 2387 et
876 2355 954 2387 alias
981 2366 1200 2399 quascumque

455 2420 604 2453 personas
643 2415 724 2442 terra
762 2409 905 2451 marique
941 2408 1200 2441 iurisdictionem
1218 2408 1219 2437 ἶ

455 2462 618 2501 babo-ntes,
639 2473 693 2507 per
714 2468 890 2505 praesentes
908 2462 1057 2494 similiter
1079 2462 1110 2494 in
1133 2462 1196 2494 Do-

456 2516 545 2547 mino
581 2517 770 2554 hortamur,
803 2526 988 2554 monemuS,
1017 2525 1135 2558 eosque
1170 2512 1219 2552 et}

456 2569 627 2611 φιτ-10111101
647 2569 788 2612 ipsorum
810 2569 1018 2612 requirimus,
1034 2573 1062 2601 01
1087 2578 1199 2601 eorum
1216 2574 1219 2614 j

456 2621 586 2653 cuilibet
623 2621 654 2654 in
689 2622 803 2654 virtute
837 2628 963 2656 sanctae
995 2615 1219 2661 obedientiae!

1034 240 1218 265 BULLARIUM
1237 240 1392 264 ROMANUM

1227 287 1445 331 praecipimus
1460 294 1490 322 et
1502 288 1704 329 mandamus,
1720 295 1878 332 quatenus
1894 299 1970 322 con-

1227 345 1275 372 tra
1295 340 1426 374 eosdem
1457 341 1621 375 Caesarem
1653 349 1685 374 et
1714 342 1792 376 alios
1818 343 1968 381 monitos,

1228 393 1534 434 excommunicatos,
1557 399 1755 438 aggravatos,
1778 406 1966 438 reaggrava-

1228 451 1289 486 tos,
1307 447 1602 488 anathematizatos,
1617 447 1815 488 maledictOS‚
1834 448 1970 492 privatos

1228 504 1258 531 et
1278 499 1498 533 inhabilitatos
1517 500 1713 541 huiusmodi,
1733 500 1838 534 adhuc
1857 507 1970 534 contu-

1210 563 1211 573 *
1228 561 1332 584 maces
1352 558 1383 585 et
1414 562 1481 585 non
1499 559 1658 596 parentes,
1681 563 1717 585 ac
1741 553 1774 585 in
1798 563 1856 586 sua
1871 553 1969 596 perfi-

1229 603 1278 637 dia
1299 611 1330 638 et
1350 604 1565 638 obstinatione
1585 606 1808 649 persistentes,
1830 616 1889 649 pro
1908 616 1969 640 no-

1228 660 1380 697 strorum,
1401 663 1432 690 et
1457 657 1592 691 Sanctae
1611 659 1774 692 Romanae
1797 658 1971 698 Ecclesiae,

1229 709 1381 753 Sedisque
1411 715 1443 744 et
1461 711 1610 745 Gamerae
1640 711 1819 755 praedictae
1850 711 1973 745 iurium

1230 763 1377 802 tuitione,
1390 774 1425 796 ac
1446 774 1503 807 pro
1522 764 1665 797 eiusdem
1685 765 1847 798 Romanae
1866 765 1973 798 Eccle—

1211 809 1294 849 ,5130
1317 816 1472 859 dignitate
1495 823 1590 860 atque
1616 819 1755 859 honore,
1777 818 1807 850 vi
1827 823 1857 851 et
1877 817 1974 851 armis

1229 867 1336 901 statim
1370 869 1552 912 insurgant,
1586 879 1705 913 eosque
1734 870 1972 913 aggrediantur,

1211 929 1213 937 ¹
1229 927 1461 965 persequantur
1477 929 1507 956 et
1526 922 1693 962 debellent,
1714 934 1751 956 ac
1770 929 1806 956 ut
1824 933 1896 963 nos,
1911 924 1975 957 Ro-

1229 984 1422 1018 manamque
1448 975 1634 1015 Ecclesiam,
1656 975 1831 1019 Sedemque
1857 981 1888 1009 et
1911 976 1971 1010 Ca-

1230 1037 1351 1060 meram
1370 1028 1576 1073 praedictam,
1592 1039 1650 1063 nec
1667 1040 1734 1063 non
1753 1040 1813 1073 pro
1832 1035 1975 1074 tempore

1230 1082 1416 1116 existentem
1442 1083 1623 1116 Romanum
1643 1083 1831 1118 Pontificem
1856 1084 1972 1117 imme-

1230 1135 1356 1168 diatum
1387 1135 1556 1169 dominum
1575 1142 1605 1170 et
1624 1137 1821 1181 superiorem
1841 1136 1977 1170 civitatis

1231 1194 1261 1221 et
1285 1189 1420 1222 ducatus
1440 1190 1615 1231 Ferrariae‚
1632 1190 1782 1233 illiusque
1805 1189 1977 1224 comitatus

1230 1247 1260 1276 et
1281 1241 1456 1283 districtus,
1479 1241 1679 1287 aliarumque
1710 1243 1887 1282 civitatum,
1907 1247 1974 1276 ter—

1231 1305 1352 1334 rarum,
1374 1301 1565 1336 castrorum,
1584 1295 1790 1339 oppidorum,
1807 1295 1977 1329 fortalitio-

1231 1358 1302 1381 rum
1323 1354 1350 1382 et
1371 1347 1518 1382 locorum
1533 1348 1771 1391 praedictorum
1791 1353 1975 1391 agnoscant,

1230 1406 1261 1433 et
1282 1400 1321 1432 ad
1340 1405 1483 1434 nostram
1507 1405 1538 1433 et
1565 1400 1708 1434 eiusdem
1735 1401 1894 1434 Romanae
1913 1401 1975 1435 Ec·

1232 1453 1360 1493 clesiae,
1380 1453 1537 1498 Sedisque
1549 1459 1579 1487 et
1595 1453 1741 1487 Gamerae
1759 1453 1977 1488 obedientiam

1232 1506 1372 1547 redeant,
1389 1511 1504 1550 cogant
1516 1512 1547 1540 et
1567 1507 1778 1551 compellant;
1795 1518 1830 1541 ac
1850 1507 1977 1541 demum

1982 239 2032 266 An.
2049 239 2078 267 C.
2100 239 2167 268 ¹597

1232 1559 1356 1593 dictum
1386 1560 1552 1594 Caesarem
1580 1570 1616 1593 ex
1647 1560 1818 1604 praedictis
1845 1559 1977 1600 ducatu,
2016 1575 2018 1578 ’

1233 1611 1428 1653 civitatibus,
1450 1613 1553 1652 terris,
1578 1613 1701 1652 castris,
1723 1612 1862 1657 oppidis,
1883 1614 1980 1648 forta-

1233 1665 1309 1698 litiis
1333 1671 1365 1699 et
1388 1665 1467 1698 locis
1492 1666 1667 1710 praedietis
1695 1665 1821 1709 penitus
1852 1666 1981 1700 eiiciant

1233 1726 1328 1762 atque
1358 1720 1524 1763 expellant.
1562 1719 1604 1752 Ac
1632 1719 1726 1752 etiam
1757 1729 1814 1762 pro
1843 1720 1979 1764 graviori

1234 1772 1376 1816 ipsorum
1397 1773 1606 1813 monitorum,
1620 1773 1979 1812 excommunicatorum,

1234 1830 1493 1868 aggravaturum,
1524 1825 1876 1866 anathematizatorum,
1907 1835 1976 1858 ma-

1234 1877 1446 1916 ledictorum,
1473 1878 1672 1921 privatorum
1698 1883 1729 1911 et
1757 1877 1977 1912 inhabilitato-

1234 1941 1304 1963 rum
1334 1941 1447 1974 poena,
1473 1941 1693 1974 quoscumque
1719 1931 1979 1965 excommunica-

1216 1998 1217 2007 1
1234 1987 1282 2015 tos
1301 1983 1396 2015 etiam
1416 1983 1575 2016 dictarum
1595 1983 1783 2023 civitatum,
1808 1989 1977 2023 terrarum,

1233 2041 1410 2069 castrorum
1427 2063 1434 2075 ,
1468 2035 1660 2080 oppidorum
1696 2036 1955 2079 supradictorum
1971 2062 1979 2076 ,

1234 2099 1372 2132 quorum
1402 2089 1659 2129 communitates,
1691 2088 1922 2129 universitates,
1951 2094 1982 2123 et

1235 2141 1358 2175 incolae
1389 2141 1587 2186 praedictum
1620 2141 1782 2175 Caesarem
1809 2142 1843 2175 in
1870 2151 1981 2175 eorum

1235 2194 1360 2237 durem,
1373 2196 1568 2239 superiorem
1577 2206 1613 2228 ac
1623 2194 1788 2229 dominum
1799 2204 1979 2239 agnoscere,

1216 2263 1218 2282 t
1233 2255 1261 2282 01
1275 2249 1303 2281 ei
1324 2249 1428 2282 obtem
1434 2259 1543 2293 pei-are
1565 2259 1724 2292 111-30501111
1736 2249 1846 2289 serint,
1860 2249 1982 2292 ipsum-

1235 2314 1297 2346 que
1319 2302 1351 2335 in
1366 2301 1562 2341 civitatibus,
1578 2302 1682 2341 terriS,
1697 2300 1837 2346 oppidis,
1854 2301 1981 2340 castris,

1236 2355 1394 2389 fortalitiis
1414 2362 1442 2388 et
1471 2355 1548 2389 loris
1572 2354 1754 2388 huiusmodi
1775 2364 1898 2387 moram
1919 2359 1982 2387 tra-

1237 2409 1307 2440 110ιί·
1327 2419 1380 2441 500
1411 2408 1585 2441 consistere
1612 2406 1824 2450 permiserint,
1844 2407 1876 2440 in
1905 2406 1979 2450 qui-

1236 2461 1436 2504 buscumque
1456 2461 1534 2494 locis
1565 2470 1619 2494 eos
1640 2460 1828 2498 invenerint,
1845 2469 1979 2503 apprae-

1236 2514 1375 2547 hendant
1407 2520 1437 2546 et
1462 2513 1599 2557 capiant,
1622 2520 1717 2557 atque
1749 2513 1984 2556 appi-:iehensos

1235 2574 1262 2600 et
1286 2572 1395 2611 captos
1413 2573 1550 2605 teneant,
1572 2577 1749 2611 eorumque
1770 2575 1901 2605 merces,
1923 2575 1978 2609 pe-

1236 2619 1358 2659 cunias,
1381 2619 1543 2660 animalia,
1567 2618 1820 2663 suppellectilia,
1851 2617 1982 2651 nomina
