2253 3195
230 177 279 204 An.
295 178 324 205 c.
348 178 417 206 1594
463 144 527 204 11¹8

258 770 323 791 &sua
334 770 414 790 renis-ni-

230 799 308 825 pta-nis
318 797 400 817 Montis.

283 1358 417 1379 Confirmatio

233 1391 396 1410 praemis-arum
406 1391 417 1404 a

235 1413 273 1433 SS.
297 1411 319 1432 D.
343 1412 365 1433 N.
390 1411 417 1432 sd-

234 1439 317 1460 tien-la.

420 1193 503 1240 ’loca
518 1220 525 1232 ‚
549 1199 695 1238 tempore
730 1197 963 1240 redemptionis
977 1225 984 1237 ‚

1014 183 1199 208 BULLARIUM
1219 183 1373 208 ROMANUM

427 227 492 261 sint
510 228 694 263 huiusmodi
720 230 896 263 solutiones
922 241 1093 271 recusat-,e
1117 241 1191 264 seut
1189 230 1420 273 'haber·,e1ata
1431 236 1486 264 εἰσ.
1492 237 1543 272 et
1554 238 1740 267 conttanon
1750 233 1868 274 facere,
1878 238 1950 275 etc„

428 282 540 325 quovis
559 283 656 316 modo
678 288 709 316 et
726 294 762 315 ex
782 283 892 327 quavis
912 294 1008 317 causa
1028 283 1169 324 differ·,1e
1189 275 1295 327 talias,
1323 288 1394 325 etc„
1418 285 1457 318 de
1478 285 1606 329 quibus,
1629 289 1701 326 etc„
1723 286 1856 331 absque,
1879 291 1950 328 εἰσ,

428 335 523 368 etiam
556 336 614 369 sub
641 342 805 379 praetextu
835 337 923 380 quod
955 337 987 369 in
1014 338 1173 381 computis
1207 348 1266 381 pio
1295 312 1430 382 quibus,
1459 342 1540 379 εἰσ.,

1571 337 1646 372 dicti
1670 339 1735 372 RR.
1759 339 1818 373 PP
1854 340 1954 373 dictas

428 387 661 422 distributionis
689 389 793 423 dictae
812 395 912 431 taxae,
927 401 982 424 seu
1001 391 1078 424 alias
1091 403 1173 435 quo·
1190 394 1191 411 ³
1207 391 1477 434 Congregationes
1490 397 1521 425 et
1534 402 1645 425 earum
1658 391 1811 435 singulas,
1829 403 1955 426 earum-

429 441 605 475 modolibet
630 448 779 485 gravatae
799 444 1039 488 reperirentur,
1063 445 1120 478 sed
1140 455 1192 485 o-†

428 494 538 527 mnino
558 501 587 528 et
611 496 756 539 praecise
781 497 821 530 ad
852 497 953 531 dictas
982 498 1170 539 solutiones,

428 548 531 580 modis
557 559 593 582 ac
620 550 820 594 temporibus
850 552 1056 595 supradictis,
1088 552 1192 593 dicto

428 601 523 634 Illonti
541 613 578 635 ac
602 602 686 636 illius
707 604 902 648 depositatio
929 605 1108 647 faciendas
1130 612 1174 640 te-

428 660 564 688 neantur
583 662 614 690 et
638 657 798 700 obligatae
817 659 890 692 sint.

430 815 533 849 ditum
554 817 715 852 redimere
735 820 864 859 vellent,
894 827 1008 865 sponte
1028 822 1076 855 vel
1097 822 1175 855 alias

429 870 541 914 quovis
562 872 671 911 modo,
689 878 719 907 et
737 873 833 906 etiam
855 885 891 907 ex
912 875 1025 908 ordine
1037 881 1068 909 et
1078 886 1173 909 man-
1192 869 1194 876 ¹

430 923 504 956 dato
525 924 693 969 principis,
717 932 771 959 aut
791 926 930 960 aliorum
951 929 1172 972 superiorum,

431 982 600 1011 teneantur
631 979 754 1013 solvere
788 986 817 1013 et
853 981 1022 1015 restituere
1055 983 1175 1017 dietum

431 1031 568 1075 pretium
590 1033 629 1065 ad
651 1034 798 1067 eamdem
815 1035 1051 1069 restitutionem
1064 1043 1173 1070 scuto-

431 1095 502 1118 rum
523 1092 652 1119 centum
674 1089 918 1132 quatuordecim
948 1100 1007 1134 pro
1033 1091 1178 1134 quolibet

431 1139 514 1179 loco,
535 1150 600 1183 quo
621 1140 680 1184 ipsi
702 1141 744 1173 ita
765 1142 988 1183 vendiderunt,
1009 1144 1073 1177 sire
1094 1144 1177 1178 dieta

1007 1197 1090 1242 ‘plus
1121 1209 1177 1231 seu

432 1245 538 1279 minus
558 1247 693 1287 valeant,
717 1259 772 1282 seu
793 1250 1018 1284 venderentur.

477 1300 619 1344 Itemque
656 1301 731 1335 dicti
761 1303 824 1336 ΒΗ.
859 1303 916 1336 ΡΡ.
951 1311 1178 1348 procuratores

433 1354 618 1388 nominibus
635 1357 786 1400 praefatis
805 1363 975 1392 teneantur
992 1358 1177 1394 huiusmodi

433 1408 667 1449 venditionem,
703 1420 739 1443 ac
770 1411 883 1444 Montis
918 1412 1115 1446 additionem
1149 1420 1179 1447 et

434 1467 524 1495 laxae
543 1462 727 1506 praedictae
757 1464 1014 1498 distributionem
1041 1472 1070 1499 et
1096 1466 1176 1500 assi-

434 1515 638 1557 gnationem,
662 1517 836 1561 omniaque
863 1518 924 1551 alia
957 1519 986 1552 in
1019 1520 1177 1563 praesenti

435 1569 648 1603 instrumento
669 1576 830 1612 contenta,
859 1573 898 1605 ad
920 1573 1076 1606 maiorem
1104 1573 1178 1607 dicti

434 1621 547 1654 Montis
564 1627 594 1654 et
613 1628 796 1666 emptorum
819 1624 1037 1667 praefatorum
1065 1632 1176 1660 caute-

434 1674 497 1707 lam
529 1681 560 1709 et
591 1676 817 1715 securitatem,
847 1678 1034 1712 confirmari
1063 1685 1094 1713 et
1119 1691 1177 1724 ap-

437 1782 588 1816 omnibus
609 1784 759 1817 clausulis
780 1790 810 1817 et
834 1786 966 1819 cautelis
994 1787 1181 1820 necessariis

436 1842 464 1868 et
487 1837 690 1880 opportunis,
715 1837 901 1882 dictumque
923 1839 1018 1873 breve
1038 1841 1180 1884 expediri

437 1890 542 1922 facere
557 1890 715 1923 dictarum
737 1892 1026 1935 congregationum
1049 1894 1184 1938 sumpti-

437 1943 515 1983 bus,
540 1943 683 1988 illudque
711 1945 755 1977 sic
789 1945 993 1989 expeditum,
1018 1957 1079 1979 una
1109 1958 1182 1980 cuni

437 1996 649 2030 instrumento
663 1998 792 2042 publico
806 1999 1030 2042 praesentibus
1043 2000 1182 2034 additio-

436 2049 485 2083 nis
503 2057 533 2084 et
547 2051 749 2090 venditionis,
773 2063 884 2085 earum
905 2053 1053 2087 similiter
1065 2065 1183 2099 expen-

435 2104 488 2144 sis,
509 2104 601 2138 dictis
621 2106 680 2139 DD.
696 2107 895 2150 emptoribus
916 2108 1042 2142 tradere
1059 2114 1089 2142 et
1109 2120 1184 2143 con-

436 2158 577 2200 signare,
600 2159 724 2204 ipsique
748 2161 807 2194 DD.
832 2168 994 2205 emptores
1014 2168 1086 2196 ante
1107 2163 1183 2196 dicti

436 2212 541 2246 brevis
575 2214 812 2258 expeditionem
843 2221 873 2248 et
908 2216 1182 2258 consignationem

436 2265 476 2298 ad
496 2266 618 2310 aliquid
647 2278 682 2300 ex
710 2277 804 2300 causa
826 2267 900 2302 dieti
932 2269 1024 2313 pretii
1053 2269 1180 2303 solven-

437 2319 513 2352 dum
537 2320 667 2354 minime
685 2327 865 2361 teneantur,
883 2333 940 2354 nec
959 2321 1030 2363 cogi
1049 2323 1180 2367 possint.

483 2372 706 2407 Promittentes
726 2374 801 2407 dicti
828 2375 890 2408 titt.
916 2375 1042 2414 Patres,
1068 2375 1184 2419 quibus

438 2438 533 2470 supra
555 2427 752 2467 nominibus,
768 2428 951 2461 huiusmodi
967 2429 1183 2462 venditionem

439 2490 506 2512 csse
532 2485 562 2513 et
590 2491 718 2524 semper
738 2482 804 2513 sore
825 2481 961 2521 bonam,
991 2493 1027 2515 ac
1049 2482 1130 2516 bene
1155 2488 1185 2515 et

440 2533 542 2566 valide
560 2534 685 2572 factam,
710 2534 861 2578 illamque
890 2541 920 2568 et
940 2535 1049 2569 omnia
1069 2541 1099 2568 et
1119 2535 1184 2568 sin-

440 2586 513 2629 gula
545 2586 576 2619 in
609 2587 766 2631 praesenti
793 2588 1006 2623 instrumento
1036 2594 1186 2623 contenta

1208 455 1270 488 que
1289 450 1320 478 et
1337 445 1569 489 cuiuscumque
1594 445 1737 490 ipsarum
1761 446 1858 487 bona,
1881 450 1952 487 εἰσ.,

1190 496 1377 542 ξίηίιῸίἰυ5,
1402 503 1457 532 εἰσ.
1477 527 1483 540 ,
1501 499 1577 532 dieti
1601 510 1676 533 vero
1702 500 1763 533 DD.
1792 505 1956 544 emptores

1207 563 1275 585 sese
1295 552 1392 596 ipsos,
1410 557 1480 593 εἰσ,
1498 563 1678 598 eorumque
1702 553 1953 594 haet·edes,etc.,

1190 604 1239 638 et
1262 605 1357 646 hona,
1372 607 1443 645 εἰσ,
1459 606 1490 638 in
1511 606 1660 650 ampliori
1681 607 1784 640 forma
1804 607 1956 641 Gamerae

1191 668 1193 670 ·
1209 659 1410 702 Apostolicae
1424 686 1431 698 ‚
1454 670 1527 692 cum
1556 659 1658 694 solitis
1683 660 1835 694 clausulis
1850 687 1858 701 ‚
1881 664 1953 700 etc„

471 709 551 757 ¹Item
572 709 604 742 in
627 717 789 752 eventum,
813 712 846 745 in
866 724 963 757 quem
987 714 1171 757 Congrega-
1191 718 1193 728 “

1192 712 1299 752 citra,
1323 716 1393 753 etc„
1410 712 1605 755 obligarunt,
1628 717 1699 754 etc„
1723 714 1956 755 renunciarunt

430 761 532 796 tiones
548 764 732 807 praedictae
753 766 873 800 dictum
899 767 1038 800 Mentem
1056 768 1100 802 sic
1121 769 1176 802 ad·
1210 765 1402 809 cuicumque
1423 766 1643 810 appellationi,
1660 772 1692 801 et
1710 767 1802 801 tactis
1814 767 1956 811 pectori-

1210 820 1288 860 bus,
1312 823 1382 858 εἰσ,
1404 826 1433 853 et
1459 820 1644 864 scripturis,
1673 826 1728 855 etc.
1745 849 1754 862 ,
1782 821 1959 865 respective

1210 872 1371 914 iurarunt,
1395 884 1492 917 super
1511 873 1646 918 quibus,
1670 878 1726 907 εἰσ.
1755 875 1869 908 Actum
1888 874 1955 908 Ro-

1211 936 1282 959 mae
1299 926 1331 959 in
1349 927 1483 960 aedibus
1496 927 1597 961 solitis
1611 927 1686 960 dicti
1701 937 1766 961 rer.
1781 928 1817 961 D.
1832 928 1960 961 thesau-

1193 979 1285 1017 ‚sarii
1300 1007 1307 1019 ,
1331 980 1554 1024 praesentibus
1578 980 1699 1014 ibidem
1724 981 1784 1014 DD.
1809 980 1960 1014 Hermete

1210 1033 1385 1067 Caballetto
1416 1034 1566 1067 Gamerae
1592 1033 1795 1078 Apostolicae
1829 1039 1860 1067 et
1880 1033 1958 1067 dicti

1212 1087 1324 1120 Montis
1355 1087 1604 1128 ratiocinator-e,
1628 1092 1660 1120 et
1685 1087 1822 1121 Fantino
1844 1087 1958 1121 Rentio

1211 1140 1307 1174 etiam
1338 1141 1481 1174 eiusdem
1502 1141 1653 1175 Gamerae
1673 1141 1876 1185 Apostolicae
1902 1152 1956 1174 ra-

1213 1194 1412 1235 tiocinatore‚
1427 1194 1570 1235 testibus,
1590 1199 1645 1228 εἰσ.

1256 1248 1271 1292 g
1289 1247 1319 1281 3.
1340 1249 1403 1282 Nos
1431 1248 1539 1292 itaque
1568 1249 1711 1282 volentes
1732 1249 1897 1293 praedicta
1922 1260 1958 1283 o-

1214 1302 1319 1343 mnia,
1340 1313 1423 1346 quae
1452 1303 1491 1335 de
1511 1302 1663 1336 mandato
1676 1330 1683 1342 ,
1704 1303 1837 1336 scientia
1858 1308 1889 1337 et
1908 1314 1960 1337 or-

1194 1369 1197 1386 :
1213 1356 1287 1390 dine
1313 1356 1430 1390 nostris
1459 1361 1686 1400 processerunt
1705 1362 1736 1390 et
1755 1362 1844 1400 gesta
1863 1363 1937 1391 sunt
1950 1385 1957 1398 ,

1213 1415 1369 1454 perpetuo
1388 1409 1615 1443 inviolabiliter
1629 1410 1758 1451 serrari,
1777 1416 1807 1444 et
1820 1410 1962 1444 utfirma

1214 1469 1245 1497 et
1264 1463 1479 1497 immutabilia
1495 1469 1720 1508 permaneant,
1743 1470 1807 1497 tam
1827 1475 1886 1509 pro
1913 1464 1960 1498 di-

1213 1523 1336 1550 ctarum
1368 1517 1659 1560 Congregationum
1675 1544 1683 1558 ,
1714 1527 1813 1561 quam
1847 1517 1960 1551 Montis

1214 1571 1346 1615 praefati
1361 1577 1390 1605 et
1405 1571 1490 1604 illius
1510 1576 1693 1615 emptorum
1714 1576 1745 1604 et
1764 1571 1962 1605 creditorum

1214 1624 1385 1658 securitate
1413 1629 1552 1658 statuere
1586 1630 1616 1657 et
1646 1623 1838 1669 providere,
1873 1629 1964 1658 motu

1196 1678 1327 1718 tsimili‚
1351 1684 1381 1711 et
1402 1689 1439 1712 ex
1459 1683 1546 1712 certa
1565 1677 1698 1712 scientia
1719 1683 1843 1719 nostra,
1867 1688 1904 1711 ac
1924 1679 1964 1712 de

435 1729 564 1773 probari
588 1730 692 1763 facere
721 1741 778 1774 per
798 1731 893 1765 breve
913 1732 964 1766 SS.
989 1733 1022 1766 D.
1047 1733 1082 1766 N.
1107 1725 1199 1767 cum'

1216 1731 1410 1776 apostolicae
1423 1731 1588 1776 potestatis
1604 1731 1817 1776 plenitudine,
1834 1732 1963 1776 praein-

1215 1792 1336 1819 sertum
1365 1785 1614 1819 instrumentum
1639 1785 1812 1829 omniaque
1839 1790 1871 1819 et
1893 1785 1961 1819 sin-

1216 1840 1290 1881 gula
1311 1838 1340 1871 in
1363 1849 1401 1872 eo
1422 1843 1582 1879 contenta,
1611 1838 1697 1871 iuxta
1718 1838 1802 1872 illius
1823 1839 1963 1872 sormam

1217 1898 1247 1926 et
1276 1898 1437 1932 tenorem,
1462 1892 1493 1925 in
1521 1891 1672 1925 omnibus
1701 1897 1732 1925 et
1764 1902 1822 1936 per
1853 1892 1965 1926 omnia

1217 1946 1435 1990 approbamus
1447 1952 1477 1980 et
1492 1946 1734 1987 confirmamus,
1749 1945 1877 1990 illisque
1887 1955 1965 1991 apo-

1217 2000 1348 2034 stolicae
1370 1999 1529 2033 firmitatis
1550 1999 1650 2033 robur
1669 1999 1839 2034 adiicimus
1852 2027 1859 2041 ‚
1887 2010 1964 2045 sup-

1218 2054 1341 2098 plentes
1355 2064 1467 2087 omnes
1478 2059 1507 2087 et
1521 2053 1664 2096 singulos
1682 2059 1747 2086 tam
1765 2053 1854 2094 iuris,
1867 2063 1965 2098 quam

1219 2107 1288 2140 sacti
1311 2113 1339 2140 et
1361 2106 1602 2140 solemnitatum
1617 2106 1838 2151 quarumlibet
1856 2117 1966 2142 neces-

1217 2161 1386 2202 sariarum,
1404 2161 1499 2195 etiam
1518 2172 1554 2194 ex
1577 2162 1680 2195 forma
1697 2167 1729 2195 et
1749 2167 1859 2195 tenore
1879 2171 1963 2205 qua-

1219 2225 1432 2259 rumcumque
1453 2215 1633 2248 litterarum
1647 2214 1899 2259 apostolicarum
1918 2214 1965 2248 vel

1219 2268 1354 2302 aliarum
1377 2275 1406 2302 et
1426 2268 1542 2302 similia
1564 2268 1775 2302 instrumenta
1796 2269 1967 2303 annullan—

1200 2323 1310 2366 nium,
1341 2334 1375 2356 ac
1406 2323 1501 2356 etiam
1535 2322 1699 2362 mandati,
1723 2332 1778 2356 seu
1809 2322 1968 2357 facultatis

1219 2376 1379 2409 dictorum
1403 2382 1662 2420 procuratorum,
1683 2386 1719 2408 ac
1736 2386 1912 2410 consensus
1932 2386 1967 2410 o-

1220 2430 1342 2462 nmium
1366 2429 1507 2470 illorum,
1531 2429 1584 2473 qui
1603 2429 1635 2462 in
1656 2429 1839 2473 praemissis
1860 2429 1967 2463 forsan

1220 2482 1400 2515 consentire
1419 2482 1601 2516 debuissent
1621 2482 1773 2524 desectus,
1789 2481 1883 2527 siqui
1904 2483 1968 2517 sor-

1219 2546 1274 2568 san
1298 2535 1527 2569 intervenerint
1548 2535 1578 2568 in
1599 2535 1732 2577 eisdem,
1748 2535 1790 2569 ita
1801 2535 1967 2570 utanullo

1220 2599 1363 2633 unquam
1392 2588 1574 2633 impugnari
1606 2589 1753 2631 valeant,
1782 2589 1878 2624 etiam
1908 2589 1967 2624 sub

1966 184 2015 213 An.
2035 185 2065 213 G.
2083 159 2165 216 1505*-

2009 1258 2135 1281 Huiusmodi
2167 1273 2175 1293 ¹»
2228 1260 2231 1270 ¹

1974 1287 2134 1308 instrumentum

1975 1313 2085 1335 confirmat
2092 1312 2137 1334 Clo-

1975 1346 2040 1362 mens.
