2253 3195
292 282 340 308 An.
359 282 387 309 c.
409 281 477 310 1599
522 272 586 306 5:26

315 1249 386 1268 Suti-
402 1250 479 1270 ordini·

295 1275 333 1295 bna
356 1276 433 1299 probus
451 1276 479 1295 ii-

295 1303 466 1323 rosa-iscrnmin.

491 330 691 364 detrimentis
722 329 916 371 gravissimis
947 329 1095 362 afficitur.
1123 329 1233 373 ltaque

491 385 648 418 simoniae
670 385 760 427 lepra
781 383 1027 423 contaminatos
1044 388 1173 427 arrepto
1187 383 1234 416 di-

490 437 642 481 sciplinae
663 436 802 478 flagello,
838 436 942 469 eiicite
963 447 980 469 a
1007 437 1126 480 templo
1157 436 1230 476 Dei3

490 492 573 523 foras
594 501 708 529 canes,
730 490 814 522 foras
841 489 979 533 operarii
1004 489 1151 530 subdoli,
1179 489 1234 533 qui

489 544 573 576 dona
593 543 660 583 Dei,
685 543 739 586 qni
761 542 915 586 Spiritum
948 543 1100 576 Sanctum
1130 542 1232 575 existi-

489 602 577 629 mant
593 596 731 640 pecunia
745 596 916 640 possideri.
934 596 1089 639 Denique,
1106 596 1230 635 fratres,

489 650 586 683 divini
599 650 732 683 honoris
745 651 814 683 zelo
833 650 966 690 incensi,
980 650 1120 691 vigilate,
1135 650 1230 692 agite,

489 710 585 747 atque
606 703 742 745 efficite,
764 710 798 736 ut
819 715 836 736 a
862 704 1102 737 cathedralibus
1120 710 1149 737 et
1175 715 1230 736 su-

489 757 674 800 perioribus
695 757 859 797 ecelesiis,
895 768 912 790 a
938 757 1104 790 beneficiis
1131 757 1233 790 cccle-

490 810 636 850 siasticis‚
653 811 692 843 ab
707 810 858 844 ordinum
870 810 1053 850 collatione,
1070 815 1233 853 postremo

492 875 509 897 a
527 864 666 897 cuiusvis
680 864 886 897 ecclesiastici
902 864 1045 897 muneris
1056 863 1230 903 functione,

491 928 603 951 omnes
623 918 753 951 illicitae
774 917 948 961 pactiones,
962 918 1067 950 omnis
1085 927 1235 950 execran-

492 972 551 1004 dae
587 971 743 1004 simoniae
771 971 853 1004 absit
882 971 969 1004 labes
995 977 1024 1003 et
1055 970 1231 1014 pernicies,

494 1024 664 1068 omnisque
682 1024 831 1057 sordidae
855 1024 1007 1057 avaritiae
1036 1024 1175 1068 suspicio
1196 1024 1235 1057 ab

493 1077 710 1111 ecclesiastico
732 1077 845 1111 ordino
866 1088 962 1121 quarn
980 1076 1165 1119 longissime
1187 1087 1236 1110 ar-

495 1137 616 1164 ceatur.

540 1187 555 1225 ξ
577 1184 606 1217 5.
631 1186 696 1218 Iam
718 1195 792 1218 vcro
813 1185 923 1229 quanti
945 1185 1100 1218 momenti
1115 1185 1153 1217 sit
1174 1185 1237 1217 cle-

497 1239 639 1271 ricorum
658 1238 830 1279 ordinatio,
848 1243 1001 1282 quantam
1023 1249 1060 1271 ca
1078 1238 1109 1270 in
1124 1249 1157 1271 re
1171 1238 1238 1282 epi-

495 1302 668 1335 scoporum
702 1302 811 1324 curam
834 1291 1130 1325 etsolti‹·itudi11ern
1157 1291 1236 1324 sacri

495 1356 635 1379 canones
655 1345 831 1389 requirant,
848 1356 912 1378 non
934 1345 1096 1387 ignoratis,
1111 1346 1234 1384 sratres3

496 1399 574 1431 hacc
587 1399 673 1431 enim
688 1398 792 1442 prima
810 1405 863 1431 aut
885 1398 1045 1431 bonorum
1063 1404 1117 1430 aut
1138 1398 1238 1431 malo-

495 1463 566 1485 rum
588 1453 776 1491 multorum,
802 1463 883 1495 quac
904 1458 1014 1495 postea
1035 1462 1238 1496 consequun-

496 1512 557 1546 tur,
583 1517 678 1539 cansa
699 1511 730 1539 ct
750 1506 852 1547 origo.
887 1505 951 1538 Nisi
972 1505 1057 1539 enim
1077 1505 1102 1538 is
1123 1505 1177 1549 qui
1198 1506 1237 1539 ad

496 1559 676 1592 clericalem
691 1559 838 1592 mititiam
851 1559 1055 1599 adscribitur,
1073 1566 1127 1592 aut
1140 1560 1238 1593 sacris

495 1613 663 1645 ordinibus
685 1613 845 1652 initiatur,
874 1613 944 1645 talis
965 1613 1002 1645 sit
1024 1619 1054 1646 ct
1078 1613 1131 1646 tali
1157 1624 1235 1657 pro-

496 1666 599 1709 posito
628 1667 667 1699 ad
696 1666 757 1698 hor,
788 1666 870 1699 vitae
898 1677 999 1709 genus
1026 1667 1175 1707 accedat,
1205 1673 1239 1700 ut

496 1719 525 1752 in
557 1720 654 1753 corde
687 1730 762 1753 vero
796 1726 824 1752 ct
857 1720 995 1763 simplici
1026 1721 1147 1753 cultum
1174 1721 1237 1754 Deo

496 1779 676 1817 praestare,
701 1779 731 1806 ct
753 1773 796 1805 illi
819 1774 946 1807 fidelem
966 1773 1151 1806 scrvitutci‘n
1173 1785 1238 1806 scr—

497 1827 562 1859 rire
583 1827 706 1870 cupiat,
730 1832 825 1870 atque
851 1827 893 1859 ita
919 1827 949 1859 in
970 1833 1088 1860 sortem
1112 1827 1238 1860 ltomini

497 1880 717 1920 adscribatur,
744 1886 775 1912 nt
798 1892 870 1913 vere
895 1887 925 1913 ct
953 1893 986 1913 ex
1009 1881 1117 1914 animo
1138 1882 1237 1914 Iteum

500 1934 602 1977 ipsum
618 1939 735 1966 sortem
759 1944 848 1966 suam
870 1940 897 1966 et
923 1934 1103 1977 portionem
1120 1935 1238 1968 babere

499 1987 669 2027 ‹tesiam-et,
686 1988 828 2030 proferto
841 1987 866 2019 si
881 1987 974 2020 aliter
987 1989 1052 2027 liat,
1067 1988 1238 2031 quamplu-

502 2041 581 2072 rima
602 2046 633 2072 ct
661 2040 847 2080 gravissima
874 2041 1080 2073 inronnnoda
1106 2047 1134 2073 ct
1158 2042 1239 2074 mala

500 2094 632 2127 existere
654 2105 782 2127 necessi·
804 2099 860 2126 est.

546 2154 562 2189 ,ξ
584 2149 613 2181 (i.
637 2148 715 2181 ltine
735 2147 787 2180 itta
809 2153 952 2179 veti-rum
973 2153 1158 2180 sanctornm
1185 2149 1239 2180 l'a-

392 2211 429 2248 ³¹¹
474 2208 583 2252 *Istrum
606 2207 635 2233 ct
665 2212 830 2234 sacrorum
863 2201 1074 2233 conciliorum
1108 2207 1169 2233 tam
1189 2213 1240 2233 ex-

500 2255 615 2298 quisita
630 2254 795 2294 diligentia
813 2260 842 2286 ct
865 2254 1238 2298 x*⁴·t=11i.··mi·=1:1s‚quam

501 2309 529 2340 in
542 2309 599 2340 hai:
613 2307 942 2351 ipsaordinamlornm
960 2308 1090 2340 mnu-ria
1103 2308 1239 2341 abomni

501 2361 658 2394 {first-esino
685 2361 872 2404 antiquitate
902 2361 1073 2393 observare
1100 2361 1183 2400 lici-t,
1209 2368 1238 2393 nt

500 2415 624 2446 statutis
637 2415 710 2446 anni
732 2414 941 2458 teinporilms,
958 2416 1087 2457 qnando
1105 2415 1241 2458 Spiritus

500 2469 604 2500 Sam-ti
643 2467 743 2506 uratia
771 2479 826 2511 Ιηϊ
859 2468 954 2500 totius¹
992 2468 1094 2500 tidelis
1132 2468 1240 2511 pupuli

502 2522 680 2553 orations-m
703 2527 733 2553 ‹·t
759 2521 912 2553 'ia-iunium
937 2521 1106 2565 pras-cipiu-
1129 2521 1242 2564 implu-

504 2581 601 2610 i.itur,
623 2575 841 2607 urilinationcs
865 2575 1053 2611 inibe-autum
1078 2581 1108 2606 ut
1133 2575 1162 2606 in
1185 2585 1239 2607 ra-

505 2629 638 2659 tiis-diali
665 2635 691 2660 ct
717 2629 745 2660 in
769 2628 920 2671 primaria
935 2629 1067 2660 ecclesia
1082 2639 1097 2660 a
1113 2628 1243 2672 proprio

505 2681 667 2724 episcopo,
682 2682 820 2725 publice,
835 2683 895 2714 ritu
912 2682 1060 2721 sub-nini,
1078 2682 1242 2714 celebren-

1073 281 1256 305 BULLARIUM
1276 280 1431 305 ROMANUM

1268 334 1330 369 tur;
1348 334 1383 362 ut
1403 339 1468 362 non
1489 329 1548 362 nisi
1567 329 1693 373 probati
1713 335 1744 363 et
1763 331 1933 364 examinati
1948 331 2008 363 ini-

1268 382 1397 421 tientur,
1421 381 1466 414 ita
1485 387 1519 414 ut
1541 382 1711 426 episcopus
1730 382 1797 426 ipse
1814 383 1874 426 piis
1888 389 1919 417 et
1930 395 2008 427 pru-

1267 435 1418 468 dentibus
1437 435 1678 475 sacerdotibus,
1713 441 1744 468 et
1775 435 1899 469 divinae
1930 437 2008 479 legis

1268 488 1388 532 peritis,
1401 494 1495 532 atquc
1508 488 1538 520 in
1549 488 1771 522 ecclesiasticis
1791 488 2008 522 functionibus

1268 542 1446 575 exercitatis
1467 553 1576 576 secum
1597 542 1765 583 adhibitis,
1795 543 1834 576 de
1855 542 2008 575 ordinan-

1268 597 1385 629 dorum
1407 607 1535 638 genere,
1559 596 1729 636 natalibus,
1753 601 1867 637 aetate,
1884 596 2009 630 institu-

1268 650 1374 690 tione,
1398 650 1460 683 vita
1475 678 1482 691 ‚
1506 651 1673 691 moribus,
1710 651 1856 684 doctrina
1887 657 1918 684 ct
1946 650 2009 684 fide

1268 703 1438 745 diligenter
1467 704 1608 747 inquirat
1644 710 1739 748 atque
1760 704 1949 746 investiget;
1974 709 2010 737 ut

1267 768 1332 790 non
1360 757 1419 790 nisi
1438 757 1526 799 digni
1547 763 1577 790 et
1597 757 1743 801 probati,
1774 758 1895 791 bonum
1923 758 2011 791 testi-

1268 810 1412 843 monium
1428 811 1594 851 habentes,
1616 811 1682 854 qui,
1699 811 1763 844 Deo
1782 817 1924 851 auctore,
1939 823 2010 855 spe-

1268 870 1340 898 rent
1359 876 1392 897 se
1417 865 1584 898 continere
1605 875 1709 908 posse,
1731 865 1784 908 qui
1804 865 1857 909 pie
1877 870 1909 899 et
1928 865 2009 898 fide-

1268 918 1341 951 liter
1366 918 1397 950 in
1418 918 1602 951 ministeriis
1615 918 1767 951 anteactis
1787 929 1820 952 se
1840 918 2006 961 gesserint,

1269 971 1422 1014 paulatini
1444 977 1474 1004 et
1494 982 1552 1014 per
1573 976 1756 1014 temporum
1777 971 1954 1012 intervalla,
1969 972 2010 1004 ad

1269 1024 1400 1057 altiores
1419 1025 1537 1067 gradus
1562 1030 1768 1058 assumantur
1787 1030 1819 1057 et
1838 1025 1878 1058 ad
1898 1035 2007 1058 sacra-

1271 1077 1391 1111 tissima
1406 1077 1566 1122 mysteria,
1583 1077 1700 1121 quibus
1711 1077 1790 1110 nihil
1805 1083 1851 1111 est
1864 1077 2011 1119 divinius,

1271 1131 1386 1164 merito
1404 1131 1625 1164 admittantur.

1315 1187 1331 1227 g
1354 1185 1383 1218 7.
1407 1185 1551 1228 Denique
1569 1185 1600 1217 in
1625 1184 1769 1227 collegiis
1787 1190 1814 1217 et
1828 1184 2010 1218 seminariis

1271 1238 1462 1271 clericorum
1484 1238 1707 1278 instituendis,
1740 1243 1771 1271 ct
1791 1237 1914 1271 clericis
1935 1237 2011 1282 ipsis

1271 1291 1310 1324 ab
1342 1291 1472 1325 ineunte
1502 1296 1604 1324 aetate
1640 1291 1679 1324 ad
1705 1291 1855 1334 pietatem
1881 1296 1912 1324 et
1938 1291 2010 1324 reli-

1271 1345 1399 1387 gionom
1421 1344 1654 1384 informandis,
1675 1354 1791 1385 magna
1817 1344 1905 1377 omni
1931 1349 2012 1377 tem-

1272 1409 1349 1442 pore
1371 1398 1410 1431 ab
1432 1398 1591 1442 episcopis
1605 1397 1770 1439 diligentia
1790 1404 1837 1431 est
1856 1397 2011 1431 adhibita:

1272 1452 1368 1495 idque
1389 1451 1505 1484 merito
1520 1456 1692 1495 propterca
1705 1451 1791 1495 quod
1805 1451 1926 1495 optime
1940 1461 2012 1495 per-

1272 1505 1447 1548 spicerent,
1481 1504 1729 1537 ecclesiasticam
1752 1503 1954 1548 disciplinam
1975 1503 2013 1538 iis

1272 1558 1490 1592 fundamentis
1511 1558 1587 1599 niti,
1613 1564 1643 1591 ct
1662 1558 1823 1591 bonorum
1850 1557 2014 1602 operario-

1273 1624 1344 1646 rum
1365 1612 1491 1656 copiam
1510 1612 1542 1645 in
1562 1612 1676 1656 primis
1697 1611 1728 1644 in
1750 1611 1884 1645 ccclesia
1904 1622 2013 1645 neces-

1271 1666 1388 1700 sariam
1410 1677 1477 1700 csse
1496 1666 1721 1708 intelligerent.

1317 1722 1332 1762 ξ
1354 1720 1383 1753 8.
1408 1720 1490 1759 Quas
1520 1720 1560 1752 ob
1582 1730 1714 1759 causas,
1747 1720 1881 1760 fratres,
1915 1730 2011 1763 quam

1273 1773 1410 1806 maxima
1425 1783 1595 1817 possumus
1609 1773 1749 1806 efficacia
1764 1783 1819 1806 vos
1832 1772 2010 1812 hortamur,

1273 1837 1442 1860 monemus
1462 1831 1493 1859 et.
1514 1837 1675 1867 rogamus,
1700 1836 1758 1869 μοι·
1778 1825 1898 1858 viscera
1920 1825 2013 1859 mise-

1274 1880 1430 1913 ricordiae
1451 1879 1504 1913 Dei
1523 1879 1642 1919 nostri,
1664 1885 1694 1911 ut
1715 1889 1778 1911 non
1797 1878 1857 1912 nisi
1880 1878 2014 1912 idoncos

1273 1940 1304 1966 et
1324 1933 1465 1966 ecclesiis
1486 1933 1597 1966 vestris
1618 1932 1722 1973 utiles,
1746 1933 1832 1966 clero
1853 1933 2011 1966 adnume-

1273 1987 1366 2027 retis,
1388 1992 1416 2019 et
1444 1987 1483 2019 ad
1505 1986 1654 2026 ordines,
1676 1985 1865 2030 praesertim
1886 1996 2011 2025 sacros,

1274 2040 1498 2084 promoveatis.
1523 2040 1761 2083 .·l‹ltasquidmn,
1779 2045 1811 2073 ut
1829 2039 1926 2079 scitis,
1941 2039 2013 2072 uni-

1274 2094 1389 2137 cuique
1411 2094 1516 2126 ordini
1538 2094 1734 2137 praescripta
1755 2098 1812 2132 cst,
1828 2093 1883 2126 sed
1902 2103 1965 2126 non
1979 2104 2015 2126 ca

1273 2147 1406 2185 snssirit,
1432 2147 1490 2179 nisi
1521 2147 1550 2179 in
1573 2146 1634 2179 vita
1655 2152 1683 2179 ct
1714 2146 1858 2179 moribus
1887 2157 2012 2185 eorum,

1273 2201 1326 2245 qui
1346 2201 1444 2233 sac-ris
1465 2200 1633 2233 ordinibus
1654 2199 1799 2232 initiandi
1825 2205 1909 2239 sunt,
1925 2210 2015 2232 sene-

1275 2261 1343 2287 ctus
1373 2254 1423 2290 sit,
1456 2254 1514 2285 nisi
1545 2253 1656 2286 Christi
1691 2254 1775 2285 bono
1795 2253 1896 2285 odore
1928 2263 2016 2285 com-

1276 2308 1382 2351 pta-ant
1404 2308 1535 2339 domum
1557 2306 1623 2346 Dei,
1648 2313 1674 2339 et
1698 2306 1757 2339 nisi
1779 2317 1815 2338 ea
1836 2305 2017 2339 eruditione

1275 2367 1302 2392 ‹·t
1317 2360 1448 2393 scicntia
1469 2360 1531 2392 sint
1548 2359 1703 2399 instructi,
1721 2370 1801 2403 quae
1815 2359 1854 2392 ad
1870 2358 2016 2392 ordinem

1275 2414 1488 2446 exercendum
1510 2413 1645 2456 pertinet
1664 2424 1668 2445 :
1693 2413 1778 2456 quod
1800 2424 1872 2445 rum
1895 2411 1924 2444 in
1946 2411 2016 2444 aliis

1276 2467 1374 2500 san-ris
1395 2467 1564 2499 ordinibus
1591 2467 1826 2499 observandum
1848 2472 1915 2505 cst,
1950 2471 2015 2498 tum

1278 2521 1414 2552 maxime
1437 2521 1466 2552 in
1490 2520 1682 2564 presbyteris
1701 2519 1874 2557 initiandis,
1898 2518 1950 2562 qui
1965 2529 2017 2550 su-

1279 2574 1426 2606 blimiore
1442 2574 1511 2606 lut-o
1525 2585 1622 2617 snpra
1643 2573 1871 2606 ramlclaluwn
1892 2581 2016 2615 ponun-

1280 2634 1341 2667 tur,
1359 2633 1386 2660 υἱ
1404 2633 1567 2670 tamquam
1585 2627 1733 2659 lucernae
1752 2625 1970 2658 accenduntur
1984 2630 2015 2656 ut

1279 2682 1402 2714 turn-ant
1420 2681 1571 2713 omnibns
1583 2680 1636 2723 qui
1653 2680 1682 2712 in
1695 2679 1792 2711 domo
1801 2683 1885 2717 sunt,
1900 2676 2016 2721 quibus

2020 281 2070 308 An.
2087 281 2116 309 C.
2139 282 2205 310 1599

2087 1194 2211 1216 Seminariin

2026 1221 2166 1245 elericorum.
2190 1224 2211 1242 et

2026 1248 2078 1268 cotie
2095 1248 2120 1268 iis
2152 1248 2210 1269 iusti-

2027 1277 2084 1295 tuem
2094 1276 2110 1295 is
2132 1277 2152 1295 et
2176 1275 2210 1300 pie

2027 1301 2163 1322 informandis
2171 1303 2213 1322 stu·

2027 1328 2099 1349 deant.

2061 1725 2153 1747 ciericos
2169 1727 2213 1747 ido-

2028 1758 2080 1773 neus
2094 1753 2121 1772 ad
2141 1759 2214 1774 sacrus

2028 1779 2114 1800 ominus
2129 1785 2213 1806 promu-

2030 1808 2099 1827 rcant.
