2253 3195
38 244 86 272 Au.
105 243 134 270 C.
156 242 225 270 ¹597

62 883 152 904 Conuites
163 881 224 902 Late-

42 915 140 931 raneuses
154 911 173 928 et
185 910 225 929 Au-

42 939 100 957 ratao
135 935 224 955 Militiae

42 962 123 989 equites
152 967 225 982 crean-

42 991 81 1009 tur.

52 1996 102 2017 Cum
112 1996 234 2022 privilegiis.

853 243 1000 268 CLEMENS
1019 244 1077 268 vm
1098 245 1147 268 PP.

235 291 309 323 fidei
328 291 447 324 cultum
463 292 621 334 profiteri,
637 292 817 324 doctrinam
833 303 907 325 rcro
922 303 978 335 pu-

236 344 326 377 blicis
347 344 510 387 aliquibus
523 345 761 388 experimentis,
776 351 811 378 ut
831 352 917 389 puta,
934 345 981 377 di-

234 397 473 441 sputationibus
489 425 496 437 ,
528 398 732 431 manifestare
758 405 786 430 et
812 399 981 431 ostendere

235 450 395 490 debeant3
427 462 567 494 cunique
602 457 775 495 propterea
807 451 980 492 collegium

237 510 375 537 vestrum
398 505 480 538 inter
494 511 620 538 caetera
634 505 858 548 philosophiae
873 510 901 537 ct
915 515 982 537 me·
998 516 1000 532 ε

236 556 361 590 dicinae
371 558 539 590 doctorum
551 557 716 590 Insubriae
737 557 872 599 collegia
892 557 983 590 valde

237 609 380 651 insigne,
401 616 432 643 ct
455 610 518 643 illis
550 610 794 653 quodammodo
819 610 984 653 exemplar

237 673 305 695 esse
325 663 480 702 videatur,
502 669 531 696 et
552 663 687 696 ulterius
708 673 763 696 vos
777 673 894 705 magno
908 673 984 705 erga

238 716 454 759 Apostolicam
489 716 605 750 Sedent
637 716 711 750 fidei
744 722 774 749 et
805 716 984 750 devotionis

238 768 346 801 studio
367 769 542 802 teneamini
558 781 564 802 :

284 821 351 863 §⁶2-
375 822 499 855 Idcirco
526 822 612 855 idem
642 828 782 856 vestrum
813 822 985 865 collegium

239 885 276 907 ac
293 886 347 908 vos
358 875 552 919 specialibus
572 876 734 908 favoribus
748 881 779 909 et
789 876 899 918 gratiis
912 886 986 919 pro-

240 928 329 971 sequi
344 928 798 972 volentes,supplicationibus
811 935 915 962 vestro
929 939 987 962 no-

242 981 328 1014 mine
349 982 442 1014 nobis
459 992 556 1025 super
569 982 629 1015 hoc
647 982 813 1015 humiliter
830 982 987 1026 porrectis

242 1035 402 1076 inclinati,
431 1046 486 1069 vos
513 1036 678 1068 universos
705 1041 735 1068 et
764 1036 927 1078 singulos,
950 1046 987 1068 ac

241 1098 464 1132 quoscumque
482 1089 573 1130 alios,
596 1089 652 1132 qui
672 1089 806 1132 posthac
823 1089 987 1133 perpetuis

241 1141 355 1174 suturis
381 1142 581 1185 temporibus
602 1141 634 1174 in
654 1142 741 1175 idem
760 1148 902 1175 vestrum
923 1142 988 1175 col-

242 1195 361 1238 legium
375 1195 597 1235 admittentur‚
612 1205 649 1228 ex
669 1205 755 1228 nunc
775 1195 856 1228 sacri
878 1195 988 1239 palatii

241 1248 411 1291 apostolici
437 1254 467 1281 et
492 1248 584 1281 aulae
609 1248 831 1281 Lateranensis
855 1248 989 1281 comites

242 1306 273 1334 et
298 1302 436 1334 Auratae
466 1301 597 1334 Militiae
628 1301 752 1345 equites
767 1329 774 1342 ‚
798 1301 989 1335 auctoritate

243 1354 430 1398 apostolica,
443 1360 556 1388 tenore
582 1355 801 1398 praesentium
817 1382 824 1395 ,
853 1355 921 1388 sine
941 1360 989 1388 ta-

245 1418 318 1441 men
347 1408 483 1441 alicuius
507 1419 665 1452 personae
695 1409 745 1441 vel
769 1408 903 1441 alterius
934 1419 989 1441 cu-

244 1460 340 1494 iusvis
357 1461 484 1503 collegii
501 1461 712 1505 praeiudicio,
733 1471 891 1502 creamus,
915 1461 991 1494 saci-

245 1524 316 1547 mus
341 1519 371 1547 et
391 1514 599 1558 deputamus,
623 1525 659 1548 ac
679 1514 817 1548 aliorum
837 1514 949 1558 palatii
962 1520 993 1548 et

245 1568 338 1601 aulae
361 1568 604 1612 praedictorum
622 1568 788 1609 comitum,
805 1574 835 1602 et
854 1570 992 1602 Auratae

245 1621 374 1654 Militiae
403 1622 547 1665 equitum
578 1622 765 1656 huiusmodi
794 1633 931 1656 numero
963 1629 993 1655 et

246 1674 408 1708 consortio
438 1675 656 1709 favorabiliter
687 1686 922 1718 aggregamus,
950 1675 994 1708 ita

245 1733 281 1761 ut
293 1738 348 1761 vos
365 1738 401 1761 ex
418 1738 515 1769 nunc,
535 1728 634 1762 futuri
654 1739 729 1762 vero
743 1728 926 1771 collegiales
942 1739 994 1761 ve-

246 1781 302 1814 stri
327 1781 471 1824 collegii‚
500 1792 537 1815 eo
558 1781 628 1825 ipso
643 1809 650 1822 ‚
671 1792 736 1825 quo
759 1782 792 1814 in
822 1782 994 1824 collegium

247 1834 435 1868 huiusmodi
448 1835 579 1868 admissi
591 1835 721 1873 fuerint,
736 1835 846 1879 palatii
860 1841 891 1869 et
903 1836 994 1869 aulae

248 1887 435 1921 huiusmodi
473 1888 608 1922 comites
644 1895 675 1921 et
705 1889 830 1932 equites
857 1890 995 1922 Auratae

249 1940 389 1981 Militiae,
406 1940 472 1974 veri
489 1951 555 1974 non
576 1941 653 1982 ficti,
666 1941 699 1974 in
718 1947 912 1986 perpetuum
932 1942 996 1975 exi-

250 1994 349 2034 statis,
373 2004 410 2027 ac
430 1994 580 2027 omnibus
600 2001 631 2027 et
651 1995 786 2037 singulis
805 1995 992 2039 privilegiis,

250 2047 491 2092 praerogativis,
520 2048 790 2092 exemptionibus,
814 2049 993 2091 favoribus,

250 2101 360 2144 gratiis
383 2107 415 2135 et
440 2102 584 2142 indultis,
612 2102 729 2145 quibus
760 2102 814 2135 alii
833 2103 944 2146 palatii
967 2109 998 2136 et

250 2155 343 2187 aulae
364 2155 498 2188 comites
515 2160 546 2187 et
566 2156 704 2188 Auratae
723 2155 853 2188 Militiae
874 2155 997 2199 equites

250 2207 435 2241 huiusmodi
462 2208 501 2241 de
532 2207 603 2240 iure
627 2213 659 2240 et
678 2208 923 2249 consuetudine,
944 2215 998 2242 aut

251 2261 329 2294 alias
349 2261 596 2305 quomodolibet
615 2266 760 2301 utuntur,
780 2261 949 2305 potiuntur
968 2267 999 2295 et

251 2315 402 2357 gaudent,
427 2325 464 2348 ac
484 2314 548 2355 uti,
568 2314 665 2358 potiri
693 2320 723 2347 et
745 2315 888 2357 gaudere
908 2320 998 2358 pote-

251 2373 327 2400 runt
346 2360 591 2411 quomodolibet
616 2367 649 2400 in
666 2367 810 2400 futurum
829 2367 922 2411 (citra
945 2373 995 2400 ta-

253 2431 327 2454 men
341 2421 508 2454 facultates
529 2427 560 2454 et
577 2421 797 2465 exemptiones
818 2431 836 2454 a
856 2420 998 2454 Concilio

252 2473 440 2507 Tridentino
453 2474 607 2517 sublatas)
620 2473 840 2518 pariformiter
852 2473 921 2507 sine
933 2474 999 2507 ulla

253 2537 386 2570 prorsus
417 2527 617 2568 differentia,
640 2527 710 2567 uti,
738 2526 822 2568 frui,
846 2526 943 2570 potiri
969 2533 996 2560 et

254 2581 394 2623 gaudere
418 2580 556 2624 possitis.
580 2581 711 2613 Necnon
738 2585 774 2613 ut
801 2580 948 2613 moderni
969 2586 1000 2613 et

254 2644 314 2678 pro
337 2640 483 2678 ternpore
502 2634 671 2668 existentes
692 2633 767 2667 dicti
788 2633 916 2676 collegii
936 2633 994 2667 ab·

308 2696 387 2725 Ball.
403 2697 487 2726 Rom.
504 2696 564 2726 Vol.
581 2696 616 2725 X.
832 2695 867 2724 ⁴3

1014 293 1102 325 bates
1133 293 1165 325 in
1196 298 1403 336 perpetuum,
1428 302 1540 325 eorum
1562 291 1669 324 officio
1700 291 1759 324 du-

1015 352 1115 386 rante,
1140 352 1288 389 torquem
1309 356 1444 379 aureum
1466 355 1539 379 cum
1561 345 1676 387 effigie,
1699 355 1760 378 nec

1015 409 1079 431 non
1102 399 1247 440 insigniis
1258 399 1443 442 pontificiis,
1458 410 1495 432 ac
1515 398 1680 441 gentilitiis
1701 398 1759 431 do-

1017 462 1086 484 mus
1104 458 1242 492 nostrae,
1265 452 1334 485 sine
1358 452 1478 496 pariter
1497 452 1632 485 alicuius
1651 462 1761 495 perso—

1017 516 1076 538 nae
1096 506 1144 538 vel
1166 505 1291 547 collegii
1312 505 1522 549 praeiudicio,
1538 506 1679 545 deferre;
1706 515 1762 538 vos

1017 569 1103 598 vero,
1133 569 1169 591 ac
1188 559 1390 602 praedictum
1418 565 1558 592 vestrum
1588 558 1761 601 collegium

1017 611 1294 652 vestimentorum,
1308 612 1424 656 quibus
1441 612 1551 646 bidelli
1570 612 1759 652 induuntur,

1019 665 1166 705 rubrum,
1187 665 1235 697 vel
1248 665 1347 698 alium
1362 665 1504 698 colorem
1523 665 1655 698 honoris
1668 675 1764 697 causa

1019 718 1153 751 arbitrio
1173 724 1278 751 vestro
1300 719 1483 761 eligendum
1497 719 1597 751 libere
1611 724 1642 751 et
1656 718 1761 751 licite¹

1019 772 1161 811 valeatis,
1185 772 1376 805 auctoritate
1397 778 1427 805 et
1453 778 1565 806 tenore
1591 772 1764 816 praedictis

1020 825 1228 859 concedimus
1249 831 1279 859 et
1297 826 1512 868 indulgemus.

1065 881 1082 921 ἓ
1102 878 1132 912 3.
1156 879 1225 912 Non
1252 879 1454 912 obstantibus
1481 879 1765 913 constitutionibus

1021 937 1052 965 et
1071 932 1331 966 ordinationibus
1351 933 1534 977 apostolicis
1549 961 1556 973 ‚
1580 944 1616 966 ac
1636 933 1669 966 in
1689 943 1765 976 pro—

1020 985 1210 1018 vincialibus
1230 991 1261 1019 et
1279 986 1487 1030 synodalibus
1508 985 1653 1019 conciliis
1674 985 1766 1018 editis

1021 1039 1224 1080 generalibus
1240 1039 1288 1072 vel
1308 1039 1511 1083 specialibus,
1534 1039 1659 1072 statutis
1679 1049 1764 1082 quo-

1022 1103 1084 1136 que
1105 1098 1136 1125 et
1152 1093 1440 1126 consuetudinibus
1458 1093 1554 1126 etiam
1569 1093 1763 1133 iuramento,

1022 1145 1269 1179 confirmatione
1290 1146 1482 1190 apostolica,
1505 1147 1554 1180 vel
1575 1146 1686 1190 quavis
1707 1146 1764 1179 fir—

1023 1199 1133 1232 mitate
1162 1199 1225 1232 alia
1252 1200 1434 1241 roboratis,
1463 1200 1662 1244 caeterisque
1689 1210 1767 1233 con-

1023 1252 1128 1285 trariis
1148 1252 1418 1296 quibuscumque.

1066 1307 1181 1340 Datum
1194 1307 1315 1340 Romae
1333 1307 1419 1350 apud
1436 1307 1467 1341 S.
1483 1307 1624 1347 Petrum,
1641 1307 1700 1340 sub
1713 1318 1769 1340 an-

1024 1360 1100 1393 nulo
1112 1360 1294 1400 piscatoris,
1307 1360 1358 1394 die
1366 1371 1445 1394 xxm
1456 1361 1609 1394 februarii
1622 1371 1765 1401 MDxcvn,

1024 1415 1230 1458 pontificatus
1250 1415 1354 1449 nostri
1374 1426 1460 1449 anno
1479 1421 1579 1449 sexto.

1060 1477 1118 1505 Dat.
1140 1477 1185 1505 die
1204 1477 1238 1505 23
1253 1477 1384 1505 februarii
1400 1478 1480 1512 1597,
1500 1478 1596 1514 pontif.
1613 1486 1657 1506 an.
1678 1485 1715 1505 v1.

1356 1629 1440 1663 CLII.

1030 1709 1219 1743 Commissio
1238 1709 1477 1753 archiepiscopo
1499 1709 1724 1743 Valentinensi
1744 1713 1773 1742 et

1074 1762 1238 1805 Episcopis
1264 1763 1475 1803 Dertusensi,
1498 1763 1721 1805 Seqobricensi
1744 1766 1774 1795 et

1075 1814 1237 1848 Oriolensi
1271 1816 1419 1859 eriqcndz?
1452 1816 1652 1860 clotandique
1676 1826 1775 1859 paro-

1073 1868 1175 1909 chias,
1191 1869 1228 1901 in
1244 1868 1364 1912 quibus
1377 1869 1489 1902 Mauri
1501 1869 1544 1902 ad
1556 1869 1775 1902 christianam

1073 1921 1171 1964 fidem
1195 1923 1339 1955 conversi
1359 1926 1613 1963 commorantur,
1635 1923 1775 1965 referen-

1074 1975 1172 2019 dique
1191 1975 1396 2019 Apostolz'cae
1414 1976 1492 2009 Sedi
1509 1986 1568 2019 pro
1586 1986 1698 2008 rerum
1720 1986 1774 2019 qe-

1074 2033 1201 2061 starum
1219 2029 1465 2071 confirmatione
1484 2029 1661 2062 obtinenda
1679 2029 1700 2061 ².

1030 2109 1259 2136 Venerabilibus
1274 2109 1420 2137 fratribus
1431 2109 1654 2144 archiepiscopo
1668 2109 1776 2137 Valen-

1066 2153 1180 2181 tinensi
1205 2157 1236 2181 et
1262 2154 1411 2188 episcopis
1431 2154 1620 2189 nertusensi,
1641 2154 1777 2188 Segobri-

1067 2198 1151 2225 censi
1172 2201 1203 2225 et
1222 2198 1369 2226 Oriolensi

1219 2246 1375 2277 Clemens
1389 2247 1483 2288 Papa
1497 2246 1589 2277 VIII.

1227 2305 1422 2333 venerabiles
1451 2306 1579 2338 fratres,

1067 2349 1199 2378 salutem
1223 2352 1254 2377 et
1277 2350 1470 2384 apostolicam
1489 2348 1742 2377 benedictionem.

1077 2411 1093 2452 g
1115 2410 1144 2443 t.
1165 2410 1288 2454 Exponi
1308 2411 1402 2444 nobis
1426 2421 1529 2455 nuper
1559 2411 1634 2444 fecit
1657 2411 1778 2444 charis-

1033 2463 1132 2497 simus
1153 2463 1185 2497 in
1213 2463 1336 2497 Christo
1364 2464 1448 2497 filius
1478 2469 1587 2497 noster
1611 2464 1779 2508 Philippus

1069 2535 1079 2561 1
1103 2534 1259 2569 Superadde
1279 2535 1392 2569 deferre
1412 2535 1454 2562 vel
1474 2534 1538 2570 qnid
1558 2534 1656 2562 simile.

1067 2569 1083 2595 ⁹2
1104 2569 1141 2596 Ex
1162 2570 1268 2605 Regest.
1291 2571 1317 2596 in
1338 2571 1440 2598 Secret.
1464 2570 1597 2598 Brevium.
1619 2570 1691 2598 Haec
1711 2579 1776 2598 con-

1033 2605 1135 2632 stitutio
1155 2605 1181 2632 in
1202 2606 1368 2640 Appendice
1383 2606 1510 2634 editionis
1525 2605 1653 2634 Mainardi
1672 2608 1779 2642 reperi-

1013 2608 1076 2678 itur
1095 2640 1145 2669 sub
1165 2649 1280 2670 numero
1299 2648 1419 2669 ccccxxi,
1662 2644 1743 2677 (ner.)

1661 231 1724 265 337
1773 241 1822 268 An.
1844 241 1872 268 c.
1892 241 1959 269 1597

1814 356 1923 381 insigniis,

1778 567 1802 588 El
1812 570 1962 593 iestrprmpria

1830 886 1964 906 Obstantium

1781 913 1898 938 derogatio.

1813 2478 1933 2500 Necessitas
1943 2477 1978 2498 du-
