2253 3195
31 1233 34 1262 3¹
83 1235 203 1256 Exordium.

75 1394 156 1416 Causae
167 1394 234 1414 disso-

32 1419 33 1449 ]
49 1421 133 1469 idulionis
155 1421 234 1442 sacien-

32 1467 33 1476 ,
64 1454 97 1469 ae.

81 2192 197 2216 Disinnctio
211 2194 237 2215 de

57 2224 97 2247 qua
112 2220 132 2241 in
146 2221 238 2242 rubrica

860 219 1007 243 CLEMENS
1026 218 1085 243 vm
1103 218 1152 243 PF.

242 267 473 312 permansuris,
509 267 569 301 hac
588 268 657 301 vice
678 268 843 301 dumtaxat
867 267 987 311 specia-

243 320 315 354 liter
335 326 367 353 et
386 330 533 363 expresse
552 321 756 363 derogamus,
787 320 987 363 caeterisque

243 374 412 407 contrariis
432 374 702 418 quibuscumque.

286 427 399 460 Datum
431 428 552 461 Romae
588 428 673 471 apud
701 428 731 460 S.
766 428 907 460 Marcum
928 427 987 459 sub

241 480 362 513 annulo
374 480 545 513 piscatoris
557 479 608 513 die
621 479 744 513 xvinaii
759 488 888 515 noxcw„
905 489 987 522 pon-

244 532 380 566 tificatus
400 533 500 566 nostri
520 543 605 566 anno
626 543 673 566 111.

278 596 336 623 Dat.
355 596 398 623 die
415 597 448 623 15
468 595 532 623 maii
549 595 629 629 1594,
645 598 719 631 pont.
733 603 775 622 an.
794 601 834 622 111.

538 783 690 818 LXXXIX.

244 890 425 924 Dissolzttio
444 891 578 923 unionis
601 889 825 923 Pieminemis
857 892 884 921 et
913 888 988 921 [lci-

290 954 399 987 nensis
419 953 627 986 ecclesiarum
648 953 666 985 ¹.

269 1045 402 1072 Clemens
418 1044 587 1077 episcopus,
601 1050 708 1071 servus
725 1049 881 1070 servorum
902 1042 964 1074 Dei.

373 1098 410 1125 ad
430 1100 605 1132 perpetuam
619 1097 661 1125 rei
682 1097 863 1124 memoriam.

290 1179 338 1212 Ad
363 1178 586 1222 exequendum
612 1178 781 1223 pastoralis
812 1177 909 1211 officii
936 1178 991 1211 de-

247 1232 349 1266 bitum
370 1231 474 1272 nobis,
491 1243 631 1276 superna
648 1232 871 1276 dispositione,
896 1242 987 1264 eom-

248 1285 380 1319 missum
394 1285 538 1319 sollicitis
557 1284 681 1325 studiis,
696 1289 766 1326 etc„
777 1285 987 1318 incrementa.

293 1339 318 1381 ξ.
346 1338 377 1372 Ἰ.
412 1339 489 1372 Cum
525 1339 652 1383 itaque,
685 1338 767 1372 sieut
795 1338 987 1382 accepimus,

251 1392 361 1426 dilecti
393 1392 450 1425 filii
470 1393 610 1436 populus
632 1392 766 1425 civitatis
787 1397 815 1425 et
838 1392 992 1425 dioecesis

248 1445 413 1479 Ilcinensis
437 1451 570 1490 propter
593 1446 779 1479 continuam
801 1445 992 1478 venerabilis

249 1498 356 1532 fratris
375 1499 476 1532 nostri
489 1499 633 1543 episcopi
664 1498 829 1532 lirinensis
849 1504 880 1532 et
898 1498 992 1532 Pien-

249 1552 381 1586 tinensis
405 1563 423 1586 a
443 1552 569 1586 civitate
590 1553 734 1596 praefata
759 1552 936 1585 absentiam
962 1557 993 1585 et

248 1605 479 1646 residentiam,
513 1616 611 1650 quam
644 1616 772 1650 semper
792 1606 896 1639 facere
917 1616 993 1638 con-

249 1658 351 1693 suevit
361 1660 447 1703 apud
461 1659 629 1693 ecelesiam
642 1659 894 1700 Pientinensern,
911 1669 992 1702 quae

250 1718 282 1746 et
300 1713 434 1746 ecelesia
454 1712 631 1752 ltcinensis,
648 1718 804 1756 perpetuo
818 1712 993 1756 apostolica

250 1766 440 1799 auctoritate
475 1765 611 1799 invicem
632 1771 686 1798 aut
699 1765 777 1798 alias
794 1765 914 1806 unitae,
938 1775 993 1798 an—

250 1829 349 1852 nexae
378 1824 409 1852 et
437 1819 664 1863 incorporatae
689 1824 778 1857 sunt,
817 1829 934 1861 magna
960 1818 992 1851 in

250 1872 470 1916 spiritualibus
491 1872 683 1906 detrimenta
695 1871 846 1915 patiatur,
859 1877 889 1904 et
905 1877 993 1904 utra-

251 1936 313 1970 que
334 1925 469 1959 eeclesia
496 1925 640 1969 praefata
669 1924 854 1958 distinctum
885 1935 991 1969 popu-

251 1980 318 2013 lum
340 1985 371 2013 et
390 1979 575 2020 dioecesim,
600 1984 884 2023 competentesque
904 1984 935 2011 et
947 1989 995 2012 se-

251 2039 381 2077 paratos
400 2033 545 2067 redditus
577 2033 704 2073 habeat,
728 2032 768 2065 ad
789 2032 993 2065 commodam

253 2087 391 2119 duorum
412 2086 637 2130 episcoporum
658 2085 936 2119 sustentationem.

297 2140 312 2184 ἓ,
333 2139 362 2173 2.
386 2140 460 2180 Nos,
483 2140 593 2173 habita
612 2150 709 2184 super
729 2139 779 2172 his
797 2150 869 2172 cum
891 2139 996 2172 fratri-

252 2193 312 2227 bus
332 2193 448 2227 nostris
469 2198 594 2226 matura
614 2193 857 2232 deliberatione,
878 2192 917 2225 sle
935 2202 993 2225 eo-

253 2247 402 2280 rumdem
424 2247 559 2279 fratrum
581 2245 728 2286 consilio,
751 2244 996 2289 supplicationi-

253 2301 314 2334 bus
334 2311 464 2344 quoque
489 2299 597 2333 dilecti
619 2299 676 2332 filii
696 2299 813 2332 nobilis
837 2298 896 2330 viri
916 2298 995 2330 Fer-

255 2353 388 2387 dinandi
416 2353 576 2387 AEtruriae
611 2352 671 2386 sibi
700 2352 862 2385 subiectae
890 2351 998 2394 magni

256 2407 346 2440 ducis
361 2407 457 2448 nobis
485 2407 518 2441 in
538 2407 598 2440 liae
622 2413 713 2451 parte
733 2405 889 2450 porrectis
910 2405 1000 2438 incli-

256 2460 333 2501 nati,
356 2471 482 2494 necnon
502 2461 652 2502 unionis,
684 2459 873 2494 annexionis
894 2464 925 2492 et
952 2458 1000 2491 in-

257 2513 491 2557 corporationis
510 2513 696 2547 huiusmodi
714 2519 852 2553 tenores,
876 2522 913 2545 ac
933 2512 1000 2544 sru-

257 2572 366 2601 ctuum
381 2594 388 2609 ‚
417 2566 603 2601 reddituum
620 2577 658 2601 ac
674 2572 891 2611 proventuum
911 2575 1002 2599 men-

294 2631 304 2657 rl
324 2629 361 2657 Ex
377 2631 485 2665 Rvgest.
509 2630 534 2657 in
556 2630 637 2657 Cane.
655 2630 746 2666 ΛροςῐΑ

1669 204 1733 238 ’143

1021 278 1128 300 sarum
1155 265 1387 310 episcopalium
1410 264 1574 299 Ilcinensis
1597 270 1627 297 et
1646 263 1764 297 Plenti-

1022 320 1128 353 nensis
1161 320 1353 364 quantitates
1384 318 1606 363 praesentibus
1630 328 1689 361 pro
1710 328 1763 350 ex-

1022 373 1137 417 pressis
1158 374 1322 413 habmstcs,
1350 372 1527 411 unionem,
1551 370 1763 404 annexionem

1021 432 1052 459 et
1072 426 1368 470 incorporationem
1401 425 1587 459 earumdem
1614 423 1764 457 ecclesia-

1023 490 1105 519 rum,
1130 491 1167 512 ex
1187 490 1273 512 nune
1289 485 1385 523 prout
1405 485 1541 517 extunc,
1558 484 1617 511 ete
1637 482 1760 512 contra.

1779 214 1826 240 An.
1845 214 1874 241 (ἶ.
1897 214 1963 241 1594

1022 543 1094 565 cum
1126 533 1267 576 primum
1291 533 1360 565 illas
1381 543 1438 576 per
1451 542 1587 569 cessum,
1611 531 1706 564 etiam
1728 542 1764 563 ex
1811 564 1822 572 ,

1021 596 1116 619 causa
1136 586 1399 629 permutationis,
1424 586 1473 618 vel
1494 586 1659 618 decessum
1675 611 1682 624 ‚
1711 590 1765 617 aut

1021 639 1246 682 privationem,
1271 640 1320 672 vel
1334 639 1411 672 alias
1424 639 1536 682 quovis
1548 638 1656 677 modo,
1669 637 1765 671 etiam

1021 692 1106 736 apud
1135 692 1250 726 Sedem
1286 691 1503 736 Apostolicam
1528 701 1641 724 vacare
1662 690 1765 724 conti-

1021 745 1113 788 gerit,
1137 745 1313 789 apostolica
1337 745 1528 778 auctoritate
1543 751 1651 778 tenore
1672 755 1764 788 prae-

1021 799 1171 839 sentium,
1195 805 1352 843 perpetuo
1366 798 1581 838 dissolvimus,
1599 798 1766 831 ecclesias-

1021 863 1083 896 que
1104 853 1262 896 praefatas
1282 863 1480 896 separamus,
1510 862 1628 895 easque
1649 851 1680 884 in
1694 851 1762 895 pri-

1022 906 1162 947 stinum,
1191 912 1222 939 et
1242 917 1327 947 eum,
1352 906 1384 938 in
1405 916 1470 950 quo
1493 911 1567 938 ante
1596 905 1762 945 unionem,

1022 959 1235 993 annexionem
1266 966 1296 993 et
1319 958 1614 1003 incorporationem
1649 957 1763 991 huius-

1024 1012 1111 1046 modi
1132 1019 1223 1046 erant
1242 1018 1370 1053 statum,
1399 1012 1607 1053 restituimus,
1631 1012 1763 1055 reponi-

1024 1077 1094 1100 mus
1115 1072 1142 1100 et
1164 1066 1308 1110 plenarie
1329 1066 1593 1108 reintregramus.

1068 1120 1083 1163 ἓ
1104 1119 1135 1153 3.
1169 1121 1214 1153 Ita
1236 1120 1323 1164 quod
1351 1120 1390 1153 de
1415 1125 1553 1159 caetero,
1578 1125 1766 1153 occurrente

1024 1174 1190 1207 vacatione
1221 1174 1409 1207 earumdem
1441 1173 1650 1206 ecclesiarum
1690 1173 1764 1206 llei-

1024 1226 1131 1259 nensis
1151 1227 1190 1260 de
1222 1237 1306 1265 una,
1339 1232 1370 1259 et
1396 1226 1608 1259 Pientinensis
1626 1226 1768 1259 ecclesiis

1025 1280 1176 1323 praefatis
1211 1280 1250 1313 de
1285 1281 1385 1313 altera
1417 1279 1562 1323 personis
1591 1279 1765 1323 provideri,

1026 1333 1151 1377 illisque
1180 1333 1211 1365 in
1239 1333 1427 1377 episcopum
1448 1332 1580 1377 praefici
1605 1332 1717 1365 debeat
1739 1338 1767 1365 et

1026 1393 1199 1430 pastorem.

1070 1440 1137 1482 §la
1173 1441 1242 1474 Non
1275 1440 1478 1473 obstantibus
1509 1440 1641 1480 unione,
1668 1450 1768 1472 anne-

1026 1494 1119 1527 xione
1157 1501 1185 1527 et
1226 1494 1488 1538 incorporatione
1529 1494 1701 1537 praefatis,
1733 1505 1770 1526 ac

1026 1548 1308 1581 constitutionibus
1340 1554 1370 1581 et
1404 1548 1662 1581 ordinationibus
1694 1558 1771 1591 apo-

1026 1601 1155 1642 stolicis,
1170 1612 1295 1635 necnon
1310 1601 1519 1635 ecclesiarum
1531 1601 1770 1645 praedictarum

1026 1655 1122 1688 etiam
1148 1655 1339 1696 iuramento,
1369 1654 1615 1688 confirmatione
1640 1660 1770 1698 aposto-

1027 1710 1087 1742 lica
1101 1737 1108 1750 ,
1133 1710 1180 1742 vel
1202 1709 1313 1753 quavis
1333 1709 1484 1742 firmitate
1505 1709 1567 1742 alia
1597 1708 1768 1747 roboratis,

1026 1763 1150 1797 statutis
1176 1769 1207 1796 et
1237 1762 1547 1801 consuetiulinibus,
1572 1761 1771 1805 caeterisque

1027 1816 1197 1850 contrariis
1214 1817 1484 1860 quibust-umque.

1072 1869 1087 1912 g
1117 1868 1146 1901 Γ).
1180 1868 1276 1908 Nulli,
1301 1872 1371 1908 ete,
1388 1873 1515 1900 nostrae
1538 1867 1770 1907 dissolutionis,

1027 1921 1250 1966 separationis
1267 1920 1490 1961 restitutionis,
1514 1919 1720 1964 repositionis
1738 1930 1774 1952 ac

1028 1974 1288 2019 reintegrationis
1318 1974 1495 2016 iufringere
1510 2001 1517 2013 ,
1549 1974 1609 2013 vel,
1633 1977 1703 2014 etc„
1727 1973 1774 2005 in-

1029 2030 1234 2062 incursurum
1242 2056 1247 2061 .

1073 2083 1185 2116 Datum
1206 2083 1327 2115 Rornae
1358 2081 1445 2125 apud
1472 2081 1623 2115 Sanctum
1645 2081 1774 2114 Petrum

1029 2147 1114 2169 anno
1134 2135 1368 2169 incarnationis
1394 2134 1581 2168 Dominieae
1602 2133 1774 2166 millesimo

1030 2189 1290 2234 quingentesimo
1321 2188 1533 2231 nonagesimo
1568 2193 1694 2231 quarto,
1719 2187 1774 2219 (le-

1030 2243 1115 2276 cimo
1146 2243 1299 2275 kalendas
1330 2241 1420 2281 iunii,
1443 2240 1650 2284 pontificatus
1674 2238 1774 2271 nostri

1031 2307 1116 2329 anno
1143 2296 1247 2329 tertio.

1069 2359 1126 2386 Dat.
1144 2358 1187 2386 die
1202 2358 1237 2386 23
1257 2358 1320 2385 maii
1337 2357 1416 2391 1594,
1435 2355 1529 2393 pontif.
1548 2364 1591 2383 an.
1609 2363 1651 2382 m.

1795 1126 1912 1152 Episcopus
1923 1125 1967 1146 uni-

1781 1153 1858 1179 cuique
1891 1152 1967 1179 praesi-

1782 1179 1877 1200 ciendos.

1837 1445 1971 1467 Obstantium

1785 1472 1903 1498 derogatio.

1802 1872 1913 1893 Clausulae
1923 1877 1972 1899 poe.-

1788 1900 1854 1920 nates.
