2253 3195
63 294 112 320 An.
130 294 159 321 C.
179 293 246 322 1598

875 295 1021 319 CLEMENS
1043 295 1099 318 VIII
1120 295 1170 319 I‘I’,

260 342 469 379 assumimus,
494 348 546 381 ut,
573 343 648 387 ipsis
673 343 756 375 vices
777 348 902 376 nostras
923 354 1001 386 sup-

260 396 432 439 plentibus,
443 396 656 429 ministerium
669 396 761 429 nobis
771 396 909 439 desuper
918 407 1005 427 com-

261 449 406 489 missum,
429 450 552 482 favente
574 449 690 493 pietate
711 460 861 492 superna,
880 448 1005 480 facilius

261 508 289 535 ct
311 502 471 535 salubrius
496 512 703 546 exequamur.
728 502 764 534 Ei.
793 501 938 544 quamvis
965 502 1003 533 ad

262 562 453 589 cunctorum
476 556 733 589 christifidelium
755 555 947 599 provincias,
963 555 1006 587 ci-

261 609 373 642 vitates
394 615 424 643 et
444 610 513 642 loca
534 615 704 654 paternum
726 609 866 642 studium
887 615 914 641 et
936 608 1006 640 dili-

262 662 402 703 gentiam
430 662 658 699 adhibeamus,
682 663 721 694 ad
743 662 860 694 almam
888 654 1025 693 l‘rlwm'

263 721 370 749 tamen
388 721 530 749 nostram
551 716 652 749 aciem
675 723 803 749 nostrae
824 715 1006 748 considera-

265 768 358 802 tionis
371 769 513 812 paternis
525 769 691 803 affectibus
705 769 892 811 dirigentes,
905 768 1002 804 illam,

263 822 369 863 cives,
398 823 518 856 incolas
550 829 580 856 et
612 823 809 856 habitatores
839 822 1004 860 eiusdem,

265 882 429 923 tamquam
451 877 631 921 peculiares
652 876 736 910 tilios
750 882 780 910 et
794 877 940 915 devotos,
959 875 1007 909 di-

1686 281 1745 314 ltltl

1039 343 1143 376 dictae
1163 343 1254 376 Sedis
1279 343 1418 385 legatum
1451 343 1489 375 de
1516 342 1630 381 latere,
1654 351 1780 374 necnon

1039 396 1183 427 omnium
1218 396 1424 428 t1·il›uuali11m
1452 401 1481 427 et,
1513 394 1717 432 offirialium,
1746 405 1781 427 ac

1041 449 1261 481 ministrorum
1287 449 1381 481 etiam
1405 449 1554 488 iustitiae,
1581 454 1642 481 tam
1664 448 1696 480 ill
1717 448 1783 491 spi-

1040 501 1220 539 ritualibus,
1245 512 1339 545 quam
1368 502 1398 534 iu
1423 502 1664 545 temporalilms,
1688 511 1784 543 gene-

1040 555 1139 587 ralem
1159 560 1189 587 et
1209 555 1379 598 specialem
1395 555 1726 598 superintendentem,
1745 555 1783 588 de

1042 607 1270 640 venerabilium
1294 609 1424 640 fratrum
1445 615 1627 641 nostrorum
1648 608 1677 640 S.
1695 609 1730 641 R.
1748 608 1780 640 E.

1041 660 1252 693 cardinalium
1274 661 1419 697 consilio„
1444 661 1633 694 aucloritate
1659 667 1785 704 aposto-

1042 713 1123 750 lica,
1150 719 1258 746 tenore
1280 714 1518 756 praesentium,
1542 725 1643 757 usque
1664 715 1702 746 ad
1725 714 1782 746 lie-

1042 764 1249 808 neplaeitum,
1268 765 1315 797 vel
1334 765 1372 797 ad
1394 765 1540 797 eamdem
1559 765 1678 797 lirlwm
1702 764 1786 798 redi-

1042 823 1108 850 tum
1131 823 1276 851 nostrum
1295 818 1470 855 dumtaxat,
1488 828 1645 854 creamus,
1663 818 1783 851 eonsti—

1044 872 1161 905 tuimus
1182 878 1212 905 et
1232 872 1327 905 etiam
1353 872 1555 916 deputamus.

1798 292 1846 317 An.
1867 291 1894 316 (ἶ.
1914 290 1981 318 1598

264 929 425 972 ligentiori
441 941 516 963 eura
531 931 704 969 intuemur,
728 935 756 963 et
778 941 876 974 super
896 940 1006 962 eorum

266 983 349 1016 felici
371 984 527 1026 regimine.
550 984 685 1028 pacifico
707 990 734 1017 et
758 983 947 1027 tranquille,
975 988 1007 1015 ut

267 1043 515 1080 praeserventur
540 1048 557 1070 a
582 1038 706 1077 noxiis,
731 1043 762 1070 et
786 1037 903 1081 optatis
931 1047 1006 1080 per—

1088 927 1104 965 }
1126 925 1155 958 2.
1171 926 1286 959 Dantes
1308 926 1363 958 tibi
1386 926 1501 958 harum
1520 926 1602 959 serie
1623 925 1788 969 pariteret
1808 937 1987 984 =1⁶¹¹253¹'“l³'1]¹²²l”1

1757 978 1763 983 ι
1803 971 1808 984 ι’
1827 972 1851 984 III«
1876 972 1879 983 t
1935 970 1979 983 ἀἰ

1025 979 1257 1012 reoncedentes
1276 980 1425 1022 plenam,
1450 979 1585 1012 liberam
1614 985 1645 1011 et
1677 989 1784 1012 ornm-
1804 994 1822 1010 «η
1846 991 1897 1015 ,ιφ

1805 1024 1828 1037 ea
1842 1018 1898 1038 etiam

1045 1033 1174 1066 modam
1197 1038 1400 1076 potestatem,
1419 1039 1448 1066 et
1463 1034 1657 1071 facultatem,
1675 1044 1711 1065 ae
1731 1043 1788 1065 au·
1804 1023 1990 1070 pis.<ss=·ivt>1=...ii'.',ii

83 1250 177 1272 (tlt-mens
185 1252 254 1278 prol'ev

69 1280 141 1298 etnrns
178 1279 255 1299 Ferra-

69 1305 121 1325 riam
137 1307 158 1325 et
171 1306 198 1326 ad
213 1306 255 1326 alia

71 1332 117 1351 luca
133 1332 212 1356 Status,
222 1333 255 1353 le-

71 1359 141 1382 gatum
174 1359 254 1380 Romae

71 1384 254 1410 reliquitluuicmu

70 1411 146 1431 Aratus
160 1412 182 1432 S.
196 1412 218 1433 a.
233 1413 254 1433 E.

71 1437 198 1458 cardinalem
207 1455 211 1461 ,

268 1091 413 1124 fruantur
440 1091 668 1127 incrementis.
693 1090 874 1134 specialiter
902 1089 1010 1134 provi-

269 1144 345 1176 dere
370 1144 603 1177 desideramus.

314 1198 329 1239 ξ*
357 1197 381 1229 l.
410 1197 487 1231 Cum
510 1197 616 1241 itaque
638 1208 674 1231 ex
695 1197 889 1240 gravissimis
909 1203 936 1230 et
959 1207 1012 1229 ur-

269 1251 418 1293 gentibus
439 1251 542 1285 causis
559 1252 704 1284 animum
719 1257 863 1284 nostrum
883 1261 1012 1284 moven-
1028 1273 1030 1286 ι

271 1304 375 1344 tibus,
399 1305 437 1337 ad
464 1305 625 1338 civitatem
647 1311 675 1338 et
702 1305 854 1338 ducatum
885 1310 1012 1338 nostros

270 1358 519 1400 Ferrariensfflu,
539 1370 576 1392 ac
593 1359 670 1392 alias
690 1359 881 1402 provincias,
906 1358 1014 1392 civita-

270 1417 316 1445 tes
336 1417 367 1445 et
385 1413 455 1445 loca
480 1412 667 1456 temporalis
698 1412 828 1445 ditionis
857 1412 1010 1445 eeclesia—

271 1465 368 1499 sticae
395 1466 558 1509 (dimissis
588 1466 619 1498 iu
651 1465 763 1499 eadem
790 1465 875 1499 Urbe
904 1465 1013 1509 palatii

272 1519 372 1552 nostri
384 1525 414 1552 et
426 1519 538 1553 Curiae
555 1519 706 1553 Gamerae
723 1519 926 1562 Apostolicae
941 1530 1014 1552 cau-

270 1583 378 1605 sarum
409 1573 601 1610 audientiis,
626 1582 752 1605 necnon
777 1572 1011 1614 gubernatore,

272 1626 511 1659 locumtenente
542 1631 573 1659 et
604 1630 774 1665 senatore,
803 1631 834 1658 et
864 1625 1011 1665 Dataria‚

271 1690 326 1712 scu
347 1679 610 1718 viceeamerario,
635 1684 688 1712 aut
713 1679 843 1718 vicario,
867 1689 921 1711 seu
948 1679 1015 1712 eius

271 1738 303 1765 et
322 1733 519 1766 Cancellaria
540 1738 660 1773 nostra,
684 1743 757 1766 cum
782 1733 933 1776 plumbo,
958 1744 1012 1766 ca-

272 1787 375 1830 pella,
400 1792 427 1819 et
459 1786 603 1819 eiusdem
636 1786 851 1820 (lancellariae
882 1792 914 1819 et
946 1787 1016 1819 aliis

272 1839 384 1873 Curiae
410 1840 574 1873 Romanae
605 1839 820 1882 officialibus)
846 1850 904 1872 nos
934 1850 1013 1872 con-

274 1894 357 1926 ferre
377 1893 598 1932 intendanius3
622 1903 680 1926 nos
711 1892 839 1926 interim
869 1893 954 1926 liono
988 1899 1014 1926 et

274 1946 355 1979 felici
384 1946 478 1979 Urbis
502 1951 533 1978 et
562 1946 727 1979 Romanae
747 1945 858 1979 Curiae
883 1946 1015 1989 praedi-

274 2005 397 2033 ctarum
429 1999 579 2042 regimini
607 1999 776 2043 providere
804 2000 965 2040 volentes,
990 2006 1017 2033 et

275 2054 315 2087 ad
341 2059 370 2086 te
403 2052 625 2096 potissimum,
649 2063 744 2096 quem
766 2052 862 2086 etiam
893 2053 924 2085 iu
954 2064 1019 2086 ma-

275 2107 346 2149 gnis
359 2112 390 2139 et,
403 2106 512 2139 arduis
532 2106 764 2139 Sacrosanctae
784 2107 948 2139 Romanae
964 2107 1020 2139 Ec-

276 2161 391 2194 clesiae
412 2160 554 2203 negociis
575 2167 745 2201 versatum,
770 2161 884 2194 eximia
904 2161 1016 2205 probi--

277 2220 339 2248 tate
360 2221 390 2248 et
410 2214 575 2255 fidelitate,
600 2224 776 2257 rerumque
802 2215 1020 2256 gerendarum

277 2268 484 2312 experientia,
513 2267 688 2312 praecipua
719 2267 890 2311 prudentia
917 2278 953 2301 ae
975 2268 1022 2300 in-

279 2321 425 2364 tegritate
450 2321 696 2365 comprobatum
723 2321 901 2360 habemus,
927 2331 1019 2354 men-

280 2381 341 2408 tem
367 2380 509 2408 nostram
537 2380 771 2415 convertentes,
800 2385 836 2406 ac
857 2380 1024 2418 sperantes

279 2428 366 2471 quod
387 2438 423 2461 ea
438 2455 445 2469 ‚
466 2438 549 2472 quae
571 2428 626 2461 tibi
658 2427 845 2461 duxerimus
877 2428 1024 2461 commit-

282 2481 386 2521 tenda,
411 2481 513 2524 gratia
542 2481 597 2514 tihi
624 2481 792 2514 assistente
813 2480 941 2521 divina,
965 2481 1025 2514 eir-

281 2539 479 2578 cumspecte,
507 2534 703 2577 prudenter,
726 2534 807 2567 iuste
836 2540 866 2567 et
887 2533 1026 2567 fideliter

281 2587 469 2631 exequeris;
491 2593 519 2620 te
541 2587 572 2620 in
592 2587 677 2620 Urbe
698 2587 873 2630 praedicta,
894 2587 1026 2631 eiusque

283 2641 456 2681 territorio,
472 2647 503 2674 et
524 2641 682 2681 districtu,
699 2651 736 2674 ae
754 2641 946 2682 ‹;·ivitatilms,
964 2647 1026 2675 ter-

283 2695 324 2727 ris
345 2701 375 2727 et,
396 2695 473 2727 lovis
495 2695 538 2727 illi
560 2694 790 2732 adiacentibus,
816 2701 973 2732 nostrum,
998 2702 1024 2728 et

332 2759 408 2785 nult.
429 2760 506 2785 Itum.
528 2758 585 2785 Vol.
604 2758 630 2784 Υ.
916 2759 948 2783 .'›t'·

1046 1086 1226 1119 ctoritatem
1242 1086 1372 1123 libem,
1390 1086 1544 1125 civitates,
1557 1092 1588 1119 et
1607 1087 1678 1119 loca
1691 1096 1790 1130 prae—

1047 1139 1129 1172 dicta
1150 1150 1223 1173 eum
1245 1150 1357 1172 eorum
1381 1140 1564 1179 territoriis,
1593 1139 1791 1173 districtibus

1047 1199 1075 1225 et
1098 1193 1312 1236 pertinentiis,
1336 1203 1462 1226 necnon
1483 1203 1659 1236 personas,
1684 1193 1788 1230 cives,

1048 1247 1244 1280 habitatores
1265 1248 1359 1281 etiam
1383 1247 1530 1283 curiales,
1552 1253 1581 1279 et
1607 1247 1707 1290 ipsam
1728 1247 1791 1279 no-

1048 1312 1177 1334 manam
1201 1301 1327 1336 Curiam
1349 1307 1538 1345 sequentes,
1562 1312 1618 1334 seu
1639 1301 1679 1333 ad
1705 1311 1792 1333 eam-

1048 1354 1121 1388 dem
1147 1356 1373 1399 undecumque
1396 1355 1573 1392 venientes,
1598 1355 1674 1388 (lum
1700 1354 1732 1386 in
1757 1364 1794 1387 ea

1049 1408 1188 1449 fuerint,
1210 1420 1265 1442 seu
1298 1409 1329 1441 in
1362 1420 1399 1441 ea
1428 1409 1594 1451 degerint,
1623 1414 1653 1441 et
1673 1408 1795 1441 incolas

1049 1462 1205 1501 eiusdem,
1222 1462 1454 1506 cuiuscumque
1471 1467 1581 1501 status,
1596 1462 1726 1504 gradus,
1743 1471 1794 1494 or-

1049 1515 1155 1553 dinis,
1182 1515 1480 1558 praeeminentiae„
1505 1514 1669 1557 dignitatis
1697 1514 1794 1546 etiam

1049 1568 1243 1612 pontificalis
1264 1569 1391 1606 fuerint,
1408 1580 1444 1601 ac
1465 1569 1609 1602 eiusdem
1631 1569 1795 1601 Romanae

1050 1622 1162 1655 Curiae
1176 1623 1329 1656 officiales
1343 1622 1492 1660 existant,
1508 1621 1631 1655 etiamsi
1643 1632 1675 1654 se
1690 1631 1796 1654 exem*

1050 1675 1556 1720 1]tosa(1110[·,t1n1s1110legationis
1578 1674 1683 1708 officio
1704 1685 1797 1718 prae-

1053 1730 1231 1770 tenderent,
1255 1736 1365 1763 nostro
1386 1736 1414 1762 et
1437 1729 1541 1762 dietae
1561 1729 1725 1761 Romanae
1739 1728 1796 1760 Ec-

1052 1783 1166 1817 clesiae
1196 1783 1327 1817 nomine
1359 1782 1583 1825 gubernandi,
1613 1781 1746 1824 regendi
1768 1786 1799 1813 et

1052 1837 1308 1877 administrandi,
1332 1847 1367 1869 ae
1388 1841 1480 1879 prout
1508 1835 1656 1868 coelestis
1676 1834 1799 1877 gratiae

1053 1891 1170 1924 infusio
1197 1896 1227 1924 et
1255 1896 1306 1924 tua
1335 1890 1505 1934 prudentia
1534 1889 1796 1933 persuadelmut,

1052 1944 1247 1978 reformandi
1270 1950 1300 1976 et
1320 1943 1515 1986 corrigendi,
1532 1948 1689 1986 occupata
1709 1952 1799 1975 recu-

1053 1998 1197 2041 perandi,
1222 2008 1349 2031 necnon
1367 1997 1420 2029 illa
1444 2003 1477 2029 et
1497 1997 1559 2029 alia
1577 1996 1755 2029 deformata
1769 1994 1799 2027 in

1054 2051 1224 2095 pristinum
1247 2057 1277 2083 et,
1298 2051 1443 2083 debitum
1470 2055 1585 2083 statum
1608 2047 1795 2082 reducendi.

1100 2106 1115 2147 g
1137 2104 1167 2137 3.
1191 2105 1306 2138 Causas
1328 2104 1435 2136 civiles
1463 2109 1492 2136 et
1519 2103 1718 2142 criminales,
1743 2113 1796 2134 ec-

1055 2158 1248 2191 clesiasticas
1268 2163 1299 2190 et
1319 2157 1524 2201 spirituales.
1549 2157 1644 2189 etiam
1672 2155 1797 2188 henefi-

1057 2265 1096 2297 ad
1111 2265 1215 2297 forum
1231 2264 1484 2297 ecclesiasticum
1500 2269 1529 2295 et
1541 2263 1706 2296 saeculare
1720 2273 1802 2305 quo—

1058 2329 1196 2362 cumque
1214 2318 1283 2351 iure
1304 2323 1494 2362 spectantes,
1516 2328 1550 2350 ac
1573 2317 1696 2353 mixtas,
1720 2316 1802 2349 intra

1058 2372 1212 2405 terminos
1247 2377 1318 2404 tuae
1351 2371 1541 2414 legationIs,
1573 2376 1603 2402 etv
1632 2369 1804 2402 vicariatus

1059 2424 1254 2465 huiusmodi,
1271 2435 1329 2468 per
1346 2424 1427 2457 viam
1450 2423 1703 2467 appellationum
1719 2434 1801 2467 qua-

1059 2489 1283 2522 rumcumque,
1308 2479 1355 2511 vel
1379 2489 1537 2514 recursus,
1565 2488 1630 2510 una
1647 2488 1719 2510 cum
1747 2488 1803 2509 ne-

1060 2533 1152 2576 gocio
1173 2532 1344 2576 principali
1370 2531 1567 2564 coniunctim
1590 2532 1633 2565 vel
1657 2531 1802 2568 divisim,

1060 2587 1106 2619 vel
1129 2586 1216 2626 alias,
1246 2591 1338 2628 prout
1355 2585 1408 2618 tibi
1432 2585 1532 2617 visum
1556 2584 1662 2623 fuerit,
1678 2595 1714 2616 ae
1732 2595 1805 2616 cum

1061 2639 1211 2671 munibus
1237 2644 1265 2671 et
1287 2638 1420 2679 siugulis
1441 2649 1552 2671 earum
1573 2637 1802 2675 incidentibus,

1043 2693 1330 2737 ,‹t‹=p‹·1nt‹=1nit»n<‚
1353 2693 1603 2732 i·1u‹=i·;.·cntiluts,
1628 2692 1758 2724 annexis
1777 2698 1805 2724 et

1843 2110 1922 2129 (ltusaz
1934 2116 1950 2129 ci
1959 2116 2001 2130 uni-

1816 2138 1886 2159 uates,
1924 2137 1936 2156 i.
1967 2143 1976 2155 ;ι
1990 2144 2002 2153 ›-

1816 2163 2003 2189 pellatiexusetie-
2028 2188 2032 2190 Ἴ

1816 2196 1890 2209 enisus
1927 2196 1978 2214 rugi
1998 2201 2002 2203 -

1056 2212 1170 2252 ciales,
1195 2223 1231 2244 ae
1258 2210 1528 2247 matrimoniales,
1563 2216 1591 2242 et
1624 2210 1798 2253 profanas,
1818 2223 1897 2235 wm-
