2253 3195
3 250 5 285 ς
39 249 88 275 An.
106 248 136 276 c.
155 246 222 274 1596

77 1207 223 1234 'typographis

12 1235 13 1244 ¹
39 1236 94 1254 vetat
106 1250 110 1257 .
126 1241 151 1254 111·
172 1235 222 1255 illud

12 1259 13 1265 ¹
37 1260 158 1290 imprimant
177 1261 222 1282 sine

36 1287 123 1308 liuentia
137 1287 222 1308 Archio-

13 1334 15 1344 Α
37 1314 127 1340 piscopt.

16 1703 17 1707 ,
66 1685 159 1712 Derogat
175 1692 224 1707 enn-

16 1723 17 1726 =
42 1712 119 1733 trariis.

846 244 994 269 CLEMENS

233 301 261 328 et
284 295 504 330 reformando.
525 300 622 337 prout
643 293 731 333 sacis,
752 293 904 337 deinceps
924 292 975 325 in-

233 348 377 384 cumbas,
401 347 616 390 amplioribus
637 346 798 380 favoribus
819 351 850 378 et
869 345 996 387 gratiis}

233 400 385 445 prosequi
412 401 574 439 volentes,
599 399 784 432 huiusmodi
815 398 978 441 supplica-

232 453 374 486 tionibus
408 453 574 493 inclinati,
606 451 795 485 fraternitati
828 457 921 486 tuac,
946 456 996 484 ut.

233 507 429 541 Breviarium
451 507 631 540 Romanum
650 516 722 538 cum
738 503 925 537 kalendario
940 503 977 535 ad

232 571 327 593 usum
347 560 532 604 praedictae
551 558 711 592 Ecclesiae
724 556 990 597 salisburgensis

234 614 394 653 ordinato,
418 613 575 655 dictisque
596 611 789 644 lectionibus
807 616 834 643 et
858 610 978 643 oratio-

233 667 327 700 nibus
346 666 485 710 propriis
517 666 708 698 Sanctorum
733 664 894 697 Ecclesiae
925 664 979 697 Sa-

236 719 444 761 tisburgensis
461 729 519 762 per
539 729 597 751 nos
618 718 804 762 approbatis
825 717 977 750 ubicum-

234 784 296 817 que
319 773 376 806 tibi
397 772 571 816 placuerit,
595 782 691 815 quani
718 770 980 804 emendatissime

235 833 353 866 tamen,
378 831 409 859 et
429 826 515 858 iuxta
535 832 677 858 nostram
700 825 977 862 (nnendationem,

236 880 316 925 typis
333 879 407 919 cudi
428 880 546 919 facere,
570 884 600 912 et
621 879 660 912 ad
682 889 775 911 usum
798 877 981 921 praedictae

234 933 395 967 Ecclesiae
419 934 569 975 evulgare
590 932 691 965 libere
709 939 740 964 et
757 931 841 964 licite
864 931 978 970 valeas,

236 987 427 1020 auctoritate
458 985 658 1030 apostolica,
683 991 794 1018 tenore
827 994 982 1027 praesen-

237 1041 327 1080 tium,
345 1039 508 1073 licentiam
521 1044 552 1072 et
568 1039 752 1072 facultatem
772 1037 982 1070 concedimus
999 1050 1000 1057 ¹

237 1100 269 1128 et
290 1094 507 1135 indulgemus.

282 1148 297 1191 ἓ
321 1146 350 1180 3.
382 1147 419 1179 Et
449 1146 581 1189 insuper
613 1145 764 1178 omnibus
789 1150 820 1177 et
850 1143 984 1186 singulis

238 1200 407 1244 utriusque
427 1210 519 1233 sexus
548 1198 811 1232 christifidelibus
831 1207 982 1242 praeser-

240 1254 295 1287 tim
309 1253 468 1287 librorum
482 1252 732 1296 impressoribus
741 1258 772 1285 et
783 1251 981 1294 bibliopolis,
1001 1254 1003 1262 ⁸

237 1318 278 1340 ne
298 1307 434 1340 durante
448 1306 605 1340 decennio
625 1305 772 1349 proximo
786 1304 984 1338 Breviarium

237 1360 424 1393 huiusmodi
453 1359 522 1393 sine
543 1365 595 1392 tua
615 1358 745 1403 speciali
767 1358 896 1391 lieentia
919 1358 982 1390 im-

237 1424 385 1458 pressum
402 1414 553 1453 vendere,
577 1418 633 1446 aut
652 1413 763 1446 venale
783 1413 915 1451 habere,
938 1412 985 1444 vel

237 1477 420 1511 proponere
443 1467 582 1500 audeant
600 1466 650 1499 vel
674 1471 903 1510 praesumant,
928 1465 986 1497 sub

239 1519 583 1553 excommunicationis
604 1519 687 1552 latae
711 1518 889 1552 sententiae
908 1528 987 1562 poe-
1004 1526 1005 1529 ’

239 1586 295 1615 na,
320 1575 545 1608 interdicimus
566 1580 597 1608 et
617 1574 839 1618 prohibemus.

285 1631 301 1671 ξ
324 1629 355 1661 4.
380 1629 449 1662 Non
481 1629 683 1662 obstantibus
704 1628 1007 1670 constitutionibus,

241 1688 271 1716 et
291 1682 552 1716 ordinationibus
572 1682 768 1726 apostolicis,
785 1693 820 1715 ae
842 1682 988 1725 prohibi-

242 1736 383 1770 tionibus
408 1736 440 1768 in
465 1736 665 1769 contrarium
697 1736 950 1780 praemissorum
972 1747 989 1768 a

241 1790 500 1837 quibuscumque
511 1789 663 1823 Romanis
672 1789 884 1822 Pontificibus
898 1800 990 1832 prae-
1006 1807 1008 1810 ⁴

242 1843 466 1877 decessoribus
486 1843 616 1883 nostris⁷
634 1848 662 1875 et
685 1842 771 1876 dicta
789 1843 870 1876 Sede
884 1842 986 1882 factis,

242 1907 369 1930 necnon
389 1896 515 1930 statutis
529 1901 561 1929 et
575 1896 875 1934 consuetudinibus,
893 1895 989 1929 etiam
1006 1894 1008 1933 ἲ

243 1949 439 1990 iuramento,
468 1949 717 1983 confirmatione
737 1949 925 1993 apostolica,
945 1950 990 1982 vel

244 2003 355 2047 quavis
372 2003 527 2036 firmitate
545 2003 606 2036 alia
626 2003 725 2036 10b01
728 2003 798 2043 atis,
815 2002 1009 2047 privilegiis

244 2067 384 2101 quoque,
408 2057 540 2090 indultis
560 2062 591 2090 et
611 2056 727 2090 litteris
747 2056 935 2100 apostolicis
958 2037 1009 2092 inl

245 2111 445 2144 contiaiium
466 2110 721 2154 praemissorum
747 2094 1010 2171 quomodolibet}

245 2163 416 2203 concessis,
434 2163 634 2196 confirmatis
654 2169 685 2196 et
705 2163 902 2206 appitobttis
918 2163 1010 2203 Qui-

244 2218 304 2250 bus
324 2217 476 2250 omnibus
497 2222 528 2249 et
547 2216 699 2258 singulis,
724 2226 837 2249 eoi-uni
865 2221 993 2249 tenores

245 2270 468 2315 praesentibus
489 2281 548 2313 pro
569 2269 726 2313 expressis
746 2269 911 2309 habentes,
934 2262 1011 2303 hacl

245 2325 314 2358 vice
335 2325 500 2358 dumtaxat
520 2324 702 2368 specialiter
722 2330 752 2357 et
772 2334 919 2367 expresse
941 2325 1012 2357 (le-¹,

247 2388 416 2420 rogamus,
441 2377 642 2421 caeterisque
667 2377 837 2410 contrariis
855 2377 991 2420 quibus-

247 2441 398 2474 cumque.

292 2485 407 2517 Datum
435 2485 556 2518 Rornae
588 2485 675 2528 apud
701 2484 731 2517 S.
763 2484 799 2516 M
794 2495 903 2516 {rcum
937 2473 1013 2517 suh

248 2538 531 2571 annuloPiscatm
526 2550 561 2579 is,
568 2539 619 2572 die
629 2549 750 2572 xxv:101
755 2538 836 2571 tobi*
830 2549 854 2570 is
863 2547 992 2578 1111111011

249 2591 458 2635 pontificatus
479 2591 580 2624 nostri
598 2601 683 2624 anno
697 2601 726 2624 v.
754 2617 757 2619 Α

285 2654 348 2681 Dat.
364 2653 408 2682 die
423 2653 458 2681 26
473 2653 595 2682 octobris
611 2653 690 2687 1596,
707 2657 782 2689 pont.
799 2661 843 2681 an.
859 2661 885 2680 v.

1007 1940 1008 1980 l
1025 1947 1229 1991 responderit
1243 1958 1249 1979 t

987 2560 1014 2604 'l

1013 245 1072 268 vul
1092 244 1141 268 PP.
1662 228 1726 261 317
1773 236 1822 264 An.
1839 237 1869 264 G.
1888 236 1956 263 ¹596

1322 289 1443 324 CXLIV.

1015 397 1224 440 Confirnmtio
1245 396 1362 428 decreti
1383 393 1649 437 Conqreqacionis
1672 394 1755 427 Con·

1057 459 1140 497 cilis,
1164 469 1227 502 quo
1252 457 1440 490 declaratur
1456 455 1625 499 provisum
1643 454 1681 487 de
1700 465 1759 498 pa-

1059 520 1198 552 rochiali
1219 519 1350 552 ecclesia
1368 529 1425 562 per
1445 528 1637 551 concursum
1650 544 1657 558 ,
1681 527 1755 550 cen«

1057 582 1192 615 sendum
1214 593 1276 614 esse
1301 582 1517 625 approbatum
1537 581 1574 613 in
1595 581 1657 613 itta
1676 580 1757 612 civi-

1060 648 1137 681 tate,
1165 644 1211 676 vel
1238 643 1355 686 oppido
1382 647 1533 683 tantum,
1557 643 1614 675 ubi
1634 645 1677 674 est
1695 652 1757 685 pa-

1060 707 1175 739 rochus
1196 706 1215 738 ¹.

1220 797 1352 823 Clemens
1375 796 1454 829 Papa
1476 795 1552 828 V111,

1132 851 1167 877 ad
1193 853 1366 883 perpetuam
1389 848 1433 876 rei
1458 847 1639 875 memoriam,

1060 932 1107 965 Ad
1128 932 1310 964 Romanurn
1323 929 1513 963 Pontificem
1528 933 1652 973 spectat
1665 928 1764 962 dubia
1806 933 1924 954 Exordium<

1017 995 1242 1029 quaecumque
1263 984 1348 1017 circa
1368 993 1581 1027 personarum
1613 982 1765 1015 ecclesia-

1017 1038 1170 1071 sticarum
1192 1037 1459 1076 iurisdictionem,
1476 1035 1665 1079 praesertim
1681 1035 1767 1068 circa

1018 1090 1238 1124 consessiones
1269 1089 1528 1122 christifidelium
1563 1088 1763 1128 audiendas,

1019 1149 1202 1188 opportuna
1222 1143 1440 1176 declaratione
1462 1152 1646 1181 removere,
1669 1146 1768 1185 prout

1019 1198 1051 1230 in
1071 1197 1208 1231 Domino
1229 1196 1403 1230 salubriter
1424 1195 1581 1239 conspicit
1601 1195 1763 1239 expedire.

1064 1252 1078 1295 g
1100 1252 1129 1283 1.
1157 1251 1233 1284 Cum
1256 1250 1364 1294 itaque
1385 1250 1416 1282 in
1435 1248 1687 1291 congregatione
1708 1259 1763 1281 ve-

1020 1305 1213 1339 nerabilium
1240 1305 1375 1338 fratrum
1404 1309 1588 1337 nostrorum
1611 1303 1641 1336 S.
1665 1303 1701 1336 R.

1806 1254 1918 1275 Decretum
1929 1252 1966 1272 Sa·

1783 1287 1832 1302 crae
1850 1280 1967 1305 Con-graza-

1730 1303 1764 1335 Ε,
1782 1306 1954 1329 noniseoneini.

1002 1370 1004 1390 t
1021 1359 1234 1392 cardinalium
1255 1358 1343 1392 Sacri
1368 1356 1499 1391 Concilii
1519 1355 1698 1390 Tridentini
1718 1356 1768 1388 in-

1022 1418 1200 1456 terpretum
1226 1412 1360 1446 dubium
1390 1411 1593 1456 propositum
1622 1410 1696 1443 fuit:
1722 1411 1769 1443 An

1022 1467 1168 1510 provisus
1186 1467 1225 1499 de
1246 1465 1423 1510 parochiali
1453 1464 1587 1498 ecclesia
1609 1475 1667 1508 per
1687 1474 1767 1497 con-

1004 1535 1006 1568 i,
1022 1532 1152 1554 cursum
1174 1521 1353 1554 censendus
1367 1519 1408 1552 sit
1421 1519 1620 1562 approbatus
1633 1518 1770 1551 idoneus

1023 1575 1170 1607 minister
1202 1575 1242 1607 ad
1281 1573 1459 1606 audiendas
1488 1571 1707 1606 consessiones
1738 1571 1770 1603 in

1023 1629 1077 1661 illa
1101 1628 1258 1667 dioecesi,
1284 1627 1315 1660 in
1336 1637 1400 1671 qua
1422 1627 1523 1670 ipsam
1549 1625 1770 1669 parochialem

1024 1683 1158 1723 obtinet,
1183 1688 1251 1716 turn
1274 1692 1387 1715 eorum
1412 1681 1467 1725 qui
1492 1681 1613 1714 habent
1636 1680 1769 1724 privile-

1024 1737 1076 1779 gia
1103 1736 1242 1778 eligendi
1262 1736 1416 1769 idoneum
1439 1734 1677 1772 confessorem,
1703 1738 1772 1766 tum

1025 1790 1120 1822 etiam
1151 1790 1281 1822 illorum
1313 1788 1369 1832 qui
1404 1798 1469 1821 non
1506 1787 1626 1820 habent
1655 1786 1770 1819 huius-

1006 1838 1008 1863 l
1025 1841 1113 1874 modi
1134 1839 1350 1884 privilegium,
1374 1839 1430 1872 sed
1450 1838 1668 1882 parochorum
1691 1847 1770 1870 con-

1025 1905 1177 1932 sensum,
1205 1903 1345 1936 cumque
1365 1891 1578 1934 Congregatio
1607 1889 1774 1934 praedicta

1280 1946 1408 1980 Censeri
1430 1946 1596 1978 dumtaxat
1622 1944 1654 1976 in
1675 1954 1711 1977 ea
1732 1943 1776 1976 01-

1025 2001 1142 2040 vitate,
1170 2001 1219 2034 vel
1250 2000 1388 2044 oppido,
1417 1999 1471 2031 ubi
1504 1998 1563 2031 sita
1595 2003 1642 2031 est
1672 2007 1772 2040 pato-

1026 2054 1149 2095 chialis,
1166 2065 1232 2088 non
1246 2059 1353 2087 autem
1367 2052 1485 2097 passim
1499 2062 1557 2096 per
1571 2056 1671 2084 totam
1684 2050 1772 2084 dioe-

1026 2108 1136 2141 cesim

1072 2161 1139 2204 §2
1173 2162 1236 2194 Nos
1265 2161 1348 2193 hanc
1381 2159 1486 2192 dictae
1511 2157 1775 2200 Congregationis
1840 2157 1975 2179 C0¹¹sssm³¹¹⁰

1790 2186 1906 2214 pontificia.

1009 2190 1279 2252 ideclarationem
1308 2219 1465 2257 perpetuo
1493 2212 1724 2245 confirmantes
1745 2216 1777 2243 et

1028 2269 1261 2312 approbantes,
1285 2276 1524 2311 quemcumque
1545 2276 1604 2309 pro
1630 2270 1776 2308 tempore

1029 2323 1068 2355 (le
1082 2320 1259 2365 parochiali
1277 2320 1413 2353 ecclesia
1426 2330 1483 2363 per
1496 2328 1689 2352 concursum
1701 2328 1778 2362 pro-

1010 2365 1132 2421 {visum
1161 2374 1315 2407 idoneum
1348 2373 1531 2415 ministrum
1562 2371 1778 2415 approbatum

1012 2430 1070 2465 ad
1095 2428 1273 2461 audiendas
1300 2426 1541 2465 cons‹3,ssiones
1567 2431 1631 2458 tam
1663 2435 1776 2459 00111111

1012 2483 1085 2540 qui
1118 2481 1321 2526 priviteoium
1358 2480 1519 2522 eligendi
1533 2480 1774 2520 confessorem,

1012 2546 1126 2580 ·quam
1150 2546 1206 2569 001
1209 2546 1262 2568 um
1285 2535 1338 2579 qui
1360 2534 1428 2567 sine
1448 2533 1635 2567 huiusmodi
1649 2533 1778 2578 privile-

1031 2590 1083 2632 gio
1104 2589 1322 2633 paiochoium
1343 2598 1476 2621 suorum
1499 2597 1691 2621 consensum
1713 2587 1773 2620 ha-

1068 2654 1079 2679 1
1099 2652 1136 2679 Ex
1153 2652 1258 2685 Regest.
1276 2651 1304 2678 in
1328 2650 1431 2678 Secret.
1453 2650 1588 2678 Brevium.
