2253 3195
313 246 365 275 An.
383 246 410 274 c.
427 247 499 275 1599
544 236 608 273 506

329 681 427 702 Misertur
438 681 495 706 Pap-'⁴

312 715 376 734 gugnei-
392 709 436 728 illus
452 708 495 733 qui⁴

312 735 495 761 piristnltimuiulu-

312 762 412 782 tntae-ain.
423 768 433 782 e
449 769 458 782 u
476 770 496 781 :-

312 789 354 809 mio
374 788 495 808 catholic-ie

312 815 420 836 Ecclesiae
441 815 496 835 exie-

313 845 366 862 runt.

513 350 602 389 lieos,
630 356 660 382 et
685 359 797 382 omnes
817 349 1041 383 christifideles
1063 355 1128 383 toto
1151 356 1253 383 terra-

512 413 585 435 rum
605 402 695 441 orbe,
716 402 748 434 in
770 403 992 436 remotissimis
1009 403 1105 436 etiam
1127 403 1256 447 provin-

513 455 568 488 ciis
589 461 620 488 et
639 455 827 498 regionibus
853 462 1112 497 commorantes,
1135 457 1175 490 ad
1200 456 1252 489 iu-

512 508 606 541 bilaei
621 509 716 542 huius
733 515 875 543 sanctam
894 516 925 543 et
943 510 1208 544 iucundissimam
1223 510 1255 543 in

511 562 648 595 Domino
669 563 900 605 celebritatem,
929 575 1057 598 summo
1078 575 1150 598 cum
1172 575 1252 607 gau*-

511 615 565 649 dio
596 626 747 650 vocamus
779 623 874 661 atque
911 617 1098 657 inritamus;
1140 618 1254 652 eodem

511 669 605 713 plane
632 675 777 714 tempore
801 671 999 704 acerbissimi
1021 672 1141 705 doloris
1161 683 1255 706 sensu

511 723 794 758 vehementissime
812 736 1067 766 commovemur,
1083 731 1190 759 mente
1210 732 1255 759 at-

512 787 573 820 que
602 777 711 811 animo
742 778 978 821 recogitantes,
1006 790 1102 823 quam
1137 779 1256 812 multae

512 830 658 864 nationes
683 837 714 864 et
734 832 844 876 populi
869 843 903 866 se
923 833 1008 876 ipsos
1029 833 1256 866 miserabiliter

512 883 706 918 absciderint
738 885 777 918 ab
807 886 931 919 unitate
963 892 992 920 et
1027 887 1256 920 communione

511 937 694 972 Catholicae
718 945 749 972 et
769 939 972 983 Apostolicae
998 940 1178 981 Ecclesiae;
1201 941 1256 984 qui

511 991 659 1034 proximo
680 992 839 1036 superiori
862 993 1046 1027 centenario
1059 993 1090 1026 in
1104 993 1173 1038 ipsa
1192 1005 1256 1027 una

512 1042 674 1078 Catholica
695 1051 726 1078 et
742 1046 927 1089 Apostolica
937 1047 1078 1080 Ecclesia
1098 1047 1254 1087 Romana,

512 1097 682 1131 nobiscum
704 1099 875 1133 unanimes
899 1105 931 1133 et
951 1111 1024 1133 cum
1047 1110 1205 1134 consensu
1226 1100 1256 1133 in

513 1150 610 1184 domo
630 1151 757 1185 Domini
775 1153 988 1193 ambulantes,
1005 1160 1150 1187 sanetum
1173 1155 1258 1188 illius

513 1204 645 1238 lubilaei
677 1216 797 1238 annum
842 1206 942 1240 multa
969 1217 1042 1240 cum
1073 1207 1194 1240 laetitia
1227 1213 1258 1241 et

513 1257 672 1302 spirituali
708 1259 904 1292 exultatione
937 1260 1165 1301 celebrarunt;
1199 1271 1258 1304 pro

1091 249 1275 273 Rutunium
1298 249 1453 274 ROMANUM

515 302 617 331 torem
639 297 787 337 electum,
803 306 895 339 reges
916 303 947 330 et
963 296 1126 341 principes
1147 298 1257 331 catho-

1290 303 1435 341 tempore
1465 298 1648 340 distribuit,
1675 305 1773 343 prout
1800 301 1973 334 salubriter
1996 301 2029 334 in

1289 351 1426 384 Domino
1446 351 1595 394 intelligit
1614 353 1776 396 expedire,
1792 355 1848 387 secl
1867 365 1951 388 anno
1972 365 2030 399 po-

1289 404 1445 437 tissimum
1467 405 1567 439 sancti
1587 406 1719 439 Iubilaei
1736 406 1790 450 pia
1802 412 1834 440 et
1845 408 1934 450 larga
1952 419 2029 452 pro—

1290 458 1394 492 fundit
1417 470 1537 498 manu3
1561 461 1692 504 quando
1717 467 1747 494 et
1766 467 1879 504 portae
1902 468 2030 496 sanctae

1290 512 1321 544 in
1348 512 1578 556 antiquissimis
1605 519 1636 547 et
1660 513 1908 556 religiosissimis
1936 515 2032 548 huius

1289 566 1393 598 almae
1425 565 1519 599 Urbis
1545 566 1686 600 basilicis
1715 572 1746 600 et
1776 567 1920 601 ecclesiis
1950 577 2028 611 ape-

1289 618 1417 652 riuntur
1436 629 1527 653 more
1555 619 1691 653 solemni
1707 647 1714 660 ,
1738 626 1769 654 et
1788 620 1900 654 fideles
1919 631 1938 654 a
1957 630 2032 664 pec-

1289 678 1433 706 catorum
1461 673 1533 707 labe
1560 674 1727 718 expurgati
1754 674 1875 707 intrant
1903 673 1936 706 in
1956 683 2032 707 eon-

1288 731 1399 769 spectu
1418 726 1545 760 Domini
1566 727 1597 760 in
1619 727 1824 768 exultatione,
1838 733 1873 761 ut
1888 727 2032 761 neniam

1289 789 1325 811 ex
1349 780 1465 813 veteris
1485 781 1564 823 legis
1589 781 1747 821 instituto,
1771 792 1854 826 quae
1880 781 2031 814 umbram

1290 837 1412 865 tantum
1425 832 1575 873 habebat,
1590 834 1772 867 futurorum
1787 834 1960 875 honorum,
1977 844 2033 867 ne-

1290 896 1352 929 que
1373 896 1410 919 ex
1437 886 1658 920 Hebraeorum
1687 887 1939 928 consuetudine,
1962 887 2033 932 qui-

1290 939 1350 972 bus
1377 940 1486 973 omnia
1518 940 1748 983 contingebant
1779 941 1811 974 in
1831 941 1955 984 figura,
1978 947 2034 974 aut

1289 992 1372 1026 servi
1390 992 1551 1027 humanae
1570 994 1733 1028 servitutis
1763 995 1838 1037 iugo
1869 994 2033 1029 constricti

1290 1045 1382 1079 liberi
1406 1047 1558 1088 evadant,
1582 1054 1636 1081 aut
1661 1048 1692 1081 in
1724 1048 1908 1081 carceribus
1937 1048 2033 1081 vincti

1291 1099 1511 1141 dimittantur,
1532 1107 1587 1134 aut
1605 1101 1709 1144 gravis
1739 1111 1814 1134 aere
1840 1101 1946 1135 alieno
1969 1111 2031 1146 op-

1291 1154 1391 1197 pressi
1421 1154 1619 1195 liberentur,
1643 1155 1720 1199 quin
1741 1155 1835 1188 etiam
1856 1156 1896 1188 ad
1921 1161 2032 1199 pater-

1292 1217 1410 1240 norum
1440 1207 1601 1241 bonorum
1622 1208 1857 1252 possessionem
1878 1209 2032 1249 redeant,

1293 1265 1419 1294 terrena
1436 1261 1522 1294 enim
1540 1261 1619 1295 haec
1639 1267 1724 1302 sunt,
1744 1261 1828 1294 tluxa
1849 1266 1880 1295 et
1900 1261 2032 1295 caduca.

2043 252 2097 280 An.
2109 253 2140 281 C.
2158 252 2227 281 1599

1292 1313 1352 1347 Sed
1372 1314 1492 1348 fructus
1509 1314 1585 1347 anni
1605 1315 1705 1348 sancti
1725 1320 1756 1348 et
1782 1314 1959 1359 spiritualis
1979 1324 2037 1349 no·
2067 1325 2184 1357 *Quaenam
2203 1325 2235 1356 iu-

1293 1366 1348 1399 stri
1380 1367 1533 1404 lubilaei‚
1557 1367 1602 1400 illi
1633 1373 1707 1401 sunt
1736 1367 1914 1407 uberrimi,
1948 1367 2034 1412 quod
2050 1353 2235 1406 lilii-223⁰&

1293 1419 1419 1453 animae
1456 1419 1570 1454 Christi
1603 1420 1766 1463 Sanguine
1798 1420 1986 1464 redemptae
2018 1407 2249 1455 οἷῖἕ“ι“””“’ω“’

514 1321 653 1354 quorum
675 1317 805 1346 aeterna
829 1313 1010 1346 animarum
1039 1314 1141 1347 salute
1161 1314 1256 1347 vitam

514 1371 656 1398 nostram
679 1376 716 1399 ac
733 1366 934 1409 sanguinem,
958 1367 981 1400 si
1004 1377 1085 1411 opus
1106 1374 1198 1407 esset,
1222 1368 1259 1400 li-

515 1418 701 1452 hentissime
723 1418 973 1460 effunderemus.
991 1421 1030 1453 At
1050 1430 1105 1454 vos
1124 1420 1256 1461 interea,

516 1470 572 1503 filii
603 1471 791 1506 obedientes
811 1480 840 1506 et
864 1472 1034 1514 catholici,
1058 1484 1076 1506 a
1102 1474 1166 1507 Deo
1191 1479 1223 1506 et
1244 1484 1260 1507 a

516 1525 608 1559 nobis
635 1526 795 1560 benedicti
809 1553 816 1567 ,
833 1527 949 1567 venite,
973 1527 1136 1561 ascendite
1157 1528 1197 1561 ad
1215 1528 1261 1562 lo—

517 1589 589 1611 cum
604 1591 700 1623 quem
716 1580 810 1624 elegit
823 1581 988 1621 Dominus,
1006 1582 1046 1614 ad
1059 1581 1260 1625 spiritualem

516 1631 591 1665 Sion
611 1639 641 1666 et
661 1633 858 1667 Hierusalem
880 1640 1044 1671 sanctam.
1071 1645 1135 1667 non
1157 1635 1260 1668 littera

517 1687 571 1719 sed
595 1686 732 1730 spiritu,
757 1688 842 1721 unde
871 1688 910 1720 ab
941 1688 1072 1721 exordio
1103 1688 1262 1722 nascentis

518 1740 676 1774 Ecclesiae
697 1742 744 1774 lex
766 1742 892 1775 Domini
917 1748 947 1775 ct
977 1743 1028 1776 lux
1060 1743 1262 1785 evangelicae

518 1793 659 1827 veritatis
680 1795 710 1827 in
732 1805 845 1829 omnes
862 1802 972 1838 gentes
993 1802 1022 1829 et
1043 1796 1190 1829 nationes
1208 1797 1259 1830 de-

519 1846 618 1879 rivata
639 1853 694 1880 est.
721 1847 806 1881 llaec
831 1855 877 1882 cst
899 1849 951 1881 illa
972 1849 1042 1881 felix
1065 1849 1184 1889 civitas,
1209 1861 1262 1882 ru·

521 1900 568 1933 ius
594 1901 673 1934 sides
700 1902 877 1945 apostolico
897 1913 952 1935 ore
974 1903 1102 1936 laudata
1131 1913 1259 1936 annun-

520 1954 624 1987 ciatur
644 1954 673 1986 in
696 1955 845 1988 universo
867 1957 1004 1995 mundo3
1028 1967 1100 1989 cnm
1116 1956 1173 1999 ipsi
1189 1956 1262 1988 hea-

522 2008 633 2040 tissimi
655 2010 876 2052 apostolorum
905 2010 1067 2054 principes
1095 2010 1206 2043 Petrus
1234 2017 1263 2043 rt

521 2061 651 2101 l‘auhis,
677 2068 774 2095 totam
802 2063 981 2096 doctrinam
1007 2074 1079 2096 cuin
1108 2063 1263 2105 sanguine

521 2116 752 2159 profuderunt,
777 2123 810 2150 ut
837 2128 893 2161 per
923 2127 1045 2150 sacram
1069 2117 1151 2150 beati
1180 2117 1261 2150 Petri

521 2168 649 2209 Sedent,
674 2175 771 2214 caput
791 2170 877 2203 orbis
897 2177 999 2203 terrae
1021 2171 1144 2207 efferta,
1163 2177 1264 2204 mater

522 2230 601 2256 essct
621 2229 812 2256 cunctorum
835 2224 1047 2262 credentium,
1067 2230 1095 2257 rt
1113 2225 1264 2264 magistra

522 2277 666 2310 omnium
689 2277 908 2310 ecclesiarum.
927 2278 982 2311 lti‹·
1001 2278 1074 2311 tidei
1094 2284 1196 2321 petra,
1213 2278 1264 2312 hic

523 2330 592 2363 sons
613 2330 820 2363 sacerdotalis
834 2331 975 2369 unitatis,
989 2331 1039 2363 hir
1059 2331 1264 2375 incorruptae

523 2384 662 2417 veritatis
683 2384 847 2423 ‹loch-iun,
872 2384 921 2417 hic
949 2385 1052 2417 claves
1077 2385 1166 2424 regni
1193 2395 1265 2418 roe-

524 2437 640 2475 toi-um,
665 2443 694 2469 et
713 2448 839 2470 summa
861 2437 979 2479 ligandi
1005 2443 1100 2480 atque
1121 2438 1263 2471 solvendi

524 2497 678 2534 potesta&
703 2490 753 2523 hie
775 2491 914 2535 ‹lt-nique
935 2492 1103 2525 thesaurus
1124 2492 1175 2524 ille
1203 2492 1261 2525 Ec-

524 2544 638 2577 clesiae
664 2544 868 2578 inexhaustus
901 2556 1063 2579 sat-rarum
1098 2545 1264 2587 indulgen-

526 2596 652 2636 tiarum,
688 2598 777 2630 ruins
809 2605 915 2631 «ustos
941 2604 970 2631 et
999 2599 1201 2642 dispensator
1220 2606 1265 2632 est

1294 1473 1369 1515 iugo
1390 1474 1494 1508 ferreo
1515 1474 1694 1507 diabolicae
1721 1473 1918 1518 tyrannidis,
1939 1480 2036 1519 atque

1295 1537 1331 1560 ex
1354 1533 1435 1561 tetro
1453 1538 1582 1561 carcere
1600 1534 1629 1561 et
1651 1527 1785 1561 vinculis
1805 1534 2011 1572 peccatorum
2025 1555 2032 1569 ,

1296 1580 1402 1613 divina
1428 1587 1705 1615 sacramentorum
1738 1581 1879 1615 efficacia
1894 1609 1901 1622 ,
1925 1581 2034 1615 absol-

1295 1641 1424 1670 vuntur.
1448 1641 1479 1667 et
1499 1634 1638 1668 dimissis
1659 1634 1775 1668 debitis
1801 1645 1838 1668 ac
1866 1635 1980 1679 poenis
2004 1634 2037 1668 in

1296 1687 1503 1731 adoptionem
1524 1687 1666 1721 filiorum
1687 1687 1753 1727 Dei,
1777 1694 1808 1722 et
1827 1688 1866 1721 nd
1892 1688 2038 1722 coelestis

1297 1741 1386 1783 regni
1417 1741 1647 1775 haereditatem
1675 1747 1706 1775 et
1737 1742 1876 1786 paradisi
1907 1752 2036 1786 posses-

1296 1794 1420 1828 sionem
1450 1795 1689 1836 admittuntur,
1714 1801 1744 1828 et
1773 1795 1834 1829 alia
1861 1795 2036 1840 quamplu-

1297 1848 1377 1881 rima
1403 1849 1457 1882 Dei
1479 1849 1636 1883 beneficia
1662 1848 1834 1893 accipiunt.
1859 1849 1922 1882 Nos
1942 1848 2040 1892 igitur

1296 1901 1502 1935 Summorum
1531 1902 1722 1936 Pontificum
1754 1902 2038 1946 praedecessorum

1297 1962 1480 1988 nostrorum
1512 1956 1654 1996 vestigiis
1682 1956 1896 1996 inhaerentes,
1923 1961 1955 1989 ct
1978 1965 2036 1989 eo·

1299 2020 1367 2041 rum
1381 2009 1469 2053 pium
1481 2020 1519 2043 ac
1529 2010 1778 2043 saluberrimum
1792 2010 1971 2044 institutum
1982 2019 2016 2043 re
2027 2028 2036 2035 ·

1299 2062 1450 2101 tinentes,
1465 2063 1504 2096 dc
1519 2063 1748 2096 venerabilium
1765 2064 1898 2096 fratrum
1913 2068 2040 2097 nostro·

1298 2126 1368 2148 rum
1383 2116 1413 2149 S.
1423 2117 1458 2149 R.
1471 2116 1503 2149 E.
1516 2116 1728 2150 cardinalium
1751 2127 1893 2154 assensu.
1905 2115 2038 2149 lubilaei

1298 2169 1548 2203 celebrationem
1569 2169 1599 2202 in
1624 2180 1744 2202 annum
1771 2169 1954 2213 proximum
1973 2168 2041 2201 mil·

1300 2223 1446 2256 lesimum
1468 2222 1746 2260 sexcentesimum,
1768 2233 1785 2255 a
1799 2222 1911 2266 primis
1930 2232 2040 2266 vespe-

1299 2276 1340 2309 ris
1362 2276 1487 2317 vigiliae
1505 2276 1682 2309 Nativitatis
1702 2275 1828 2309 Domini
1847 2275 1950 2309 Nostri
1971 2276 2040 2309 lesu

1298 2329 1410 2363 Christi
1433 2330 1576 2363 eiusdem
1598 2329 1673 2362 anni
1695 2329 1856 2362 millesimi
1877 2334 2040 2362 sexcente-

1299 2384 1370 2417 simi
1400 2383 1614 2416 inchoandam
1645 2388 1675 2416 et
1702 2393 1760 2426 per
1789 2388 1890 2415 totum
1920 2392 2040 2416 annum

1300 2438 1402 2482 ipsum
1425 2437 1617 2475 finiendam,
1641 2437 1828 2470 autumnitate
1856 2436 1909 2470 Dei
1929 2436 2038 2470 omni-

1300 2491 1449 2535 potentis,
1473 2497 1502 2524 et
1524 2491 1691 2524 beatorum
1715 2491 1936 2535 apostolorum
1958 2489 2040 2524 Petri

1300 2550 1326 2577 et
1351 2544 1438 2577 l‘auli
1457 2555 1493 2577 ac
1515 2550 1633 2582 nostra,
1658 2550 1779 2588 quanto
1807 2542 1946 2576 maximo
1966 2552 2040 2586 pos-

1299 2609 1409 2631 sumus
1428 2597 1526 2631 animi
1549 2597 1647 2630 nostri
1668 2597 1797 2639 gaudio,
1813 2597 1852 2629 ad
1870 2595 1969 2640 ipsius
1985 2594 2040 2629 Dei

527 2648 687 2683 Romanus
709 2651 862 2689 Pontifex,
886 2652 939 2696 qni
962 2663 1013 2684 ras
1034 2652 1263 2696 otniiiquidem
1281 2661 1284 2692 t
1299 2652 1455 2691 gloriani,
1479 2657 1506 2684 et
1533 2651 1714 2684 Catholicae
1742 2649 1899 2684 Ecclesiae
1925 2649 2041 2683 exalta-
