2253 3195
265 260 316 287 An.
334 259 362 286 c.
382 258 449 286 1598
495 248 560 282 432

461 307 630 351 providere
659 305 821 345 volentes,
855 304 899 337 illi
931 304 1139 338 concedimus
1175 310 1206 338 et

461 360 665 402 indulgemus
695 364 871 402 quatenus,
906 358 1042 391 durante
1073 358 1206 402 deputa-

462 415 548 447 tione
572 413 775 454 huiusmodi,
798 412 838 446 ad
856 412 1064 446 residendum
1091 413 1123 445 in
1147 423 1198 446 ec-

462 467 585 506 clesiis,
614 466 645 498 in
675 465 792 510 quibus
818 465 885 509 ipse
916 465 1143 506 canonicatus,
1176 472 1206 499 et

462 520 678 563 praebendas,
690 530 727 552 ac
741 519 911 562 dignitates
925 525 954 552 et
967 519 1087 560 officia,
1105 519 1206 553 aliave

461 573 619 606 beneficia
639 573 828 614 obtinuerit,
846 574 1024 607 dummodo
1038 580 1145 607 tamen
1159 573 1206 607 di-

462 627 597 669 gnitates
617 627 705 670 ipsae
722 627 754 660 in
772 626 1031 660 cathaedralibus
1044 633 1076 660 et
1088 632 1206 660 metro-

461 680 614 723 politanis
642 679 785 713 ecclesiis
813 685 885 713 actu
909 685 982 724 post
1005 680 1206 724 pontificales

462 733 601 767 maiores
626 743 692 767 non
704 733 779 774 sint,
793 744 830 767 ac
850 733 1059 766 canonicatus
1073 739 1103 767 et
1114 744 1207 777 prae-

462 787 586 820 bendae
606 787 792 820 huiusmodi
813 787 1013 828 doctorales,
1037 787 1206 830 magistra-

462 841 519 881 les,
534 846 588 873 aut
607 840 860 884 poenitentiarii,
876 851 934 874 seu
954 841 993 873 de
1014 841 1137 874 lectura
1148 839 1205 873 mi-

462 893 549 926 nime
562 900 790 937 nuncupentur
803 894 897 937 (quos
916 904 976 937 pro
991 899 1137 937 tempore
1148 893 1206 926 ob—

462 946 599 980 tinentes
620 946 652 979 in
676 946 797 980 similes
816 952 1045 990 procuratores
1059 945 1207 990 deputari

462 1000 653 1043 nolumus),
681 1011 699 1033 a
720 1010 885 1044 quoquam
906 1000 996 1033 nullo
1018 1000 1116 1034 modo
1137 1000 1207 1043 cogi

463 1059 517 1087 aut
545 1054 696 1098 compelli
716 1054 855 1098 possint,
883 1060 915 1088 et
939 1054 1151 1088 nihilominus
1171 1064 1207 1087 o-

463 1118 554 1141 mnes
581 1113 612 1141 et
640 1107 802 1150 singulos,
834 1118 872 1141 ac
896 1118 1120 1152 quoscumque
1141 1109 1207 1141 sru-

464 1167 543 1201 ctuS‚
566 1161 730 1203 redditus,
753 1167 948 1206 proventus,
973 1162 1063 1203 iura,
1087 1162 1207 1195 obven-

464 1215 567 1248 tiones
592 1220 622 1248 et
647 1215 867 1248 emolumenta
898 1226 1144 1259 quaecumque,
1172 1226 1209 1249 ac

464 1264 681 1313 undequaque
706 1269 928 1313 provenientia
942 1297 949 1310 ,
971 1275 1001 1302 et
1020 1269 1052 1302 in
1077 1269 1209 1313 quibus-

465 1333 605 1366 cumque
625 1322 722 1356 rebus
748 1328 778 1355 et
808 1322 954 1365 frugibus
978 1322 1206 1364 consistentia,

464 1385 590 1408 necnon
611 1374 853 1408 distributiones
873 1375 969 1408 etiam
990 1375 1206 1419 quotidianas,

464 1439 500 1461 ac
533 1428 628 1461 etiam
651 1438 703 1461 eas
723 1438 805 1472 quae
826 1428 991 1461 dumtaxat
1014 1428 1091 1462 solis
1114 1439 1208 1472 prac-

464 1481 628 1521 sentibus,
656 1491 693 1514 ac
721 1481 846 1514 diurnis
871 1488 902 1515 et
930 1481 1096 1515 nocturnis
1120 1481 1210 1515 horis

465 1535 648 1576 canonicis,
672 1541 703 1569 et
724 1535 794 1569 aliis
822 1535 937 1569 divinis
961 1535 1075 1569 officiis
1099 1546 1210 1580 perso-

465 1589 580 1622 naliter
605 1589 879 1630 interessentibus,
908 1599 945 1622 ac
975 1589 1079 1622 dictae
1110 1589 1211 1623 eccle-

464 1643 530 1676 siae
555 1649 627 1676 actu
654 1649 684 1676 et
709 1643 838 1676 realiter
868 1642 1114 1676 inservientibus
1141 1643 1210 1676 dari

465 1701 495 1729 et
522 1695 654 1729 concedi
674 1696 790 1737 solent,
815 1696 981 1729 manuales
999 1701 1030 1729 et
1055 1706 1211 1740 quocum-

465 1760 528 1794 que
548 1750 611 1783 alio
631 1749 763 1783 nomine
784 1755 814 1783 et
834 1750 996 1793 ¹vocabulo
1022 1760 1211 1794 nuncupen-

466 1810 529 1844 tur,
547 1803 670 1837 etiamsi
686 1804 716 1836 in
736 1804 798 1837 illis
818 1805 969 1848 primam,
986 1810 1016 1837 et
1029 1814 1101 1837 eam
1114 1814 1210 1848 quam

465 1862 590 1898 vocant,
613 1857 792 1899 rigorosam
813 1857 1018 1890 residentiam
1039 1867 1104 1890 non
1130 1857 1212 1890 sece-

466 1910 550 1950 rint,
575 1910 797 1954 parisormiter
822 1916 853 1944 et
878 1910 1013 1954 perinde
1033 1921 1069 1944 ac
1089 1910 1114 1943 si
1133 1910 1210 1943 inibi

466 1970 662 2009 praesentes,
687 1970 717 1997 et
737 1964 768 1997 in
795 1964 856 1996 illis
876 1975 935 2008 per
954 1975 987 1998 se
1009 1964 1094 2008 ipsos
1114 1964 1209 1997 ctiam

466 2017 612 2062 quotidie
646 2017 735 2051 lioris
767 2023 830 2050 tam
868 2017 994 2050 diurnis
1027 2027 1123 2061 quam
1154 2027 1211 2050 no-

466 2072 598 2111 cturnis,
618 2072 753 2116 aliisque
773 2071 986 2116 personaliter
1007 2071 1207 2112 inservirent,

467 2132 498 2159 et
523 2126 637 2160 divinis
655 2126 768 2159 officiis
789 2125 982 2170 supradictis
1007 2126 1208 2166 interessent,

468 2185 605 2223 actuque
631 2179 831 2213 inservirent.

513 2233 527 2274 ξ
548 2233 578 2266 tl.
603 2233 788 2266 Mandanies
809 2233 839 2265 in
858 2233 973 2266 virtute
990 2238 1118 2266 sanctae
1136 2233 1212 2266 obe-

469 2287 620 2325 dientiae,
635 2298 671 2320 ac
683 2286 742 2319 sub
757 2286 985 2326 indignationis
999 2292 1137 2324 nostrae,
1154 2296 1213 2320 nec

421 2351 532 2390 'suen
557 2340 899 2373 ex‹·01n=nuni‹:aiionis
924 2340 1005 2373 latae
1036 2339 1212 2373 sententiae

295 2405 327 2417 '¹¹¹¹
344 2433 351 2442 Ι
365 2404 377 2416 ”
432 2406 453 2443 ᾗ]
470 2405 508 2427 eo
531 2394 598 2438 ipso
623 2393 825 2427 incurri-ndis
846 2393 968 2437 poenis,
996 2393 1120 2427 dilectis
1140 2393 1213 2425 siliis

471 2447 610 2486 u··‹-.-=nis‚
638 2446 892 2485 arrliiiliaconis,
917 2446 1098 2490 prioribus,
1123 2457 1214 2490 prae-

472 2501 593 2543 positis,
614 2501 811 2538 camoribus,
839 2500 1058 2539 scholasticis,
1080 2499 1213 2533 rzmoni-

472 2554 515 2585 vis
535 2559 565 2586 iet
586 2553 748 2598 capitulis,
773 2565 808 2586 nc
831 2553 1048 2594 thesaurariis,
1071 2553 1136 2586 sive.
1161 2553 1214 2586 ‹le-

473 2607 632 2650 positariis
661 2607 890 2646 ecclesiarum,
919 2607 950 2640 in
971 2606 1088 2651 quilius
1109 2606 1213 2648 digni-

474 2665 575 2699 tatus,
610 2660 838 2700 canonicatus,
862 2667 890 2693 et
920 2660 1144 2704 praebendae,
1178 2671 1213 2693 ac

1046 257 1230 281 BULLARIUM
1249 256 1403 282 ROMANUM

1238 304 1397 338 beneficia
1416 304 1602 338 huiusmodi
1613 305 1742 347 fuerint,
1758 306 1893 350 aliisque
1905 316 1979 350 per-

1239 357 1326 391 sonis
1350 357 1587 400 ecclesiasticis,
1610 369 1815 403 quacumque
1838 360 1981 403 praesul-

1239 416 1335 454 geant
1352 411 1519 454 dignitate,
1539 417 1697 455 quatenus
1717 412 1898 456 praedictos
1916 412 1982 445 sru-

1240 470 1319 505 ctus,
1343 465 1500 505 redditus,
1527 470 1719 508 proventus,
1743 465 1834 506 iura,
1863 465 1981 499 obven-

1239 517 1342 550 tiones
1351 523 1382 551 et
1390 519 1619 558 emolumenta,
1631 518 1873 559 distributiones
1884 518 1980 551 etiam

1240 572 1417 612 manuales,
1437 582 1472 605 ac
1493 571 1556 605 alia
1575 571 1645 604 iura
1661 571 1826 615 praedicta
1846 571 1983 614 dignita-

1239 629 1319 665 tum,
1343 624 1593 658 canonicatuum
1614 630 1645 658 et
1661 625 1932 669 praebendarum,
1945 634 1983 658 ac

1240 678 1432 720 officiorum,
1459 679 1663 723 aliorumque
1679 678 1913 712 beneficiorum
1923 677 1984 711 hu-

1240 732 1379 765 iusmodi
1391 733 1656 776 procuratoribus
1669 732 1841 777 praedictis
1853 742 1940 766 nunc
1953 737 1984 765 et

1240 796 1299 829 pro
1322 791 1480 829 tempore,
1501 791 1535 819 ut
1553 786 1745 830 praefertur,
1761 785 1979 826 existentibus,

1241 839 1337 872 etiam
1366 839 1474 883 quoad
1494 845 1738 883 procuratorem
1759 839 1845 884 apud
1868 839 1983 873 Sedem

1241 893 1458 937 Apostolicam
1471 900 1748 927 commoraturum
1761 904 1819 937 per
1828 904 1881 927 sex
1894 903 1984 927 men-

1241 957 1291 980 ses
1322 952 1394 991 post
1417 947 1612 991 completam
1635 953 1666 981 et
1691 946 1821 986 finitam
1841 947 1910 980 eius
1929 947 1984 981 de-

1241 1000 1465 1044 putationem,
1489 1007 1586 1045 prout
1602 1001 1696 1045 ipsis,
1719 1000 1745 1034 si
1773 1000 1860 1044 apud
1883 1000 1985 1034 eccle-

1241 1054 1304 1087 sias
1323 1054 1507 1088 huiusmodi
1529 1055 1741 1099 personaliter
1761 1054 1931 1094 resideret,
1955 1060 1986 1088 et

1242 1108 1331 1142 horis
1358 1108 1531 1152 praedictis
1561 1115 1592 1142 et
1622 1109 1692 1142 aliis
1725 1108 1840 1142 divinis
1869 1107 1984 1142 officiis

1242 1162 1457 1206 personaliter
1475 1162 1653 1203 interesset,
1670 1162 1834 1203 darentur,
1856 1162 1986 1195 realiter

1243 1221 1273 1249 et
1294 1226 1367 1248 cum
1392 1215 1507 1249 effectu
1528 1215 1717 1259 consignent
1748 1221 1779 1249 et
1804 1220 1982 1259 praestent,

1243 1278 1280 1301 ac
1299 1268 1339 1301 ab
1360 1268 1408 1309 iis,
1431 1268 1472 1302 ad
1491 1279 1573 1312 quos
1592 1274 1715 1313 spectat
1734 1274 1765 1302 et
1782 1267 1940 1312 spectabit
1953 1267 1986 1300 in

1244 1321 1404 1362 futurum,
1420 1321 1577 1365 praestari
1597 1327 1628 1355 et
1644 1320 1827 1364 consignari
1852 1320 1982 1354 saciant.

1287 1376 1304 1416 g
1329 1374 1360 1407 4.
1383 1375 1452 1408 Non
1489 1374 1689 1408 obstantibus
1720 1374 1916 1419 praemissis,
1949 1384 1986 1407 ac

1243 1427 1442 1471 apostolicis,
1470 1438 1596 1461 necnon
1623 1428 1654 1461 in
1684 1427 1936 1472 provincialibus
1955 1433 1987 1461 et

1242 1481 1450 1525 synodalibus
1493 1481 1793 1526 universalibusque
1841 1481 1986 1515 conciliis

1243 1535 1335 1568 editis
1355 1534 1548 1579 specialibus
1575 1535 1623 1568 vel
1644 1535 1850 1578 generalibus
1870 1535 1987 1569 consti-

1244 1589 1422 1622 tutionibus
1443 1594 1473 1622 et
1492 1589 1760 1631 ordinationibus,
1781 1599 1818 1623 ac
1837 1589 1987 1623 ecclesia-

1244 1653 1316 1676 rum
1337 1643 1522 1676 huiusmodi
1540 1643 1636 1677 etiam
1654 1643 1849 1685 iuramento,
1869 1642 1987 1677 confir-

1245 1696 1385 1730 matione
1405 1697 1598 1741 apostolica,
1622 1697 1670 1731 vel
1699 1696 1810 1741 quavis
1834 1696 1986 1730 firmitate

1245 1750 1307 1783 alia
1323 1750 1483 1784 roboratis
1502 1751 1628 1784 statutis
1641 1756 1672 1784 et
1686 1749 1984 1790 consuetudinibus,

1245 1803 1420 1847 privilegiis
1433 1813 1573 1847 quoque,
1598 1803 1729 1837 indultis
1743 1809 1774 1836 et
1784 1802 1898 1836 litteris
1910 1812 1987 1846 apo-

1245 1856 1385 1895 stolicis,
1409 1856 1505 1890 ctiam
1527 1857 1588 1890 illis
1602 1884 1609 1897 ,
1634 1866 1812 1900 eorumque
1833 1855 1987 1900 praesuli-

1245 1909 1304 1942 bus
1321 1915 1352 1943 et
1371 1909 1529 1954 capitulis,
1546 1909 1681 1954 aliisque
1701 1910 1933 1954 superioribus,
1956 1915 1988 1944 et

1246 1963 1391 2007 personis
1411 1963 1470 1996 sub
1491 1963 1749 2007 quibuscumque
1775 1963 1939 1997 tenoribus
1957 1969 1988 1997 et

1246 2016 1367 2057 formis,
1390 2027 1426 2049 ae
1447 2027 1520 2049 cum
1541 2016 1706 2060 quibusvis
1725 2017 1875 2050 clausulis
1892 2017 1988 2050 etde-

1245 2070 1339 2103 rretis
1367 2069 1397 2102 in
1426 2069 1625 2103 contrarium
1651 2070 1758 2104 forsan
1783 2069 1987 2114 quomodoli-

1246 2123 1299 2156 bet
1319 2123 1495 2163 concessis,
1517 2123 1732 2162 ronlirmatis,
1755 2122 1941 2167 approbatis
1957 2127 1988 2156 et

1247 2177 1414 2217 innovatis,
1425 2176 1547 2210 etiamsi
1559 2177 1589 2210 in
1600 2177 1660 2211 illis
1669 2183 1984 2221 caveaturexpresse,

1246 2231 1333 2274 quod
1354 2231 1432 2263 nulli
1459 2231 1580 2264 l'ructus
1606 2230 1724 2271 alicui,
1748 2230 1808 2263 nisi
1833 2240 1987 2274 persona-

1248 2284 1320 2317 liter
1342 2283 1506 2324 residenti,
1527 2284 1653 2317 dentur.
1677 2283 1798 2323 Quibus
1818 2283 1985 2323 oiunibus,

1247 2338 1370 2371 etiamsi
1403 2349 1460 2382 pro
1493 2338 1620 2371 illorum
1653 2337 1822 2371 sufficienti
1854 2338 1989 2380 deroga-

1248 2392 1334 2425 tione
1359 2391 1398 2425 de
1428 2391 1489 2424 illis
1509 2402 1687 2435 eorumque
1721 2391 1795 2424 totis
1825 2391 1990 2425 tenoribus

1247 2444 1405 2489 specialis,
1425 2444 1587 2488 spei-ilica,
1609 2443 1772 2477 individua
1786 2450 1816 2477 et
1827 2454 1986 2488 expressa,

1248 2510 1283 2531 :w
1304 2499 1343 2531 de
1364 2498 1462 2531 verbo
1483 2498 1521 2531 ad
1543 2497 1688 2537 verbum,
1713 2508 1776 2531 non
1801 2503 1908 2531 autem
1932 2507 1990 2541 per

1248 2552 1406 2585 clausulas
1445 2551 1612 2593 generales
1652 2551 1736 2584 idem
1779 2551 1989 2595 iinportantes

1250 2606 1382 2647 mentio,
1407 2616 1463 2639 seu
1492 2601 1622 2650 quaevis
1651 2605 1712 2639 alia
1740 2604 1902 2649 expressio
1933 2603 1989 2637 lia-

1250 2659 1353 2692 bcndn
1369 2686 1376 2699 ,
1400 2665 1453 2692 aut
1473 2659 1579 2702 aliqua
1607 2658 1669 2692 alia
1700 2657 1856 2702 exquisita
1887 2658 1989 2692 l'ornta

1993 258 2046 286 An.
2062 259 2092 285 C.
2109 257 2177 287 ¹598

2027 1380 2184 1402 Contrariorum

2001 1408 2119 1434 demanio.
