2253 3195
269 255 320 282 An.
340 255 368 282 c.
388 255 455 283 1602
502 246 567 280 834

469 305 570 339 lebrat
589 305 709 345 missas,
733 306 863 339 alteram
880 306 910 338 in
926 305 1044 349 oppido
1065 306 1152 346 Coix‚
1170 307 1212 338 al-

469 364 567 391 teiam
594 359 623 391 in
649 359 768 402 oppido
789 358 816 391 la
831 359 961 402 Granja,
978 366 1009 392 et.
1024 370 1081 402 pro
1098 360 1213 393 salario

469 418 500 444 et
524 412 755 445 sustentatione
780 412 935 456 primitias
973 414 1210 456 praedictorum

467 465 660 509 oppidorum
680 465 822 507 habnit‚'
839 466 900 499 tria
925 467 1020 500 etiam
1058 467 1210 500 frumenti

467 518 577 552 caflcia
598 530 669 552 eum
689 519 824 552 dimidio
839 531 896 563 pro
920 520 1046 553 servitio
1064 520 1103 553 de
1124 520 1210 560 Coix,

466 577 495 604 et
523 571 665 615 quinque
682 572 789 605 eaficia
806 583 878 606 cum
895 573 983 606 tertia
1011 579 1101 617 parte
1117 574 1212 608 unius

465 624 566 657 eafieii
593 636 651 669 pro
675 625 806 658 servitio
827 626 866 658 de
891 626 920 659 la
941 626 1071 669 Granja,
1093 639 1129 661 ex
1149 639 1211 661 cu-

466 678 554 711 mulo
575 681 737 712 l'ructuum
763 678 969 712 decimalium
990 681 1133 714 eiusdem
1156 692 1210 726 op-

464 731 530 775 pidi
551 731 589 764 ad
613 733 811 776 episcopum,
839 733 1015 776 capitulum
1045 734 1210 768 Oriolense

465 791 495 818 et
520 785 662 819 studium
688 787 836 829 generale
859 787 1082 822 valentinense
1114 790 1208 833 perti-

464 839 610 872 nentium
644 839 823 884 desumpta.
859 842 896 874 Et
931 843 1085 886 quoniam
1119 843 1209 877 valde

465 897 713 926 consentaneum
747 900 792 926 est
824 895 910 938 quod
943 906 1017 929 oves
1042 896 1207 940 proprium

465 952 534 989 past
557 957 623 979 rem
650 947 788 981 habeant
808 954 839 981 et
863 957 1050 992 agnoscant,
1070 950 1124 994 qui
1145 961 1208 983 non

464 1000 546 1034 sieut
570 1001 788 1034 mercenarius
813 1002 925 1046 lupum
958 1003 1138 1037 venientem
1161 1005 1209 1038 fu-

463 1053 538 1097 gira,
561 1054 615 1086 sed
644 1064 701 1097 pro
715 1055 829 1088 ovibus
847 1056 943 1089 vitam
969 1057 1032 1096 det,
1054 1063 1084 1091 et
1105 1058 1210 1091 ratio-

463 1116 537 1138 nem
563 1107 627 1140 Deo
653 1108 692 1140 de
710 1108 771 1141 illis
796 1108 931 1142 reddere
949 1109 1083 1150 debeat;
1111 1122 1209 1154 prae—

464 1160 556 1204 cipue
583 1173 655 1195 cum
688 1163 814 1196 noviter
838 1164 982 1197 conversi
1007 1165 1039 1197 in
1064 1164 1126 1199 fide
1151 1176 1208 1198 ea-

464 1214 581 1247 tliolica
617 1215 679 1248 sint
714 1216 917 1255 instruendi·‚
958 1224 1083 1260 oportet
1121 1219 1206 1261 quod

464 1268 619 1311 oppidum
645 1268 683 1302 de
705 1269 733 1302 la
759 1269 875 1313 Granja
895 1271 1147 1305 dismembretur
1178 1277 1208 1305 et

463 1327 628 1364 separetur
651 1332 669 1354 a
694 1323 867 1366 parochiali
892 1324 1025 1358 ecclesia
1049 1324 1089 1357 de
1115 1325 1205 1365 Coix,

463 1381 494 1409 et
517 1375 549 1422 in
575 1386 612 1409 eo
637 1386 718 1409 nova
751 1377 940 1420 paroehialis
974 1379 1138 1421 erigatur,
1173 1386 1207 1412 ut

462 1429 545 1462 infra
570 1429 706 1471 dicetur,
730 1437 760 1464 et
779 1430 865 1474 quod
879 1431 910 1464 in
927 1432 1009 1464 dieta
1032 1433 1206 1475 parochiali

462 1482 595 1516 ecclesia
621 1484 659 1517 de
680 1483 754 1517 Coix
778 1495 862 1517 unus
886 1490 992 1519 rector
1015 1496 1072 1518 seu
1107 1497 1203 1530 paro-

463 1536 542 1570 chus
568 1537 718 1580 proprius
736 1544 767 1571 et
785 1545 961 1582 perpetuus
980 1540 1203 1587 constituatur,

463 1600 560 1634 penes
584 1602 680 1634 quem
712 1592 893 1626 animarum
927 1604 1002 1626 eura
1034 1595 1143 1638 oppidi
1168 1595 1207 1628 de

464 1643 537 1677 Coix
563 1645 711 1681 resideat,
738 1652 769 1679 et
793 1646 848 1689 qui
874 1647 1042 1681 rectoriam
1066 1659 1120 1681 seu
1145 1659 1203 1692 pa-

464 1698 634 1731 rochialem
661 1699 828 1732 ecelesiam
855 1701 1027 1743 praefatam
1055 1712 1111 1745 per
1123 1712 1203 1735 con-

463 1761 591 1784 eursum
610 1779 617 1790 ‚
656 1752 888 1787 institutionem
915 1760 944 1786 et
980 1754 1202 1797 collationem,

462 1805 548 1838 iuxta
570 1805 733 1839 decretum
753 1806 839 1840 Sacri
862 1807 992 1841 Concilii
1013 1808 1203 1850 Tridentini,

463 1858 618 1900 obtineat,
647 1860 701 1903 qui
722 1861 837 1893 habeat
850 1872 907 1905 pro
925 1861 999 1895 dote
1016 1868 1046 1896 et
1064 1873 1205 1907 congrua

462 1913 694 1947 sustentatione
731 1913 885 1957 primitias
917 1915 992 1948 dieti
1029 1916 1137 1960 oppidi
1167 1917 1205 1949 tle

463 1966 549 2007 Coix,
578 1978 660 2010 quac
678 1968 908 2011 qninquaginta
927 1968 1015 2002 libris
1029 1971 1201 2003 aestiman-

463 2025 527 2060 tur,
550 2019 608 2053 tria
623 2021 718 2053 etiam
737 2021 845 2053 calicia
866 2021 961 2055 tritici
980 2033 1052 2056 cum
1071 2023 1204 2057 dimidio

463 2076 614 2117 praefata,
638 2085 718 2117 quae
743 2076 905 2108 communi
922 2076 1141 2110 aestimatione
1162 2077 1202 2110 li-

464 2127 537 2160 hras
563 2129 666 2161 valent
683 2128 792 2172 viginti
814 2140 924 2170 unam,
947 2141 1059 2163 omnes
1080 2137 1203 2174 septua-

464 2181 549 2221 ginta
575 2182 794 2215 unamtibras
819 2183 973 2222 essu-iuni,
993 2190 1021 2216 et
1038 2185 1123 2228 quod
1142 2185 1205 2217 atl-

464 2234 582 2268 dantur
605 2236 632 2269 ei
654 2241 683 2268 et
710 2237 912 2279 applicentur
928 2237 1007 2271 aliae
1022 2237 1131 2279 viginti
1150 2249 1205 2270 no-

465 2300 532 2322 vem
566 2288 665 2322 librae
700 2290 738 2321 :ul
771 2291 1043 2335 ‹,·omplemcntuni
1074 2299 1204 2326 centum

465 2342 618 2375 librarum
646 2349 792 2376 monetae
810 2343 1054 2384 valentinensis,
1082 2347 1139 2378 lior
1162 2346 1205 2377 ri-

465 2395 576 2428 ‹lclicct
620 2397 731 2429 nvotlo:
767 2397 852 2440 quoti
880 2409 987 2431 tucnsa
1016 2399 1204 2443 episcopalis

464 2449 638 2482 tuton-usis
662 2451 761 2483 sulvat
778 2451 888 2484 (levem
906 2458 935 2484 ct
954 2458 1074 2495 septem
1095 2452 1202 2491 tila-as,

465 2502 573 2534 alm-vin
600 2509 629 2535 et
663 2515 773 2536 novi-iu
800 2504 917 2537 solidos
949 2510 978 2537 vt
998 2509 1117 2548 septem
1144 2505 1204 2538 tle-

465 2556 570 2589 uariosv
596 2557 676 2590 ultra
704 2558 896 2600 praedit-tatu
920 2559 1014 2591 tritici
1040 2559 1204 2602 quantita-

466 2615 527 2641 tciu
547 2637 552 2647 ,
576 2611 695 2642 ratione
721 2612 882 2645 frui-tuum
909 2612 1111 2645 ‹luciuialiuin
1146 2612 1203 2644 silli

465 2675 500 2697 ex
525 2674 562 2694 vo
583 2663 701 2707 oppido
721 2666 990 2707 prorsuis-atium,
1013 2666 1066 2708 qui
1089 2665 1203 2698 valoris

1055 257 1239 281 BULLARIUM
1258 257 1412 282 ROMANUM

1246 312 1320 339 sunt
1341 312 1467 340 eentum
1487 307 1671 350 octuaginta
1686 317 1800 341 novem
1817 309 1984 349 librarum

1247 359 1356 393 decem
1381 359 1554 394 solidorum
1584 365 1615 394 et
1639 371 1752 395 novem
1769 361 1985 396 denariorum.

1246 413 1350 446 Mensa
1377 424 1448 447 vero
1480 414 1663 458 capitularis
1696 414 1867 448 Oriolensis
1889 416 1988 449 solvat

1246 476 1360 500 novem
1389 466 1497 508 libras,
1523 467 1675 501 undecim
1697 468 1815 502 solidos
1839 474 1870 502 et
1895 469 1988 512 quin-

1245 530 1307 563 que
1345 519 1493 553 denarios
1532 522 1616 554 ultra
1654 521 1849 565 praedictam
1892 521 1986 555 tritici

1245 579 1472 617 quanttatem,
1501 574 1612 608 eadem
1645 575 1808 609 fruetuum
1848 575 1987 609 decima-

1245 627 1322 660 lium
1342 627 1479 667 ratione,
1507 638 1588 672 quos
1609 629 1830 662 aestimatione
1856 635 1986 663 centum

1245 679 1418 721 librarum,
1446 681 1554 715 decem
1592 687 1621 715 et
1655 688 1775 726 septem
1807 682 1986 716 solidorum

1244 740 1275 767 et
1314 734 1424 767 decem
1465 735 1670 769 denariorum
1695 735 1816 769 ibidem
1851 735 1983 780 xecipit;

1243 787 1385 820 studium
1408 794 1569 831 praeterea
1590 790 1738 832 generale
1762 789 1987 823 Valentinense

1245 839 1355 873 libram
1392 852 1488 875 unam
1526 848 1556 876 et
1592 853 1705 877 novem
1743 843 1861 876 solidos
1880 842 1986 885 *simili

1243 895 1339 927 etiam
1364 895 1486 928 ratione
1507 895 1663 939 persolvat
1683 908 1689 929 ε
1710 895 1758 929 his
1783 895 1882 939 igitur
1914 905 1987 929 een-

1243 955 1310 981 tum
1333 948 1420 981 libris
1445 959 1518 982 eum
1539 950 1764 983 emolumentis
1789 960 1825 983 ex
1846 949 1926 993 pede
1942 948 1987 983 al-

1243 1001 1318 1034 taris
1337 1002 1599 1046 provenientibus
1637 1008 1741 1036 rector
1769 1013 1910 1046 congrue
1952 1012 1985 1037 se

1243 1060 1421 1088 sustentare
1452 1057 1586 1099 poterit:
1630 1062 1732 1090 terrae
1772 1067 1865 1095 vero,
1907 1065 1986 1100 quas

1242 1108 1317 1141 olim
1340 1109 1498 1152 mesquita
1517 1109 1712 1152 possidebat,
1729 1109 1880 1143 eeclesiae
1892 1120 1986 1154 paro-

1241 1161 1335 1195 chiali
1353 1162 1528 1206 applicatae
1554 1162 1584 1196 in
1602 1169 1791 1207 perpetuum
1812 1168 1983 1205 maneant,

1241 1221 1271 1248 et
1295 1226 1352 1259 per
1369 1221 1526 1249 rectorem
1551 1222 1582 1250 et
1603 1217 1724 1250 iuratos
1743 1217 1896 1261 praedicti
1921 1227 1986 1261 op-

1242 1268 1307 1311 piili
1332 1269 1620 1303 administrentur:
1659 1270 1714 1303 sed
1739 1277 1770 1304 et
1800 1270 1984 1304 aedificium

1241 1323 1392 1356 ecclesiae
1412 1324 1615 1366 parochialis,
1633 1324 1744 1358 maiori
1762 1325 1824 1358 iam
1843 1335 1879 1358 ex
1896 1329 1984 1368 parte

1241 1383 1382 1417 auctum,
1410 1377 1563 1417 finiatur,
1589 1383 1621 1411 et
1650 1377 1765 1412 domus
1794 1377 1983 1411 habitationi

1240 1429 1373 1463 rectoris
1394 1431 1582 1471 commoda,
1610 1436 1640 1464 et
1665 1431 1818 1464 eeclesiae
1854 1431 1956 1464 vicina
1972 1459 1979 1472 ‚

1241 1483 1326 1516 iuxta
1353 1484 1486 1516 formam
1505 1483 1668 1524 traditam,
1695 1484 1890 1518 aedificetur.

1505 1566 1553 1598 La
1572 1565 1711 1610 Granja.

1286 1647 1326 1680 La
1338 1646 1464 1691 Granja
1477 1646 1630 1690 oppidum
1644 1647 1796 1681 ecclesiae
1806 1647 1982 1690 parochiali

1240 1700 1314 1734 Coix
1335 1710 1492 1733 annexum
1519 1706 1577 1740 est,
1601 1705 1725 1734 constat
1746 1699 1895 1734 domibus
1913 1710 1983 1744 sep-

1240 1754 1383 1796 tuaginta
1403 1753 1652 1787 christianorum
1685 1763 1789 1797 nuper
1817 1753 1856 1786 ad
1886 1753 1982 1786 fidem

1241 1817 1486 1840 conversorum:
1519 1817 1595 1840 cura
1628 1807 1808 1840 animarum
1830 1817 1888 1850 per
1911 1817 1983 1851 pre-

1239 1862 1405 1905 sbyterum
1432 1860 1585 1894 eeclesiae
1610 1860 1650 1893 de
1670 1859 1743 1893 Coix
1768 1859 1904 1903 regitur,
1928 1859 1982 1903 qui

1239 1914 1410 1947 dominicis
1435 1920 1466 1947 et
1491 1913 1610 1947 festivis
1645 1912 1759 1946 diebus
1786 1913 1824 1945 ad
1850 1912 1982 1946 alteram

1239 1968 1367 2000 missam
1388 1967 1418 2000 in
1440 1967 1571 2000 ecetesia
1593 1966 1669 1999 ‹licti
1691 1966 1800 2010 oppidi
1821 1965 1984 2000 celebran-

1239 2022 1311 2054 dam
1328 2021 1460 2054 fcstinus
1485 2031 1517 2054 sc
1545 2021 1683 2054 confert:
1711 2025 1742 2052 et
1766 2021 1918 2063 quoniam
1943 2019 1982 2053 ab

1239 2074 1356 2118 oppido
1381 2074 1454 2108 Coix
1480 2080 1592 2118 quarta
1618 2075 1727 2107 leucae
1745 2079 1835 2117 parte
1860 2073 1956 2107 distat
1973 2102 1980 2112 ,

1240 2129 1333 2171 plano
1373 2127 1503 2171 quidem
1545 2127 1679 2167 itinere,
1716 2127 1770 2160 sed
1804 2126 1982 2170 pluviarum

1238 2181 1408 2214 occasione
1430 2181 1510 2214 adeo
1544 2182 1663 2221 tutos-0,
1689 2186 1724 2214 ut
1749 2191 1831 2225 pene
1859 2181 1899 2214 sit
1919 2181 1981 2214 im-

1240 2235 1388 2279 possihile
1420 2234 1458 2267 al)
1491 2245 1556 2267 uno
1589 2234 1768 2278 eodemque
1794 2234 1982 2278 presbytero

1240 2289 1367 2332 utrique
1401 2289 1521 2332 populo
1560 2288 1758 2325 ministrari,
1797 2287 1982 2331 pracsertim

1238 2341 1351 2374 illelius
1375 2340 1545 2373 (lominicis
1569 2346 1599 2373 ct
1624 2341 1761 2382 festivis,
1782 2339 1911 2383 quando
1936 2339 1984 2372 bis

1239 2396 1366 2428 missam
1391 2394 1566 2432 celebrare.
1583 2400 1613 2427 ct
1639 2395 1817 2428 doctrinam
1840 2393 1982 2427 christia-

1239 2461 1310 2483 uam
1324 2448 1511 2492 singillatim
1523 2448 1699 2492 neophytos
1717 2448 1813 2481 semel
1825 2453 1855 2481 et
1867 2447 1981 2481 iterum

1237 2503 1371 2536 edocere
1407 2508 1543 2546 oportet.
1575 2501 1696 2535 ldcirco
1732 2500 1855 2534 videtur
1889 2501 1981 2544 plane

1238 2558 1342 2601 ipsum
1368 2556 1523 2600 oppidum
1566 2555 1593 2587 la
1633 2555 1749 2598 ‹ti-anja
1787 2555 1826 2587 ab
1850 2553 1981 2588 ccclesia

1239 2611 1409 2655 parochiali
1435 2609 1542 2653 oppidi
1562 2608 1600 2640 tle
1618 2608 1690 2641 Coix
1716 2607 1853 2651 disiungi
1879 2612 1910 2640 et
1925 2616 1977 2638 sc.-

1239 2665 1340 2709 parari
1368 2664 1499 2696 omuino
1525 2662 1663 2702 debere,
1698 2666 1728 2694 ct
1764 2660 1848 2705 quod
1881 2660 1920 2693 al)
1944 2669 1980 2692 ca

2003 261 2051 289 An.
2064 261 2091 290 C.
2117 263 2183 298 1603

2134 354 2151 363 s
