2253 3195
256 232 307 258 An.
322 230 352 257 C.
370 229 438 257 1596

304 1875 379 1895 ’ῐ-ιιυηι
394 1879 450 1899 pium

265 1908 317 1927 opu-
340 1901 449 1926 liupama⁴

266 1935 309 1949 rum
331 1934 374 1951 reti
395 1933 449 1946 rum·

266 1955 383 1975 turn-latur.

483 219 548 254 360

456 284 583 312 ctorum
601 284 629 310 et
651 286 771 316 rerum,
795 275 828 308 in
848 275 966 319 quibus
985 275 1104 308 suerint
1124 285 1199 308 con-

456 331 574 374 sumpti
595 336 625 362 et
637 328 809 365 distributi,
827 333 859 361 et
877 327 909 360 id
930 328 1017 371 quod
1038 338 1075 360 ex
1093 328 1199 361 reddi-

457 384 542 416 tibus
561 382 733 427 praedictis
751 381 896 425 quolibet
915 391 1000 414 anno
1024 381 1195 425 supererit,

456 441 637 480 ponaturet.
657 435 859 468 describatur
879 446 952 468 cum
973 435 1103 468 redditu
1123 435 1198 468 anni

456 489 629 533 sequentis,
654 494 684 521 et
705 499 834 532 semper
861 495 1015 532 appareat
1045 495 1072 521 et
1095 489 1199 521 mani—

458 544 534 576 feste
554 548 677 576 constet
690 543 729 576 de
743 543 890 586 expensis
907 549 937 576 ct
958 543 1200 585 erogationibus

457 595 546 629 sactis
565 601 597 628 et
617 596 655 629 de
687 595 884 633 redditibus,
908 596 961 639 qui
983 596 1014 628 in
1036 596 1200 640 praedicto

456 649 510 693 pio
523 659 620 692 opere
634 655 801 682 remanent
819 655 850 683 et
866 655 1050 693 supersunt,
1070 655 1101 683 et
1120 649 1202 682 liber

457 702 489 734 in
510 712 574 745 quo
605 701 830 735 describantur
851 702 966 746 captivi
986 702 1041 746 qui
1074 702 1200 735 fuerunt

458 755 629 799 redempti,
645 765 718 788 cum
732 761 807 789 nota
821 765 934 789 eorum
953 756 1133 796 nominum,
1147 766 1201 789 co-

458 808 647 851 gnominum
667 813 698 841 et
710 808 845 852 patriae,
861 814 889 842 et
904 809 1044 853 pretium
1066 818 1124 852 pro
1138 819 1201 852 quo

459 861 594 905 quilibet
613 872 727 894 eorum
760 861 854 895 suerit
877 862 1076 906 redemptus,
1100 867 1135 894 ut
1163 862 1202 894 de

459 915 601 958 qualibet
622 926 656 948 re
673 915 830 948 habeatur
850 920 936 948 certa
953 914 1079 951 notitia,
1095 920 1129 948 ut
1149 925 1202 947 ae-

459 979 559 1012 quum
581 974 638 1001 est.
663 969 796 1013 Insuper
816 970 904 1012 quod
933 969 965 1002 in
997 979 1123 1002 camera
1144 969 1203 1002 mi-

459 1022 551 1055 nistri
571 1022 729 1063 regularis
750 1022 853 1056 dictae
874 1023 989 1056 domus
1010 1023 1120 1066 oppidi
1141 1023 1203 1056 Ma-

460 1075 535 1107 driti
563 1075 602 1108 sit
632 1086 696 1108 una
721 1076 846 1113 tabula,
871 1075 901 1108 in
934 1086 997 1119 qua
1023 1075 1063 1108 sit
1083 1075 1203 1109 descri-

460 1134 550 1171 ptum
584 1129 798 1162 summarium
831 1134 861 1162 et
891 1128 1004 1161 relatio
1033 1128 1129 1162 huius
1158 1129 1202 1172 pii

461 1182 584 1225 operis,
608 1193 645 1215 ac
665 1182 752 1226 quod
782 1183 812 1214 in
840 1182 924 1215 dicta
955 1192 1082 1215 camera
1107 1182 1202 1216 etiam

461 1235 572 1268 existat
585 1241 618 1268 et
629 1236 806 1268 collocetur
819 1235 903 1269 dicta
916 1246 1011 1279 capsa
1035 1236 1098 1269 sive
1112 1236 1204 1269 theca

462 1289 761 1327 instrumentorum,
793 1289 1047 1333 privilegiorum,
1077 1289 1201 1322 littera-

463 1352 546 1381 rum,
570 1342 803 1385 scripturarum
825 1348 855 1375 et
885 1342 1041 1375 librorum
1071 1342 1202 1386 praedi-

462 1400 598 1435 ctorum,
615 1400 649 1427 nt
671 1394 786 1427 melius
806 1394 915 1427 omnia
936 1394 1159 1427 custodiantur
1176 1400 1205 1427 et

463 1453 703 1480 conserventur.
744 1449 787 1480 Ac
816 1448 902 1491 quod
933 1448 1206 1492 quandocumque

463 1512 498 1534 ex
520 1501 602 1534 dicta
623 1511 718 1545 capsa
745 1501 809 1534 sive
839 1501 931 1534 theca
951 1501 991 1534 sit
1011 1501 1207 1535 extrahenda

463 1554 569 1598 aliqua
589 1554 757 1598 scriptura,
783 1554 871 1597 prius
892 1554 1096 1588 describatur
1117 1555 1148 1587 in
1168 1555 1206 1587 li-

462 1608 521 1640 bro
539 1608 833 1648 commodatorum,
858 1618 941 1651 quae
961 1608 1121 1652 scriptura
1154 1608 1204 1646 sit,

463 1666 493 1693 ct
514 1661 584 1705 quis
607 1661 692 1693 illam
714 1661 895 1705 perceperit
918 1667 948 1694 et
968 1661 1149 1699 extraxerit,
1177 1667 1204 1694 et

463 1715 502 1747 ad
517 1725 612 1758 quem
628 1715 789 1752 ellectum,
804 1720 837 1748 ut
851 1715 910 1748 isto
922 1716 1019 1749 modo
1037 1726 1102 1748 non
1116 1715 1208 1748 amit-

466 1774 560 1805 tatur,
584 1773 614 1800 et
635 1768 719 1800 illins
740 1768 846 1801 debita
868 1769 1026 1802 restitutio
1047 1768 1116 1802 sieri
1137 1779 1209 1813 pos-

465 1821 514 1853 sit.
536 1822 683 1857 Necnon,
705 1827 737 1854 ut
771 1821 831 1854 lioc
861 1822 948 1865 pium
970 1833 1051 1866 opus
1083 1822 1209 1856 debitae

466 1875 671 1918 exequutioni
695 1874 865 1907 mandetur
893 1881 921 1907 ct
948 1881 1106 1919 perpetuo
1127 1886 1206 1909 eon-

466 1934 611 1960 servetur
628 1934 656 1961 el
680 1933 938 1967 manuteneatur,
963 1935 997 1961 ut
1017 1929 1207 1972 oportuerit,

465 1982 504 2013 ad
526 1981 691 2013 servitium
705 1980 939 2024 Omnipotcntis
957 1981 1009 2014 nei
1025 1987 1052 2014 et
1074 1982 1209 2014 salutem

466 2035 664 2071 animarum,
689 2034 792 2066 dietus
823 2034 1012 2067 Laurentius
1041 2035 1211 2079 episeopus

467 2087 545 2120 illud
567 2088 670 2130 posuit
693 2087 752 2119 snb
774 2087 973 2130 protectione
996 2087 1078 2129 regis
1099 2088 1210 2131 llispa-

468 2140 606 2178 niarum,
630 2145 658 2172 et
680 2140 767 2183 petiit
792 2140 831 2172 al»
857 2140 1118 2173 :ulministratoro
1150 2141 1207 2173 de-

468 2199 578 2236 putato
599 2199 629 2225 et
649 2192 827 2229 nominato,
852 2203 887 2224 ac
910 2193 939 2225 in
974 2194 1116 2226 suturmn
1147 2204 1207 2226 no-

469 2246 620 2278 minando
641 2252 671 2278 et
689 2246 875 2289 deputando
896 2257 912 2278 a
934 2246 1100 2290 praedicto
1123 2258 1207 2287 rege,

470 2311 527 2343 pro
549 2300 685 2339 negotiis
705 2299 935 2343 redemptionis
950 2300 1160 2343 captivorum,
1178 2306 1209 2333 111

469 2364 548 2396 opns
568 2353 650 2385 istud
673 2352 804 2396 recipiat
827 2358 855 2385 et
876 2358 977 2385 teneat
1000 2353 1058 2385 snb
1079 2363 1135 2386 sua
1155 2354 1211 2386 ad-

471 2406 717 2444 ministratione,
741 2411 768 2438 et
792 2405 932 2448 quolibet
957 2416 1041 2438 :inno
1073 2406 1210 2449 inquirat

470 2464 497 2489 et
522 2459 688 2498 intelligat,
713 2458 736 2490 si
760 2459 819 2490 lior
842 2459 929 2501 pium
951 2469 1032 2502 opus
1050 2459 1208 2503 adimple-

472 2518 521 2542 tur
543 2512 626 2543 iuxta
649 2517 848 2554 praesentem
864 2511 1101 2544 ordinationem
1117 2517 1145 2544 et
1167 2512 1213 2543 di-

471 2563 691 2606 ›posituim-m,
708 2570 734 2595 et
753 2564 829 2596 illud
848 2564 934 2607 qnod
950 2574 1012 2596 non
1035 2564 1129 2597 suerit
1143 2574 1213 2596 exe-

472 2622 620 2660 quamur,
645 2617 734 2649 laeiat
767 2617 879 2660 exequi
911 2623 941 2649 et
967 2617 1146 2660 provideat,
1181 2623 1211 2650 111

1036 227 1220 252 BULLARIUM
1239 227 1394 252 ROMANUM

1232 275 1340 308 nullus
1360 275 1400 308 sit
1420 275 1573 316 defectus,
1594 285 1629 308 ac
1649 282 1802 320 computa
1824 282 1852 309 et
1873 277 1972 310 ratio-

1233 339 1289 362 nes
1308 334 1395 372 petat
1408 334 1439 362 ct
1455 328 1590 372 recipiat
1608 339 1626 362 a
1639 329 1736 363 domo
1749 330 1973 364 Sanctissimae

1233 381 1395 415 Trinitatis
1416 382 1491 415 dicti
1515 382 1626 426 oppidi
1647 383 1783 423 Madriti,
1810 384 1974 427 quomodo
2014 396 2018 398 “

1234 442 1263 468 et
1285 436 1317 468 in
1335 436 1452 479 quibus
1471 436 1568 469 rebus
1588 436 1707 469 suerint
1727 436 1803 469 dicti
1832 437 1976 470 redditus

1235 489 1365 532 expensi
1386 495 1414 522 et
1435 489 1568 531 erogati,
1585 490 1625 522 ad
1645 499 1728 533 quae
1745 489 1855 522 omnia
1874 490 1977 523 dictus

1234 542 1425 575 Laurentius
1453 542 1623 587 episcopus
1652 543 1740 576 dedit
1771 548 1799 576 et
1822 543 1978 576 concessit

1235 605 1365 629 omnem
1389 596 1573 629 facultatem
1593 601 1622 629 et
1648 596 1872 629 auctoritatem
1893 595 1978 629 dicto

1235 648 1500 689 administratori,
1522 654 1551 681 et
1568 659 1627 692 pro
1648 649 1760 682 labore
1781 648 1826 681 illi
1847 648 1976 692 reliquit

1236 701 1418 744 praedictos
1443 701 1615 734 duodecim
1636 701 1724 734 mille
1744 701 1976 745 morapetinos,

1236 764 1318 798 quos
1337 754 1506 798 percipiat,
1534 760 1704 798 postquam
1726 754 1809 787 dicta
1830 760 1981 798 computa

1237 808 1396 851 receperit.
1415 813 1447 841 et
1466 807 1660 848 solidaverit,
1684 807 1895 851 gratificando
1915 818 1977 841 no-

1239 861 1319 894 tario
1333 861 1372 894 de
1386 861 1513 894 duobus
1526 861 1615 894 mille
1629 861 1839 905 morapetinis
1857 871 1893 894 ex
1905 861 1981 905 ipsis

1238 912 1408 946 duodecim
1424 912 1511 945 mille
1525 922 1584 956 pro
1599 912 1747 945 mercede
1761 912 1904 945 eiusdem
1921 923 1980 946 no-

1237 966 1322 1006 tarii,
1338 976 1397 1010 per
1417 965 1508 999 cuius
1525 971 1605 1006 acta,
1623 971 1774 1009 computa
1792 970 1822 999 et
1841 966 1982 999 rationes

1238 1019 1398 1062 receperit
1427 1024 1457 1051 et
1485 1018 1686 1054 solidaverit:
1711 1024 1741 1052 et
1761 1019 1849 1063 quod
1877 1019 1982 1052 dictus

1237 1072 1480 1106 administrator
1500 1083 1565 1106 non
1591 1073 1695 1106 solum
1723 1079 1831 1106 exacte
1848 1073 1983 1117 recipiat

1238 1126 1323 1159 dicta
1336 1132 1488 1170 computa
1502 1127 1541 1160 de
1556 1127 1704 1170 receptis,
1725 1127 1843 1160 habitis
1856 1132 1888 1160 et
1906 1136 1982 1160 con-

1238 1180 1384 1224 sumptis,
1398 1191 1508 1214 verum
1523 1181 1618 1214 etiam
1640 1180 1861 1224 principaliter
1877 1180 1982 1224 inqui-

1238 1240 1296 1273 rat,
1312 1235 1450 1278 qualiter
1463 1235 1537 1268 dicti
1555 1235 1668 1268 fratres
1681 1234 1906 1268 Sanctissimae
1916 1234 1983 1267 Tri-

1239 1289 1346 1322 nitatis
1367 1289 1487 1322 saciunt
1508 1289 1539 1322 id
1560 1289 1647 1332 quod
1668 1288 1713 1321 eis
1727 1288 1894 1329 incumbit,
1911 1288 1984 1321 mit-

1241 1343 1337 1375 tendo
1366 1341 1437 1374 illos
1465 1341 1633 1384 religiosos
1664 1341 1867 1381 sacerdotes,
1902 1351 1984 1385 quos

1240 1396 1368 1429 mittere
1390 1400 1547 1433 tenentur,
1572 1396 1612 1428 ad
1629 1395 1794 1437 Algerium
1815 1395 1863 1428 vel
1884 1394 1983 1428 alium

1241 1449 1364 1482 Africae
1378 1449 1498 1486 locum,
1513 1454 1544 1482 et
1563 1449 1701 1493 qualiter
1717 1449 1900 1493 praedictae
1912 1459 1986 1492 per-

1241 1513 1337 1536 sonae
1358 1502 1474 1535 missae
1494 1502 1614 1536 ibidem
1636 1502 1791 1546 impleant
1811 1512 1905 1536 suum
1926 1502 1985 1535 mi-

1241 1556 1423 1596 nisterium;
1439 1562 1469 1590 et
1482 1557 1567 1600 quod
1586 1556 1769 1601 praedictus
1783 1556 1986 1589 administra-

1243 1615 1292 1642 tor
1309 1609 1475 1653 provideat
1496 1609 1527 1642 in
1548 1619 1611 1642 una
1629 1620 1665 1643 ex
1678 1609 1822 1653 qualibet
1834 1619 1869 1642 ex
1890 1619 1985 1653 prae-

1242 1662 1334 1695 dictis
1363 1662 1459 1695 rebus
1487 1662 1517 1695 id
1547 1663 1634 1706 quod
1665 1662 1851 1696 iudicaverit
1885 1662 1987 1705 magis

1243 1715 1404 1759 expedire,
1421 1721 1454 1748 ut
1477 1715 1560 1748 istud
1574 1715 1663 1759 pium
1675 1725 1756 1759 opus
1773 1715 1899 1748 debitae
1916 1725 1987 1748 exc-

1243 1768 1389 1812 quutioni
1423 1769 1604 1805 mandetur,
1640 1774 1668 1801 et
1699 1768 1786 1811 quod
1814 1768 1987 1801 arbitratus

1244 1821 1335 1853 suerit
1368 1821 1398 1853 in
1431 1821 1615 1864 praemissis
1647 1821 1749 1863 magis
1769 1820 1930 1864 expedire,
1956 1821 1985 1853 in

1244 1874 1327 1906 libro
1354 1874 1559 1907 decretorum
1591 1886 1646 1908 seu
1678 1874 1741 1908 alio
1774 1875 1984 1908 describatur.

1245 1928 1389 1970 Aequod
1412 1927 1539 1971 captivi,
1565 1928 1594 1960 iu
1625 1938 1764 1971 quorum
1785 1927 1984 1971 redemptio-

1244 1990 1316 2013 nem
1332 1981 1495 2024 praedicta
1509 1981 1644 2024 pecunia
1657 1981 1772 2025 exponi
1785 1981 1879 2014 debet
1891 1981 1988 2014 modo

1245 2038 1275 2065 ct
1297 2034 1396 2065 forma
1419 2033 1602 2076 praedietis,
1625 2033 1689 2067 sint
1708 2039 1738 2067 et
1763 2044 1829 2067 esse
1850 2033 1987 2067 debeant

1246 2085 1335 2129 pueri
1356 2087 1403 2118 vel
1426 2087 1567 2129 puellae:
1585 2087 1732 2119 verumsi
1748 2096 1807 2130 pro
1828 2086 1989 2120 redimen-

1245 2139 1293 2171 dis
1313 2139 1474 2183 aliquibus
1487 2140 1630 2184 captivis,
1643 2140 1697 2184 qui
1719 2150 1783 2173 non
1805 2146 1899 2173 crunt
1916 2150 1988 2184 par-

1246 2203 1300 2224 vae
1321 2192 1442 2231 aetatis,
1457 2199 1630 2226 concurrat
1651 2193 1754 2225 maior
1771 2198 1801 2226 ct
1822 2192 1989 2234 urgentior

1245 2245 1415 2278 necessitas
1428 2245 1614 2289 spiritualis,
1629 2246 1714 2289 quod
1731 2252 1805 2279 time
1824 2245 1853 2278 iu
1875 2256 1986 2279 eorum

1246 2299 1467 2342 redemptione
1487 2304 1665 2342 exponatur
1680 2299 1762 2332 dieta
1777 2298 1938 2342 quantitas
1957 2304 1989 2331 et.

1245 2362 1373 2395 semper
1401 2353 1624 2395 praeferantur
1648 2352 1763 2396 captivi
1792 2362 1827 2384 ex
1850 2351 1987 2385 dioecesi

1246 2406 1421 2446 Seguntina
1442 2406 1512 2438 aliis
1532 2405 1664 2449 captivis
1677 2412 1789 2450 etpost
1802 2405 1860 2438 lios
1873 2405 1987 2449 captivi

1247 2459 1407 2491 naturales
1421 2470 1456 2491 ex
1479 2459 1595 2492 ducatu
1619 2460 1657 2492 de
1672 2459 1833 2497 t‹‘eria,v‹=t
1855 2469 1890 2492 ex
1905 2469 1988 2492 mar-

1247 2512 1398 2545 eliionatn
1411 2513 1449 2545 de
1464 2513 1588 2553 Frictio,
1605 2513 1658 2556 qni
1674 2518 1743 2545 sunt
1766 2518 1866 2545 status
1883 2517 1914 2545 et
1933 2511 1988 2544 do-

1249 2565 1345 2597 minia
1367 2565 1546 2606 genitorum
1563 2566 1636 2600 dicti
1653 2565 1813 2599 Laurentii
1833 2564 1986 2610 episcopi,

1248 2623 1274 2650 et
1299 2618 1521 2652 deficientibus
1542 2618 1674 2662 captivis
1694 2630 1730 2651 ex
1752 2618 1843 2652 dictis
1864 2617 1941 2652 locis
1959 2623 1986 2650 ct

1987 228 2036 255 Αη.
2058 227 2086 255 G.
2103 228 2170 256 1597

2029 2356 2068 2380 oni
2078 2353 2157 2382 captivi
2166 2346 2206 2379 ω’

2003 2383 2043 2403 lioc
2064 2383 2099 2409 pin
2122 2385 2186 2408 opor·

2003 2409 2095 2430 cauit-ris
2105 2406 2186 2435 praeso-

2003 2435 2061 2457 rendi
2077 2436 2124 2456 nint.
