2253 3195
791 238 886 263 INDEX
913 238 1110 263 ammentum

274 299 440 342 gistratum
460 301 679 342 Augustanum
702 299 828 340 factam,
852 311 931 344 qua—

276 358 367 386 tenus
388 352 492 386 eidem
515 352 675 386 Ecclesiae
696 352 781 385 utilis
803 363 931 396 compe-

275 406 387 447 riatur,
413 405 486 439 780.

187 468 401 502 CCLxxxnt.
423 469 632 502 Confirmatio
652 470 758 502 statuti
774 469 930 513 archiepi-

276 523 364 567 scopi
393 523 612 563 emoniensis,
642 523 794 556 ecclesiae
826 523 933 556 llilde-

275 576 441 609 seimensis
462 576 743 617 administratoris,
760 577 846 620 quod
861 583 932 610 octo

275 629 478 672 praebendae
500 629 643 662 eiusdem
665 630 801 673 Capituli
822 630 932 663 Ililde-

276 682 442 715 seimensis
452 683 690 727 presbyteratus
703 688 733 716 et
746 683 933 716 diaconatus

276 736 422 769 ordinem
445 747 604 770 annexum
626 736 775 777 habeant,
802 736 874 769 781.

187 797 379 832 CCXXXIV.
398 799 532 837 Quando
554 800 667 832 fratres
688 800 824 833 Minores
842 800 933 833 Ordi-

274 852 323 885 nis
344 852 373 885 S.
395 852 555 885 Francisci
569 853 743 886 strictioris
757 853 933 886 Observan-

278 905 338 938 tiae
366 905 488 949 possint
513 906 544 938 in
570 916 681 939 eorum
709 906 851 939 ecclesiis
878 906 933 939 ha-

276 959 352 992 bere
372 969 504 1001 organa,
528 966 719 1004 paramenta
732 966 759 993 et
776 971 848 993 vasa
861 971 933 1004 pre-

279 1012 376 1053 ciosa,
401 1012 475 1046 783.

188 1073 389 1107 CCLxxxv.
424 1075 570 1108 Facultas
600 1075 844 1120 archiepiscopo
876 1077 934 1109 Va-

277 1128 448 1161 lentinensi
468 1129 686 1162 'convertendi
713 1140 872 1162 summam
895 1141 933 1164 Lx

277 1181 414 1214 millium
429 1182 585 1214 librarum
600 1193 636 1214 ex
651 1183 860 1226 pensionibus
875 1184 934 1216 im-

275 1232 386 1277 positis
417 1244 475 1277 pro
507 1235 671 1267 erectione
704 1241 734 1268 et
769 1236 934 1269 dotatione

275 1287 510 1330 parochialium
554 1287 586 1320 in
618 1288 816 1332 emptionem
848 1290 934 1323 redi-

276 1345 366 1372 tuum
397 1346 630 1384 perpetuorum
666 1352 725 1385 pro
759 1348 931 1376 manuten-

276 1392 364 1425 tione
385 1393 512 1436 collegii
543 1405 721 1437 puerorum
751 1407 786 1429 ex
817 1407 934 1439 genere

277 1447 462 1480 Maurorum
494 1458 598 1491 nuper
627 1460 880 1491 conversorum,
905 1448 938 1484 et*

278 1500 441 1533 erectione
466 1501 631 1534 seminarii
652 1503 833 1546 puellarum
853 1504 935 1537 eius-

279 1553 351 1586 dem
370 1554 509 1597 generis,
535 1554 607 1587 784.

189 1615 403 1650 cctxxxvt
428 1617 614 1651 Praesmitio
636 1619 760 1652 formae
781 1630 931 1653 commu-

278 1670 448 1703 nicationis
485 1670 781 1713 indulgentiarum,
812 1674 933 1707 oratio-

279 1733 422 1767 numque
447 1734 483 1756 ac
513 1724 650 1757 aliorum
672 1725 832 1759 bonorum
855 1737 933 1770 ope-

277 1787 361 1817 rum,
385 1778 542 1810 servanda
571 1789 589 1810 a
618 1779 768 1812 fratribus
796 1781 935 1813 Sanctis-

276 1830 376 1863 simae
407 1831 571 1864 Trinitatis
601 1832 845 1877 Redemptionis
872 1835 935 1869 Ca-

275 1885 450 1928 ptivorum,
471 1885 560 1918 statis
582 1886 714 1927 dicbus,
733 1887 849 1931 quibus
874 1889 933 1932 ipsi

278 1939 461 1980 generalem
473 1939 734 1973 benedictionem
747 1942 849 1975 facere
859 1952 934 1975 con-

278 1997 462 2032 sueverunt,
485 1991 558 2025 786.

189 2052 419 2087 CCLXXXVII.
432 2054 586 2087 Breviarii
599 2056 735 2089 Romani
750 2057 836 2091 iussu
851 2058 897 2091 Pii
911 2059 934 2091 V

279 2106 357 2139 olim
393 2107 531 2141 restituti
561 2114 592 2141 et
623 2109 721 2150 editi,
757 2116 787 2144 et
818 2111 934 2146 deinde

277 2169 449 2201 perperam
467 2159 499 2191 in
517 2159 678 2203 aliquibus
692 2161 862 2203 immutati,
878 2164 935 2197 itc-

278 2218 347 2244 rata
361 2212 532 2254 restitutio,
546 2224 617 2246 cum
632 2215 845 2258 permissione
858 2218 934 2251 Bre-

279 2265 454 2299 viariorum
469 2266 530 2299 iam
547 2267 789 2311 impressorum,
813 2276 844 2303 et
860 2282 935 2315 pro-

278 2319 435 2354 hibitione
466 2331 584 2354 novum
617 2322 709 2356 aliter
740 2324 779 2357 de
808 2331 935 2360 caetero

279 2372 500 2416 imprimendi,
526 2374 599 2408 788.

190 2433 435 2469 CCLXXXVIII.
465 2437 675 2472 Confirmatio
708 2441 879 2475 erectionis
907 2449 937 2477 et

279 2487 452 2522 dotationis
472 2490 706 2533 parochialium
729 2493 934 2529 ecclesiarum

279 2541 311 2574 in
347 2541 426 2576 locis
457 2543 613 2578 dioecesis
644 2546 846 2582 Dertusensis
876 2560 936 2593 pro

280 2594 490 2630 instructione
514 2598 698 2632 Maurorum
727 2607 873 2636 recenter
897 2604 936 2637 ad

279 2647 376 2682 fidem
389 2649 581 2685 catholicam
598 2663 840 2697 conversorum⁷
853 2656 937 2690 iuxta

1617 228 1676 261 951

1056 306 1159 333 {axam
1180 310 1198 332 a
1218 299 1371 342 delegatis
1393 300 1432 332 ab
1453 299 1605 344 episcopo
1629 300 1709 333 Der-

1056 353 1177 385 tusensi
1200 353 1326 393 factam,
1353 352 1425 386 790.

967 415 1184 449 CCLxxxlx.
1217 416 1337 450 Similis
1370 416 1489 450 erectio
1530 422 1561 450 et
1591 416 1713 450 dotatio

1055 470 1288 514 parochialium
1326 470 1356 502 in
1389 470 1527 504 dioecesi
1558 470 1710 512 Segobri-

1056 522 1154 563 censi,
1176 522 1250 555 812.

967 584 1080 619 CCXC.
1095 586 1129 618 In
1144 585 1228 618 idem
1248 591 1474 627 argumentum
1493 596 1552 629 pro
1573 585 1712 619 dioecesi

1056 639 1226 681 Oriolensi,
1248 640 1322 673 831.

967 700 1095 735 CCXCI.
1120 701 1277 745 Episcopo
1296 707 1327 734 et
1353 702 1499 746 Capitulo
1520 703 1714 736 Lucanensi-

1055 754 1114 787 bus
1146 755 1336 788 conceditur
1371 756 1503 789 facultas
1542 756 1651 789 omnia
1685 763 1713 789 et

1056 808 1193 850 singula,
1218 820 1300 852 quae
1321 810 1360 842 ad
1379 809 1521 842 divinum
1545 811 1667 843 cultum
1684 811 1714 842 in

1056 863 1168 895 eadem
1191 863 1326 895 ecclesia
1347 863 1521 906 pertinent,
1538 864 1710 903 statuendi,

1056 922 1086 948 et
1106 916 1329 949 inobedientes
1343 916 1622 949 distributionibus
1636 928 1716 960 quo-

1057 969 1187 1001 tidianis
1208 980 1244 1002 ac
1268 969 1424 1002 fructibus
1448 980 1579 1002 suarum
1611 971 1716 1014 capel-

1056 1022 1217 1054 laniarum
1239 1022 1398 1065 privandi,
1420 1022 1494 1055 844.

968 1083 1108 1117 CCXCII.
1133 1084 1289 1117 Statuitur
1314 1095 1388 1125 eos,
1413 1085 1467 1128 qui
1493 1085 1638 1118 habitum
1661 1087 1715 1119 de-

1057 1137 1193 1170 votionis
1214 1138 1380 1182 hospitalis
1400 1138 1430 1171 S.
1455 1139 1582 1172 Ioannis
1603 1140 1715 1173 Hiero-

1056 1190 1239 1234 solymitani
1260 1191 1440 1234 suscipiunt
1466 1191 1497 1224 in
1523 1192 1630 1234 regnis
1664 1193 1715 1225 lli-

1057 1244 1255 1287 spaniarum,
1279 1245 1375 1277 nullis
1401 1246 1511 1287 gratiis
1536 1252 1566 1279 et
1586 1246 1714 1289 privile-

1057 1298 1128 1339 giis,
1153 1298 1250 1331 etiam
1268 1299 1339 1337 fori,
1368 1310 1404 1331 ac
1429 1300 1640 1343 exemptionis
1662 1300 1716 1333 de-

1059 1351 1220 1384 cimarum
1239 1351 1312 1391 frui,
1337 1351 1411 1384 847.

969 1413 1126 1448 CCXCIII.
1142 1415 1316 1459 Ampliatio
1338 1415 1576 1449 constitutionis
1596 1416 1715 1458 Grego-

1057 1468 1094 1500 rii
1117 1469 1182 1501 XIII
1201 1469 1285 1501 circa
1307 1469 1451 1512 deposita
1469 1470 1554 1513 apud
1575 1470 1713 1502 Montem

1057 1521 1186 1555 Pietatis
1206 1522 1244 1555 de
1265 1522 1348 1555 Urbe
1369 1523 1534 1561 facienda3
1563 1528 1593 1556 et
1620 1523 1714 1556 iuris—

1057 1575 1207 1608 dictionis
1228 1576 1394 1609 concessio
1427 1576 1511 1609 illius
1539 1577 1713 1620 protectori

1057 1635 1088 1662 et
1108 1629 1217 1669 iudici,
1239 1629 1270 1662 in
1291 1630 1394 1662 causis
1416 1629 1515 1673 ipsius
1539 1630 1653 1663 Montis
1668 1630 1714 1662 in-

1057 1689 1176 1716 teresse
1197 1684 1480 1724 concernentibus,
1504 1683 1579 1716 848.

969 1745 1123 1780 CCXCIV.
1144 1736 1326 1780 Declaralio
1344 1747 1431 1790 quod
1452 1757 1516 1779 non
1537 1746 1641 1785 liceat,
1658 1757 1715 1790 per

1056 1800 1177 1833 litteras
1201 1811 1257 1833 seu
1282 1800 1528 1839 internuntium,
1558 1800 1716 1833 consessa-

1057 1854 1105 1887 rio
1126 1854 1249 1887 absenti
1279 1860 1412 1897 peccata
1439 1854 1715 1887 sacramentaliter

1057 1907 1226 1948 confiteri,
1249 1912 1280 1940 et
1310 1907 1349 1940 ab
1371 1908 1485 1940 eodem
1507 1907 1637 1940 absente
1658 1907 1714 1940 ab-

1057 1961 1251 1994 solutionem
1283 1961 1452 2001 obtinere;
1481 1966 1509 1993 ct
1540 1960 1715 2004 prohibitio

1057 2013 1140 2046 hanc
1160 2013 1416 2058 propositionem
1439 2014 1587 2054 docendi,
1606 2014 1715 2047 desen-

1057 2067 1166 2107 dendi‚
1186 2071 1254 2108 ele,
1284 2067 1358 2100 855.

968 2119 1108 2155 CCXCV.
1125 2121 1296 2164 Deputatio
1317 2120 1529 2154 commissarii
1551 2131 1610 2164 pro
1628 2131 1716 2153 eom-

1058 2175 1216 2218 ponendis
1248 2175 1436 2208 differentiis
1466 2174 1640 2207 confinium
1669 2175 1716 2207 in-

1058 2232 1106 2260 ter
1123 2228 1246 2261 Statum
1261 2228 1426 2261 Ferrariac
1447 2234 1477 2261 et
1494 2228 1615 2261 Statum
1630 2228 1715 2260 Man-

1057 2285 1142 2320 tuae,
1164 2280 1238 2314 856,

968 2333 1124 2369 CCXCVI.
1136 2334 1260 2367 Erectio
1274 2335 1435 2378 prioratus
1445 2335 1474 2367 S.
1486 2334 1614 2377 Agnetis
1626 2339 1715 2367 extra

1057 2388 1185 2421 moenia
1216 2388 1308 2421 Urbis
1341 2388 1372 2420 in
1404 2388 1533 2421 titulum
1565 2388 1714 2421 abbatiae

1057 2453 1116 2487 pro
1144 2442 1259 2475 abbate
1291 2442 1438 2484 eligendo
1471 2454 1506 2475 ex
1537 2442 1716 2483 Congrega-

1058 2496 1144 2529 tione
1165 2495 1395 2528 canonicorum
1419 2495 1615 2538 regularium
1644 2506 1715 2528 san-

1059 2550 1100 2583 cti
1118 2549 1303 2589 Salvatoris,
1327 2549 1401 2582 8:36.

970 2603 1136 2638 CCXCVII.
1157 2603 1335 2637 Prohibitio
1357 2604 1533 2648 iterataque
1551 2604 1715 2637 damnatio

1059 2668 1193 2701 operum
1206 2657 1308 2692 Caroli
1322 2657 1448 2691 Molinei
1461 2657 1625 2700 haeretici,
1642 2669 1715 2693 cum
