2253 3195
253 241 302 269 Au.
323 241 352 269 c.
371 242 438 270 ¹598
483 233 548 266 422
1036 242 1220 267 minumum
1236 242 1390 267 Romanu

453 298 523 325 rent
546 303 563 325 a
587 302 621 325 se
643 297 679 325 ut
702 301 798 334 supra
822 291 1008 335 praemissa,
1028 291 1194 324 voluerunt
1229 290 1314 324 tibus
1331 290 1450 325 ibidem
1469 292 1642 335 perillustri
1661 297 1693 326 et
1707 291 1974 327 reverendissimo

285 352 358 393 Poffqa
371 354 438 378 varas
453 345 548 378 licere
571 345 651 388 parti
676 345 832 383 servanti,
851 349 883 376 et
907 345 972 377 suis
987 371 994 385 ‚
1019 349 1055 377 ut
1078 354 1194 387 supra,
1229 344 1265 377 D.
1292 344 1488 389 Hieronymo
1511 344 1706 385 Mattiuccio,
1733 345 1974 390 archiepiscopo

253 383 437 444 ss'i'sspfsslfssi-‘fi-“lnj'ffi
452 408 509 430 sua
532 397 719 430 auctoritate
745 396 886 440 propria,
913 403 942 429 et
968 396 1037 430 sine
1062 396 1196 438 requisi·
1230 397 1461 441 Ragusinensi,
1487 397 1603 431 illustri
1620 403 1652 430 et
1675 409 1740 432 rev.
1766 399 1804 432 D.
1831 398 1975 432 Erntinio

253 435 368 452 >mmmm
389 440 437 453 ¹
452 451 538 483 tione
563 450 698 483 alicuius
728 449 865 490 iudicis,
891 449 1033 493 ingredi,
1058 455 1142 483 stare
1166 455 1197 482 et
1230 447 1268 481 de
1300 448 1484 482 Valentibus
1515 448 1555 481 de
1591 448 1704 482 Trevio
1737 449 1976 493 Spoletanensis

253 458 352 479 duit-ues-

1987 241 2038 270 An.
2058 241 2087 270 c,
2104 241 2171 270 ¹598
2193 238 2206 277 ·[

452 502 693 546 apprehendere
709 507 850 536 tenutam
868 508 898 536 et
912 503 1111 547 corporalem
1124 513 1197 546 pos·
1211 514 1213 553 ’,ᾖ

452 556 626 589 sessionem
643 555 802 589 bonorum
821 556 965 589 omnium
990 562 1022 589 et
1046 556 1195 599 singulo—

451 620 521 642 ruzn
547 609 699 653 praedicti
725 620 741 642 a
767 620 800 642 se
825 610 982 653 promissa
999 620 1063 643 non
1088 611 1197 643 obser-

453 663 563 702 vante,
588 668 619 696 et
643 673 775 696 suorum
802 668 837 696 ut
860 673 957 707 supra
982 662 1194 706 ubicumque,

451 722 480 749 et
507 716 545 749 de
570 716 687 759 quibus
711 727 784 760 pars
808 729 825 750 a
849 727 882 750 se
900 716 1056 760 promissa
1081 715 1193 750 obser-

452 779 528 801 vans
554 770 653 812 magis
675 776 706 802 et
730 769 844 803 melius
867 770 951 803 dicta
970 769 1054 803 bona
1079 769 1197 812 eligere

452 822 599 864 voluerit,
615 823 663 856 vel
677 823 725 856 sui
744 829 779 857 ut
804 834 900 867 supra
925 823 1097 864 voluerint,
1114 830 1143 856 et
1161 833 1197 856 ea

451 875 535 909 bona
549 876 842 916 vendereſstonare,
859 876 1010 915 alienare,
1028 878 1075 909 vel
1099 887 1199 920 penes

452 939 485 962 se
501 928 584 961 iusto
601 929 704 973 pretio
719 928 856 962 retinere
870 934 1022 972 tanquam
1040 940 1096 962 sua
1114 930 1198 963 bona

452 982 580 1025 propria
612 981 696 1015 iusto
724 983 826 1026 pretio
850 988 958 1026 empta
987 987 1017 1015 et
1041 982 1198 1026 acquisita

452 1046 555 1078 usquc
579 1035 618 1068 ad
645 1036 798 1079 integram
817 1036 1010 1069 solutionem
1029 1042 1058 1069 ct
1075 1036 1199 1069 satissa-

453 1087 592 1121 ctionem
612 1089 708 1121 totius
733 1094 809 1122 tunc
834 1088 893 1121 sihi
919 1088 1029 1127 debiti,
1051 1099 1200 1122 suorum-

453 1152 515 1184 que
539 1141 744 1183 damnorum,
765 1142 919 1175 intere-sse
938 1147 969 1175 et
988 1152 1198 1186 expensarum

454 1194 518 1227 litis
545 1200 576 1227 et
600 1199 700 1228 extra.
720 1194 808 1233 Quae
832 1194 961 1235 damna,
989 1195 1144 1228 interesse
1170 1202 1198 1228 et

453 1258 608 1291 expensas
640 1247 699 1280 sibi
731 1247 810 1291 ipsis
842 1247 977 1281 invicem
1011 1247 1142 1281 reticere
1170 1254 1198 1282 ct

456 1300 624 1333 restituere
649 1301 876 1344 promiserunt,
892 1306 923 1334 et
947 1301 985 1334 de
1011 1300 1048 1333 iis
1071 1305 1153 1333 stare
1170 1307 1201 1334 et

455 1353 586 1387 credere
621 1354 686 1387 suis
723 1353 810 1387 nudo
845 1360 876 1386 et
911 1353 1048 1397 simplici
1084 1353 1199 1394 verbe,

455 1406 576 1450 absque
608 1417 706 1440 onere
738 1407 785 1440 sui
818 1407 1027 1447 sacramenti,
1061 1407 1109 1440 rel
1139 1407 1201 1441 alia

456 1459 533 1492 iuris
567 1465 622 1493 ant
658 1461 785 1493 testium
822 1459 1035 1503 probatione,
1071 1460 1202 1494 remotis

456 1513 550 1545 etiam
567 1513 596 1545 in
615 1523 821 1556 quocumque
846 1522 920 1545 casu
943 1512 1202 1556 quibuscumque

455 1564 724 1610 appvllationibus
753 1571 782 1598 ct
816 1565 970 1599 nullitatis
993 1566 1200 1606 dictionibus,

457 1625 487 1651 et
518 1619 699 1662 praemissis
725 1630 787 1652 non
813 1620 1049 1659 contrafacere,
1075 1619 1201 1659 diceru,

457 1673 504 1705 rel
531 1672 637 1705 venire
662 1684 719 1716 per
743 1683 792 1711 se,
819 1673 866 1706 rel
898 1672 1017 1711 alium,
1045 1684 1101 1706 scu
1125 1673 1204 1707 alios

457 1726 517 1758 ¹<ub
527 1727 785 1770 poena‚solemni
801 1727 1005 1770 stipulatione
1016 1727 1202 1771 praemissa,

456 1785 621 1813 scutorum
648 1779 733 1813 mille
758 1780 840 1817 auri,
867 1786 897 1814 et
923 1779 1116 1822 obligatione
1141 1790 1203 1813 an-

459 1833 588 1866 tedicta.
621 1833 688 1872 Qua
729 1843 829 1877 poena
869 1834 995 1872 solnta,
1033 1834 1080 1866 vel
1118 1843 1202 1873 non,

459 1887 640 1931 supradicta
678 1887 786 1919 onmia
827 1893 854 1919 ct
893 1887 1015 1931 singula
1052 1887 1115 1920 sint
1150 1888 1203 1920 ni-

459 1940 632 1974 hilominus
662 1946 816 1984 perpetuo
851 1939 953 1972 sirina.
981 1941 1017 1973 tit
1043 1940 1084 1973 ita
1115 1940 1204 1973 tactis

460 2005 515 2037 per
550 1993 670 2025 «lictum
707 1993 958 2034 illustrissimum
989 2000 1018 2026 ct
1052 2003 1204 2025 reveren-

458 2047 623 2079 dissimum
659 2047 693 2079 1).
719 2046 913 2079 cardinalem
948 2052 1088 2089 pectore,
1116 2057 1203 2078 more

461 2100 749 2133 illustrissimorum
795 2105 824 2132 ct
866 2099 1203 2132 rex'ercn·lissimortnn

462 2154 522 2186 DI).
543 2154 574 2186 S.
596 2154 630 2186 ll.
651 2153 684 2186 E.
712 2152 937 2191 cardinalium,
957 2159 986 2185 ct
1014 2164 1070 2196 per
1086 2152 1203 2186 dictam

460 2206 698 2239 ÷··1·t·nissin1am
725 2206 891 2239 Dominam
926 2205 1089 2238 Dat-issam
1120 2206 1205 2238 scri-

463 2260 563 2303 pturis
588 2259 814 2294 sacrosanctis,
835 2259 873 2291 ad
891 2265 999 2292 sancta
1025 2260 1078 2293 Dei
1107 2259 1205 2292 Evan-

461 2314 540 2354 gvlia
575 2314 605 2346 in
640 2313 787 2346 manilius
820 2319 1002 2346 nostrorum
1038 2313 1205 2346 inti-ascri-

463 2374 587 2410 pturum
607 2367 806 2399 nonu-torma
822 2367 852 2399 in
866 2367 1003 2400 solidum
1019 2373 1203 2409 rogatorum

461 2420 554 2452 «lit-ti>
573 2420 755 2454 nmninilms
775 2420 804 2452 in
824 2420 946 2453 animas
971 2431 1102 2453 suorum
1122 2419 1206 2464 prin-

461 2474 610 2516 cip-'ilium
638 2474 811 2517 respui-tite
838 2475 996 2507 iurarunt.
1018 2476 1092 2507 ‚tt-ta
1111 2479 1139 2506 et
1157 2486 1206 2506 ce-

463 2528 578 2559 l··l·r.·tt:t
604 2530 691 2560 tut-re
709 2528 888 2571 suprwlirta
908 2528 1015 2560 omnia
1033 2534 1061 2560 et
1081 2527 1205 2570 singula

464 2592 492 2611 m
514 2581 638 2613 «nitate
665 2580 843 2615 l‘axentiac.
863 2581 892 2613 in
918 2581 1039 2625 palatio
1060 2579 1207 2613 «lomina-

465 2644 534 2665 rmn
552 2634 755 2668 antianormn
775 2634 877 2668 dictae
890 2634 1037 2672 civitatis,
1054 2644 1204 2676 praesen-

1228 500 1395 542 dioeeesis,
1423 501 1639 535 illustrissimo
1664 502 1771 545 equite
1787 502 1824 536 D.
1844 502 1975 536 Camillo

1230 554 1400 598 Evalengo,
1422 554 1523 588 nobili
1546 554 1755 595 Ferrariensi,
1775 560 1807 589 et
1831 555 1978 588 illustris-

1228 607 1312 641 simo
1336 608 1373 641 D.
1399 608 1544 642 Leandro
1568 608 1776 649 Grilenzono,
1803 608 1977 643 collaterali

1230 661 1262 694 in
1290 661 1416 695 civitate
1440 661 1622 702 Ferrmiae,
1656 661 1756 695 nobili
1785 661 1975 702 Mutinensi,

1230 713 1364 747 testibus
1393 714 1433 746 ad
1458 715 1632 758 praemissa
1655 714 1764 748 omnia
1795 721 1826 748 et
1850 715 1975 758 singula

1231 768 1362 806 vocatis,
1381 767 1497 801 habitis
1520 768 1702 811 specialiter
1723 774 1820 812 atque
1843 769 1972 813 rogatis.

1275 819 1380 853 Tenor
1403 830 1478 854 vero
1502 820 1674 864 supradicti
1694 821 1836 863 mandati
1861 831 1976 865 procu-

1232 882 1285 906 rae
1302 873 1524 906 serenissimae
1540 873 1576 906 D.
1595 872 1742 907 ducissae
1758 874 1797 908 de
1821 873 1919 908 verbo
1936 874 1976 907 ad

1232 925 1364 959 verbum
1388 926 1544 969 sequitur,
1570 932 1665 970 prout
1689 926 1791 966 infra,
1814 926 1975 961 videlicet.

1278 979 1312 1012 ln
1338 979 1453 1013 Christi
1479 979 1620 1018 nomine,
1647 989 1752 1012 amen.
1772 980 1864 1013 Anno
1888 979 1978 1012 Eius-

1233 1031 1305 1066 dem
1331 1032 1506 1066 nativitatis
1529 1032 1698 1066 millesimo
1721 1032 1978 1076 quingentesimo

1233 1086 1443 1130 nonagesimo
1459 1091 1581 1126 octavo,
1594 1085 1767 1120 indictione
1785 1095 1822 1126 11,
1833 1085 1883 1119 die
1895 1096 1979 1120 nona

1233 1139 1353 1173 mensis
1373 1139 1520 1180 ianuarii,
1547 1139 1712 1173 Ferrariae
1736 1139 1768 1172 in
1793 1145 1898 1174 castro
1921 1139 1980 1173 du-

1235 1193 1306 1233 cati,
1332 1192 1364 1225 in
1394 1193 1557 1226 camerino
1581 1192 1693 1226 solitae
1717 1192 1908 1227 residentiae
1933 1193 1982 1226 in-

1235 1246 1389 1290 frascripti
1415 1245 1536 1280 domini
1562 1246 1600 1279 D.
1628 1245 1779 1286 Caesaris,
1800 1246 1981 1289 praesenti-

1234 1298 1294 1332 bus
1319 1298 1452 1332 testibus
1475 1298 1595 1332 vocatis
1619 1305 1650 1332 ct
1676 1299 1813 1343 rogatis,
1833 1299 1982 1333 illustris-

1235 1352 1315 1385 simo
1335 1352 1370 1384 D.
1391 1352 1528 1385 llercule
1550 1351 1673 1385 Estensi
1691 1352 1806 1392 Musto,
1833 1352 1982 1386 illustris-

1235 1406 1317 1439 simo
1350 1405 1387 1438 D.
1424 1406 1540 1438 loanne
1572 1405 1712 1449 Baptista
1747 1405 1922 1440 Ladercliio
1953 1411 1984 1439 et

1236 1458 1451 1493 illustrissimo
1484 1458 1520 1492 D.
1553 1458 1658 1492 Marco
1683 1458 1820 1492 Antonio
1852 1458 1979 1500 Riccio‚

1237 1512 1387 1545 dominus
1419 1512 1454 1545 D.
1490 1511 1604 1546 Caesar
1640 1512 1781 1547 Estensis
1819 1511 1983 1555 quondam

1237 1566 1270 1599 D.
1292 1565 1361 1598 Don
1378 1565 1544 1608 Alphonsi,
1564 1570 1690 1609 sponte,
1709 1571 1740 1599 et
1757 1576 1794 1599 ex
1811 1571 1898 1600 certa
1914 1565 1983 1599 eius

1238 1619 1337 1652 animi
1364 1618 1514 1659 scientia,
1541 1625 1571 1652 et
1597 1619 1686 1652 omni
1713 1619 1834 1652 meliori
1865 1618 1980 1659 modo,

1239 1673 1298 1711 via,
1319 1672 1399 1713 iure,
1426 1683 1522 1706 causa
1546 1679 1575 1705 et
1602 1672 1713 1712 forma,
1742 1672 1858 1716 quibus
1883 1672 1984 1715 magis

1238 1732 1267 1759 et
1285 1726 1399 1760 melius
1427 1726 1529 1769 potuit
1547 1731 1578 1759 et
1596 1731 1711 1769 potest,
1724 1735 1787 1758 non
1805 1725 1984 1759 revocando

1238 1785 1367 1823 propter
1391 1780 1451 1812 lioc
1475 1779 1613 1822 aliquem
1639 1779 1737 1812 alium
1755 1790 1848 1814 suum
1868 1789 1985 1823 procu-

1238 1838 1375 1866 ratorem
1401 1844 1458 1876 per
1481 1843 1554 1865 eum
1580 1832 1736 1865 hactenus
1758 1832 1981 1871 constitutum,

1237 1886 1293 1919 sed
1311 1885 1416 1928 potius
1440 1885 1674 1926 confirmando,
1694 1885 1781 1925 feeit,
1801 1886 1983 1925 constituit,

1239 1938 1356 1972 creavit
1380 1944 1408 1972 et
1434 1938 1619 1972 solemniter
1636 1938 1793 1971 ordinavit
1819 1949 1909 1972 suam
1935 1949 1986 1973 vc-

1239 2004 1318 2033 ram‚
1338 1993 1512 2036 legitimam
1539 1992 1702 2033 actricem,
1722 1992 1897 2032 factricem,
1913 2003 1985 2036 pro-

1239 2045 1442 2084 curatricem,
1470 2044 1742 2088 negor-lorumque
1767 2044 1984 2089 infrascripto-

1240 2111 1309 2132 rum
1336 2109 1467 2132 suorum
1493 2098 1674 2143 gesti-icem,
1690 2104 1720 2132 et
1737 2097 1895 2142 quidquid
1920 2108 1986 2132 me-

1240 2153 1300 2186 lius
1324 2153 1399 2192 dici,
1426 2152 1548 2186 censeri
1573 2158 1603 2186 et
1627 2163 1696 2185 csse
1721 2152 1831 2196 possit,
1852 2152 1986 2186 screnis-

1239 2207 1352 2239 simam
1388 2206 1567 2239 madamam
1606 2205 1784 2240 Lucretiam
1818 2206 1985 2240 Estensem

1240 2259 1399 2293 ‹tucis-sam
1416 2258 1528 2293 Urbini
1543 2259 1707 2292 absentem
1722 2264 1885 2302 tamquam
1897 2269 1987 2302 prae-

1239 2319 1373 2350 sentem,
1391 2313 1572 2357 specialiter
1589 2318 1618 2345 ct
1636 2322 1795 2356 expresse,
1811 2312 1850 2345 ad
1868 2322 1986 2346 nomen

1241 2366 1340 2412 ipsius
1373 2368 1409 2400 D.
1432 2366 1667 2405 constituentis,
1693 2371 1722 2399 ct
1748 2376 1805 2410 pro
1829 2376 1867 2399 eo
1892 2375 1987 2399 com-

1242 2420 1440 2463 ponendum,
1467 2419 1708 2463 transigendum
1734 2425 1765 2453 ct
1789 2419 1987 2452 concordan-

1241 2474 1331 2511 dum,
1361 2480 1390 2506 ct
1424 2483 1662 2516 qu-uncmnque
1694 2471 1985 2515 compositionem,

1243 2527 1489 2560 transactionem
1512 2532 1539 2559 ct
1567 2525 1773 2559 concordiam
1792 2524 1985 2563 faciendum,

1244 2579 1420 2612 iucundum
1446 2585 1474 2612 ct
1508 2579 1702 2612 lirniandnm
1737 2589 1808 2611 cum
1843 2577 1988 2611 illustris-

1242 2634 1322 2667 simo
1355 2638 1385 2665 ct
1419 2632 1682 2666 reverendissimo
1707 2631 1860 2665 cardinali
1886 2630 1987 2665 Attto-

2052 827 2176 848 Mandatum

1991 859 2096 880 procui-ao
2124 852 2177 874 Can·

2083 879 2178 901 Emensis

1992 907 2063 927 favore
2075 905 2179 928 nucinas

1993 933 2074 957 Urbini.
2088 933 2116 954 de
2134 937 2177 960 qno

1992 965 2064 986 supra.

1991 881 2045 902 saris
