2253 3195
63 235 110 261 An.
128 233 155 259 (ἶ.
183 234 247 261 1597

72 503 186 523 tainu-“tum
195 507 247 522 onas

63 529 147 555 petendi
167 529 247 554 pontiti-

62 555 117 575 cmm
138 556 247 575 conflrma-

63 582 148 602 tionem.

86 1507 117 1529 Ex
127 1508 200 1529 cadem
215 1514 251 1534 pe-

56 1535 129 1556 »cunia
163 1535 252 1555 emenda

65 1567 126 1582 sacra
147 1562 252 1588 suppelle-

66 1588 124 1608 ctilia
146 1588 174 1608 au
197 1588 251 1608 mle-

65 1613 184 1635 brationeni
203 1616 251 1635 mis-

66 1643 162 1665 samen„
177 1647 250 1661 neces-

66 1668 129 1688 saria.

880 235 1026 259 CLEMENS
1046 236 1103 258 vul
1124 236 1173 259 PP.

263 282 427 322 dominiis,
450 283 694 316 redimanturin
716 288 783 316 toto
805 284 849 315 vel
871 283 901 315 in
918 288 1007 326 parte

214 351 220 360 ι
263 335 380 378 captivi
410 336 573 369 naturales
599 347 635 369 cx
666 346 766 378 regno
786 336 953 375 Castaliae,
978 341 1006 368 et

262 388 308 420 illi
329 388 383 432 qui
403 389 521 422 fuerint
541 389 666 422 vassalli
688 389 762 422 dicti
781 389 864 431 regis
885 389 1008 432 praefe-

263 447 375 474 rantur
393 442 463 475 aliis
484 452 520 475 ex
541 443 626 476 dicto
647 453 746 485 regno
765 453 829 475 non
851 441 1004 474 vassallis.

262 496 305 528 Ac
323 495 409 539 quod
430 506 488 539 pro
514 496 629 529 maiori
651 496 802 528 firmitate
824 495 1007 538 praedicto-

262 558 334 580 rum
365 554 428 580 tam
460 548 564 581 dictus
593 548 783 580 Laurentius
814 548 1004 591 episcopus,

262 611 359 644 quam
381 601 494 634 fratres
524 601 751 634 Sanctissimae
770 601 933 634 Trinitatis
954 612 1008 644 pe-

263 660 331 687 tere
351 659 382 687 et
401 654 547 687 obtinere
569 654 707 687 debeant
727 654 1007 687 confirmationem

261 712 451 750 perpetuam
481 713 512 740 et
548 706 793 740 irrevocabilem
829 707 924 740 huius
962 707 1007 751 pii

261 759 369 803 operis
388 759 428 792 ab
449 759 508 793 hac
528 760 558 793 S.
583 760 664 793 Sede
689 760 884 804 Apostolica‚
909 766 939 794 et
951 761 1008 793 ali-

261 823 340 857 quas
360 814 478 856 gratias
502 819 533 846 et
553 814 719 847 facultates
746 814 929 858 spirituales
949 825 1007 858 pro

261 867 435 910 praedictis
456 867 608 900 fratribus
625 873 655 900 et
668 867 811 911 captivis,
827 867 1008 911 sumptibus

261 925 294 953 et
313 920 458 963 expensis
478 919 554 953 dicti
581 919 744 953 Laurentii
765 920 919 964 episcopi,
942 931 1008 953 non

262 979 370 1006 autem
403 974 507 1006 dictae
533 974 700 1016 religionis
715 1001 722 1014 ‚
743 974 783 1006 ad
815 974 902 1017 quod
922 974 1007 1007 idem

263 1026 452 1060 Laurentius
472 1027 644 1070 episcopus
664 1037 700 1060 ex
726 1033 802 1060 tunc
831 1038 864 1060 se
892 1027 1010 1060 obtulit

263 1085 294 1112 et
314 1080 490 1122 obligavit;
513 1090 640 1113 necnon
662 1081 750 1124 quod
770 1081 884 1114 eodem
910 1081 1008 1114 modo

241 1150 245 1152 -
262 1132 295 1165 in
315 1133 375 1174 his,
390 1133 422 1165 in
443 1133 560 1176 quibus
576 1144 637 1177 pro
658 1134 773 1166 maiori
794 1135 1009 1178 perpetuitate

249 1191 294 1218 ‘et
313 1186 528 1229 exequutione
547 1186 734 1220 huiusmodi
754 1187 798 1230 pii
819 1187 925 1231 operis
950 1187 1011 1221 erit

261 1239 445 1272 necessaria
458 1240 648 1283 approbatio
666 1240 764 1282 regia,
782 1241 1010 1274 eodemmodo

263 1297 400 1336 utraque
420 1303 495 1336 pars
516 1292 603 1326 illam
622 1293 820 1326 coniunctim
834 1300 944 1337 petere
956 1295 1011 1328 de-

263 1344 362 1378 beant
381 1345 527 1389 expensis
541 1345 615 1379 dicti
637 1346 800 1380 Laurentii
821 1347 964 1391 episcopi
978 1347 1011 1380 in

263 1399 465 1440 necessariis,
489 1400 668 1433 dummodo
688 1400 882 1444 impetretur
906 1407 937 1434 et
956 1401 1011 1434 fiat

265 1451 402 1485 durante
436 1452 498 1485 vita
536 1452 611 1485 dicti
651 1453 815 1486 Laurentii
847 1453 1007 1497 episcopi.

265 1505 435 1538 Praeterea
460 1516 496 1538 ex
526 1505 664 1549 pecunia
692 1506 839 1550 superius
860 1507 1012 1550 deputata

266 1559 307 1591 ad
327 1558 489 1599 effectum,
503 1564 539 1592 ut
558 1570 617 1603 per
637 1569 752 1593 manus
770 1560 1011 1603 praedictorum

266 1611 403 1645 fratrum
431 1613 463 1645 in
483 1613 613 1655 Algerio
644 1613 693 1646 vel
713 1613 776 1646 alio
796 1613 919 1647 Africae
940 1614 1012 1647 loco

265 1665 494 1706 assistentium,
518 1672 554 1699 ut
573 1667 767 1710 praefertur,
791 1666 823 1699 in
844 1667 940 1700 rebus
960 1678 1013 1700 su-

264 1719 373 1762 perius
392 1718 598 1763 specificatis,
623 1719 771 1752 distribui
793 1719 887 1753 debet
901 1747 908 1761 ,
931 1730 1009 1763 pos-

265 1771 329 1804 sint
355 1772 418 1806 emi
447 1772 555 1816 aliqua
584 1778 794 1816 paramenta,
828 1783 884 1806 seu
916 1783 1011 1807 orna-

265 1831 377 1867 menta
393 1826 610 1859 ecclesiastica
629 1832 659 1860 et
679 1837 769 1859 sacra
788 1837 861 1859 vasa
881 1832 912 1859 et
936 1827 1013 1860 cali-

266 1889 319 1912 ces
343 1879 525 1912 necessaria
549 1880 589 1913 ad
610 1879 861 1913 celebrationem
882 1879 1009 1913 divino-

266 1941 338 1963 rum
364 1932 449 1974 apud
473 1932 637 1974 Algerium
675 1943 731 1965 seu
757 1932 857 1965 alium
888 1933 1013 1966 Africae

267 1984 395 2025 locum,
430 1990 465 2017 ut
495 1995 610 2028 supra;
645 1991 676 2018 et
706 1985 781 2018 licet
809 1986 1013 2029 saepedictus

267 2037 459 2071 Laurentius
479 2038 649 2082 episcopus
669 2049 729 2082 pro
760 2049 847 2072 nunc
877 2050 1011 2083 compe-

268 2096 373 2124 tenter
392 2091 532 2134 providit
550 2097 740 2134 paramenta
759 2097 790 2125 et
810 2092 924 2125 calices
951 2103 1011 2126 ne·-

269 2143 433 2184 cessarios,
456 2149 492 2176 ut
516 2144 631 2177 melius
661 2144 879 2188 prospiciatur
898 2155 1011 2178 neces-

267 2196 414 2230 sitatibus
444 2197 638 2240 praedictis,
662 2198 779 2240 quibus
809 2208 895 2231 nunc
922 2198 1016 2231 aliter

268 2250 408 2294 prospici
433 2261 499 2283 non
519 2255 647 2294 potest,
673 2250 775 2284 voluit
802 2256 832 2284 et
856 2251 1016 2284 ordinavit

216 2302 221 2306 ’
268 2304 368 2346 quod,
388 2309 579 2337 occurrente
593 2304 702 2347 aliqua
712 2304 901 2337 necessitate
915 2304 1016 2337 dicto-

267 2367 341 2389 rum
353 2363 630 2400 paramentorum,
641 2357 798 2401 praedicti
810 2357 923 2390 fratres
932 2358 1015 2390 elee-

269 2419 417 2454 mosynas
437 2421 456 2442 a
474 2411 536 2454 piis
557 2410 820 2444 christifidelibus
840 2416 960 2453 petant,
985 2416 1016 2443 et

270 2462 310 2495 de
329 2462 391 2496 illis
411 2463 601 2506 provideant
628 2463 871 2497 necessitatibus
891 2463 1010 2496 altaris.

270 2515 318 2548 Ad
337 2515 428 2556 haec,
449 2516 475 2549 si
493 2516 597 2550 dictus
616 2516 785 2560 Philippus
805 2527 859 2549 rex
880 2522 935 2550 aut
947 2516 1014 2550 eius

1692 226 1750 259 :361
1804 236 1852 262 An.
1872 236 1900 263 c.
1920 237 1985 264 1507

1043 283 1187 326 quinque
1204 283 1342 316 millium
1357 283 1634 326 morapctinorum
1649 284 1786 317 dotatio·
1851 297 1987 318 conditiones

1043 336 1091 369 nis
1111 336 1201 370 istius
1222 337 1338 380 operis,
1365 343 1437 370 tunc
1459 342 1490 369 et
1507 347 1544 369 eo
1566 347 1652 375 casu,
1681 326 1989 377 dictusi.i1¹i.'1?”'1}‘331.0l‘„‘i'-

1043 388 1283 422 administrator
1297 400 1314 422 a
1332 400 1407 431 rege
1428 389 1624 430 nominatus,
1639 395 1668 423 et
1684 390 1787 423 dictus
1803 380 1853 397 '³¹⁹'

1043 442 1189 474 minister
1209 442 1325 475 domus
1345 443 1456 486 oppidi
1477 443 1516 476 (le
1536 443 1658 476 Madrid
1679 443 1788 476 huius-

1044 495 1141 532 modi,
1165 495 1321 538 recipiant
1340 502 1459 529 sortem
1480 496 1706 540 principalem,
1731 507 1787 530 seu

1042 547 1180 590 pretium
1208 549 1344 592 capitale
1362 549 1467 582 dictae
1493 549 1786 589 retrovenditionis,

1043 601 1187 644 illudque
1218 602 1381 645 deponere
1413 608 1583 636 teneantur
1618 604 1649 636 in
1680 603 1789 647 aliquo

1042 654 1125 695 loco,
1154 654 1256 687 donec
1280 660 1311 687 et
1335 665 1504 699 quousque
1530 656 1711 689 inveniatur
1731 656 1790 689 ali-

1043 718 1106 751 qua
1125 707 1188 740 alia
1214 718 1264 740 res
1296 708 1500 751 aequivalens
1528 715 1558 742 et
1584 709 1714 749 similis,
1737 715 1792 742 aut

1042 760 1074 792 in
1094 760 1218 793 iuribus
1239 761 1412 803 regalibus,
1436 767 1489 794 aut
1511 761 1543 794 in
1564 762 1634 795 aliis
1654 762 1790 795 redditi-

1043 814 1120 854 bus⁷
1144 814 1198 857 qui
1227 815 1429 847 tantumdem
1454 815 1592 848 reddant
1623 821 1718 859 atque
1742 826 1792 849 re-

1042 868 1234 911 spondeant,
1258 874 1289 901 et
1307 868 1394 911 quod
1411 868 1655 902 administrator
1674 876 1703 902 et
1725 870 1788 902 Re-

1042 920 1119 963 ligio
1132 921 1300 964 praedicti,
1325 931 1385 964 pro
1400 922 1467 954 zelo
1488 927 1519 954 et
1539 921 1693 954 charitate
1718 922 1789 954 ani-

1043 984 1169 1007 marum
1191 974 1403 1017 captivorum,
1422 985 1496 1007 cum
1517 974 1606 1007 omni
1627 975 1793 1017 diligentia

1043 1032 1073 1060 et
1098 1026 1261 1060 celeritate
1292 1027 1482 1071 perquirere
1509 1033 1540 1060 et
1570 1027 1725 1070 indagare
1747 1033 1792 1060 te-

1044 1085 1182 1112 neantur
1202 1080 1401 1123 praedictam
1433 1091 1502 1113 rem
1529 1080 1668 1113 similem
1690 1086 1720 1114 et
1741 1091 1793 1113 ae-

1044 1133 1272 1176 quivalentem,
1290 1133 1322 1165 in
1334 1144 1397 1176 qua
1418 1134 1539 1166 dictum
1553 1134 1693 1177 pretium
1706 1134 1792 1166 rein-

1044 1186 1218 1226 vestiatur‚
1243 1197 1283 1219 ne
1304 1186 1490 1219 huiusmodi
1515 1186 1605 1230 pium
1627 1197 1708 1230 opus
1727 1198 1793 1220 ces-

1044 1243 1113 1279 set,
1145 1239 1243 1272 etiam
1283 1239 1362 1272 illud
1398 1239 1431 1272 in
1463 1250 1527 1282 quo
1562 1240 1791 1280 reinvestitur,

1045 1293 1181 1337 recipiat
1212 1293 1377 1337 praedicta
1400 1293 1525 1336 Religio
1556 1305 1612 1327 seu
1650 1304 1791 1327 conven-

1047 1352 1115 1387 tus,
1147 1347 1363 1390 praecedente
1389 1357 1501 1379 eorum
1532 1347 1730 1389 obligatione
1758 1358 1792 1380 o-

1046 1399 1170 1431 mnium
1203 1400 1235 1431 in
1263 1399 1449 1443 praemissis
1474 1405 1720 1441 contentorum,
1752 1401 1792 1433 ad

1046 1462 1187 1496 quorum
1209 1452 1446 1486 observantiam
1460 1463 1493 1486 se
1507 1453 1651 1495 obligare
1664 1459 1796 1487 tenean-

1047 1510 1099 1538 tur
1126 1516 1185 1549 per
1209 1506 1403 1549 scripturam
1434 1505 1563 1538 firmam
1596 1512 1626 1539 et
1656 1507 1795 1539 validam

1047 1569 1120 1592 cum
1146 1559 1297 1592 omnibus
1317 1558 1481 1602 requisitis
1501 1564 1532 1591 et
1553 1559 1796 1601 conditionibus

1047 1613 1086 1645 de
1106 1612 1176 1646 iure
1201 1612 1409 1653 necessariis,
1433 1622 1507 1645 cum
1536 1612 1792 1656 licentiatsupe-

1047 1666 1159 1706 rioris,
1183 1672 1214 1699 et
1240 1666 1428 1699 tractatibus
1453 1666 1550 1699 etiam
1582 1667 1621 1699 de
1648 1666 1794 1699 eiusdem

1046 1719 1222 1763 superioris
1242 1719 1371 1752 licentia
1398 1719 1488 1752 factis
1501 1747 1508 1759 ,
1529 1725 1560 1752 et
1579 1719 1711 1763 reliquis
1735 1730 1795 1763 pro

1047 1772 1183 1805 firmiori
1203 1772 1366 1805 validitate
1390 1772 1643 1816 praemissorum
1666 1773 1705 1805 de
1725 1773 1794 1806 iure

1048 1825 1220 1869 requisitis.
1244 1826 1282 1858 Et
1302 1825 1327 1858 si
1347 1825 1495 1858 infideles
1522 1831 1656 1869 propter
1682 1825 1794 1858 odium
1841 1830 1940 1860 Ce÷÷=¹¹1¹⁰
1956 1832 1995 1852 Re·

1810 1857 1932 1882 demptione
1961 1864 1995 1878 ca-

1047 1879 1135 1922 quod
1154 1878 1276 1911 habent
1296 1883 1409 1912 contra
1433 1878 1531 1911 fidem
1552 1878 1744 1911 catholicam
1764 1884 1794 1911 et
1809 1884 1996 1931 {iiiin‘ff'ffssfflssitna'

1048 1932 1270 1976 apostolicam,
1288 1932 1336 1964 vel
1350 1931 1438 1972 alias,
1463 1931 1638 1975 aliquando
1655 1932 1794 1965 vendere
1810 1937 1925 1988 giguffi'era
1940 1938 1996 1958 insu.

1048 1985 1096 2018 vel
1116 1990 1302 2029 permutare
1323 1984 1515 2017 christianos
1536 1984 1677 2028 captivos
1702 1995 1796 2027 prae-

1049 2038 1151 2071 dictos
1164 2037 1392 2078 recusaverint,
1408 2037 1480 2070 illos
1495 2038 1744 2081 transportando
1755 2038 1796 2070 ad

1048 2097 1155 2136 partes
1172 2091 1363 2124 remotiores
1379 2091 1516 2131 Africae,
1537 2101 1593 2124 seu
1610 2091 1793 2132 Barbariae,

1049 2151 1084 2178 ut
1109 2155 1163 2178 eos
1194 2144 1320 2177 facilius
1352 2155 1370 2177 a
1390 2150 1500 2177 sancta
1529 2144 1593 2177 fide
1621 2144 1796 2177 christiana

1049 2205 1230 2242 apostatare
1243 2205 1275 2232 et
1287 2204 1443 2239 avertere,
1456 2209 1493 2231 ac
1505 2199 1545 2231 ad
1559 2198 1591 2231 id
1601 2198 1796 2241 compellere

1049 2252 1173 2295 possint
1193 2252 1299 2296 (quod
1321 2253 1404 2285 Deus
1428 2252 1583 2294 avertat),
1607 2257 1682 2284 tunc
1704 2257 1735 2284 et
1759 2262 1797 2285 eo

1050 2315 1136 2345 casu,
1155 2304 1230 2348 quia
1250 2304 1386 2338 cessabit
1399 2303 1632 2337 commercium
1653 2309 1797 2346 etnego-

1051 2357 1141 2391 tiatio
1150 2357 1383 2401 redemptionis
1392 2357 1603 2401 captivorum,
1616 2357 1704 2400 quod
1714 2357 1797 2390 dicta

1049 2410 1163 2453 religio
1183 2410 1409 2444 Sanctissimae
1423 2409 1585 2442 Trinitatis
1599 2409 1684 2442 iuxta
1704 2420 1798 2442 suum

1050 2463 1231 2497 institutum
1252 2464 1358 2496 facere
1380 2468 1519 2503 tenetur,
1543 2473 1580 2496 ac
1598 2462 1694 2495 etiam
1723 2473 1795 2496 ces-

1049 2516 1131 2549 sabit
1150 2516 1212 2550 hoc
1228 2516 1319 2560 pium
1340 2526 1432 2560 opus,
1457 2516 1544 2559 quod
1562 2515 1594 2548 in
1609 2516 1696 2549 dicto
1710 2526 1798 2549 com-

270 2567 303 2600 in
320 2579 420 2611 regno
437 2580 638 2604 successores
654 2570 852 2604 redemerint
868 2575 898 2603 et
914 2575 1015 2604 retro·
1032 2571 1033 2574 ’
1051 2569 1171 2603 mercio
1189 2569 1359 2609 fundatur,
1383 2569 1470 2612 quod
1489 2569 1520 2602 in
1538 2575 1602 2602 tam
1622 2569 1797 2602 miserabili

271 2621 409 2655 emerint
441 2622 543 2656 dictos
568 2623 712 2657 redditus
743 2623 957 2657 ducentorum
985 2629 1016 2657 et
1050 2628 1164 2657 eventu
1185 2628 1217 2656 et
1235 2633 1383 2656 successu
1404 2621 1560 2666 praedicti
1582 2622 1727 2656 redditus
1740 2623 1798 2656 du-

356 2684 435 2712 Bull.
457 2686 537 2714 Rom.
562 2686 621 2714 Vol.
644 2686 677 2714 X.
894 2686 929 2714 46
