<?xml version="1.0" encoding="UTF-8"?>
<!DOCTYPE html PUBLIC "-//W3C//DTD XHTML 1.0 Transitional//EN"
    "http://www.w3.org/TR/xhtml1/DTD/xhtml1-transitional.dtd">
<html xmlns="http://www.w3.org/1999/xhtml" xml:lang="en" lang="en">
 <head>
  <title>
</title>
<meta http-equiv="Content-Type" content="text/html;charset=utf-8" />
  <meta name='ocr-system' content='tesseract 3.04.00' />
  <meta name='ocr-capabilities' content='ocr_page ocr_carea ocr_par ocr_line ocrx_word'/>
</head>
<body>
  <div class='ocr_page' id='page_1' title='image "./bullarumdiplomat10cath/bullarumdiplomat10cath_0154.png"; bbox 0 0 2253 3195; ppageno 0'>
   <div class='ocr_carea' id='block_1_1' title="bbox 241 157 535 196">
    <p class='ocr_par' dir='ltr' id='par_1_1' title="bbox 241 157 535 196">
     <span class='ocr_line' id='line_1_1' title="bbox 241 157 535 196; baseline -0.017 0"><span class='ocrx_word' id='word_1_1' title='bbox 241 169 292 196; x_wconf 78' lang='lat' dir='ltr'>An.</span> <span class='ocrx_word' id='word_1_2' title='bbox 309 168 339 195; x_wconf 89' lang='lat' dir='ltr'>c.</span> <span class='ocrx_word' id='word_1_3' title='bbox 356 167 425 195; x_wconf 71' lang='lat'>1594</span> <span class='ocrx_word' id='word_1_4' title='bbox 464 157 535 192; x_wconf 61' lang='lat' dir='ltr'>we</span> 
     </span>
    </p>
   </div>
   <div class='ocr_carea' id='block_1_2' title="bbox 238 598 425 861">
    <p class='ocr_par' dir='ltr' id='par_1_2' title="bbox 238 598 425 861">
     <span class='ocr_line' id='line_1_2' title="bbox 277 598 371 619; baseline -0.021 0"><span class='ocrx_word' id='word_1_5' title='bbox 277 598 371 619; x_wconf 60' lang='lat' dir='ltr'>clem-›n‹</span> 
     </span>
     <span class='ocr_line' id='line_1_3' title="bbox 238 624 422 645; baseline -0.016 1"><span class='ocrx_word' id='word_1_6' title='bbox 238 631 296 645; x_wconf 69' lang='lat' dir='ltr'>earn»</span> <span class='ocrx_word' id='word_1_7' title='bbox 328 624 422 644; x_wconf 69' lang='lat' dir='ltr'>Turrita-</span> 
     </span>
     <span class='ocr_line' id='line_1_4' title="bbox 238 650 422 675; baseline -0.016 -4"><span class='ocrx_word' id='word_1_8' title='bbox 238 650 422 675; x_wconf 66' lang='lat' dir='ltr'>mar1.·hie1.1&lt;v01.t</span> 
     </span>
     <span class='ocr_line' id='line_1_5' title="bbox 239 678 423 698; baseline -0.016 0"><span class='ocrx_word' id='word_1_9' title='bbox 239 678 423 698; x_wconf 73' lang='lat' dir='ltr'>c·›1nmlttit.utc‹-s</span> 
     </span>
     <span class='ocr_line' id='line_1_6' title="bbox 239 704 423 729; baseline -0.011 -5"><span class='ocrx_word' id='word_1_10' title='bbox 239 707 299 729; x_wconf 68' lang='lat' dir='ltr'>rugat</span> <span class='ocrx_word' id='word_1_11' title='bbox 317 704 343 723; x_wconf 78' lang='lat' dir='ltr'>ad</span> <span class='ocrx_word' id='word_1_12' title='bbox 360 706 423 723; x_wconf 76' lang='lat' dir='ltr'>ratm-</span> 
     </span>
     <span class='ocr_line' id='line_1_7' title="bbox 240 732 423 755; baseline -0.022 -4"><span class='ocrx_word' id='word_1_13' title='bbox 240 738 287 751; x_wconf 59' lang='lat' dir='ltr'>nt‘tn</span> <span class='ocrx_word' id='word_1_14' title='bbox 314 732 423 755; x_wconf 61' lang='lat' dir='ltr'>percepto-</span> 
     </span>
     <span class='ocr_line' id='line_1_8' title="bbox 239 756 425 778; baseline -0.016 0"><span class='ocrx_word' id='word_1_15' title='bbox 239 763 282 778; x_wconf 79' lang='lat' dir='ltr'>ruiu</span> <span class='ocrx_word' id='word_1_16' title='bbox 290 756 425 777; x_wconf 70' lang='lat' dir='ltr'>reddendam</span> 
     </span>
     <span class='ocr_line' id='line_1_9' title="bbox 239 783 423 810; baseline -0.011 -7"><span class='ocrx_word' id='word_1_17' title='bbox 239 789 360 810; x_wconf 55' lang='lat' dir='ltr'>poenasque</span> <span class='ocrx_word' id='word_1_18' title='bbox 381 783 423 802; x_wconf 73' lang='lat' dir='ltr'>itm·</span> 
     </span>
     <span class='ocr_line' id='line_1_10' title="bbox 239 810 424 831; baseline -0.011 0"><span class='ocrx_word' id='word_1_19' title='bbox 239 810 373 831; x_wconf 64' lang='lat' dir='ltr'>hemeran-n&lt;</span> <span class='ocrx_word' id='word_1_20' title='bbox 394 810 424 829; x_wconf 82' lang='lat' dir='ltr'>in-</span> 
     </span>
     <span class='ocr_line' id='line_1_11' title="bbox 241 837 306 861; baseline -0.015 -4"><span class='ocrx_word' id='word_1_21' title='bbox 241 837 306 861; x_wconf 68' lang='lat' dir='ltr'>sstgal.</span> 
     </span>
    </p>
   </div>
   <div class='ocr_carea' id='block_1_3' title="bbox 393 215 1219 2613">
    <p class='ocr_par' dir='ltr' id='par_1_3' title="bbox 393 215 1219 2613">
     <span class='ocr_line' id='line_1_12' title="bbox 432 215 1175 261; baseline -0.007 -11"><span class='ocrx_word' id='word_1_22' title='bbox 432 216 634 261; x_wconf 86' lang='lat' dir='ltr'>perceperint</span> <span class='ocrx_word' id='word_1_23' title='bbox 655 221 686 249; x_wconf 88' lang='lat' dir='ltr'>et</span> <span class='ocrx_word' id='word_1_24' title='bbox 705 215 878 259; x_wconf 76' lang='lat' dir='ltr'>exegerint,</span> <span class='ocrx_word' id='word_1_25' title='bbox 900 224 954 248; x_wconf 92' lang='lat' dir='ltr'>eos</span> <span class='ocrx_word' id='word_1_26' title='bbox 974 219 1093 253; x_wconf 86' lang='lat' dir='ltr'>tamen,</span> <span class='ocrx_word' id='word_1_27' title='bbox 1109 224 1175 246; x_wconf 89' lang='lat' dir='ltr'>non</span> 
     </span>
     <span class='ocr_line' id='line_1_13' title="bbox 433 268 1172 314; baseline -0.007 -10"><span class='ocrx_word' id='word_1_28' title='bbox 433 271 465 304; x_wconf 94' lang='lat' dir='ltr'>in</span> <span class='ocrx_word' id='word_1_29' title='bbox 495 270 730 314; x_wconf 72' lang='lat' dir='ltr'>reparationem</span> <span class='ocrx_word' id='word_1_30' title='bbox 762 268 986 305; x_wconf 85' lang='lat' dir='ltr'>ecclesiarum,</span> <span class='ocrx_word' id='word_1_31' title='bbox 1009 278 1045 300; x_wconf 92' lang='lat' dir='ltr'>ac</span> <span class='ocrx_word' id='word_1_32' title='bbox 1075 277 1172 300; x_wconf 89' lang='lat' dir='ltr'>orna-</span> 
     </span>
     <span class='ocr_line' id='line_1_14' title="bbox 434 320 1173 366; baseline -0.005 -10"><span class='ocrx_word' id='word_1_33' title='bbox 434 329 617 356; x_wconf 77' lang='lat' dir='ltr'>mentorum</span> <span class='ocrx_word' id='word_1_34' title='bbox 635 328 665 355; x_wconf 88' lang='lat' dir='ltr'>et</span> <span class='ocrx_word' id='word_1_35' title='bbox 686 327 949 366; x_wconf 85' lang='lat' dir='ltr'>paramentorum</span> <span class='ocrx_word' id='word_1_36' title='bbox 963 320 1173 364; x_wconf 79' lang='lat' dir='ltr'>emptionem,</span> 
     </span>
     <span class='ocr_line' id='line_1_15' title="bbox 434 370 1197 420; baseline -0.005 -11"><span class='ocrx_word' id='word_1_37' title='bbox 434 383 469 410; x_wconf 88' lang='lat' dir='ltr'>ut</span> <span class='ocrx_word' id='word_1_38' title='bbox 487 377 533 410; x_wconf 88' lang='lat' dir='ltr'>Pii</span> <span class='ocrx_word' id='word_1_39' title='bbox 558 375 812 420; x_wconf 79' lang='lat' dir='ltr'>praedecessoris</span> <span class='ocrx_word' id='word_1_40' title='bbox 842 385 932 408; x_wconf 90' lang='lat' dir='ltr'>mens</span> <span class='ocrx_word' id='word_1_41' title='bbox 961 374 1041 414; x_wconf 86' lang='lat' dir='ltr'>fuit,</span> <span class='ocrx_word' id='word_1_42' title='bbox 1064 374 1121 407; x_wconf 92' lang='lat' dir='ltr'>sed</span> <span class='ocrx_word' id='word_1_43' title='bbox 1145 370 1197 405; x_wconf 83' lang='lat' dir='ltr'>in&#39;</span> 
     </span>
     <span class='ocr_line' id='line_1_16' title="bbox 434 428 1198 474; baseline -0.004 -11"><span class='ocrx_word' id='word_1_44' title='bbox 434 430 582 474; x_wconf 88' lang='lat' dir='ltr'>proprios</span> <span class='ocrx_word' id='word_1_45' title='bbox 610 440 722 463; x_wconf 91' lang='lat' dir='ltr'>eorum</span> <span class='ocrx_word' id='word_1_46' title='bbox 753 439 830 462; x_wconf 89' lang='lat' dir='ltr'>usus</span> <span class='ocrx_word' id='word_1_47' title='bbox 859 428 1092 462; x_wconf 79' lang='lat' dir='ltr'>converterint:</span> <span class='ocrx_word' id='word_1_48' title='bbox 1120 428 1198 461; x_wconf 64' lang='lat' dir='ltr'>nos·</span> 
     </span>
     <span class='ocr_line' id='line_1_17' title="bbox 435 481 1198 528; baseline -0.004 -11"><span class='ocrx_word' id='word_1_49' title='bbox 435 484 520 528; x_wconf 84' lang='lat' dir='ltr'>piam</span> <span class='ocrx_word' id='word_1_50' title='bbox 551 489 614 516; x_wconf 86' lang='lat' dir='ltr'>tam</span> <span class='ocrx_word' id='word_1_51' title='bbox 634 482 773 526; x_wconf 85' lang='lat' dir='ltr'>Philippi</span> <span class='ocrx_word' id='word_1_52' title='bbox 793 482 888 525; x_wconf 79' lang='lat' dir='ltr'>regis,</span> <span class='ocrx_word' id='word_1_53' title='bbox 905 493 1001 526; x_wconf 85' lang='lat' dir='ltr'>quam</span> <span class='ocrx_word' id='word_1_54' title='bbox 1022 481 1068 515; x_wconf 89' lang='lat' dir='ltr'>Pii</span> <span class='ocrx_word' id='word_1_55' title='bbox 1088 492 1198 525; x_wconf 45' lang='lat' dir='ltr'>prae-¹</span> 
     </span>
     <span class='ocr_line' id='line_1_18' title="bbox 436 535 1180 577; baseline -0.003 -7"><span class='ocrx_word' id='word_1_56' title='bbox 436 537 613 570; x_wconf 82' lang='lat' dir='ltr'>decessoris</span> <span class='ocrx_word' id='word_1_57' title='bbox 630 536 841 569; x_wconf 81' lang='lat' dir='ltr'>intentionem</span> <span class='ocrx_word' id='word_1_58' title='bbox 858 535 904 569; x_wconf 87' lang='lat' dir='ltr'>sic</span> <span class='ocrx_word' id='word_1_59' title='bbox 925 535 1065 568; x_wconf 74' lang='lat' dir='ltr'>fraudari</span> <span class='ocrx_word' id='word_1_60' title='bbox 1085 545 1180 577; x_wconf 77' lang='lat' dir='ltr'>aegre</span> 
     </span>
     <span class='ocr_line' id='line_1_19' title="bbox 393 589 1178 633; baseline -0.003 -10"><span class='ocrx_word' id='word_1_61' title='bbox 393 598 422 616; x_wconf 61' lang='lat' dir='ltr'>u-</span> <span class='ocrx_word' id='word_1_62' title='bbox 437 591 586 630; x_wconf 86' lang='lat' dir='ltr'>serentes,</span> <span class='ocrx_word' id='word_1_63' title='bbox 601 590 682 623; x_wconf 81' lang='lat' dir='ltr'>acin</span> <span class='ocrx_word' id='word_1_64' title='bbox 693 589 886 633; x_wconf 81' lang='lat' dir='ltr'>praemissis</span> <span class='ocrx_word' id='word_1_65' title='bbox 898 594 1080 633; x_wconf 91' lang='lat' dir='ltr'>opportune</span> <span class='ocrx_word' id='word_1_66' title='bbox 1099 599 1178 632; x_wconf 90' lang='lat' dir='ltr'>pro-</span> 
     </span>
     <span class='ocr_line' id='line_1_20' title="bbox 437 636 1200 687; baseline -0.001 -11"><span class='ocrx_word' id='word_1_67' title='bbox 437 644 544 677; x_wconf 83' lang='lat' dir='ltr'>videre</span> <span class='ocrx_word' id='word_1_68' title='bbox 556 644 715 683; x_wconf 76' lang='lat' dir='ltr'>volentes,</span> <span class='ocrx_word' id='word_1_69' title='bbox 733 649 822 676; x_wconf 88' lang='lat' dir='ltr'>motu</span> <span class='ocrx_word' id='word_1_70' title='bbox 835 642 969 687; x_wconf 87' lang='lat' dir='ltr'>proprio</span> <span class='ocrx_word' id='word_1_71' title='bbox 989 648 1020 676; x_wconf 88' lang='lat' dir='ltr'>et</span> <span class='ocrx_word' id='word_1_72' title='bbox 1040 653 1075 675; x_wconf 80' lang='lat' dir='ltr'>ex</span> <span class='ocrx_word' id='word_1_73' title='bbox 1096 648 1182 675; x_wconf 85' lang='lat' dir='ltr'>certa</span> <span class='ocrx_word' id='word_1_74' title='bbox 1198 636 1200 643; x_wconf 66' lang='grc'>’</span> 
     </span>
     <span class='ocr_line' id='line_1_21' title="bbox 438 695 1179 740; baseline -0.001 -11"><span class='ocrx_word' id='word_1_75' title='bbox 438 696 580 735; x_wconf 87' lang='lat' dir='ltr'>scientia,</span> <span class='ocrx_word' id='word_1_76' title='bbox 598 702 787 740; x_wconf 84' lang='lat' dir='ltr'>maturaque</span> <span class='ocrx_word' id='word_1_77' title='bbox 801 696 1031 729; x_wconf 75' lang='lat' dir='ltr'>deliberatione</span> <span class='ocrx_word' id='word_1_78' title='bbox 1051 695 1179 735; x_wconf 85' lang='lat' dir='ltr'>nostris,</span> 
     </span>
     <span class='ocr_line' id='line_1_22' title="bbox 440 748 1183 793; baseline -0.003 -10"><span class='ocrx_word' id='word_1_79' title='bbox 440 756 480 789; x_wconf 84' lang='lat' dir='ltr'>te,</span> <span class='ocrx_word' id='word_1_80' title='bbox 501 750 541 783; x_wconf 89' lang='lat' dir='ltr'>de</span> <span class='ocrx_word' id='word_1_81' title='bbox 561 750 653 783; x_wconf 88' lang='lat' dir='ltr'>cuius</span> <span class='ocrx_word' id='word_1_82' title='bbox 673 748 933 793; x_wconf 83' lang='lat' dir='ltr'>prudentia,fide</span> <span class='ocrx_word' id='word_1_83' title='bbox 951 755 982 782; x_wconf 89' lang='lat' dir='ltr'>et</span> <span class='ocrx_word' id='word_1_84' title='bbox 1001 748 1183 791; x_wconf 78' lang='lat' dir='ltr'>integritate</span> 
     </span>
     <span class='ocr_line' id='line_1_23' title="bbox 438 802 1184 847; baseline 0 -12"><span class='ocrx_word' id='word_1_85' title='bbox 438 803 614 847; x_wconf 90' lang='lat' dir='ltr'>plurimum</span> <span class='ocrx_word' id='word_1_86' title='bbox 636 803 667 836; x_wconf 93' lang='lat' dir='ltr'>in</span> <span class='ocrx_word' id='word_1_87' title='bbox 693 803 829 836; x_wconf 89' lang='lat' dir='ltr'>Domino</span> <span class='ocrx_word' id='word_1_88' title='bbox 847 802 1052 843; x_wconf 87' lang='lat' dir='ltr'>confidimus,</span> <span class='ocrx_word' id='word_1_89' title='bbox 1075 803 1115 835; x_wconf 86' lang='lat' dir='ltr'>ad</span> <span class='ocrx_word' id='word_1_90' title='bbox 1136 802 1184 835; x_wconf 91' lang='lat' dir='ltr'>in-</span> 
     </span>
     <span class='ocr_line' id='line_1_24' title="bbox 439 855 1184 900; baseline -0.001 -11"><span class='ocrx_word' id='word_1_91' title='bbox 439 856 606 900; x_wconf 83' lang='lat' dir='ltr'>frascripta</span> <span class='ocrx_word' id='word_1_92' title='bbox 619 855 876 889; x_wconf 84' lang='lat' dir='ltr'>commissarium</span> <span class='ocrx_word' id='word_1_93' title='bbox 891 861 919 888; x_wconf 93' lang='lat' dir='ltr'>et</span> <span class='ocrx_word' id='word_1_94' title='bbox 933 856 1114 898; x_wconf 76' lang='lat' dir='ltr'>delegatum</span> <span class='ocrx_word' id='word_1_95' title='bbox 1127 866 1184 889; x_wconf 92' lang='lat' dir='ltr'>no-</span> 
     </span>
     <span class='ocr_line' id='line_1_25' title="bbox 438 908 1180 953; baseline -0.001 -11"><span class='ocrx_word' id='word_1_96' title='bbox 438 915 538 942; x_wconf 89' lang='lat' dir='ltr'>strum</span> <span class='ocrx_word' id='word_1_97' title='bbox 560 909 744 953; x_wconf 83' lang='lat' dir='ltr'>specialem,</span> <span class='ocrx_word' id='word_1_98' title='bbox 768 909 957 942; x_wconf 87' lang='lat' dir='ltr'>auctoritate</span> <span class='ocrx_word' id='word_1_99' title='bbox 982 908 1159 952; x_wconf 86' lang='lat' dir='ltr'>apostolica</span> <span class='ocrx_word' id='word_1_100' title='bbox 1173 936 1180 948; x_wconf 92' lang='lat'>,</span> 
     </span>
     <span class='ocr_line' id='line_1_26' title="bbox 440 962 1181 1007; baseline -0.001 -11"><span class='ocrx_word' id='word_1_101' title='bbox 440 969 551 996; x_wconf 89' lang='lat' dir='ltr'>tenore</span> <span class='ocrx_word' id='word_1_102' title='bbox 571 963 803 1007; x_wconf 86' lang='lat' dir='ltr'>praesentium,</span> <span class='ocrx_word' id='word_1_103' title='bbox 827 962 1053 996; x_wconf 86' lang='lat' dir='ltr'>constituimus</span> <span class='ocrx_word' id='word_1_104' title='bbox 1073 969 1102 995; x_wconf 85' lang='lat' dir='ltr'>et</span> <span class='ocrx_word' id='word_1_105' title='bbox 1123 963 1181 996; x_wconf 92' lang='lat' dir='ltr'>de-</span> 
     </span>
     <span class='ocr_line' id='line_1_27' title="bbox 439 1015 1184 1060; baseline -0.003 -10"><span class='ocrx_word' id='word_1_106' title='bbox 439 1022 600 1060; x_wconf 83' lang='lat' dir='ltr'>putamus,</span> <span class='ocrx_word' id='word_1_107' title='bbox 617 1015 738 1060; x_wconf 87' lang='lat' dir='ltr'>tibique</span> <span class='ocrx_word' id='word_1_108' title='bbox 751 1026 810 1060; x_wconf 89' lang='lat' dir='ltr'>per</span> <span class='ocrx_word' id='word_1_109' title='bbox 828 1021 1014 1060; x_wconf 81' lang='lat' dir='ltr'>praesentes</span> <span class='ocrx_word' id='word_1_110' title='bbox 1034 1015 1184 1049; x_wconf 92' lang='lat' dir='ltr'>commit-</span> 
     </span>
     <span class='ocr_line' id='line_1_28' title="bbox 441 1069 1186 1112; baseline 0 -9"><span class='ocrx_word' id='word_1_111' title='bbox 441 1070 536 1103; x_wconf 87' lang='lat' dir='ltr'>timus</span> <span class='ocrx_word' id='word_1_112' title='bbox 554 1075 583 1103; x_wconf 88' lang='lat' dir='ltr'>et</span> <span class='ocrx_word' id='word_1_113' title='bbox 604 1069 796 1102; x_wconf 87' lang='lat' dir='ltr'>mandamus</span> <span class='ocrx_word' id='word_1_114' title='bbox 820 1069 967 1112; x_wconf 76' lang='lat' dir='ltr'>plenam,</span> <span class='ocrx_word' id='word_1_115' title='bbox 988 1069 1129 1112; x_wconf 23' lang='lat' dir='ltr'>‘liberam</span> <span class='ocrx_word' id='word_1_116' title='bbox 1155 1075 1186 1103; x_wconf 86' lang='lat' dir='ltr'>et</span> 
     </span>
     <span class='ocr_line' id='line_1_29' title="bbox 441 1122 1186 1167; baseline 0.001 -12"><span class='ocrx_word' id='word_1_117' title='bbox 441 1123 580 1167; x_wconf 83' lang='lat' dir='ltr'>amplam</span> <span class='ocrx_word' id='word_1_118' title='bbox 599 1124 639 1156; x_wconf 84' lang='lat' dir='ltr'>ad</span> <span class='ocrx_word' id='word_1_119' title='bbox 660 1123 721 1156; x_wconf 87' lang='lat' dir='ltr'>boc</span> <span class='ocrx_word' id='word_1_120' title='bbox 742 1123 925 1155; x_wconf 81' lang='lat' dir='ltr'>facultatem</span> <span class='ocrx_word' id='word_1_121' title='bbox 948 1122 1186 1163; x_wconf 71' lang='lat' dir='ltr'>11·ibuenteS,ut</span> 
     </span>
     <span class='ocr_line' id='line_1_30' title="bbox 441 1175 1186 1219; baseline -0.001 -9"><span class='ocrx_word' id='word_1_122' title='bbox 441 1177 480 1210; x_wconf 88' lang='lat' dir='ltr'>ab</span> <span class='ocrx_word' id='word_1_123' title='bbox 501 1177 652 1210; x_wconf 90' lang='lat' dir='ltr'>omnibus</span> <span class='ocrx_word' id='word_1_124' title='bbox 669 1183 699 1210; x_wconf 90' lang='lat' dir='ltr'>et</span> <span class='ocrx_word' id='word_1_125' title='bbox 716 1175 849 1219; x_wconf 70' lang='lat' dir='ltr'>singulis</span> <span class='ocrx_word' id='word_1_126' title='bbox 862 1176 1014 1219; x_wconf 86' lang='lat' dir='ltr'>Capitulis</span> <span class='ocrx_word' id='word_1_127' title='bbox 1034 1182 1097 1209; x_wconf 87' lang='lat' dir='ltr'>tam</span> <span class='ocrx_word' id='word_1_128' title='bbox 1121 1187 1186 1209; x_wconf 89' lang='lat' dir='ltr'>me-</span> 
     </span>
     <span class='ocr_line' id='line_1_31' title="bbox 443 1229 1183 1274; baseline 0 -11"><span class='ocrx_word' id='word_1_129' title='bbox 443 1230 723 1274; x_wconf 86' lang='lat' dir='ltr'>tropolitanarum,</span> <span class='ocrx_word' id='word_1_130' title='bbox 751 1240 847 1273; x_wconf 78' lang='lat' dir='ltr'>quain</span> <span class='ocrx_word' id='word_1_131' title='bbox 869 1229 1103 1263; x_wconf 86' lang='lat' dir='ltr'>cathedralium</span> <span class='ocrx_word' id='word_1_132' title='bbox 1128 1240 1183 1263; x_wconf 90' lang='lat' dir='ltr'>ec-</span> 
     </span>
     <span class='ocr_line' id='line_1_32' title="bbox 443 1282 1187 1323; baseline 0.001 -7"><span class='ocrx_word' id='word_1_133' title='bbox 443 1283 612 1317; x_wconf 89' lang='lat' dir='ltr'>clesiarum</span> <span class='ocrx_word' id='word_1_134' title='bbox 645 1283 766 1316; x_wconf 84' lang='lat' dir='ltr'>insulae</span> <span class='ocrx_word' id='word_1_135' title='bbox 783 1282 968 1323; x_wconf 82' lang='lat' dir='ltr'>Sardiniae,</span> <span class='ocrx_word' id='word_1_136' title='bbox 992 1293 1028 1316; x_wconf 90' lang='lat' dir='ltr'>ac</span> <span class='ocrx_word' id='word_1_137' title='bbox 1049 1293 1187 1317; x_wconf 86' lang='lat' dir='ltr'>oecono-</span> 
     </span>
     <span class='ocr_line' id='line_1_33' title="bbox 445 1336 1186 1380; baseline 0.001 -11"><span class='ocrx_word' id='word_1_138' title='bbox 445 1337 505 1369; x_wconf 92' lang='lat' dir='ltr'>mis</span> <span class='ocrx_word' id='word_1_139' title='bbox 535 1336 816 1380; x_wconf 88' lang='lat' dir='ltr'>quibuscumque,</span> <span class='ocrx_word' id='word_1_140' title='bbox 842 1341 904 1368; x_wconf 83' lang='lat' dir='ltr'>tam</span> <span class='ocrx_word' id='word_1_141' title='bbox 930 1336 969 1369; x_wconf 88' lang='lat' dir='ltr'>ab</span> <span class='ocrx_word' id='word_1_142' title='bbox 1000 1336 1061 1376; x_wconf 89' lang='lat' dir='ltr'>eis,</span> <span class='ocrx_word' id='word_1_143' title='bbox 1089 1347 1186 1380; x_wconf 88' lang='lat' dir='ltr'>quam</span> 
     </span>
     <span class='ocr_line' id='line_1_34' title="bbox 444 1389 1188 1434; baseline 0.001 -12"><span class='ocrx_word' id='word_1_144' title='bbox 444 1390 539 1423; x_wconf 81' lang='lat' dir='ltr'>etiam</span> <span class='ocrx_word' id='word_1_145' title='bbox 556 1400 573 1422; x_wconf 95' lang='lat' dir='ltr'>a</span> <span class='ocrx_word' id='word_1_146' title='bbox 593 1389 757 1434; x_wconf 85' lang='lat' dir='ltr'>praedicto</span> <span class='ocrx_word' id='word_1_147' title='bbox 777 1389 924 1433; x_wconf 84' lang='lat' dir='ltr'>Philippo</span> <span class='ocrx_word' id='word_1_148' title='bbox 945 1400 1031 1432; x_wconf 83' lang='lat' dir='ltr'>rege,</span> <span class='ocrx_word' id='word_1_149' title='bbox 1048 1395 1103 1423; x_wconf 88' lang='lat' dir='ltr'>aut</span> <span class='ocrx_word' id='word_1_150' title='bbox 1119 1390 1188 1423; x_wconf 89' lang='lat' dir='ltr'>aliis</span> 
     </span>
     <span class='ocr_line' id='line_1_35' title="bbox 445 1442 1189 1487; baseline 0 -11"><span class='ocrx_word' id='word_1_151' title='bbox 445 1443 715 1487; x_wconf 79' lang='lat' dir='ltr'>quibuscumque,</span> <span class='ocrx_word' id='word_1_152' title='bbox 739 1442 849 1486; x_wconf 86' lang='lat' dir='ltr'>quavis</span> <span class='ocrx_word' id='word_1_153' title='bbox 868 1443 1058 1476; x_wconf 86' lang='lat' dir='ltr'>auctoritate</span> <span class='ocrx_word' id='word_1_154' title='bbox 1079 1443 1119 1476; x_wconf 88' lang='lat' dir='ltr'>ad</span> <span class='ocrx_word' id='word_1_155' title='bbox 1141 1454 1189 1476; x_wconf 89' lang='lat' dir='ltr'>re-</span> 
     </span>
     <span class='ocr_line' id='line_1_36' title="bbox 446 1497 1187 1541; baseline -0.001 -10"><span class='ocrx_word' id='word_1_156' title='bbox 446 1497 627 1541; x_wconf 81' lang='lat' dir='ltr'>ceptionem</span> <span class='ocrx_word' id='word_1_157' title='bbox 660 1497 837 1541; x_wconf 87' lang='lat' dir='ltr'>spoliorum</span> <span class='ocrx_word' id='word_1_158' title='bbox 870 1497 1187 1541; x_wconf 84' lang='lat' dir='ltr'>archiepiscoporum</span> 
     </span>
     <span class='ocr_line' id='line_1_37' title="bbox 445 1551 1186 1595; baseline 0 -11"><span class='ocrx_word' id='word_1_159' title='bbox 445 1557 474 1583; x_wconf 92' lang='lat' dir='ltr'>et</span> <span class='ocrx_word' id='word_1_160' title='bbox 493 1551 719 1595; x_wconf 86' lang='lat' dir='ltr'>episcoporum</span> <span class='ocrx_word' id='word_1_161' title='bbox 751 1560 810 1594; x_wconf 89' lang='lat' dir='ltr'>pro</span> <span class='ocrx_word' id='word_1_162' title='bbox 842 1556 985 1594; x_wconf 86' lang='lat' dir='ltr'>tempore</span> <span class='ocrx_word' id='word_1_163' title='bbox 1015 1551 1186 1584; x_wconf 83' lang='lat' dir='ltr'>defuncto-</span> 
     </span>
     <span class='ocr_line' id='line_1_38' title="bbox 447 1604 1191 1649; baseline 0 -12"><span class='ocrx_word' id='word_1_164' title='bbox 447 1616 529 1645; x_wconf 91' lang='lat' dir='ltr'>rum,</span> <span class='ocrx_word' id='word_1_165' title='bbox 546 1615 582 1637; x_wconf 87' lang='lat' dir='ltr'>ac</span> <span class='ocrx_word' id='word_1_166' title='bbox 604 1606 777 1644; x_wconf 82' lang='lat' dir='ltr'>fructuum,</span> <span class='ocrx_word' id='word_1_167' title='bbox 795 1604 981 1638; x_wconf 85' lang='lat' dir='ltr'>reddituum</span> <span class='ocrx_word' id='word_1_168' title='bbox 1003 1610 1031 1638; x_wconf 87' lang='lat' dir='ltr'>et</span> <span class='ocrx_word' id='word_1_169' title='bbox 1055 1615 1191 1649; x_wconf 89' lang='lat' dir='ltr'>proven—</span> 
     </span>
     <span class='ocr_line' id='line_1_39' title="bbox 448 1657 1190 1691; baseline 0 -1"><span class='ocrx_word' id='word_1_170' title='bbox 448 1664 536 1691; x_wconf 88' lang='lat' dir='ltr'>tuum</span> <span class='ocrx_word' id='word_1_171' title='bbox 558 1658 742 1691; x_wconf 83' lang='lat' dir='ltr'>huiusmodi</span> <span class='ocrx_word' id='word_1_172' title='bbox 774 1657 982 1691; x_wconf 84' lang='lat' dir='ltr'>ecclesiarum</span> <span class='ocrx_word' id='word_1_173' title='bbox 1009 1658 1190 1691; x_wconf 82' lang='lat' dir='ltr'>vacantium</span> 
     </span>
     <span class='ocr_line' id='line_1_40' title="bbox 448 1712 1188 1757; baseline 0 -12"><span class='ocrx_word' id='word_1_174' title='bbox 448 1723 506 1756; x_wconf 89' lang='lat' dir='ltr'>pro</span> <span class='ocrx_word' id='word_1_175' title='bbox 529 1718 684 1756; x_wconf 78' lang='lat' dir='ltr'>tempore,</span> <span class='ocrx_word' id='word_1_176' title='bbox 708 1712 883 1757; x_wconf 81' lang='lat' dir='ltr'>deputatis,</span> <span class='ocrx_word' id='word_1_177' title='bbox 909 1712 1038 1746; x_wconf 80' lang='lat' dir='ltr'>fidelem</span> <span class='ocrx_word' id='word_1_178' title='bbox 1069 1724 1106 1746; x_wconf 87' lang='lat' dir='ltr'>ac</span> <span class='ocrx_word' id='word_1_179' title='bbox 1138 1713 1188 1745; x_wconf 89' lang='lat' dir='ltr'>di—</span> 
     </span>
     <span class='ocr_line' id='line_1_41' title="bbox 451 1766 1190 1811; baseline -0.001 -12"><span class='ocrx_word' id='word_1_180' title='bbox 451 1767 603 1807; x_wconf 62' lang='lat' dir='ltr'>ligentem</span> <span class='ocrx_word' id='word_1_181' title='bbox 628 1766 786 1799; x_wconf 83' lang='lat' dir='ltr'>rationem</span> <span class='ocrx_word' id='word_1_182' title='bbox 802 1772 866 1800; x_wconf 86' lang='lat' dir='ltr'>tam</span> <span class='ocrx_word' id='word_1_183' title='bbox 891 1767 1190 1811; x_wconf 89' lang='lat' dir='ltr'>spoliorum,quam</span> 
     </span>
     <span class='ocr_line' id='line_1_42' title="bbox 450 1819 1194 1864; baseline 0 -12"><span class='ocrx_word' id='word_1_184' title='bbox 450 1821 622 1857; x_wconf 73' lang='lat' dir='ltr'>fructuum,</span> <span class='ocrx_word' id='word_1_185' title='bbox 645 1819 829 1852; x_wconf 89' lang='lat' dir='ltr'>reddituum</span> <span class='ocrx_word' id='word_1_186' title='bbox 851 1825 879 1852; x_wconf 86' lang='lat' dir='ltr'>et</span> <span class='ocrx_word' id='word_1_187' title='bbox 901 1825 1113 1864; x_wconf 87' lang='lat' dir='ltr'>proventuum</span> <span class='ocrx_word' id='word_1_188' title='bbox 1138 1831 1194 1864; x_wconf 87' lang='lat' dir='ltr'>per</span> 
     </span>
     <span class='ocr_line' id='line_1_43' title="bbox 451 1873 1191 1917; baseline 0.001 -12"><span class='ocrx_word' id='word_1_189' title='bbox 451 1884 505 1906; x_wconf 87' lang='lat' dir='ltr'>eos</span> <span class='ocrx_word' id='word_1_190' title='bbox 523 1879 550 1905; x_wconf 84' lang='lat' dir='ltr'>et</span> <span class='ocrx_word' id='word_1_191' title='bbox 571 1873 746 1916; x_wconf 85' lang='lat' dir='ltr'>quemlibet</span> <span class='ocrx_word' id='word_1_192' title='bbox 762 1873 916 1917; x_wconf 83' lang='lat' dir='ltr'>ipsorum,</span> <span class='ocrx_word' id='word_1_193' title='bbox 933 1884 1035 1917; x_wconf 79' lang='lat' dir='ltr'>usque</span> <span class='ocrx_word' id='word_1_194' title='bbox 1050 1873 1079 1906; x_wconf 93' lang='lat' dir='ltr'>in</span> <span class='ocrx_word' id='word_1_195' title='bbox 1095 1873 1191 1913; x_wconf 77' lang='lat' dir='ltr'>diem,</span> 
     </span>
     <span class='ocr_line' id='line_1_44' title="bbox 451 1927 1194 1971; baseline 0 -10"><span class='ocrx_word' id='word_1_196' title='bbox 451 1938 515 1971; x_wconf 87' lang='lat' dir='ltr'>quo</span> <span class='ocrx_word' id='word_1_197' title='bbox 537 1929 692 1961; x_wconf 86' lang='lat' dir='ltr'>rationem</span> <span class='ocrx_word' id='word_1_198' title='bbox 715 1927 840 1969; x_wconf 67' lang='lat' dir='ltr'>exigere</span> <span class='ocrx_word' id='word_1_199' title='bbox 858 1927 1047 1971; x_wconf 66' lang='lat' dir='ltr'>incoeperis,</span> <span class='ocrx_word' id='word_1_200' title='bbox 1071 1934 1194 1961; x_wconf 84' lang='lat' dir='ltr'>exacto-</span> 
     </span>
     <span class='ocr_line' id='line_1_45' title="bbox 452 1980 1195 2024; baseline 0 -11"><span class='ocrx_word' id='word_1_201' title='bbox 452 1992 522 2013; x_wconf 89' lang='lat' dir='ltr'>rum</span> <span class='ocrx_word' id='word_1_202' title='bbox 545 1987 574 2013; x_wconf 85' lang='lat' dir='ltr'>et</span> <span class='ocrx_word' id='word_1_203' title='bbox 606 1987 853 2024; x_wconf 85' lang='lat' dir='ltr'>perceptorum,</span> <span class='ocrx_word' id='word_1_204' title='bbox 877 1980 1067 2013; x_wconf 69' lang='lat' dir='ltr'>auctoritate</span> <span class='ocrx_word' id='word_1_205' title='bbox 1088 1986 1195 2014; x_wconf 87' lang='lat' dir='ltr'>nostra</span> 
     </span>
     <span class='ocr_line' id='line_1_46' title="bbox 453 2033 1196 2078; baseline 0 -12"><span class='ocrx_word' id='word_1_206' title='bbox 453 2034 570 2073; x_wconf 60' lang='lat' dir='ltr'>exigas,</span> <span class='ocrx_word' id='word_1_207' title='bbox 594 2035 789 2078; x_wconf 77' lang='lat' dir='ltr'>eosdemque</span> <span class='ocrx_word' id='word_1_208' title='bbox 815 2034 854 2067; x_wconf 91' lang='lat' dir='ltr'>ad</span> <span class='ocrx_word' id='word_1_209' title='bbox 887 2033 1070 2066; x_wconf 80' lang='lat' dir='ltr'>huiusmodi</span> <span class='ocrx_word' id='word_1_210' title='bbox 1101 2034 1196 2067; x_wconf 85' lang='lat' dir='ltr'>ratio-</span> 
     </span>
     <span class='ocr_line' id='line_1_47' title="bbox 453 2088 1196 2131; baseline 0 -12"><span class='ocrx_word' id='word_1_211' title='bbox 453 2098 524 2120; x_wconf 81' lang='lat' dir='ltr'>nem</span> <span class='ocrx_word' id='word_1_212' title='bbox 540 2088 594 2120; x_wconf 87' lang='lat' dir='ltr'>tibi</span> <span class='ocrx_word' id='word_1_213' title='bbox 609 2088 806 2120; x_wconf 77' lang='lat' dir='ltr'>reddendam</span> <span class='ocrx_word' id='word_1_214' title='bbox 829 2098 885 2131; x_wconf 84' lang='lat' dir='ltr'>per</span> <span class='ocrx_word' id='word_1_215' title='bbox 905 2097 1056 2120; x_wconf 84' lang='lat' dir='ltr'>censuras</span> <span class='ocrx_word' id='word_1_216' title='bbox 1077 2092 1105 2119; x_wconf 92' lang='lat' dir='ltr'>et</span> <span class='ocrx_word' id='word_1_217' title='bbox 1121 2097 1196 2130; x_wconf 81' lang='lat' dir='ltr'>poe-</span> 
     </span>
     <span class='ocr_line' id='line_1_48' title="bbox 453 2141 1197 2185; baseline 0 -11"><span class='ocrx_word' id='word_1_218' title='bbox 453 2153 509 2174; x_wconf 85' lang='lat' dir='ltr'>nas</span> <span class='ocrx_word' id='word_1_219' title='bbox 530 2141 773 2180; x_wconf 69' lang='lat' dir='ltr'>ecclesiasticas,</span> <span class='ocrx_word' id='word_1_220' title='bbox 797 2147 892 2185; x_wconf 85' lang='lat' dir='ltr'>atquc</span> <span class='ocrx_word' id='word_1_221' title='bbox 913 2141 1100 2184; x_wconf 77' lang='lat' dir='ltr'>privationis</span> <span class='ocrx_word' id='word_1_222' title='bbox 1124 2152 1197 2174; x_wconf 92' lang='lat' dir='ltr'>suo-</span> 
     </span>
     <span class='ocr_line' id='line_1_49' title="bbox 454 2194 1197 2228; baseline 0 -2"><span class='ocrx_word' id='word_1_223' title='bbox 454 2206 523 2227; x_wconf 86' lang='lat' dir='ltr'>rum</span> <span class='ocrx_word' id='word_1_224' title='bbox 546 2194 777 2228; x_wconf 68' lang='lat' dir='ltr'>beneficiorum</span> <span class='ocrx_word' id='word_1_225' title='bbox 796 2200 825 2227; x_wconf 85' lang='lat' dir='ltr'>et</span> <span class='ocrx_word' id='word_1_226' title='bbox 846 2194 1026 2227; x_wconf 74' lang='lat' dir='ltr'>officiorum</span> <span class='ocrx_word' id='word_1_227' title='bbox 1049 2194 1197 2227; x_wconf 80' lang='lat' dir='ltr'>eeclesia-</span> 
     </span>
     <span class='ocr_line' id='line_1_50' title="bbox 453 2248 1197 2292; baseline 0.003 -13"><span class='ocrx_word' id='word_1_228' title='bbox 453 2248 603 2280; x_wconf 61' lang='lat' dir='ltr'>surorum</span> <span class='ocrx_word' id='word_1_229' title='bbox 619 2258 912 2292; x_wconf 73' lang='lat' dir='ltr'>quoru!urumque,</span> <span class='ocrx_word' id='word_1_230' title='bbox 923 2248 1197 2292; x_wconf 71' lang='lat' dir='ltr'>inhabilitatisquc</span> 
     </span>
     <span class='ocr_line' id='line_1_51' title="bbox 453 2301 1197 2345; baseline 0 -12"><span class='ocrx_word' id='word_1_231' title='bbox 453 2301 492 2334; x_wconf 83' lang='lat' dir='ltr'>ad</span> <span class='ocrx_word' id='word_1_232' title='bbox 508 2301 559 2333; x_wconf 91' lang='lat' dir='ltr'>illa</span> <span class='ocrx_word' id='word_1_233' title='bbox 571 2308 599 2334; x_wconf 79' lang='lat' dir='ltr'>et</span> <span class='ocrx_word' id='word_1_234' title='bbox 613 2301 674 2334; x_wconf 91' lang='lat' dir='ltr'>alia</span> <span class='ocrx_word' id='word_1_235' title='bbox 690 2302 899 2345; x_wconf 80' lang='lat' dir='ltr'>imposterum</span> <span class='ocrx_word' id='word_1_236' title='bbox 918 2301 1104 2339; x_wconf 80' lang='lat' dir='ltr'>obtinenda,</span> <span class='ocrx_word' id='word_1_237' title='bbox 1119 2301 1197 2333; x_wconf 87' lang='lat' dir='ltr'>alia-</span> 
     </span>
     <span class='ocr_line' id='line_1_52' title="bbox 455 2354 1199 2398; baseline 0.001 -14"><span class='ocrx_word' id='word_1_238' title='bbox 455 2364 516 2396; x_wconf 82' lang='lat' dir='ltr'>que</span> <span class='ocrx_word' id='word_1_239' title='bbox 537 2361 719 2397; x_wconf 81' lang='lat' dir='ltr'>opportuna</span> <span class='ocrx_word' id='word_1_240' title='bbox 739 2354 816 2386; x_wconf 84' lang='lat' dir='ltr'>iuris</span> <span class='ocrx_word' id='word_1_241' title='bbox 830 2359 858 2387; x_wconf 79' lang='lat' dir='ltr'>et</span> <span class='ocrx_word' id='word_1_242' title='bbox 875 2354 946 2387; x_wconf 74' lang='lat' dir='ltr'>farti</span> <span class='ocrx_word' id='word_1_243' title='bbox 971 2354 1123 2391; x_wconf 66' lang='lat' dir='ltr'>remedia,</span> <span class='ocrx_word' id='word_1_244' title='bbox 1143 2365 1199 2398; x_wconf 88' lang='lat' dir='ltr'>ap-</span> 
     </span>
     <span class='ocr_line' id='line_1_53' title="bbox 455 2408 1196 2452; baseline 0.003 -14"><span class='ocrx_word' id='word_1_245' title='bbox 455 2408 625 2451; x_wconf 64' lang='lat' dir='ltr'>pellatione</span> <span class='ocrx_word' id='word_1_246' title='bbox 644 2408 830 2452; x_wconf 72' lang='lat' dir='ltr'>postposita,</span> <span class='ocrx_word' id='word_1_247' title='bbox 847 2419 942 2448; x_wconf 57' lang='lat' dir='ltr'>rogas</span> <span class='ocrx_word' id='word_1_248' title='bbox 959 2414 987 2441; x_wconf 79' lang='lat' dir='ltr'>et</span> <span class='ocrx_word' id='word_1_249' title='bbox 1010 2409 1196 2452; x_wconf 83' lang='lat' dir='ltr'>‹·0mpellas;</span> 
     </span>
     <span class='ocr_line' id='line_1_54' title="bbox 456 2461 1195 2505; baseline 0.001 -13"><span class='ocrx_word' id='word_1_250' title='bbox 456 2467 484 2492; x_wconf 72' lang='lat' dir='ltr'>et</span> <span class='ocrx_word' id='word_1_251' title='bbox 510 2461 557 2497; x_wconf 52' lang='lat' dir='ltr'>si,</span> <span class='ocrx_word' id='word_1_252' title='bbox 582 2462 653 2493; x_wconf 47' lang='lat' dir='ltr'>visis</span> <span class='ocrx_word' id='word_1_253' title='bbox 675 2462 850 2494; x_wconf 74' lang='lat' dir='ltr'>rationibus</span> <span class='ocrx_word' id='word_1_254' title='bbox 876 2461 1110 2505; x_wconf 72' lang='lat' dir='ltr'>routputisque,</span> <span class='ocrx_word' id='word_1_255' title='bbox 1135 2462 1195 2494; x_wconf 78' lang='lat' dir='ltr'>liu-</span> 
     </span>
     <span class='ocr_line' id='line_1_55' title="bbox 458 2513 1198 2558; baseline 0.001 -12"><span class='ocrx_word' id='word_1_256' title='bbox 458 2513 593 2546; x_wconf 79' lang='lat' dir='ltr'>iusruodi</span> <span class='ocrx_word' id='word_1_257' title='bbox 607 2514 709 2557; x_wconf 71' lang='lat' dir='ltr'>spolia</span> <span class='ocrx_word' id='word_1_258' title='bbox 730 2520 759 2547; x_wconf 79' lang='lat' dir='ltr'>et</span> <span class='ocrx_word' id='word_1_259' title='bbox 774 2516 904 2553; x_wconf 71' lang='lat' dir='ltr'>fruetus,</span> <span class='ocrx_word' id='word_1_260' title='bbox 926 2515 1069 2548; x_wconf 76' lang='lat' dir='ltr'>redditus</span> <span class='ocrx_word' id='word_1_261' title='bbox 1081 2521 1108 2547; x_wconf 82' lang='lat' dir='ltr'>et</span> <span class='ocrx_word' id='word_1_262' title='bbox 1124 2525 1198 2558; x_wconf 90' lang='lat' dir='ltr'>pro-</span> 
     </span>
     <span class='ocr_line' id='line_1_56' title="bbox 458 2568 1219 2613; baseline 0.003 -15"><span class='ocrx_word' id='word_1_263' title='bbox 458 2573 567 2600; x_wconf 76' lang='lat' dir='ltr'>ventus</span> <span class='ocrx_word' id='word_1_264' title='bbox 588 2578 643 2611; x_wconf 73' lang='lat' dir='ltr'>per</span> <span class='ocrx_word' id='word_1_265' title='bbox 663 2580 717 2599; x_wconf 68' lang='lat' dir='ltr'>eos</span> <span class='ocrx_word' id='word_1_266' title='bbox 742 2574 867 2600; x_wconf 73' lang='lat' dir='ltr'>exactos</span> <span class='ocrx_word' id='word_1_267' title='bbox 898 2574 925 2601; x_wconf 79' lang='lat' dir='ltr'>et</span> <span class='ocrx_word' id='word_1_268' title='bbox 957 2575 1135 2613; x_wconf 50' lang='lat' dir='ltr'>peri-epto&amp;</span> <span class='ocrx_word' id='word_1_269' title='bbox 1169 2568 1219 2606; x_wconf 81' lang='lat' dir='ltr'>in,</span> 
     </span>
    </p>
   </div>
   <div class='ocr_carea' id='block_1_4' title="bbox 1195 265 1207 1326">
    <p class='ocr_par' dir='ltr' id='par_1_4' title="bbox 1195 265 1207 1326">
     <span class='ocr_line' id='line_1_57' title="bbox 1195 265 1207 1326; baseline 0 0"><span class='ocrx_word' id='word_1_270' title='bbox 1195 265 1207 1326; x_wconf 95' lang='lat' dir='ltr'> </span> 
     </span>
    </p>
   </div>
   <div class='ocr_carea' id='block_1_5' title="bbox 1206 1531 1217 2325">
    <p class='ocr_par' dir='ltr' id='par_1_5' title="bbox 1206 1531 1217 2325">
     <span class='ocr_line' id='line_1_58' title="bbox 1206 1531 1217 2325; baseline 0 0"><span class='ocrx_word' id='word_1_271' title='bbox 1206 1531 1217 2325; x_wconf 95' lang='lat' dir='ltr'> </span> 
     </span>
    </p>
   </div>
   <div class='ocr_carea' id='block_1_6' title="bbox 1021 165 1378 190">
    <p class='ocr_par' dir='ltr' id='par_1_6' title="bbox 1021 165 1378 190">
     <span class='ocr_line' id='line_1_59' title="bbox 1021 165 1378 190; baseline -0.003 0"><span class='ocrx_word' id='word_1_272' title='bbox 1021 165 1205 190; x_wconf 81' lang='lat' dir='ltr'><strong>BULLARIUM</strong></span> <span class='ocrx_word' id='word_1_273' title='bbox 1224 165 1378 190; x_wconf 80' lang='lat' dir='ltr'>ROMANUM</span> 
     </span>
    </p>
   </div>
   <div class='ocr_carea' id='block_1_7' title="bbox 1200 908 1965 953">
    <p class='ocr_par' dir='ltr' id='par_1_7' title="bbox 1200 908 1965 953">
     <span class='ocr_line' id='line_1_60' title="bbox 1200 908 1965 953; baseline 0.003 -13"><span class='ocrx_word' id='word_1_274' title='bbox 1200 913 1370 944; x_wconf 67' lang='lat' dir='ltr'>„ventuum</span> <span class='ocrx_word' id='word_1_275' title='bbox 1402 908 1588 942; x_wconf 90' lang='lat' dir='ltr'>huiusmodi</span> <span class='ocrx_word' id='word_1_276' title='bbox 1613 908 1815 949; x_wconf 80' lang='lat' dir='ltr'>faciendam,</span> <span class='ocrx_word' id='word_1_277' title='bbox 1842 909 1965 953; x_wconf 87' lang='lat' dir='ltr'>pariter</span> 
     </span>
    </p>
   </div>
   <div class='ocr_carea' id='block_1_8' title="bbox 2126 0 2253 641">
    <p class='ocr_par' dir='ltr' id='par_1_8' title="bbox 2126 0 2253 641">
     <span class='ocr_line' id='line_1_61' title="bbox 2126 0 2253 641; baseline 0 -493"><span class='ocrx_word' id='word_1_278' title='bbox 2126 0 2253 641; x_wconf 95' lang='lat' dir='ltr'>   </span> 
     </span>
    </p>
   </div>
   <div class='ocr_carea' id='block_1_9' title="bbox 1209 163 2154 253">
    <p class='ocr_par' dir='ltr' id='par_1_9' title="bbox 1209 163 2157 253">
     <span class='ocr_line' id='line_1_62' title="bbox 1970 163 2154 194; baseline 0.016 -3"><span class='ocrx_word' id='word_1_279' title='bbox 1970 163 2021 192; x_wconf 80' lang='lat' dir='ltr'>An.</span> <span class='ocrx_word' id='word_1_280' title='bbox 2039 163 2068 192; x_wconf 89' lang='lat' dir='ltr'>C.</span> <span class='ocrx_word' id='word_1_281' title='bbox 2087 165 2154 194; x_wconf 82' lang='grc'>159</span> 
     </span>
     <span class='ocr_line' id='line_1_63' title="bbox 1209 212 1953 253; baseline 0 -7"><span class='ocrx_word' id='word_1_282' title='bbox 1209 213 1477 246; x_wconf 84' lang='lat' dir='ltr'>restaurationem</span> <span class='ocrx_word' id='word_1_283' title='bbox 1513 212 1743 253; x_wconf 85' lang='lat' dir='ltr'>ecclesiarum,</span> <span class='ocrx_word' id='word_1_284' title='bbox 1781 223 1819 247; x_wconf 86' lang='lat' dir='ltr'>ac</span> <span class='ocrx_word' id='word_1_285' title='bbox 1853 222 1953 246; x_wconf 85' lang='lat' dir='ltr'>orna-</span> 
     </span>
    </p>
   </div>
   <div class='ocr_carea' id='block_1_10' title="bbox 1211 266 1961 900">
    <p class='ocr_par' dir='ltr' id='par_1_10' title="bbox 1211 266 1961 900">
     <span class='ocr_line' id='line_1_64' title="bbox 1211 266 1953 310; baseline 0.003 -12"><span class='ocrx_word' id='word_1_286' title='bbox 1211 272 1394 299; x_wconf 89' lang='lat' dir='ltr'>mentorum</span> <span class='ocrx_word' id='word_1_287' title='bbox 1409 272 1439 299; x_wconf 90' lang='lat' dir='ltr'>et</span> <span class='ocrx_word' id='word_1_288' title='bbox 1451 271 1716 310; x_wconf 83' lang='lat' dir='ltr'>paramentorum</span> <span class='ocrx_word' id='word_1_289' title='bbox 1737 266 1935 310; x_wconf 88' lang='lat' dir='ltr'>emptionem</span> <span class='ocrx_word' id='word_1_290' title='bbox 1946 294 1953 307; x_wconf 90' lang='lat'><strong>‚</strong></span> 
     </span>
     <span class='ocr_line' id='line_1_65' title="bbox 1211 319 1958 364; baseline 0.001 -11"><span class='ocrx_word' id='word_1_291' title='bbox 1211 325 1246 353; x_wconf 85' lang='lat' dir='ltr'>ut</span> <span class='ocrx_word' id='word_1_292' title='bbox 1265 330 1283 353; x_wconf 90' lang='lat' dir='ltr'>a</span> <span class='ocrx_word' id='word_1_293' title='bbox 1302 320 1446 364; x_wconf 80' lang='lat' dir='ltr'>praefato</span> <span class='ocrx_word' id='word_1_294' title='bbox 1467 319 1522 353; x_wconf 88' lang='lat' dir='ltr'>Pio</span> <span class='ocrx_word' id='word_1_295' title='bbox 1543 320 1791 363; x_wconf 81' lang='lat' dir='ltr'>praedecessore</span> <span class='ocrx_word' id='word_1_296' title='bbox 1811 320 1958 363; x_wconf 76' lang='lat' dir='ltr'>designa·</span> 
     </span>
     <span class='ocr_line' id='line_1_66' title="bbox 1213 373 1959 417; baseline 0.003 -12"><span class='ocrx_word' id='word_1_297' title='bbox 1213 378 1279 406; x_wconf 86' lang='lat' dir='ltr'>tum</span> <span class='ocrx_word' id='word_1_298' title='bbox 1300 373 1368 413; x_wconf 84' lang='lat' dir='ltr'>suit,</span> <span class='ocrx_word' id='word_1_299' title='bbox 1393 373 1526 406; x_wconf 89' lang='lat' dir='ltr'>minime</span> <span class='ocrx_word' id='word_1_300' title='bbox 1551 383 1706 417; x_wconf 83' lang='lat' dir='ltr'>expensos</span> <span class='ocrx_word' id='word_1_301' title='bbox 1720 401 1728 413; x_wconf 95' lang='lat'>,</span> <span class='ocrx_word' id='word_1_302' title='bbox 1751 374 1807 407; x_wconf 89' lang='lat' dir='ltr'>sed</span> <span class='ocrx_word' id='word_1_303' title='bbox 1827 373 1857 406; x_wconf 93' lang='lat' dir='ltr'>in</span> <span class='ocrx_word' id='word_1_304' title='bbox 1879 373 1959 407; x_wconf 88' lang='lat' dir='ltr'>alios</span> 
     </span>
     <span class='ocr_line' id='line_1_67' title="bbox 1214 426 1960 470; baseline -0.001 -10"><span class='ocrx_word' id='word_1_305' title='bbox 1214 427 1341 470; x_wconf 89' lang='lat' dir='ltr'>quosvis</span> <span class='ocrx_word' id='word_1_306' title='bbox 1368 438 1466 467; x_wconf 87' lang='lat' dir='ltr'>usus,</span> <span class='ocrx_word' id='word_1_307' title='bbox 1494 427 1527 459; x_wconf 93' lang='lat' dir='ltr'>in</span> <span class='ocrx_word' id='word_1_308' title='bbox 1559 426 1651 460; x_wconf 85' lang='lat' dir='ltr'>dictis</span> <span class='ocrx_word' id='word_1_309' title='bbox 1680 427 1795 460; x_wconf 87' lang='lat' dir='ltr'>litteris</span> <span class='ocrx_word' id='word_1_310' title='bbox 1825 427 1960 460; x_wconf 89' lang='lat' dir='ltr'>minime</span> 
     </span>
     <span class='ocr_line' id='line_1_68' title="bbox 1214 480 1958 525; baseline -0.001 -11"><span class='ocrx_word' id='word_1_311' title='bbox 1214 490 1390 525; x_wconf 76' lang='lat' dir='ltr'>expressOS,</span> <span class='ocrx_word' id='word_1_312' title='bbox 1414 486 1445 514; x_wconf 87' lang='lat' dir='ltr'>et</span> <span class='ocrx_word' id='word_1_313' title='bbox 1465 486 1576 514; x_wconf 88' lang='lat' dir='ltr'>contra</span> <span class='ocrx_word' id='word_1_314' title='bbox 1597 480 1756 514; x_wconf 87' lang='lat' dir='ltr'>dictarum</span> <span class='ocrx_word' id='word_1_315' title='bbox 1777 480 1958 513; x_wconf 85' lang='lat' dir='ltr'>litterarum</span> 
     </span>
     <span class='ocr_line' id='line_1_69' title="bbox 1214 533 1960 578; baseline 0 -12"><span class='ocrx_word' id='word_1_316' title='bbox 1214 533 1342 574; x_wconf 88' lang='lat' dir='ltr'>seriem,</span> <span class='ocrx_word' id='word_1_317' title='bbox 1365 544 1538 567; x_wconf 79' lang='lat' dir='ltr'>conversos</span> <span class='ocrx_word' id='word_1_318' title='bbox 1558 533 1655 567; x_wconf 88' lang='lat' dir='ltr'>fuisse</span> <span class='ocrx_word' id='word_1_319' title='bbox 1671 533 1878 578; x_wconf 78' lang='lat' dir='ltr'>compereris,</span> <span class='ocrx_word' id='word_1_320' title='bbox 1902 533 1960 568; x_wconf 87' lang='lat' dir='ltr'>Ca-</span> 
     </span>
     <span class='ocr_line' id='line_1_70' title="bbox 1215 587 1960 631; baseline 0.001 -12"><span class='ocrx_word' id='word_1_321' title='bbox 1215 587 1326 631; x_wconf 86' lang='lat' dir='ltr'>pitula‚</span> <span class='ocrx_word' id='word_1_322' title='bbox 1351 597 1545 621; x_wconf 89' lang='lat' dir='ltr'>oeconomos</span> <span class='ocrx_word' id='word_1_323' title='bbox 1566 593 1596 620; x_wconf 87' lang='lat' dir='ltr'>et</span> <span class='ocrx_word' id='word_1_324' title='bbox 1616 587 1696 620; x_wconf 91' lang='lat' dir='ltr'>alios</span> <span class='ocrx_word' id='word_1_325' title='bbox 1715 593 1881 621; x_wconf 87' lang='lat' dir='ltr'>exactores</span> <span class='ocrx_word' id='word_1_326' title='bbox 1899 587 1960 621; x_wconf 90' lang='lat' dir='ltr'>hu-</span> 
     </span>
     <span class='ocr_line' id='line_1_71' title="bbox 1216 640 1961 685; baseline 0.001 -12"><span class='ocrx_word' id='word_1_327' title='bbox 1216 640 1366 681; x_wconf 91' lang='lat' dir='ltr'>iusmodi,</span> <span class='ocrx_word' id='word_1_328' title='bbox 1382 641 1446 674; x_wconf 73' lang='lat' dir='ltr'>sive</span> <span class='ocrx_word' id='word_1_329' title='bbox 1464 641 1629 681; x_wconf 85' lang='lat' dir='ltr'>haeredes,</span> <span class='ocrx_word' id='word_1_330' title='bbox 1646 652 1703 685; x_wconf 91' lang='lat' dir='ltr'>per</span> <span class='ocrx_word' id='word_1_331' title='bbox 1715 641 1915 685; x_wconf 84' lang='lat' dir='ltr'>supradictas</span> <span class='ocrx_word' id='word_1_332' title='bbox 1931 646 1961 675; x_wconf 90' lang='lat' dir='ltr'>et</span> 
     </span>
     <span class='ocr_line' id='line_1_72' title="bbox 1217 694 1957 738; baseline 0.003 -12"><span class='ocrx_word' id='word_1_333' title='bbox 1217 694 1293 727; x_wconf 84' lang='lat' dir='ltr'>alias</span> <span class='ocrx_word' id='word_1_334' title='bbox 1307 694 1402 727; x_wconf 83' lang='lat' dir='ltr'>etiam</span> <span class='ocrx_word' id='word_1_335' title='bbox 1423 694 1586 736; x_wconf 77' lang='lat' dir='ltr'>graviores</span> <span class='ocrx_word' id='word_1_336' title='bbox 1598 705 1729 738; x_wconf 86' lang='lat' dir='ltr'>poenas,</span> <span class='ocrx_word' id='word_1_337' title='bbox 1743 695 1876 728; x_wconf 85' lang='lat' dir='ltr'>arbitrio</span> <span class='ocrx_word' id='word_1_338' title='bbox 1891 703 1957 736; x_wconf 89' lang='lat' dir='ltr'>tuo,</span> 
     </span>
     <span class='ocr_line' id='line_1_73' title="bbox 1217 747 1961 791; baseline 0.003 -12"><span class='ocrx_word' id='word_1_339' title='bbox 1217 747 1407 790; x_wconf 74' lang='lat' dir='ltr'>infligendas</span> <span class='ocrx_word' id='word_1_340' title='bbox 1438 748 1721 791; x_wconf 76' lang='lat' dir='ltr'>aggravandasque</span> <span class='ocrx_word' id='word_1_341' title='bbox 1752 753 1784 781; x_wconf 82' lang='lat' dir='ltr'>et</span> <span class='ocrx_word' id='word_1_342' title='bbox 1807 758 1961 791; x_wconf 77' lang='lat' dir='ltr'>reaggra-</span> 
     </span>
     <span class='ocr_line' id='line_1_74' title="bbox 1217 801 1959 846; baseline 0.004 -13"><span class='ocrx_word' id='word_1_343' title='bbox 1217 801 1346 843; x_wconf 65' lang='lat' dir='ltr'>mandas,</span> <span class='ocrx_word' id='word_1_344' title='bbox 1370 801 1409 834; x_wconf 87' lang='lat' dir='ltr'>ad</span> <span class='ocrx_word' id='word_1_345' title='bbox 1431 801 1587 844; x_wconf 82' lang='lat' dir='ltr'>integram</span> <span class='ocrx_word' id='word_1_346' title='bbox 1617 802 1852 835; x_wconf 88' lang='lat' dir='ltr'>restitutionem</span> <span class='ocrx_word' id='word_1_347' title='bbox 1882 813 1959 846; x_wconf 86' lang='lat' dir='ltr'>spo-</span> 
     </span>
     <span class='ocr_line' id='line_1_75' title="bbox 1218 855 1960 900; baseline 0.003 -13"><span class='ocrx_word' id='word_1_348' title='bbox 1218 855 1334 888; x_wconf 87' lang='lat' dir='ltr'>liorum</span> <span class='ocrx_word' id='word_1_349' title='bbox 1362 865 1397 888; x_wconf 88' lang='lat' dir='ltr'>ac</span> <span class='ocrx_word' id='word_1_350' title='bbox 1424 855 1598 894; x_wconf 82' lang='lat' dir='ltr'>fructuum,</span> <span class='ocrx_word' id='word_1_351' title='bbox 1621 855 1806 889; x_wconf 84' lang='lat' dir='ltr'>reddituum</span> <span class='ocrx_word' id='word_1_352' title='bbox 1827 861 1858 889; x_wconf 85' lang='lat' dir='ltr'>et</span> <span class='ocrx_word' id='word_1_353' title='bbox 1881 867 1960 900; x_wconf 90' lang='lat' dir='ltr'>pro-</span> 
     </span>
    </p>
   </div>
   <div class='ocr_carea' id='block_1_11' title="bbox 1976 653 2161 806">
    <p class='ocr_par' dir='ltr' id='par_1_11' title="bbox 1976 653 2161 806">
     <span class='ocr_line' id='line_1_76' title="bbox 1998 653 2159 680; baseline 0 -6"><span class='ocrx_word' id='word_1_354' title='bbox 1998 653 2030 674; x_wconf 85' lang='lat' dir='ltr'>OE</span> <span class='ocrx_word' id='word_1_355' title='bbox 2037 657 2137 678; x_wconf 34' lang='lat' dir='ltr'>&#39;ononim-</span> <span class='ocrx_word' id='word_1_356' title='bbox 2143 661 2159 680; x_wconf 54' lang='lat' dir='ltr'>a,</span> 
     </span>
     <span class='ocr_line' id='line_1_77' title="bbox 1976 678 2135 700; baseline 0 0"><span class='ocrx_word' id='word_1_357' title='bbox 1976 685 2048 700; x_wconf 74' lang='lat' dir='ltr'>eorum</span> <span class='ocrx_word' id='word_1_358' title='bbox 2057 678 2135 700; x_wconf 65' lang='lat' dir='ltr'>haerent</span> 
     </span>
     <span class='ocr_line' id='line_1_78' title="bbox 1976 705 2161 732; baseline -0.005 -6"><span class='ocrx_word' id='word_1_359' title='bbox 1976 705 2122 732; x_wconf 61' lang='lat' dir='ltr'>‹tuiipellenrliv</span> <span class='ocrx_word' id='word_1_360' title='bbox 2151 710 2161 725; x_wconf 61' lang='grc' dir='ltr'>ι’</span> 
     </span>
     <span class='ocr_line' id='line_1_79' title="bbox 1977 731 2160 761; baseline 0.005 -8"><span class='ocrx_word' id='word_1_361' title='bbox 1977 734 2079 758; x_wconf 68' lang='lat' dir='ltr'>inte-‚grain</span> <span class='ocrx_word' id='word_1_362' title='bbox 2107 731 2160 761; x_wconf 57' lang='lat' dir='ltr'>mai·</span> 
     </span>
     <span class='ocr_line' id='line_1_80' title="bbox 1977 764 2159 786; baseline 0 -6"><span class='ocrx_word' id='word_1_363' title='bbox 1977 764 2115 786; x_wconf 76' lang='lat' dir='ltr'>expensurum</span> <span class='ocrx_word' id='word_1_364' title='bbox 2144 766 2159 776; x_wconf 90' lang='lat'>-·</span> 
     </span>
     <span class='ocr_line' id='line_1_81' title="bbox 1976 785 2114 806; baseline 0 0"><span class='ocrx_word' id='word_1_365' title='bbox 1976 785 2114 806; x_wconf 72' lang='lat' dir='ltr'>stitutionem.</span> 
     </span>
    </p>
   </div>
   <div class='ocr_carea' id='block_1_12' title="bbox 1972 667 2253 3195">
    <p class='ocr_par' dir='ltr' id='par_1_12' title="bbox 1972 667 2253 3195">
     <span class='ocr_line' id='line_1_82' title="bbox 1972 667 2253 776; baseline 0 0"><span class='ocrx_word' id='word_1_366' title='bbox 1972 667 2253 776; x_wconf 95' lang='lat' dir='ltr'>     </span> 
     </span>
     <span class='ocr_line' id='line_1_83' title="bbox 1972 776 2253 3195; baseline 0 -1507"><span class='ocrx_word' id='word_1_367' title='bbox 1972 776 2253 3195; x_wconf 95' lang='lat' dir='ltr'>      </span> 
     </span>
    </p>
   </div>
   <div class='ocr_carea' id='block_1_13' title="bbox 1219 962 1978 2612">
    <p class='ocr_par' dir='ltr' id='par_1_13' title="bbox 1219 962 1970 1648">
     <span class='ocr_line' id='line_1_84' title="bbox 1219 962 1965 1006; baseline 0.001 -12"><span class='ocrx_word' id='word_1_368' title='bbox 1219 971 1325 1004; x_wconf 82' lang='lat' dir='ltr'>cogas,</span> <span class='ocrx_word' id='word_1_369' title='bbox 1336 962 1521 1005; x_wconf 86' lang='lat' dir='ltr'>compellas,</span> <span class='ocrx_word' id='word_1_370' title='bbox 1537 973 1574 995; x_wconf 89' lang='lat' dir='ltr'>ac</span> <span class='ocrx_word' id='word_1_371' title='bbox 1590 972 1689 1006; x_wconf 89' lang='lat' dir='ltr'>penes</span> <span class='ocrx_word' id='word_1_372' title='bbox 1708 973 1880 1006; x_wconf 88' lang='lat' dir='ltr'>personam</span> <span class='ocrx_word' id='word_1_373' title='bbox 1900 962 1965 996; x_wconf 80' lang='lat' dir='ltr'>fide</span> 
     </span>
     <span class='ocr_line' id='line_1_85' title="bbox 1219 1015 1966 1060; baseline 0.003 -13"><span class='ocrx_word' id='word_1_374' title='bbox 1219 1020 1250 1047; x_wconf 89' lang='lat' dir='ltr'>et</span> <span class='ocrx_word' id='word_1_375' title='bbox 1271 1015 1475 1048; x_wconf 77' lang='lat' dir='ltr'>facultatibus</span> <span class='ocrx_word' id='word_1_376' title='bbox 1506 1015 1656 1048; x_wconf 81' lang='lat' dir='ltr'>idoneam</span> <span class='ocrx_word' id='word_1_377' title='bbox 1684 1015 1801 1060; x_wconf 88' lang='lat' dir='ltr'>deponi</span> <span class='ocrx_word' id='word_1_378' title='bbox 1834 1016 1966 1050; x_wconf 88' lang='lat' dir='ltr'>mandes</span> 
     </span>
     <span class='ocr_line' id='line_1_86' title="bbox 1219 1068 1966 1111; baseline 0.003 -10"><span class='ocrx_word' id='word_1_379' title='bbox 1219 1073 1250 1101; x_wconf 91' lang='lat' dir='ltr'>et</span> <span class='ocrx_word' id='word_1_380' title='bbox 1263 1068 1370 1108; x_wconf 82' lang='lat' dir='ltr'>facias,</span> <span class='ocrx_word' id='word_1_381' title='bbox 1383 1068 1468 1101; x_wconf 91' lang='lat' dir='ltr'>unde</span> <span class='ocrx_word' id='word_1_382' title='bbox 1486 1068 1546 1102; x_wconf 92' lang='lat' dir='ltr'>nisi</span> <span class='ocrx_word' id='word_1_383' title='bbox 1567 1069 1607 1102; x_wconf 91' lang='lat' dir='ltr'>de</span> <span class='ocrx_word' id='word_1_384' title='bbox 1627 1069 1781 1102; x_wconf 87' lang='lat' dir='ltr'>mandato</span> <span class='ocrx_word' id='word_1_385' title='bbox 1802 1068 1924 1111; x_wconf 83' lang='lat' dir='ltr'>nostr&#39;o,</span> <span class='ocrx_word' id='word_1_386' title='bbox 1947 1080 1966 1103; x_wconf 86' lang='lat' dir='ltr'>a</span> 
     </span>
     <span class='ocr_line' id='line_1_87' title="bbox 1220 1121 1967 1166; baseline 0.004 -13"><span class='ocrx_word' id='word_1_387' title='bbox 1220 1130 1396 1164; x_wconf 86' lang='lat' dir='ltr'>quoquam,</span> <span class='ocrx_word' id='word_1_388' title='bbox 1419 1121 1529 1165; x_wconf 85' lang='lat' dir='ltr'>quavis</span> <span class='ocrx_word' id='word_1_389' title='bbox 1550 1122 1752 1163; x_wconf 83' lang='lat' dir='ltr'>auctoritate,</span> <span class='ocrx_word' id='word_1_390' title='bbox 1773 1122 1884 1166; x_wconf 86' lang='lat' dir='ltr'>recipi,</span> <span class='ocrx_word' id='word_1_391' title='bbox 1912 1129 1967 1156; x_wconf 87' lang='lat' dir='ltr'>aut</span> 
     </span>
     <span class='ocr_line' id='line_1_88' title="bbox 1221 1175 1963 1219; baseline 0.004 -12"><span class='ocrx_word' id='word_1_392' title='bbox 1221 1175 1252 1207; x_wconf 93' lang='lat' dir='ltr'>in</span> <span class='ocrx_word' id='word_1_393' title='bbox 1274 1175 1364 1215; x_wconf 86' lang='lat' dir='ltr'>alios,</span> <span class='ocrx_word' id='word_1_394' title='bbox 1388 1186 1485 1219; x_wconf 85' lang='lat' dir='ltr'>quam</span> <span class='ocrx_word' id='word_1_395' title='bbox 1506 1185 1571 1214; x_wconf 77' lang='lat' dir='ltr'>eos,</span> <span class='ocrx_word' id='word_1_396' title='bbox 1595 1185 1676 1219; x_wconf 87' lang='lat' dir='ltr'>quos</span> <span class='ocrx_word' id='word_1_397' title='bbox 1696 1186 1756 1209; x_wconf 87' lang='lat' dir='ltr'>nos</span> <span class='ocrx_word' id='word_1_398' title='bbox 1775 1181 1963 1217; x_wconf 86' lang='lat' dir='ltr'>statuemus,</span> 
     </span>
     <span class='ocr_line' id='line_1_89' title="bbox 1220 1229 1967 1274; baseline 0.003 -13"><span class='ocrx_word' id='word_1_399' title='bbox 1220 1239 1306 1269; x_wconf 87' lang='lat' dir='ltr'>usus,</span> <span class='ocrx_word' id='word_1_400' title='bbox 1323 1229 1465 1262; x_wconf 86' lang='lat' dir='ltr'>converti</span> <span class='ocrx_word' id='word_1_401' title='bbox 1483 1229 1616 1262; x_wconf 89' lang='lat' dir='ltr'>minime</span> <span class='ocrx_word' id='word_1_402' title='bbox 1636 1229 1824 1273; x_wconf 81' lang='lat' dir='ltr'>permittas·,</span> <span class='ocrx_word' id='word_1_403' title='bbox 1844 1229 1967 1274; x_wconf 88' lang='lat' dir='ltr'>tibique</span> 
     </span>
     <span class='ocr_line' id='line_1_90' title="bbox 1222 1282 1964 1327; baseline 0.004 -13"><span class='ocrx_word' id='word_1_404' title='bbox 1222 1282 1425 1321; x_wconf 81' lang='lat' dir='ltr'>facultatem,</span> <span class='ocrx_word' id='word_1_405' title='bbox 1464 1293 1686 1327; x_wconf 86' lang='lat' dir='ltr'>quoscumque</span> <span class='ocrx_word' id='word_1_406' title='bbox 1726 1294 1807 1327; x_wconf 89' lang='lat' dir='ltr'>opus</span> <span class='ocrx_word' id='word_1_407' title='bbox 1848 1283 1964 1324; x_wconf 79' lang='lat' dir='ltr'>suerit,</span> 
     </span>
     <span class='ocr_line' id='line_1_91' title="bbox 1221 1336 1964 1381; baseline 0.003 -13"><span class='ocrx_word' id='word_1_408' title='bbox 1221 1336 1317 1369; x_wconf 90' lang='lat' dir='ltr'>etiam</span> <span class='ocrx_word' id='word_1_409' title='bbox 1344 1347 1402 1380; x_wconf 82' lang='lat' dir='ltr'>per</span> <span class='ocrx_word' id='word_1_410' title='bbox 1421 1336 1560 1370; x_wconf 85' lang='lat' dir='ltr'>edictum</span> <span class='ocrx_word' id='word_1_411' title='bbox 1590 1337 1755 1381; x_wconf 86' lang='lat' dir='ltr'>publicum</span> <span class='ocrx_word' id='word_1_412' title='bbox 1769 1365 1777 1378; x_wconf 93' lang='lat'>,</span> <span class='ocrx_word' id='word_1_413' title='bbox 1801 1337 1940 1371; x_wconf 90' lang='lat' dir='ltr'>constito</span> <span class='ocrx_word' id='word_1_414' title='bbox 1957 1364 1964 1378; x_wconf 87' lang='lat'>,</span> 
     </span>
     <span class='ocr_line' id='line_1_92' title="bbox 1222 1389 1968 1424; baseline 0.003 -2"><span class='ocrx_word' id='word_1_415' title='bbox 1222 1389 1316 1422; x_wconf 84' lang='lat' dir='ltr'>etiam</span> <span class='ocrx_word' id='word_1_416' title='bbox 1338 1389 1513 1423; x_wconf 84' lang='lat' dir='ltr'>sununarie</span> <span class='ocrx_word' id='word_1_417' title='bbox 1533 1390 1572 1423; x_wconf 75' lang='lat' dir='ltr'>(le</span> <span class='ocrx_word' id='word_1_418' title='bbox 1593 1400 1658 1423; x_wconf 91' lang='lat' dir='ltr'>non</span> <span class='ocrx_word' id='word_1_419' title='bbox 1678 1395 1746 1423; x_wconf 85' lang='lat' dir='ltr'>tuto</span> <span class='ocrx_word' id='word_1_420' title='bbox 1767 1390 1806 1423; x_wconf 89' lang='lat' dir='ltr'>ad</span> <span class='ocrx_word' id='word_1_421' title='bbox 1824 1390 1896 1424; x_wconf 91' lang='lat' dir='ltr'>illos</span> <span class='ocrx_word' id='word_1_422' title='bbox 1914 1401 1968 1424; x_wconf 91' lang='lat' dir='ltr'>ac-</span> 
     </span>
     <span class='ocr_line' id='line_1_93' title="bbox 1223 1443 1969 1489; baseline 0.001 -13"><span class='ocrx_word' id='word_1_423' title='bbox 1223 1454 1327 1483; x_wconf 86' lang='lat' dir='ltr'>cessu,</span> <span class='ocrx_word' id='word_1_424' title='bbox 1345 1443 1464 1476; x_wconf 86' lang='lat' dir='ltr'>citandi</span> <span class='ocrx_word' id='word_1_425' title='bbox 1487 1453 1523 1476; x_wconf 85' lang='lat' dir='ltr'>ac</span> <span class='ocrx_word' id='word_1_426' title='bbox 1544 1443 1723 1485; x_wconf 86' lang='lat' dir='ltr'>inhibendi,</span> <span class='ocrx_word' id='word_1_427' title='bbox 1747 1443 1969 1489; x_wconf 83' lang='lat' dir='ltr'>auxiliumque</span> 
     </span>
     <span class='ocr_line' id='line_1_94' title="bbox 1222 1496 1969 1541; baseline 0.001 -12"><span class='ocrx_word' id='word_1_428' title='bbox 1222 1496 1345 1529; x_wconf 87' lang='lat' dir='ltr'>brachii</span> <span class='ocrx_word' id='word_1_429' title='bbox 1373 1497 1544 1530; x_wconf 86' lang='lat' dir='ltr'>saecularis</span> <span class='ocrx_word' id='word_1_430' title='bbox 1569 1496 1758 1537; x_wconf 83' lang='lat' dir='ltr'>invocandi,</span> <span class='ocrx_word' id='word_1_431' title='bbox 1787 1497 1913 1541; x_wconf 88' lang='lat' dir='ltr'>aliaque</span> <span class='ocrx_word' id='word_1_432' title='bbox 1937 1497 1969 1530; x_wconf 91' lang='lat' dir='ltr'>in</span> 
     </span>
     <span class='ocr_line' id='line_1_95' title="bbox 1224 1550 1970 1596; baseline 0.003 -13"><span class='ocrx_word' id='word_1_433' title='bbox 1224 1550 1406 1594; x_wconf 84' lang='lat' dir='ltr'>praemissis</span> <span class='ocrx_word' id='word_1_434' title='bbox 1431 1556 1462 1584; x_wconf 89' lang='lat' dir='ltr'>et</span> <span class='ocrx_word' id='word_1_435' title='bbox 1481 1550 1567 1583; x_wconf 85' lang='lat' dir='ltr'>circa</span> <span class='ocrx_word' id='word_1_436' title='bbox 1587 1560 1623 1584; x_wconf 87' lang='lat' dir='ltr'>ea</span> <span class='ocrx_word' id='word_1_437' title='bbox 1649 1551 1829 1584; x_wconf 88' lang='lat' dir='ltr'>necessaria</span> <span class='ocrx_word' id='word_1_438' title='bbox 1853 1557 1883 1585; x_wconf 89' lang='lat' dir='ltr'>et</span> <span class='ocrx_word' id='word_1_439' title='bbox 1911 1561 1970 1596; x_wconf 91' lang='lat' dir='ltr'>op-</span> 
     </span>
     <span class='ocr_line' id='line_1_96' title="bbox 1225 1604 1745 1648; baseline 0.002 -12"><span class='ocrx_word' id='word_1_440' title='bbox 1225 1610 1363 1648; x_wconf 87' lang='lat' dir='ltr'>portuna</span> <span class='ocrx_word' id='word_1_441' title='bbox 1389 1604 1537 1645; x_wconf 83' lang='lat' dir='ltr'>faciendi,</span> <span class='ocrx_word' id='word_1_442' title='bbox 1563 1604 1745 1638; x_wconf 87' lang='lat' dir='ltr'>tribuimus.</span> 
     </span>
    </p>

    <p class='ocr_par' dir='ltr' id='par_1_14' title="bbox 1226 1657 1977 2396">
     <span class='ocr_line' id='line_1_97' title="bbox 1270 1657 1972 1699; baseline 0.001 -9"><span class='ocrx_word' id='word_1_443' title='bbox 1270 1659 1286 1699; x_wconf 66' lang='grc' dir='ltr'>ἓ</span> <span class='ocrx_word' id='word_1_444' title='bbox 1307 1657 1337 1690; x_wconf 80' lang='grc'>3.</span> <span class='ocrx_word' id='word_1_445' title='bbox 1361 1657 1431 1690; x_wconf 83' lang='grc' dir='ltr'>Νοη</span> <span class='ocrx_word' id='word_1_446' title='bbox 1463 1657 1664 1691; x_wconf 87' lang='lat' dir='ltr'>obstantibus</span> <span class='ocrx_word' id='word_1_447' title='bbox 1690 1657 1972 1691; x_wconf 82' lang='lat' dir='ltr'>constitutionibus</span> 
     </span>
     <span class='ocr_line' id='line_1_98' title="bbox 1226 1710 1972 1755; baseline 0.003 -12"><span class='ocrx_word' id='word_1_448' title='bbox 1226 1716 1257 1744; x_wconf 90' lang='lat' dir='ltr'>et</span> <span class='ocrx_word' id='word_1_449' title='bbox 1275 1710 1533 1744; x_wconf 86' lang='lat' dir='ltr'>ordinationibus</span> <span class='ocrx_word' id='word_1_450' title='bbox 1553 1711 1748 1754; x_wconf 83' lang='lat' dir='ltr'>apostolicis.</span> <span class='ocrx_word' id='word_1_451' title='bbox 1763 1721 1799 1745; x_wconf 87' lang='lat' dir='ltr'>ac</span> <span class='ocrx_word' id='word_1_452' title='bbox 1819 1722 1972 1755; x_wconf 88' lang='lat' dir='ltr'>quarum-</span> 
     </span>
     <span class='ocr_line' id='line_1_99' title="bbox 1227 1764 1971 1807; baseline 0.003 -11"><span class='ocrx_word' id='word_1_453' title='bbox 1227 1764 1271 1796; x_wconf 78' lang='lat' dir='ltr'>vis</span> <span class='ocrx_word' id='word_1_454' title='bbox 1306 1764 1514 1797; x_wconf 84' lang='lat' dir='ltr'>eeclesiarum</span> <span class='ocrx_word' id='word_1_455' title='bbox 1544 1769 1575 1797; x_wconf 86' lang='lat' dir='ltr'>et</span> <span class='ocrx_word' id='word_1_456' title='bbox 1601 1764 1842 1807; x_wconf 77' lang='lat' dir='ltr'>Capitulorum.</span> <span class='ocrx_word' id='word_1_457' title='bbox 1875 1765 1971 1798; x_wconf 89' lang='lat' dir='ltr'>etiam</span> 
     </span>
     <span class='ocr_line' id='line_1_100' title="bbox 1228 1817 1973 1861; baseline 0 -11"><span class='ocrx_word' id='word_1_458' title='bbox 1228 1817 1418 1856; x_wconf 82' lang='lat' dir='ltr'>iuramento,</span> <span class='ocrx_word' id='word_1_459' title='bbox 1443 1817 1688 1851; x_wconf 83' lang='lat' dir='ltr'>confirmatione</span> <span class='ocrx_word' id='word_1_460' title='bbox 1709 1818 1896 1861; x_wconf 88' lang='lat' dir='ltr'>apostolica,</span> <span class='ocrx_word' id='word_1_461' title='bbox 1923 1818 1973 1852; x_wconf 91' lang='lat' dir='ltr'>vel</span> 
     </span>
     <span class='ocr_line' id='line_1_101' title="bbox 1228 1870 1975 1914; baseline 0.003 -11"><span class='ocrx_word' id='word_1_462' title='bbox 1228 1870 1338 1914; x_wconf 84' lang='lat' dir='ltr'>quavis</span> <span class='ocrx_word' id='word_1_463' title='bbox 1355 1870 1505 1904; x_wconf 75' lang='lat' dir='ltr'>firmitate</span> <span class='ocrx_word' id='word_1_464' title='bbox 1525 1870 1586 1904; x_wconf 89' lang='lat' dir='ltr'>alia</span> <span class='ocrx_word' id='word_1_465' title='bbox 1608 1871 1779 1910; x_wconf 81' lang='lat' dir='ltr'>roboratis,</span> <span class='ocrx_word' id='word_1_466' title='bbox 1793 1871 1919 1904; x_wconf 83' lang='lat' dir='ltr'>statutis</span> <span class='ocrx_word' id='word_1_467' title='bbox 1943 1876 1975 1905; x_wconf 86' lang='lat' dir='ltr'>et</span> 
     </span>
     <span class='ocr_line' id='line_1_102' title="bbox 1229 1923 1974 1968; baseline 0 -11"><span class='ocrx_word' id='word_1_468' title='bbox 1229 1924 1531 1963; x_wconf 75' lang='lat' dir='ltr'>consuetudinibus,</span> <span class='ocrx_word' id='word_1_469' title='bbox 1555 1923 1728 1967; x_wconf 63' lang='lat' dir='ltr'>privilegiis</span> <span class='ocrx_word' id='word_1_470' title='bbox 1753 1934 1900 1968; x_wconf 86' lang='lat' dir='ltr'>quoque,</span> <span class='ocrx_word' id='word_1_471' title='bbox 1926 1924 1974 1957; x_wconf 91' lang='lat' dir='ltr'>in-</span> 
     </span>
     <span class='ocr_line' id='line_1_103' title="bbox 1230 1977 1974 2020; baseline 0.003 -11"><span class='ocrx_word' id='word_1_472' title='bbox 1230 1977 1326 2010; x_wconf 82' lang='lat' dir='ltr'>‹lultis</span> <span class='ocrx_word' id='word_1_473' title='bbox 1343 1983 1374 2010; x_wconf 90' lang='lat' dir='ltr'>et</span> <span class='ocrx_word' id='word_1_474' title='bbox 1391 1977 1503 2010; x_wconf 88' lang='lat' dir='ltr'>litteris</span> <span class='ocrx_word' id='word_1_475' title='bbox 1523 1977 1707 2020; x_wconf 85' lang='lat' dir='ltr'>apostolicis</span> <span class='ocrx_word' id='word_1_476' title='bbox 1729 1977 1759 2010; x_wconf 94' lang='lat' dir='ltr'>in</span> <span class='ocrx_word' id='word_1_477' title='bbox 1777 1977 1974 2011; x_wconf 86' lang='lat' dir='ltr'>contrarium</span> 
     </span>
     <span class='ocr_line' id='line_1_104' title="bbox 1230 2029 1977 2074; baseline -0.003 -11"><span class='ocrx_word' id='word_1_478' title='bbox 1230 2030 1492 2074; x_wconf 85' lang='lat' dir='ltr'>praemissorum,</span> <span class='ocrx_word' id='word_1_479' title='bbox 1507 2030 1752 2074; x_wconf 85' lang='lat' dir='ltr'>quomodolibet</span> <span class='ocrx_word' id='word_1_480' title='bbox 1769 2029 1928 2064; x_wconf 84' lang='lat' dir='ltr'>concessis</span> <span class='ocrx_word' id='word_1_481' title='bbox 1945 2036 1977 2064; x_wconf 87' lang='lat' dir='ltr'>et.</span> 
     </span>
     <span class='ocr_line' id='line_1_105' title="bbox 1231 2083 1977 2126; baseline 0 -10"><span class='ocrx_word' id='word_1_482' title='bbox 1231 2083 1438 2116; x_wconf 72' lang='lat' dir='ltr'>confirmatis.</span> <span class='ocrx_word' id='word_1_483' title='bbox 1463 2083 1582 2123; x_wconf 84' lang='lat' dir='ltr'>Quibus</span> <span class='ocrx_word' id='word_1_484' title='bbox 1608 2083 1759 2117; x_wconf 90' lang='lat' dir='ltr'>omuibus</span> <span class='ocrx_word' id='word_1_485' title='bbox 1785 2089 1816 2117; x_wconf 87' lang='lat' dir='ltr'>et</span> <span class='ocrx_word' id='word_1_486' title='bbox 1843 2083 1977 2126; x_wconf 68' lang='lat' dir='ltr'>singulis</span> 
     </span>
     <span class='ocr_line' id='line_1_106' title="bbox 1231 2137 1975 2181; baseline 0.001 -11"><span class='ocrx_word' id='word_1_487' title='bbox 1231 2149 1342 2171; x_wconf 88' lang='lat' dir='ltr'>eorum</span> <span class='ocrx_word' id='word_1_488' title='bbox 1365 2143 1503 2177; x_wconf 82' lang='lat' dir='ltr'>tenores,</span> <span class='ocrx_word' id='word_1_489' title='bbox 1527 2137 1748 2181; x_wconf 81' lang='lat' dir='ltr'>praesentibus</span> <span class='ocrx_word' id='word_1_490' title='bbox 1769 2148 1828 2181; x_wconf 91' lang='lat' dir='ltr'>pro</span> <span class='ocrx_word' id='word_1_491' title='bbox 1848 2147 1975 2181; x_wconf 86' lang='lat' dir='ltr'>expres-</span> 
     </span>
     <span class='ocr_line' id='line_1_107' title="bbox 1231 2190 1977 2231; baseline 0 -7"><span class='ocrx_word' id='word_1_492' title='bbox 1231 2192 1272 2224; x_wconf 78' lang='lat' dir='ltr'>sis</span> <span class='ocrx_word' id='word_1_493' title='bbox 1299 2198 1329 2225; x_wconf 76' lang='lat' dir='ltr'>et</span> <span class='ocrx_word' id='word_1_494' title='bbox 1349 2192 1388 2224; x_wconf 90' lang='lat' dir='ltr'>ad</span> <span class='ocrx_word' id='word_1_495' title='bbox 1418 2191 1551 2224; x_wconf 68' lang='lat' dir='ltr'>verbum</span> <span class='ocrx_word' id='word_1_496' title='bbox 1573 2191 1700 2224; x_wconf 88' lang='lat' dir='ltr'>insertis</span> <span class='ocrx_word' id='word_1_497' title='bbox 1724 2190 1896 2231; x_wconf 82' lang='lat' dir='ltr'>habentes,</span> <span class='ocrx_word' id='word_1_498' title='bbox 1918 2190 1977 2224; x_wconf 83' lang='lat' dir='ltr'>bac</span> 
     </span>
     <span class='ocr_line' id='line_1_108' title="bbox 1233 2244 1977 2288; baseline 0 -11"><span class='ocrx_word' id='word_1_499' title='bbox 1233 2245 1320 2284; x_wconf 76' lang='lat' dir='ltr'>vice,</span> <span class='ocrx_word' id='word_1_500' title='bbox 1345 2245 1526 2283; x_wconf 73' lang='lat' dir='ltr'>dumtaxat,</span> <span class='ocrx_word' id='word_1_501' title='bbox 1558 2244 1740 2288; x_wconf 81' lang='lat' dir='ltr'>specialiter</span> <span class='ocrx_word' id='word_1_502' title='bbox 1769 2249 1802 2277; x_wconf 89' lang='lat' dir='ltr'>et.</span> <span class='ocrx_word' id='word_1_503' title='bbox 1831 2253 1977 2288; x_wconf 84' lang='lat' dir='ltr'>expresse</span> 
     </span>
     <span class='ocr_line' id='line_1_109' title="bbox 1233 2296 1977 2341; baseline 0 -11"><span class='ocrx_word' id='word_1_504' title='bbox 1233 2298 1445 2339; x_wconf 67' lang='lat' dir='ltr'>derogamus,</span> <span class='ocrx_word' id='word_1_505' title='bbox 1477 2297 1675 2341; x_wconf 89' lang='lat' dir='ltr'>caeterisque</span> <span class='ocrx_word' id='word_1_506' title='bbox 1704 2296 1874 2330; x_wconf 87' lang='lat' dir='ltr'>contrariis</span> <span class='ocrx_word' id='word_1_507' title='bbox 1905 2296 1977 2341; x_wconf 89' lang='lat' dir='ltr'>qui-</span> 
     </span>
     <span class='ocr_line' id='line_1_110' title="bbox 1233 2353 1443 2396; baseline 0.005 -11"><span class='ocrx_word' id='word_1_508' title='bbox 1233 2353 1443 2396; x_wconf 83' lang='lat' dir='ltr'>busrumque.</span> 
     </span>
    </p>

    <p class='ocr_par' dir='ltr' id='par_1_15' title="bbox 1234 2405 1978 2556">
     <span class='ocr_line' id='line_1_111' title="bbox 1277 2405 1978 2450; baseline -0.004 -10"><span class='ocrx_word' id='word_1_509' title='bbox 1277 2407 1389 2440; x_wconf 80' lang='lat' dir='ltr'>ilatum</span> <span class='ocrx_word' id='word_1_510' title='bbox 1409 2407 1528 2440; x_wconf 85' lang='lat' dir='ltr'>Romae</span> <span class='ocrx_word' id='word_1_511' title='bbox 1545 2406 1630 2450; x_wconf 89' lang='lat' dir='ltr'>apud</span> <span class='ocrx_word' id='word_1_512' title='bbox 1644 2406 1673 2438; x_wconf 72' lang='lat' dir='ltr'>S.</span> <span class='ocrx_word' id='word_1_513' title='bbox 1693 2406 1820 2438; x_wconf 77' lang='lat' dir='ltr'>l&#39;etrtuu</span> <span class='ocrx_word' id='word_1_514' title='bbox 1842 2405 1901 2438; x_wconf 91' lang='lat' dir='ltr'>sub</span> <span class='ocrx_word' id='word_1_515' title='bbox 1922 2415 1978 2438; x_wconf 85' lang='lat' dir='ltr'>an-</span> 
     </span>
     <span class='ocr_line' id='line_1_112' title="bbox 1234 2458 1974 2502; baseline -0.001 -10"><span class='ocrx_word' id='word_1_516' title='bbox 1234 2460 1310 2492; x_wconf 90' lang='lat' dir='ltr'>nulo</span> <span class='ocrx_word' id='word_1_517' title='bbox 1332 2459 1518 2499; x_wconf 68' lang='lat' dir='ltr'>piscatoris,</span> <span class='ocrx_word' id='word_1_518' title='bbox 1541 2458 1592 2492; x_wconf 86' lang='lat' dir='ltr'>‹lie</span> <span class='ocrx_word' id='word_1_519' title='bbox 1617 2469 1673 2492; x_wconf 83' lang='lat' dir='ltr'>xut</span> <span class='ocrx_word' id='word_1_520' title='bbox 1703 2458 1814 2502; x_wconf 83' lang='lat' dir='ltr'>aprilis</span> <span class='ocrx_word' id='word_1_521' title='bbox 1834 2467 1953 2492; x_wconf 75' lang='lat' dir='ltr'>unxctv</span> <span class='ocrx_word' id='word_1_522' title='bbox 1967 2484 1974 2498; x_wconf 88' lang='lat'>‚</span> 
     </span>
     <span class='ocr_line' id='line_1_113' title="bbox 1235 2513 1733 2556; baseline -0.002 -9"><span class='ocrx_word' id='word_1_523' title='bbox 1235 2514 1439 2556; x_wconf 66' lang='lat' dir='ltr'>pontificatus</span> <span class='ocrx_word' id='word_1_524' title='bbox 1459 2513 1558 2547; x_wconf 87' lang='lat' dir='ltr'>nostri</span> <span class='ocrx_word' id='word_1_525' title='bbox 1579 2523 1665 2546; x_wconf 82' lang='lat' dir='ltr'>aimo</span> <span class='ocrx_word' id='word_1_526' title='bbox 1686 2523 1733 2546; x_wconf 83' lang='lat' dir='ltr'>iu.</span> 
     </span>
    </p>

    <p class='ocr_par' dir='ltr' id='par_1_16' title="bbox 1271 2575 1852 2612">
     <span class='ocr_line' id='line_1_114' title="bbox 1271 2575 1852 2612; baseline -0.003 -9"><span class='ocrx_word' id='word_1_527' title='bbox 1271 2577 1330 2603; x_wconf 81' lang='lat' dir='ltr'>Dat.</span> <span class='ocrx_word' id='word_1_528' title='bbox 1348 2576 1391 2602; x_wconf 78' lang='lat' dir='ltr'>«lie</span> <span class='ocrx_word' id='word_1_529' title='bbox 1411 2576 1442 2604; x_wconf 85' lang='grc'>13</span> <span class='ocrx_word' id='word_1_530' title='bbox 1457 2575 1548 2612; x_wconf 79' lang='lat' dir='ltr'>aprilis</span> <span class='ocrx_word' id='word_1_531' title='bbox 1566 2575 1643 2608; x_wconf 62' lang='lat'>¹504,</span> <span class='ocrx_word' id='word_1_532' title='bbox 1660 2578 1735 2611; x_wconf 87' lang='lat' dir='ltr'>pont.</span> <span class='ocrx_word' id='word_1_533' title='bbox 1751 2582 1795 2602; x_wconf 82' lang='lat' dir='ltr'>un.</span> <span class='ocrx_word' id='word_1_534' title='bbox 1811 2581 1852 2602; x_wconf 85' lang='grc' dir='ltr'><strong>ιιι.</strong></span> 
     </span>
    </p>
   </div>
   <div class='ocr_carea' id='block_1_14' title="bbox 1986 1662 2163 1686">
    <p class='ocr_par' dir='ltr' id='par_1_17' title="bbox 1986 1662 2163 1686">
     <span class='ocr_line' id='line_1_115' title="bbox 1986 1662 2163 1686; baseline -0.011 0"><span class='ocrx_word' id='word_1_535' title='bbox 1986 1663 2096 1686; x_wconf 70' lang='lat' dir='ltr'>Obstat-tia</span> <span class='ocrx_word' id='word_1_536' title='bbox 2111 1662 2163 1684; x_wconf 75' lang='lat' dir='ltr'>tottn</span> 
     </span>
    </p>
   </div>
  </div>
 </body>
</html>
