2253 3195
24 254 70 282 An.
92 253 117 279 C.
133 252 202 279 1002

171 1894 174 1895 γ
211 1859 445 1903 quinquaginta
471 1859 587 1898 libras,
619 1860 702 1892 ultra
733 1859 802 1892 illas
828 1860 957 1901 triginta

847 266 991 289 itit-:ttENs
1013 267 1068 289 Vttt
1092 267 1140 288 ΙΨ.

215 310 325 347 libris,
350 316 377 343 et
405 311 542 355 amplius
575 312 715 355 quolibet
750 324 834 345 aimo
867 313 977 345 nesti-¹

215 370 354 405 mantur,
381 372 612 409 recuperentur
633 367 670 399 (10
697 378 793 399 manu
820 367 890 399 illos
917 361 977 398 it-'

215 418 300 451 licite
322 419 567 462 possidentium,
592 425 621 452 et
642 421 796 453 ecclesiae
817 422 855 453 de
882 421 958 453 Bor-

216 471 274 504 riol
296 473 446 516 applicati
470 479 634 513 maneant,
657 480 683 506 et
714 485 770 517 per
802 480 957 507 rectorem

214 530 241 556 et
269 525 386 558 iuratos
414 526 691 559 administrentur.
716 527 854 559 Ecclesia
885 538 978 566 vero¹

214 577 252 610 de
288 579 410 611 Borriol
446 579 610 612 reficiatur
646 586 671 612 et
712 580 887 623 amplietur
919 580 957 611 ad

214 631 339 663 tertiam
352 637 474 675 partem
489 632 710 672 longitudinis,
726 633 808 664 iuxta
823 633 957 664 formam

214 685 431 726 designatam,
456 692 490 718 ut
509 686 549 717 sit
569 686 680 729 populi
703 697 820 729 capax:
845 687 960 718 domus

214 738 307 770 etiam
331 739 465 771 rectoris
486 738 649 771 reficiatur
669 739 814 782 expensis
835 739 960 771 uuiver-

213 791 325 824 sitatis

505 873 550 906 Cli
557 873 648 906 i'rert.

257 953 417 996 Oppidum
428 953 567 989 Cliircrl,
579 953 608 984 in
623 953 739 985 vertice
754 953 850 985 erecti
867 963 958 985 mon-

215 1006 252 1038 tis
280 1006 388 1044 situm,
414 1012 460 1039 est
489 1017 618 1038 accessu
644 1006 796 1040 difficilis:
819 1007 958 1049 quadra-

213 1059 302 1101 ginta
333 1059 475 1092 continet
507 1060 622 1092 domus
652 1071 756 1103 nuper
788 1060 827 1092 ad
861 1060 956 1091 fidem

213 1122 458 1151 conversorum,
483 1112 573 1145 euius
600 1113 787 1156 temporalis
808 1113 958 1145 (lominus

213 1171 259 1198 est
279 1166 573 1198 commendatarius
594 1166 632 1198 de
655 1166 763 1198 Δ»1100111
785 1166 914 1198 Militiae
929 1172 956 1198 et

213 1219 339 1252 Ordinis
368 1220 406 1251 de
436 1218 600 1251 Montesia.
630 1219 663 1251 ln
695 1229 732 1251 eo
766 1219 958 1261 parochialis

213 1273 347 1305 eeclesia
364 1278 408 1305 est
427 1272 485 1304 sub
501 1272 703 1304 invocatione
722 1272 959 1315 Assumptionis

213 1325 349 1368 Virginis
362 1325 493 1365 Mariae;
507 1336 563 1368 per
579 1325 819 1358 commissarios
831 1332 955 1368 aposto-

213 1378 291 1411 licos
302 1378 357 1410 fuit
369 1379 476 1411 dotata
487 1379 525 1411 de
537 1378 666 1421 triginta
676 1379 862 1422 tibi-iseum
875 1390 958 1412 com-

213 1432 432 1464 mendatarius
449 1432 610 1474 praefatus
626 1432 761 1464 solveret
772 1442 830 1475 pro
844 1432 957 1475 primi-

213 1485 274 1526 tiis,
292 1491 318 1517 et
336 1485 467 1517 baberet
491 1485 539 1518 ius
557 1491 745 1528 patronatus
760 1491 789 1518 et
806 1496 958 1528 praesen-

215 1538 300 1571 tandi
316 1539 539 1582 presbyterum
554 1538 592 1570 ad
607 1544 720 1571 nutum
736 1539 954 1573 amovibilem,

214 1592 305 1625 toties
319 1592 444 1635 quoties
454 1591 619 1624 voluisset:
634 1598 757 1635 oportet
774 1593 859 1635 quod
871 1603 960 1635 prae-

213 1646 275 1678 fata
307 1645 364 1678 dos
386 1645 517 1687 triginta
548 1645 704 1677 librarum
736 1651 893 1688 augeatur
918 1646 956 1678 ad

213 1705 342 1731 eentum
364 1710 465 1742 usque
476 1699 575 1731 libras
588 1704 735 1732 monetae
746 1699 954 1732 Valentiiwn-

211 1752 699 1796 sis,hoevidelicetmodo‚quod
709 1753 957 1786 commendator

210 1807 372 1850 praefatus
397 1806 539 1839 eiusdem
570 1806 631 1839 loci
656 1807 753 1839 solvat
785 1806 957 1850 quotannis

211 1924 290 1957 quas
318 1919 412 1946 antea
439 1913 602 1953 solvebat,
627 1924 709 1956 quae
731 1923 842 1945 omnes
863 1919 956 1946 erunt

211 1967 396 2009 octuaginta
417 1966 529 2006 librae,
555 1966 679 1999 ratione
706 1968 868 1999 fructuum
892 1967 956 2010 pri-

214 2020 383 2053 mitialium
403 2026 434 2053 et
451 2020 669 2059 decimalium,
685 2030 765 2063 quos
787 2031 822 2053 ex
844 2020 957 2053 eodem

212 2073 332 2118 oppido
351 2073 477 2117 recipit,
495 2073 548 2116 qui
569 2073 684 2106 valoris
705 2079 777 2106 sunt
798 2079 959 2106 sexcenta-

213 2137 284 2160 rum
318 2127 496 2165 librarum,
529 2132 559 2159 et
583 2127 670 2170 quod
702 2127 904 2170 applicentur
929 2132 958 2159 01

212 2180 391 2224 applicatae
425 2186 574 2212 maneant
607 2180 725 2213 rectori
763 2181 801 2212 de
833 2180 957 2212 Chivert

212 2233 322 2276 viginti
344 2233 445 2265 librae
467 2234 505 2266 de
525 2233 682 2266 reditibus
703 2243 854 2271 agrorum
881 2233 956 2266 olim

213 2287 411 2331 mesquitae,
445 2287 498 2331 qui
531 2288 571 2320 ad
606 2287 733 2329 triginta
772 2297 825 2320 sex
864 2287 959 2319 libras

213 2342 389 2374 ascendunt
411 2341 593 2385 quotannis.
610 2342 660 2374 lus
678 2352 752 2373 vcro
773 2346 960 2383 patronatus

213 2401 244 2427 et
264 2395 490 2439 praesentandi
520 2395 558 2427 ad
591 2394 708 2427 dictam
739 2393 958 2437 parochialem

214 2448 394 2486 eeclesiam,
418 2447 574 2491 pertineat
596 2447 625 2479 iu
647 2447 785 2479 solidum
808 2447 846 2479 ad
866 2457 956 2478 rom-

214 2501 451 2533 mendatarium
484 2502 662 2544 praefatum
691 2506 717 2532 ct
741 2509 956 2542 succes-sores,

215 2554 268 2598 qui
292 2559 461 2587 teneantur
482 2559 686 2596 praesentare
712 2553 933 2596 presbyterum
951 2579 956 2589 ,
975 2545 978 2598 l

1634 255 1690 286 sut

994 313 1198 346 residentiam
1241 313 1328 345 faciat
1369 313 1582 356 personalem.
1620 313 1737 345 Terrae

976 378 1080 414 ἰ1010,
1105 378 1186 410 quae
1208 367 1246 398 ad
1275 367 1464 410 mesquitam
1492 366 1569 399 olim
1590 366 1735 409 pertine-

995 420 1082 457 bant,
1107 426 1135 451 ct
1158 419 1279 452 reditus
1307 420 1461 452 ccclesiae
1494 419 1642 462 applicati
1673 430 1739 450 ma-

995 479 1102 509 neant,
1132 472 1442 505 etadministrentur
1471 483 1528 515 per
1558 478 1736 510 rectorem;

995 526 1110 558 (lomus
1142 526 1235 558 etiam
1275 537 1332 568 pro
1371 526 1504 558 rectoris
1542 525 1738 557 habitatione

995 589 1095 621 prope
1127 578 1293 610 ecclesiam
1334 578 1543 615 aedificetur,
1575 589 1628 610 scu
1658 589 1739 621 quae

995 632 1056 664 iam
1092 638 1135 663 est
1169 632 1334 663 aedificata
1369 638 1394 663 et
1431 631 1595 673 designata
1622 631 1738 664 rectori

996 685 1212 727 consignetur.

1200 765 1304 801 0111111,
1336 765 1420 797 Villa
1448 775 1539 796 nora.

1040 845 1072 877 ln
1095 845 1174 876 Vitta
1196 845 1233 877 (10
1257 844 1360 878 (bula,
1385 855 1466 887 quae
1489 844 1621 885 insignis
1640 850 1681 876 cst
1708 844 1738 875 in

995 908 1094 939 regno
1116 897 1290 933 Yaleutiae,
1308 903 1394 929 extra
1414 908 1523 929 muros
1542 903 1584 929 est
1607 897 1738 940 quidam

976 950 1099 986 ¹vicus,
1124 950 1177 993 qui
1200 950 1316 982 dicitur
1338 950 1369 981 [(1
1397 949 1482 981 vilra
1504 960 1603 989 110011,
1628 950 1738 982 des-em

995 1009 1020 1035 et
1039 1010 1109 1036 orto
1129 1003 1269 1035 continet
1285 1003 1400 1035 (lomus
1419 1003 1667 1035 christianorum
1683 1014 1740 1035 nu-

994 1068 1051 1100 per
1078 1058 1116 1089 ad
1143 1057 1238 1089 fidem
1262 1057 1452 1089 catholicam
1484 1067 1735 1094 conversorum,

995 1110 1025 1142 in
1059 1121 1122 1153 quo
1154 1116 1197 1143 cst
1226 1110 1360 1142 ecclesia
1385 1121 1439 1142 seu
1470 1110 1646 1142 oratorium
1681 1110 1738 1142 suh

994 1163 1196 1196 invocatione
1226 1163 1255 1195 S
1284 1163 1440 1195 Vincentii
1474 1163 1633 1200 Ferrerii,
1658 1173 1739 1206 quae

994 1216 1070 1248 olim
1086 1217 1186 1248 fuerat
1202 1217 1384 1248 Maurorum
1408 1216 1567 1258 mesquita
1586 1216 1739 1248 ecclesiae

995 1269 1172 1312 parochiali
1206 1270 1243 1301 (10
1269 1268 1359 1301 Onda
1385 1279 1567 1307 annexum,
1593 1269 1622 1300 in
1652 1269 1738 1312 quod

995 1322 1165 1356 dominicis
1186 1322 1299 1355 diebus
1320 1327 1351 1354 et
1372 1321 1487 1354 festivis
1508 1321 1633 1354 noviter
1658 1332 1737 1354 con-

995 1376 1074 1408 versi
1102 1376 1140 1408 ad
1162 1375 1356 1408 audiendam
1376 1375 1506 1407 missam
1530 1375 1736 1411 conveniunt,

994 1441 1090 1473 quam
1113 1429 1274 1473 parochus
1293 1429 1337 1460 vel
1358 1428 1439 1460 alius
1456 1428 1624 1472 presbyter
1642 1428 1681 1460 ab
1702 1439 1739 1460 eo

995 1484 1109 1515 missus
1138 1483 1301 1520 celebrat,
1327 1488 1355 1514 et
1379 1483 1558 1515 doctrinam
1586 1482 1736 1515 christia-

994 1548 1066 1569 nam
1089 1537 1198 1575 docetg
1222 1546 1295 1568 nam
1319 1536 1358 1568 ad
1380 1546 1452 1568 eum
1475 1541 1595 1578 spectat
1618 1536 1740 1568 anima-

994 1601 1064 1622 rum
1086 1600 1162 1622 cura
1192 1589 1266 1621 dieti
1296 1589 1366 1621 vici.
1391 1588 1490 1622 Certis
1522 1599 1596 1621 vero
1626 1589 1739 1620 diebus

993 1643 1111 1676 festivis
1126 1644 1163 1676 ad
1177 1643 1344 1675 ecclesiam
1364 1642 1580 1686 parochialem
1598 1643 1635 1674 de
1650 1642 1739 1675 Onda

994 1703 1179 1730 tenerentur
1202 1707 1260 1739 pro
1291 1696 1406 1729 divinis
1433 1695 1545 1728 officiis
1570 1695 1739 1727 audiendis

992 1751 1220 1787 conscendere,
1248 1760 1444 1793 quamquam
1468 1760 1524 1792 per
1545 1749 1738 1792 apostolicos

992 1803 1231 1837 commissarios
1258 1804 1358 1835 fuerat
1392 1802 1555 1846 provisum
1588 1802 1673 1845 quod
1703 1812 1738 1834 o-

992 1858 1120 1890 mnibus
1138 1856 1433 1890 dielnisdominicis
1454 1862 1485 1889 et
1506 1856 1621 1888 festivis
1649 1866 1739 1899 prae-

993 1913 1088 1944 fatam
1116 1910 1334 1954 parochialem
1369 1916 1558 1943 tenerentur
1578 1909 1684 1946 adire,
1709 1915 1739 1941 01

994 1965 1034 1997 ibi
1061 1964 1167 1997 divina
1192 1964 1296 1996 oflicia
1322 1969 1349 1996 ct
1378 1963 1550 1997 conciones
1576 1963 1735 2000 audirent,

993 2026 1022 2053 et
1053 2020 1083 2051 in
1110 2019 1172 2052 fide
1205 2019 1361 2051 catholiea
1395 2029 1451 2062 per
1482 2018 1658 2062 parochum
1692 2018 1739 2049 in—

993 2078 1214 2111 struerentur,
1248 2078 1278 2105 et
1308 2077 1508 2104 sacramenta
1544 2071 1735 2114 reciperent.

992 2127 1124 2171 Oportet
1145 2126 1230 2169 quod
1257 2126 1353 2159 etiam
1375 2136 1459 2158 nunc
1489 2131 1517 2158 01
1545 2125 1575 2157 111
1596 2126 1737 2157 futurum

994 2181 1023 2212 id
1046 2180 1244 2217 observetur,
1269 2190 1332 2222 quo
1352 2178 1502 2222 neophvti
1525 2177 1739 2211 coeremoniis

994 2239 1120 2266 nostrae
1149 2232 1314 2275 religionis
1347 2238 1377 2264 et
1408 2231 1656 2264 christianorm‘n
1689 2242 1739 2262 ve-

996 2285 1394 2320 1011111101;1111111111111·;1110111
1407 2285 1575 2317 assuefiant
1588 2296 1594 2325 ζ,
1613 2291 1638 2316 et
1652 2285 1739 2328 quod

994 2340 1114 2372 eisdem
1137 2339 1251 2371 (liebus
1273 2340 1311 2371 ad
1335 2349 1499 2382 vesperam
1528 2338 1612 2371 1110111
1644 2349 1739 2381 paro-

995 2392 1073 2424 chus
1094 2392 1140 2425 vel
1160 2391 1228 2425 eius
1250 2391 1387 2423 vicarius
1410 2391 1438 2423 in
1462 2392 1605 2434 praefato
1626 2397 1736 2423 orato-

996 2445 1041 2477 rio
1057 2445 1103 2477 vel
1120 2444 1149 2477 in
1164 2444 1226 2477 alia
1240 2444 1373 2477 ecclesia
1389 2445 1511 2477 noviter
1525 2444 1736 2483 aedificanda,

995 2497 1173 2531 doctrinam
1190 2498 1396 2530 christianam
1411 2497 1533 2534 recitet,
1551 2499 1740 2541 0001100110-

995 2557 1074 2589 ceat,
1090 2562 1162 2582 rmn
1185 2551 1396 2587 exrfrurtibus
1422 2551 1525 2583 dictae
1546 2551 1740 2594 parochialis

215 2607 268 2650 qui
292 2607 376 2639 illam
396 2617 454 2650 per
471 2605 631 2639 Ordinarii
646 2605 915 2638 examinationem
932 2610 961 2637 et
996 2606 1165 2648 plusquam
1188 2604 1380 2647 quingentas
1401 2605 1498 2637 libras
1518 2604 1660 2648 recipiat.
1681 2605 1738 2637 ne-

216 2661 421 2693 collationcm
456 2660 600 2693 obtineat
632 2659 903 2694 irrcvocahiliter,
933 2665 962 2690 et
997 2658 1080 2691 ditus
1102 2669 1188 2693 vero,
1213 2658 1264 2699 qui
1288 2670 1322 2689 ex·
1347 2658 1437 2690 terris
1459 2658 1533 2689 olim
1562 2659 1739 2702 mesquitae

264 2719 343 2746 Ball.
364 2719 442 2745 Ram.
464 2718 522 2744 Vol.
543 2718 575 2743 X.
699 2718 741 2743 tot

1745 255 1790 281 1111,
1814 255 1841 281 (ἶ,
1863 256 1928 281 11102
