2253 3195
46 235 96 263 Au.
114 233 142 260 C.
162 232 227 260 1000

62 348 112 370 sixti
123 346 139 367 V
151 348 170 366 et
179 345 228 366 Gre-

50 381 91 401 ιον.
99 372 228 402 ΧΝῃουηςιί-

49 401 138 422 tationes
147 405 166 419 in
181 404 228 419 cae-

49 427 98 448 teris
112 425 226 446 confirmat.

116 675 231 704 ¹Clausulao

56 704 231 731 praeservativa&

98 1678 241 1705 Exequutores

66 1704 155 1732 deputat.

854 229 1000 253 oteness

288 278 370 321 363.
384 279 510 312 Litteris
526 279 684 311 dictorum
697 279 981 322 praedeeessorum
999 278 1001 301 :

244 343 280 365 ac
301 332 419 365 nostris
440 332 612 375 praedictis
633 332 710 364 alias
731 332 761 364 in
788 342 845 363 sno
866 331 983 363 robore

244 386 484 430 permansuris,
520 396 598 429 quas
634 396 745 418 omnes
777 391 807 417 ct
844 385 985 426 singulas

244 450 337 472 suum
359 439 491 472 omnino
513 439 660 471 effectum
691 438 768 470 alias
793 437 899 470 sortiri
925 447 982 469 vo·
1002 431 1003 454 i

245 492 362 530 lunius,
386 492 513 535 illisque
534 492 634 524 robur
655 491 848 535 apostolicae
870 490 1004 535 contir-¹

247 546 396 579 mationis
416 545 596 578 adiicimus.

291 599 305 642 ἓ
332 599 384 632 64.
408 600 621 632 Decernentes
647 599 774 632 easdem
802 603 988 642 praesentes

247 652 381 691 litteras,
401 652 491 685 nullo
508 661 663 695 umquam
686 657 843 694 tempore,
865 652 903 684 de
930 662 984 683 sn-
1004 663 1006 679 =

247 704 426 748 breptionis
447 705 493 738 vel
515 705 716 749 obreptionis
736 705 831 744 vitio,
855 715 910 738 seu
935 704 985 736 in-

250 758 399 791 tentionis
420 763 548 791 nostrae
566 764 620 791 aut
641 758 794 802 quopiam
812 758 874 790 alio
897 759 986 790 dese-
1006 765 1007 772 ¹

249 816 312 852 ctu,
327 811 421 844 etiam
441 822 477 843 ex
498 821 535 844 eo
556 812 642 855 quod
662 812 815 844 interesse
836 811 990 844 babentes
1007 815 1008 847 l

249 865 288 897 ad
309 865 370 898 hoc
389 865 492 898 vocati
513 876 577 898 non
598 865 728 905 suerint,
752 865 988 908 notari‚impu-
1007 852 1009 861 Ι

249 918 362 960 gnari,
387 918 574 957 invalidari,
598 925 653 952 aut
672 919 711 952 ad
733 918 887 951 terminos
914 917 992 950 iuris

248 968 371 1008 reduci,
395 979 451 1001 seu
472 969 503 1001 in
525 969 572 1002 ius
594 970 641 1003 vel
662 969 915 1003 controversiam
936 979 988 1002 re-

250 1022 358 1055 vocari
375 1032 484 1065 posse,
505 1023 614 1066 sicque
627 1034 685 1066 per
705 1033 927 1066 quoscumque
946 1022 992 1055 iu-

251 1075 338 1108 dices
359 1081 389 1108 et
409 1076 657 1116 commissarios,
674 1076 785 1119 quavis
803 1076 993 1109 auctoritate

251 1128 747 1170 funge11tes‚etiamcausarum
777 1128 885 1172 palatii
915 1139 993 1172 apo-

251 1181 354 1214 stolici
368 1181 542 1222 auditores,
555 1192 591 1214 ac
609 1182 714 1214 dietae
731 1182 994 1224 Congregationis

252 1234 446 1278 superiores,
467 1235 592 1267 sublata
612 1235 657 1268 eis
678 1240 708 1267 et
728 1245 840 1268 eorum
863 1234 995 1268 cuilibet

253 1287 364 1330 quavis
393 1288 485 1320 aliter
510 1288 673 1320 iudicandi
699 1293 730 1321 et
761 1287 994 1331 interpretandi

254 1341 403 1374 facultate
424 1347 455 1374 et
479 1341 834 1385 auctoritate‚'ubiqne
859 1341 995 1374 iudicari

254 1406 290 1427 ac
322 1395 450 1427 definiri
482 1395 621 1435 debere,
649 1406 773 1428 necnon
808 1395 934 1428 irritum
967 1393 1023 1428 et¹

253 1448 349 1481 inane
369 1448 527 1491 quidquid
547 1459 638 1481 secus
667 1459 764 1492 snper
791 1448 840 1481 his
869 1459 886 1481 a
915 1459 996 1492 quo-

256 1511 372 1544 quam,
401 1501 512 1545 quavis
541 1501 753 1541 auctoritate,
785 1501 923 1534 scienter
949 1502 997 1534 vel

256 1554 454 1596 ignoranter,
479 1554 650 1596 contigerit
667 1553 826 1587 attentari.

301 1609 317 1649 ἓ
339 1606 390 1640 65.
415 1607 571 1646 Quocirca
591 1607 827 1640 venerabilibus
849 1607 999 1640 fratribus

256 1661 373 1695 nostris
393 1660 527 1694 Ostiensi
560 1667 589 1694 et
616 1661 844 1694 Tusculanensi
870 1661 996 1705 episco-

257 1715 317 1759 pis,
341 1725 377 1748 ac
398 1714 513 1748 dilecto
532 1714 598 1747 filio
623 1725 792 1747 causarum
813 1714 926 1748 Curiae
946 1714 1001 1748 Ca-

259 1779 366 1802 merae
387 1768 590 1812 Apostolicae
611 1768 753 1810 generali
779 1767 917 1800 auditori
944 1778 1002 1812 per

259 1821 434 1866 apostolica
452 1821 579 1865 scripta,
597 1827 687 1854 motu
700 1821 780 1865 pari,
797 1821 998 1861 mandamus,

260 1880 418 1917 quatenus
439 1874 509 1917 ipsi,
534 1874 581 1907 vel
603 1874 678 1913 duo,
700 1880 754 1906 ant
773 1885 857 1907 unus
874 1884 999 1915 eorum,

259 1938 318 1970 per
338 1938 370 1960 se
394 1928 442 1960 vel
464 1927 561 1960 alium
578 1954 585 1967 ,
613 1938 669 1960 scu
697 1927 794 1967 alios,
819 1933 1003 1971 praesentes

260 1980 392 2021 litteras,
416 1990 453 2013 ac
473 1981 582 2013 omnia
602 1986 632 2013 et
652 1980 779 2022 singula
799 1980 830 2012 in
856 1980 900 2013 eis
921 1991 1000 2013 con-

262 2039 358 2074 tenta,
379 2034 434 2067 ubi
455 2040 485 2067 et
504 2034 633 2077 quando
656 2033 843 2077 expedierit,
868 2044 904 2066 ac
925 2044 1005 2077 quo-

262 2088 320 2121 ties
334 2098 392 2132 pro
406 2094 496 2131 parte
509 2087 664 2131 praefecti
679 2092 709 2120 et
722 2087 886 2120 sociorum
902 2087 1005 2120 dictae

262 2140 525 2183 Congregatmnis
561 2140 679 2173 suerint
714 2140 882 2183 requisiti,
917 2140 1002 2173 sole-

264 2195 381 2228 mniter
398 2195 617 2239 publicantes,
639 2194 749 2237 eisque
770 2194 802 2226 in
822 2193 1006 2238 praemissis

264 2249 401 2282 efficacis
433 2248 626 2282 defensionis
658 2247 828 2291 praesidio
856 2247 1006 2280 assisten-

265 2308 326 2342 tes,
348 2302 466 2335 saciant
486 2302 677 2335 auctorit-ate
698 2306 806 2334 nostra
832 2300 1008 2344 praemissa

266 2355 374 2389 omnia
394 2355 568 2389 observari.
592 2355 661 2388 Non
682 2353 904 2397 permittentes
917 2363 1009 2396 prae-

267 2409 385 2443 sectum
416 2420 452 2442 ac
484 2408 588 2442 socios
618 2407 800 2451 praedictos
825 2407 964 2449 desuper
993 2418 1009 2439 a

267 2472 430 2506 quoquam
451 2461 697 2505 quomodolibet
717 2459 898 2499 molestari,
927 2470 1006 2492 con-

269 2516 469 2555 tradictores,
497 2514 661 2558 praedicta
681 2512 872 2546 auctoritate
886 2518 1007 2552 nostra,

268 2569 483 2614 appellatione
503 2567 691 2612 postposita,
715 2566 962 2610 compescendo.

314 2624 330 2665 ἕ
351 2622 403 2655 or».
421 2622 489 2655 Non
510 2620 711 2655 obstantibus
732 2619 924 2652 recolendae
946 2629 1010 2651 me-

1020 229 1078 252 vm
1099 228 1149 252 re.
1667 215 1729 248 1347

1019 276 1139 309 moriae
1160 275 1314 308 Bonisacii
1340 276 1443 318 Papae
1470 274 1547 313 vlit,
1571 285 1645 317 qna,
1674 274 1758 306 inter

1018 330 1090 369 alia,
1115 334 1244 362 cavetur
1262 339 1408 372 expresse
1428 339 1466 360 ne
1488 328 1558 371 quis
1578 333 1667 359 extra
1687 338 1759 359 suas

1001 382 1177 427 ,civitatem
1211 388 1241 415 et
1272 382 1468 419 dioecesim,
1503 381 1561 414 nisi
1603 381 1635 413 in
1667 380 1761 413 certis

1021 436 1158 479 exceptis
1179 436 1327 473 casibus,
1352 441 1382 467 ct
1408 435 1437 467 in
1469 434 1529 467 illis
1555 435 1637 467 ultra
1664 444 1760 466 unam

1021 490 1170 528 diaetam,
1188 500 1203 521 a
1219 489 1281 521 line
1296 500 1370 521 suae
1385 488 1540 521 dioecesis
1553 487 1592 520 ad
1608 486 1761 520 iudicium

1003 541 1184 581 levor-etur,
1209 553 1264 574 scu
1286 552 1325 573 ne
1348 541 1468 574 iudices
1489 541 1527 573 ab
1550 540 1662 573 eadem
1683 539 1763 573 Sede

1022 595 1175 639 deputati,
1197 601 1285 627 extra
1299 594 1459 627 civitatem
1481 599 1511 626 et
1531 593 1705 626 dioecesim
1733 593 1764 624 in

1023 648 1138 692 quibus
1156 648 1299 691 deputati
1320 647 1449 687 suerint,
1467 653 1578 680 contra
1591 656 1764 690 quoscum-

1023 713 1085 745 que
1102 702 1289 745 procedere,
1307 707 1361 734 aut
1375 701 1427 733 alii
1439 701 1486 734 vel
1508 700 1577 733 aliis
1598 700 1680 733 vices
1693 710 1766 732 suas

1024 755 1225 788 committere
1256 759 1482 798 praesumant,
1511 760 1542 786 et
1573 754 1611 786 de
1642 752 1767 785 duabus

1025 808 1138 841 diaetis
1163 808 1195 840 in
1224 808 1361 841 concilio
1387 807 1529 850 generali
1551 806 1647 846 edita,
1670 806 1765 839 dum-

1026 862 1123 895 modo
1141 861 1256 905 aliquis
1274 861 1464 895 auctoritate
1485 859 1703 904 praesentium
1722 859 1769 891 nl-

1026 921 1153 948 tratres
1167 915 1287 948 diaetas
1302 915 1340 948 ad
1355 914 1510 948 iudicium
1525 924 1588 947 non
1604 913 1766 949 trahatur;

1027 979 1063 1002 ac
1081 969 1240 1001 dictorum
1261 968 1337 1001 Sixti
1358 973 1389 1001 et
1408 967 1554 1009 Gregorii
1580 967 1769 1010 praedeces-

1027 1032 1136 1055 sorum
1153 1049 1160 1062 ,
1184 1032 1220 1055 ae
1248 1021 1365 1054 nostris
1389 1021 1525 1061 litteris,
1550 1026 1580 1053 et
1605 1019 1770 1063 quibusvis

1028 1075 1097 1108 aliis
1129 1074 1412 1108 constitutionibus
1449 1080 1479 1107 et
1513 1073 1771 1106 ordinationibus

1028 1128 1223 1172 apostolicis,
1241 1127 1409 1160 contrariis
1423 1127 1692 1170 quibuscumque.
1711 1127 1771 1158 Aut

1028 1182 1053 1214 si
1074 1181 1235 1224 aliquibus
1256 1181 1471 1213 communiter
1500 1180 1547 1212 vel
1578 1179 1702 1212 divisim
1732 1178 1771 1211 ab

1029 1234 1140 1267 eadem
1163 1233 1202 1266 sit
1218 1233 1299 1267 Sede
1321 1233 1480 1266 indultum
1503 1233 1588 1275 quod
1610 1231 1769 1271 interdici,

1029 1286 1180 1330 suspendi
1201 1287 1249 1319 vel
1271 1285 1544 1319 excommunicari
1566 1295 1630 1318 non
1651 1284 1774 1328 possint

1030 1351 1087 1384 per
1107 1340 1229 1373 litteras
1249 1339 1441 1384 apostolicas
1459 1349 1522 1372 non
1545 1338 1696 1371 facientes
1708 1338 1774 1381 ple-

1031 1404 1104 1427 nam
1127 1399 1158 1426 ct
1178 1404 1381 1437 expressam,
1405 1403 1442 1426 ac
1462 1393 1502 1425 de
1525 1392 1622 1425 verbo
1643 1391 1683 1424 ad
1705 1402 1774 1423 vcr-

1031 1448 1120 1487 bum,
1145 1447 1184 1479 de
1205 1447 1331 1479 indulto
1352 1446 1538 1479 huiusmodi
1560 1445 1770 1478 mentionem.

1076 1501 1091 1544 g
1111 1500 1163 1533 67.
1180 1500 1335 1533 Volumus
1352 1505 1460 1533 autem
1479 1499 1566 1543 quod
1585 1498 1773 1531 earumdem

1033 1553 1249 1598 praesentium
1279 1553 1503 1596 transumptis,
1524 1552 1620 1585 etiam
1642 1551 1777 1595 impres-

1033 1607 1092 1647 sis,
1116 1617 1215 1639 manu
1242 1605 1376 1638 alicuius
1401 1605 1518 1638 notarii
1549 1604 1671 1648 publici
1703 1604 1778 1637 sub-

1033 1661 1178 1704 scriptis,
1202 1667 1233 1693 et
1262 1660 1367 1703 sigillo
1397 1660 1532 1693 alicuius
1561 1669 1718 1703 personae
1746 1658 1778 1691 in

1035 1713 1189 1756 dignitate
1218 1713 1433 1746 ecclesiastiea
1455 1712 1647 1745 constitutae
1674 1711 1780 1744 muni-

1036 1768 1084 1808 tis,
1100 1768 1211 1801 eadem
1226 1778 1358 1811 prorsus
1379 1767 1458 1800 fides
1478 1767 1682 1806 adhiheatur,
1698 1776 1779 1809 quae

1036 1822 1258 1865 praesentibus
1279 1821 1499 1860 adhiberetur,
1520 1819 1546 1853 si
1568 1825 1673 1852 essent
1694 1818 1780 1851 exhi-

1036 1875 1120 1908 bitae
1140 1875 1187 1907 vel
1209 1879 1366 1907 ostensae.

1082 1930 1098 1970 g
1119 1927 1171 1961 68.
1200 1928 1285 1961 Nulli
1307 1937 1384 1969 ergo
1405 1927 1538 1960 omnino
1560 1926 1729 1960 hominum
1744 1925 1782 1957 li-

1038 1987 1107 2014 ceat
1127 1981 1209 2014 banc
1230 1980 1379 2024 paginam
1406 1979 1634 2016 absolutionis,
1658 1988 1779 2022 appro-

1038 2035 1199 2075 bationis,
1232 2033 1511 2073 confirmationis,
1547 2031 1779 2076 suppletionis,

1039 2087 1284 2127 mandatorum,
1308 2085 1521 2125 inhibitionis,
1546 2085 1708 2124 editionis,
1737 2084 1783 2116 fa-

1040 2141 1092 2181 cti,
1122 2140 1346 2177 revocationis,
1370 2137 1610 2179 abrogationis,
1635 2137 1783 2170 decreto-

1040 2205 1123 2234 rum,
1136 2193 1338 2226 inhibitionis
1356 2198 1386 2226 et
1403 2192 1575 2225 voluntatis
1597 2191 1781 2233 infringere,

1040 2248 1088 2280 vel
1110 2247 1137 2279 ei
1163 2257 1242 2280 ausu
1268 2245 1439 2279 temerario
1465 2245 1638 2278 contraire.
1662 2243 1692 2277 Si
1714 2243 1785 2287 quis

1042 2306 1147 2333 autem
1162 2327 1169 2340 ,
1194 2304 1249 2333 etc.

1085 2354 1199 2386 Datum
1221 2353 1341 2386 Romae
1361 2352 1446 2395 apud
1474 2351 1504 2385 S.
1529 2351 1677 2390 Petrum,
1701 2359 1786 2383 anno

1043 2405 1275 2439 Inearnationis
1310 2405 1496 2439 Dominicae
1522 2403 1694 2437 millesimo
1719 2414 1787 2436 sex—

1044 2457 1231 2498 centesimo,
1244 2463 1358 2502 quarto
1372 2457 1525 2490 kalendas
1546 2456 1694 2495 ianuarii,
1708 2466 1787 2500 ponn

1046 2511 1182 2545 tificatus
1203 2511 1303 2544 nostri
1321 2521 1406 2543 anno
1426 2520 1524 2543 nono.

1080 2573 1138 2600 Dat.
1159 2573 1202 2600 die
1221 2572 1255 2599 ⁰20
1274 2572 1429 2600 decembris
1452 2571 1529 2606 1600,
1552 2575 1624 2607 pont.
1637 2578 1734 2600 an.1x.

1776 225 1824 252 An.
1842 226 1871 253 C.
1890 225 1958 254 1600

1801 288 1892 311 [beroart
1908 294 1957 308 con-

1776 317 1852 334 trariis.

1831 1503 1976 1529 Trantnmptis

1791 1531 1850 1551 credi
1867 1531 1932 1550 iubet.

1845 1928 1981 1949 Sanctionem

1796 1956 1907 1985 poenalem
1928 1955 1981 1975 adii-

1798 1985 1833 2003 cit.
