2253 3195
322 275 374 303 An.
391 273 419 302 e.
437 275 506 304 1600
551 264 614 300 568

358 2455 365 2466 f
437 2403 504 2441 ,...':¹.I
521 2415 783 2448 cliristilitlelibus
801 2426 870 2447 eant
894 2426 952 2458 pro
971 2420 1117 2458 tempore
1139 2413 1267 2446 visitan-

386 2479 391 2491 ·
407 2482 413 2494 ¹
433 2483 436 2494 ·
455 2456 503 2494 ι’·ΗῘΫ
521 2469 615 2507 tilius,
633 2469 783 2512 illiusque
804 2467 984 2500 abbatissae
1002 2478 1057 2500 seu
1077 2467 1263 2510 priorissae,

1096 273 1278 299 BULLARIUM

520 324 680 364 dentibus,
704 320 954 365 emergentibus,
977 322 1109 356 annexis
1135 328 1166 355 et
1186 331 1263 355 con-

520 379 618 419 nexis,
642 389 677 411 ac
703 384 770 411 toto
799 377 935 420 negocio
960 377 1143 421 principali,
1167 377 1282 411 etiami

520 432 672 476 privative
700 431 808 475 quoad
837 441 949 464 omnes
969 436 999 464 et
1020 430 1164 473 singulos
1185 430 1264 464 alios

519 486 640 519 iudices
669 484 853 518 ordinarios
873 491 904 518 et
924 485 1088 527 delegatos
1103 512 1110 525 ,
1135 483 1281 517 eorum-¹

518 549 580 582 que
601 538 707 571 curias
727 545 757 572 et
780 538 954 571 tribunalia
979 537 1196 571 ecelesiastica
1216 528 1282 570 vel¹

517 593 705 633 saecularia,
734 592 900 633 audiendi,
924 591 1153 635 cognoscendi,
1177 591 1264 624 deci-

518 646 614 679 dendi
637 652 667 679 et
687 646 751 679 fine
769 645 878 679 debito
899 645 1106 678 terminandi.
1132 644 1263 678 Necnon

518 710 741 744 quoscumque
772 700 926 733 interesse
956 699 1113 732 habentes
1138 705 1202 731 tani
1232 691 1282 730 in?

519 755 603 787 dicta
623 755 728 795 Curia,
749 765 845 798 quam
868 760 955 788 extra
975 764 1064 794 eam,
1089 753 1187 786 etiam
1207 763 1265 796 per

519 808 661 841 edictum
683 807 862 852 publicum,
886 807 1023 841 constito
1044 806 1104 839 sibi
1124 815 1265 839 summa-

520 861 565 893 rie
579 861 618 894 de
632 871 697 894 non
716 866 784 894 tuto
806 871 934 894 accessu
950 861 981 893 in
999 861 1144 894 Romana
1157 859 1261 900 Curia,

518 914 637 947 citandi
658 921 687 947 et
709 914 894 953 inbiliendi;
917 925 953 947 ac
978 913 1144 957 quibusvis
1168 913 1263 946 etiam

518 968 662 1001 eiusdem
695 967 807 1001 Curiae
838 967 999 1012 iudicibus
1031 973 1061 1000 et
1092 966 1261 1011 personis,

518 1022 650 1066 quibus,
674 1028 703 1054 et
722 1021 851 1065 quoties
871 1031 953 1065 opus
978 1020 1085 1061 suerit,
1108 1020 1167 1053 sub
1187 1030 1263 1054 sen-

519 1075 646 1116 tentiis,
667 1075 811 1109 censuris
832 1081 863 1108 et
881 1075 994 1119 poenis
1015 1074 1260 1115 ecclesiasticis,

518 1138 554 1161 ac
568 1128 664 1160 etiam
678 1127 874 1171 pecuniariis
888 1127 1068 1168 inhibendi,
1081 1132 1113 1160 et
1126 1126 1157 1159 in
1171 1136 1265 1159 even-

520 1186 587 1213 tum
608 1190 672 1214 non
694 1180 865 1224 paritionis
886 1180 926 1213 ad
948 1179 1199 1213 declarationem
1217 1179 1264 1212 in-

518 1245 631 1268 cursus
660 1245 870 1268 censurarum
896 1240 924 1267 et
947 1244 1126 1278 poenarum
1147 1233 1261 1266 huius-

519 1288 605 1322 modi
627 1288 840 1332 procedendi,
864 1299 900 1321 ac
928 1288 1102 1321 sententias
1127 1288 1266 1331 desuper

519 1342 666 1375 serendas
681 1341 808 1375 debitae
829 1341 1010 1375 executioni
1033 1340 1262 1381 demandandi,

518 1406 574 1428 seu
607 1394 798 1428 demandari
827 1394 987 1434 faciendi,
1011 1394 1265 1427 contradictores

519 1448 680 1491 quoslibet
705 1454 735 1481 et
754 1447 891 1481 rebelles
911 1458 971 1491 per
990 1447 1174 1487 sententias,
1191 1457 1265 1480 cen-

518 1512 610 1534 suras
631 1508 661 1535 et
685 1511 818 1545 poenas,
839 1500 967 1544 aliaque
985 1506 1169 1544 opportuna
1186 1499 1266 1532 iuris

519 1562 549 1589 et
569 1556 641 1589 sacti
664 1556 820 1596 remedia,
837 1555 1054 1600 appellatione
1074 1555 1262 1599 postposita,

519 1609 762 1653 compescendi,
786 1620 823 1642 ac
844 1609 940 1642 ctiam
962 1608 1116 1642 auxilium
1139 1608 1264 1641 brachii

518 1663 693 1696 saecularis
719 1663 759 1696 ad
791 1663 853 1696 lioc
885 1662 1073 1702 invocandi,
1105 1672 1163 1695 nec
1200 1672 1265 1695 non

519 1728 744 1761 quaecumque
765 1716 864 1750 dubia
877 1721 908 1749 et
921 1715 1140 1756 difficultates,
1155 1715 1265 1759 siquae

520 1770 774 1815 praemissorum
813 1769 984 1803 occasione
1019 1769 1265 1814 quomodolibet

519 1825 597 1858 oriri
625 1824 817 1866 contigerit,
840 1823 1027 1857 declarandi
1049 1830 1077 1857 et
1100 1823 1262 1867 interpre-

520 1879 630 1919 tandi,
658 1878 833 1922 omniaque
868 1884 899 1911 et
927 1877 1054 1921 singula
1085 1877 1117 1910 in
1143 1877 1263 1911 eisdem

518 1932 704 1976 praemissis
724 1938 755 1965 et
775 1931 861 1965 circa
882 1942 918 1964 ca
936 1931 1183 1975 quomodolibet
1208 1942 1264 1964 ne-

518 1985 656 2019 cessaria
686 1991 717 2018 et
748 1990 930 2028 opportuna
946 2012 953 2024 ‚
979 1983 1116 2017 faciendi
1138 1991 1167 2017 ct
1190 1995 1263 2017 exe-

518 2038 638 2083 quendi
655 2066 662 2079 ,
686 2038 782 2071 etiam
812 2038 900 2071 omui
922 2044 952 2070 ot
972 2048 1179 2081 quacumque
1210 2048 1265 2080 ap-

519 2092 692 2136 pellatione
723 2098 868 2131 remota,
898 2092 1050 2135 plenam,
1077 2091 1212 2123 liberam
1235 2096 1265 2123 et

519 2145 740 2179 omnimodam
771 2145 977 2185 facultatem,
1006 2149 1198 2188 potestatem
1236 2150 1265 2177 ct

520 2201 745 2234 auctoritatem
775 2205 931 2244 perpetuo
963 2199 1135 2233 tribuimus
1156 2205 1184 2232 et
1208 2199 1266 2231 im-

521 2255 691 2298 pertimun

565 2309 652 2351 5:22).
677 2309 810 2351 Insuper
840 2307 944 2340 cidem
980 2306 1179 2340 monasterio
1209 2317 1266 2350 per

520 2368 704 2406 praesentes
735 2366 866 2399 erecto,
895 2372 931 2393 ac
954 2360 1038 2393 illius
1059 2360 1214 2393 ccclesiae
1235 2365 1264 2392 et

522 2523 716 2555 monialibus
737 2529 767 2555 ot
787 2522 1048 2566 quilutscutnqtu·
1071 2521 1140 2554 aliis
1155 2531 1265 2564 perso-

522 2576 581 2613 nis,
605 2582 639 2608 ut
659 2576 811 2608 munibus
833 2581 863 2608 et
883 2575 1018 2615 singulis
1039 2573 1215 2618 privilegiis
1237 2580 1266 2607 et

523 2628 1072 2672 imnmnitatilius,‹exeinptionibus,
1091 2627 1263 2666 favoribus,

522 2682 804 2718 roucvssionitius.
841 2682 971 2714 indultis
1000 2688 1027 2713 ct
1059 2680 1284 2723 indulgentiis.

1299 273 1451 299 normann

1298 321 1498 366 caeterisque
1508 320 1628 365 gratiis,
1640 327 1703 356 tam
1715 319 1935 367 spiritualibus
1944 334 2040 368 quani

1298 376 1541 421 temporalibuS,
1565 377 1730 421 quibusvis
1749 377 1820 411 aliis
1839 378 2042 412 monasteriis

1298 435 1328 463 et
1349 430 1491 463 ecclesiis
1512 430 1701 463 monialium
1728 431 1802 464 dicti
1823 430 1951 464 Ordinis
1962 432 2041 465 San-

1298 489 1368 517 ctae
1389 484 1509 525 Clarae,
1534 483 1732 528 illorumque
1752 484 1943 525 abbatissae,
1967 495 2038 518 mo-

1298 537 1448 578 nialibus,
1464 537 1624 581 personis,
1639 543 1670 571 et
1690 537 1953 571 christifidelibus
1973 549 2042 571 eas-

1299 590 1371 624 dem
1393 591 1544 624 ecclesias
1564 591 1776 632 visitantibus,
1801 591 1832 623 in
1852 602 1970 634 genere
1994 592 2043 625 vel

1298 643 1330 676 in
1350 644 1468 688 specie,
1489 644 1585 677 etiam
1604 655 1663 688 per
1682 644 1766 677 viam
1786 643 1942 688 simplicis
1955 655 2043 678 com·

1299 698 1537 738 municationis‚
1549 709 1585 731 ac
1599 698 1677 731 alias
1698 698 1945 742 quomodolibet
1957 709 2044 731 nunc

1298 756 1328 783 et
1345 761 1404 794 pro
1425 757 1571 795 tempore
1590 752 1768 793 concessis,
1792 757 1822 785 et
1846 751 1965 796 quibus
1989 751 2044 784 illa

1280 809 1330 836 ·et
1354 804 1417 845 illi,
1441 805 1481 838 de
1506 805 1575 838 iure
1596 806 1644 839 vel
1665 805 1917 847 consuetudine,
1946 805 2043 849 privi-

1280 857 1402 900 .legio,
1430 859 1479 892 vel
1505 859 1584 892 alias
1613 859 1859 903 quomodolibet
1882 865 2039 899 utuntur,

1299 911 1468 954 potiuntur
1496 918 1528 945 et
1559 913 1722 955 gaudent,
1746 913 1870 954 acuti,
1894 913 1991 957 potiri
2013 919 2044 946 et

1281 964 1440 1007 'gaudere
1460 971 1595 1009 possunt
1614 972 1645 999 et
1665 971 1817 1010 poterunt
1837 966 2043 1010 quomodoli-

1298 1017 1350 1050 bet
1372 1017 1404 1050 in
1425 1018 1580 1059 futurum,
1605 1019 1700 1052 etiam
1722 1019 1779 1060 uti,
1803 1019 1899 1063 potiri
1916 1025 1948 1053 et
1963 1030 2043 1062 gau-

1299 1071 1375 1105 dere
1400 1071 1502 1106 libere
1523 1078 1554 1106 et
1574 1072 1659 1106 licite
1680 1073 1826 1114 valeant,
1847 1083 1913 1106 non
1937 1074 2041 1106 solum

1298 1124 1338 1157 ad
1359 1135 1472 1159 eorum
1490 1125 1601 1166 instar,
1624 1126 1680 1160 sed
1697 1125 1919 1169 parisormiter
1938 1132 1969 1160 et
1988 1137 2042 1160 ae-

1299 1189 1361 1222 que
1393 1179 1636 1223 principaliter,
1665 1180 1787 1224 absque
1814 1180 1881 1213 ulla
1911 1190 2044 1224 prorsus

1298 1232 1501 1273 differentia,
1527 1233 1557 1266 in
1583 1233 1735 1266 omnibus
1766 1239 1797 1267 et
1823 1244 1882 1278 per
1909 1233 2016 1266 omnia
2032 1261 2039 1273 ,

1298 1286 1433 1330 perinde
1452 1297 1488 1320 ac
1509 1286 1535 1320 si
1557 1287 1610 1320 illa
1637 1287 1835 1320 monasterio
1867 1297 1926 1331 per
1949 1298 2042 1331 prae-

1298 1345 1403 1373 sentes
1435 1346 1561 1378 erecto,
1597 1340 1747 1384 illiusque
1777 1341 1957 1374 abbatissae
1986 1351 2042 1374 seu

1299 1394 1494 1437 priorissae,
1518 1394 1713 1427 monialibus
1741 1400 1771 1427 et
1802 1394 1948 1438 personis
1978 1394 2040 1427 liu-

1299 1447 1439 1481 iusmodi
1459 1447 1643 1492 specialiter
1660 1454 1689 1481 ct
1712 1458 1859 1491 expresse
1891 1458 2043 1481 concessa

1299 1508 1415 1542 essent,
1437 1502 1653 1544 indulgemus.

1344 1558 1360 1599 ἓ
1382 1555 1434 1588 23.
1455 1556 1586 1589 Necnon
1606 1560 1791 1600 praesentes
1812 1555 1944 1595 litteras,
1961 1555 2043 1589 acin

1299 1607 1344 1640 eis
1364 1613 1515 1641 contenta
1532 1618 1768 1651 quaecumque,
1786 1607 1875 1640 nullo
1888 1617 2042 1651 uinquam

1300 1667 1447 1705 tempore
1461 1661 1556 1694 etiarn
1580 1671 1640 1705 pro
1661 1671 1699 1694 eo
1713 1661 1799 1704 quod
1820 1670 1947 1701 causae,
1964 1671 2042 1704 pro-

1299 1720 1370 1758 pter
1390 1724 1469 1758 quas
1489 1719 1693 1755 emanarunt,
1705 1713 2044 1757 coramquibuscum-

1299 1778 1362 1812 que
1382 1769 1529 1802 locorum
1550 1767 1740 1805 Ordinariis‚
1758 1767 1855 1800 ctiam
1878 1773 2042 1811 tamquam

1299 1832 1316 1854 a
1336 1821 1417 1855 Sede
1437 1821 1621 1865 Apostolica
1639 1821 1804 1863 delegatis,
1820 1820 1867 1853 vel
1883 1821 1959 1854 alibi
1973 1831 2045 1854 exa-

1299 1875 1462 1915 minatae,
1493 1874 1674 1908 verisicatae
1709 1881 1737 1908 et
1766 1874 1982 1919 approbatae,
2008 1885 2045 1907 ac

1299 1929 1458 1962 dictorum
1485 1927 1642 1961 Ordinmn
1668 1933 1867 1972 protectores
1894 1934 1925 1961 et
1950 1938 2046 1971 gene-

1299 1982 1380 2015 rales
1401 1981 1556 2022 ministri,
1579 1982 1699 2026 aliique
1719 1983 1873 2026 praelati,
1897 1988 1926 2016 et
1951 1993 2046 2026 supe-

1300 2036 1423 2076 riores,
1448 2035 1633 2079 caeterique
1654 2035 1807 2069 interesse
1831 2036 1987 2070 babentes
2005 2036 2045 2069 atl

1299 2089 1360 2123 lioc
1381 2090 1482 2123 vocati
1503 2100 1568 2123 non
1590 2089 1719 2129 suerint,
1737 2100 1794 2123 nec
1813 2089 1934 2123 eisdem
1953 2099 2045 2133 prae-

1300 2144 1403 2177 missis
1424 2143 1656 2183 consenserint,
1673 2143 1738 2176 sive
1759 2143 1837 2176 alias
1857 2153 1894 2176 ex
1914 2142 2046 2186 quibus-

1299 2208 1438 2241 cumque
1464 2197 1567 2230 causis
1599 2196 1804 2240 quantumvis
1837 2195 1990 2239 legitimis
2015 2201 2046 2229 et

1300 2251 1455 2291 iuridicis,
1479 2252 1518 2284 ile
1537 2250 1757 2294 subreptionis
1771 2251 1817 2283 vel
1832 2249 2042 2294 obreptionis,

1300 2311 1350 2339 aut
1367 2305 1521 2338 nullitatis
1535 2305 1622 2344 vitio,
1635 2316 1690 2338 seu
1705 2304 1891 2338 intentionis
1903 2309 2042 2343 nostrae,

1282 2360 1283 2378 ἒ
1301 2360 1347 2391 vel
1369 2359 1432 2391 alio
1453 2369 1658 2402 quot-umque
1679 2358 1804 2391 ‹lcl'cctu
1829 2357 1955 2398 notari,
1980 2356 2042 2389 iin-

1301 2413 1449 2457 pugnuri,
1465 2412 1643 2450 retractari,
1669 2412 1699 2444 in
1722 2412 1770 2444 ius
1790 2412 1837 2444 vel
1859 2416 2045 2444 controver-

1299 2466 1378 2499 siam
1402 2466 1559 2503 revocari,
1580 2466 1618 2498 ad
1642 2465 1797 2498 terminos
1819 2464 1898 2497 iuris
1918 2463 2041 2503 reduci,

1301 2520 1348 2552 vel
1373 2520 1525 2552 adversus
1545 2519 1612 2551 ittas
1634 2519 1862 2562 quodi-umque
1882 2517 1971 2555 iuris,
2001 2517 2043 2548 l'a-

1301 2573 1340 2606 cti
1361 2573 1406 2605 vel
1421 2572 1542 2613 eratiaa·
1559 2572 1737 2605 remedium
1758 2570 1922 2615 iitipett·at·i
1937 2579 2041 2613 posse,

1302 2636 1405 2668 neque
1435 2625 1494 2658 sub
1524 2625 1782 2668 quibuscumque
1810 2623 1963 2656 similium
1996 2622 2043 2655 vel

1301 2678 1503 2712 (lissimilitun
1543 2678 1718 2720 gratiarum
1760 2676 2040 2717 revocationibus,

2056 271 2104 302 An.
2122 273 2149 302 C.
2173 274 2241 303 ¹000

2131 1562 2237 1593 Claujnlai

2058 1592 2233 1617 praesci‘talttui·
