2253 3195
66 238 113 264 An.
129 236 157 262 (l.
181 235 243 262 too!

103 1089 240 1118 [institutionis

60 1121 163 1137 memoria.

103 1779 236 1801 Confirmatio

57 1805 77 1826 S.
91 1805 152 1826 Sedis
167 1810 239 1832 peten-

879 233 1025 257 CLEMENS
1046 233 1103 256 vul
1122 233 1172 255 PP-

261 283 343 324 regis
364 283 485 315 domiui
509 283 619 323 nostri,
634 293 669 315 ac
692 293 802 324 regum
825 288 853 314 et
875 281 1000 323 regina-

260 347 342 373 rum,
364 336 417 379 qui
436 342 546 379 postea
565 336 720 375 venerint,
735 346 860 368 necnon
881 336 998 367 bonam

260 389 534 422 conservationem
565 394 592 421 et
627 396 835 430 augmentum
866 388 998 421 istorum

259 448 488 485 regn01·tnn‚et
505 447 638 485 propter
658 442 884 485 particularem
906 441 1001 473 devo-

260 496 500 540 tionem‚quam
522 496 679 528 celsitudo
700 506 755 527 sua
774 495 999 536 habebaterga

258 549 425 582 Rosarium
445 550 559 582 Beatae
580 548 706 589 Mariae,
720 549 864 591 quolibet
876 549 937 588 die,
952 560 1001 582 re·

258 602 368 635 citabit.
381 601 511 645 quaevis
526 612 561 634 ex
578 601 642 633 istis
657 601 852 634 monialibus
873 601 998 633 tertiam

258 661 381 698 partem
403 654 558 698 praedicti
582 654 693 687 rosarii
709 682 716 693 ,
741 654 886 687 videlicet
908 654 1000 698 quin-

257 708 410 752 quaginta
439 708 505 741 Arc·
530 708 656 744 Maria,
681 713 708 740 et
736 707 878 751 quinque
903 709 1001 741 Pater

258 765 365 794 noster
384 771 443 804 pro
463 760 628 804 praedicta
646 760 836 793 intentione.

537 842 641 875 CAPUT
660 841 711 874 Xl.

258 914 350 953 Quod
357 915 520 946 scribatur
529 914 561 945 in
573 913 686 955 aliquo
696 912 804 955 lapide
814 913 847 944 in
861 912 1000 944 clam-tro

287 959 390 1001 posito
409 958 593 990 substantia
616 957 711 989 istius
731 957 962 989 institutionis.

302 1029 335 1061 Et
359 1034 390 1061 ut
411 1029 450 1061 de
471 1028 656 1061 huiusmodi
678 1026 879 1060 institutione
897 1027 1000 1070 impo-

255 1087 374 1115 sterum
398 1081 555 1114 memoria
581 1082 757 1119 habeatur,
786 1086 816 1113 et
844 1081 998 1113 oblivioni

255 1135 387 1167 minime
410 1135 564 1175 tradatur,
588 1143 769 1179 apponetur
790 1137 869 1180 lapis
890 1136 921 1168 in
942 1147 998 1179 pa-

256 1190 334 1221 riete
355 1188 483 1221 claustri
504 1188 774 1223 uniuscuiuslibet
799 1189 995 1229 monasterii,

255 1241 287 1274 in
308 1252 372 1285 quo
393 1242 520 1286 aliquae
542 1253 577 1275 ex
604 1243 777 1286 praedictis
804 1243 998 1276 monialibus

255 1301 402 1338 receptae
432 1302 545 1335 erunt,
574 1295 603 1327 in
637 1307 701 1339 quo
728 1297 887 1330 scribetur
914 1296 998 1329 illius

253 1349 447 1387 substantia,
473 1360 545 1381 cum
569 1349 718 1383 brevibus
740 1350 864 1391 verbis,
890 1356 916 1383 et
940 1362 998 1383 nu-

254 1413 361 1435 merus
390 1402 591 1443 monialium,
615 1414 698 1447 quae
724 1404 754 1436 in
775 1404 909 1447 singulis
930 1415 998 1438 mo-

254 1456 402 1489 nasteriis
423 1456 630 1500 recipientur.

532 1537 636 1569 CAPr'r
657 1537 719 1569 Xll.

255 1607 346 1647 Quod
366 1608 552 1640 obtineatur
577 1609 780 1650 confirmatio
805 1610 998 1652 (apostolicae

447 1653 543 1684 istius
569 1654 798 1686 inscita[ionis.

297 1723 330 1754 Et
353 1728 384 1754 ut
406 1723 562 1756 institutio
584 1723 641 1756 ista
663 1724 756 1756 firma
774 1725 811 1757 sit
832 1730 859 1757 et
881 1725 994 1765 valida,

253 1781 284 1808 et
304 1776 392 1809 nullo
421 1787 562 1820 unquam
588 1783 732 1820 tempore
758 1777 920 1811 immutari
946 1790 997 1811 va-

253 1830 330 1869 leat,
355 1831 492 1873 petenda
522 1830 582 1863 erit
609 1841 626 1862 a
659 1831 688 1863 S.
713 1832 794 1864 Sede
816 1832 997 1875 Apostolica

253 1883 478 1923 confirmatio,
512 1895 585 1916 rum
618 1885 770 1917 omnibus
803 1891 833 1918 ct.
865 1885 997 1928 singulis

252 1937 404 1969 clausulis
425 1942 452 1969 ct
484 1937 627 1970 censuris
648 1939 836 1971 necessariis
857 1939 896 1971 ad
917 1939 997 1971 obli-

252 1990 392 2031 gandum
404 1991 676 2024 monasteriorum
690 1992 852 2035 praelatos
867 2003 926 2036 pro
941 1993 997 2025 ob-

253 2043 434 2076 servatione
455 2049 680 2077 contentorum
703 2045 734 2077 in
756 2045 815 2078 isto
841 2056 993 2089 compro-

253 2097 360 2137 misso,
386 2103 447 2130 tam
468 2099 573 2141 quoad
597 2099 757 2140 tangentia
779 2099 994 2142 provisionem

252 2151 467 2184 necessariam
487 2152 726 2195 praedictarum
746 2153 969 2196 religiosarum
987 2181 993 2193 ,

252 2215 347 2247 quam
367 2205 444 2237 alias
465 2205 697 2248 obligationes,
722 2217 803 2250 quae
826 2207 856 2239 in
875 2218 912 2239 eo
935 2208 992 2240 de-

252 2259 425 2299 clarantur,
443 2264 469 2291 et
492 2259 522 2291 in
545 2265 709 2292 contractu
726 2259 803 2292 inito
818 2271 888 2292 cum
905 2271 996 2303 prae-

252 2311 344 2344 dictis
366 2312 578 2345 monasteriis.
604 2313 794 2345 ll'lonastcria
821 2319 940 2353 autem,
964 2313 995 2345 in

252 2365 368 2407 quibus
399 2366 563 2408 praefatae
594 2366 703 2407 viginti
737 2366 892 2399 moniales
923 2372 996 2399 sunt

252 2418 430 2459 assignatae
451 2424 479 2451 et
502 2425 698 2462 act-eptatae,
722 2425 795 2452 sunt
814 2421 991 2463 sequentia.

252 2472 283 2503 ln
308 2472 503 2504 monasterio
525 2472 563 2504 de
592 2472 753 2512 (blivillas,
781 2472 996 2506 Cisterciensis

252 2523 391 2563 Ordinis,
408 2524 468 2556 sito
483 2530 570 2557 extra
592 2535 702 2557 muros
720 2525 854 2558 civitatis
868 2526 996 2559 Ulixbo-

252 2577 359 2609 nensis
380 2582 454 2609 suut
482 2578 659 2619 assignatae
681 2584 744 2611 tres
770 2579 935 2612 moniales.
961 2579 994 2612 ln

255 2630 448 2664 monasterio
475 2631 513 2663 de
538 2631 699 2675 Speranea
719 2631 846 2665 Ordinis
866 2633 895 2665 S.
921 2632 992 2665 Cla-

1037 291 1090 313 rae
1119 280 1255 312 civitatis
1276 279 1499 312 Ulixbonensis
1520 284 1583 311 tres
1605 277 1773 309 moniales.

1035 335 1068 367 In
1091 333 1287 366 monasterio
1308 333 1338 366 S.
1367 334 1476 366 Annae
1494 331 1628 365 civitatis
1649 331 1778 364 Ulixbo-

1035 387 1142 419 nensis
1163 387 1245 420 duae
1267 386 1431 419 moniales.
1450 386 1482 418 ln
1504 384 1699 418 monasterio
1720 383 1778 415 das

1037 440 1174 482 Cleaqas,
1198 439 1325 471 Ordinis
1352 439 1381 472 S.
1408 438 1578 478 Francisci‚
1602 436 1713 481 oppidi
1739 436 1778 469 de

1036 493 1115 525 Villa
1140 493 1271 532 Vicosa,
1303 491 1486 525 Elborcnsis
1514 490 1690 529 dioecesis,
1714 500 1778 522 una

1036 545 1195 578 monialis.
1220 547 1252 578 ln
1274 545 1470 578 monasterio
1488 545 1517 578 S.
1540 544 1682 578 Monicae
1703 544 1778 576 civi-

1037 598 1106 630 tatis
1127 598 1416 637 Elborae,0rdinis
1444 598 1473 630 S.
1498 597 1690 639 Augustini,
1714 607 1775 629 uua

1036 650 1194 683 monialis.
1212 652 1246 683 ln
1262 651 1457 683 monasterio
1478 650 1631 683 Dominae
1650 655 1778 682 nostrae

1035 704 1072 736 de
1087 704 1203 743 Graca,
1226 704 1353 737 Ordinis
1370 705 1400 737 S.
1418 703 1587 742 Dominici,
1609 702 1718 747 oppidi
1738 703 1776 735 de

1035 757 1201 795 Mirantes,
1219 757 1429 799 Egitaniensis
1455 757 1610 791 dioecesis
1625 785 1632 797 ‚
1665 758 1775 790 decem

1036 810 1203 843 moniales.

1079 865 1191 897 Datum
1213 865 1333 897 Romae
1354 867 1439 908 apud
1465 866 1614 897 Sancum]
1646 865 1775 898 Petrum

1035 918 1093 950 sub
1125 919 1245 950 annulo
1273 918 1454 955 Piscatoris,
1476 919 1526 950 die
1556 929 1632 952 xxnt
1664 918 1775 950 ianua-

1036 971 1073 1003 rii
1094 982 1181 1009 unci,
1207 972 1412 1015 pontificatus
1432 972 1533 1005 nostri
1552 983 1637 1005 anno
1658 982 1754 1004 nono.

1072 1033 1128 1059 Dat.⁴
1147 1033 1190 1059 die
1206 1033 1239 1060 23
1255 1033 1369 1060 ianuarii
1389 1034 1465 1065 160¹,
1483 1033 1676 1069 pontif.a=1.1x.

1362 1196 1417 1228 ‹th
1424 1197 1452 1228 il.

1034 1304 1159 1336 Erectio
1180 1304 1410 1347 oppi'dr'Burgyi
1424 1304 1454 1336 S.
1469 1304 1626 1336 omnuim·
1647 1305 1679 1336 iu
1701 1305 1778 1336 rici-

1080 1360 1187 1396 tatem,
1203 1360 1230 1388 et
1240 1355 1428 1398 collegu‘alac
1438 1356 1586 1388 ecclesiae
1595 1356 1707 1389 Sancli
1718 1356 1779 1388 Do-

1078 1410 1187 1442 mm‘m'
1206 1409 1242 1441 in
1262 1409 1478 1441 cathedralem
1499 1409 1519 1443 ¹.

1052 1498 1184 1525 Clemens
1207 1498 1376 1531 episcopus,
1394 1505 1500 1524 servus
1521 1504 1674 1524 servorum
1695 1498 1756 1529 Dei,

1157 1550 1193 1577 ad
1213 1553 1389 1584 perpetuam
1409 1551 1453 1577 rei
1473 1551 1653 1578 memoriam.

1077 1622 1179 1665 Super
1200 1621 1363 1654 universas
1384 1621 1471 1654 orbis
1492 1621 1659 1662 Ecclesias,
1674 1623 1718 1656 Eo
1732 1623 1778 1655 di-

1033 1680 1189 1719 sponentc
1220 1675 1273 1718 qui
1302 1674 1426 1707 cunctis
1455 1675 1592 1718 imperat.
1619 1681 1646 1708 et
1670 1675 1720 1708 cui
1742 1687 1777 1708 o-

1034 1728 1120 1760 mnia
1141 1727 1308 1767 obediunt,
1333 1727 1456 1761 meritis
1478 1728 1550 1761 licet
1576 1728 1774 1771 imparibus,

1033 1781 1208 1822 constituti,
1232 1781 1382 1824 dignum,
1407 1782 1483 1825 quin
1506 1782 1612 1825 potius
1633 1782 1776 1815 debitum

1033 1835 1240 1874 arbitramur,
1259 1835 1290 1867 iu
1303 1835 1426 1877 irriguo
1441 1835 1608 1868 militantis
1620 1835 1779 1869 Ecclesiae

1033 1899 1110 1931 agro
1131 1898 1228 1921 novas
1248 1888 1447 1943 episcopales
1460 1889 1551 1921 sedes
1564 1888 1779 1932 ecclesiasque

1032 1943 1198 1985 plantare,
1222 1946 1253 1974 et
1273 1940 1456 1974 dioecesum
1486 1950 1594 1985 partes
1628 1952 1776 1974 commo-

1033 1995 1132 2028 dioris
1151 1995 1317 2037 regiminis
1337 2006 1433 2028 causa
1458 1995 1618 2035 dividere,
1642 2006 1679 2028 ac
1699 1996 1778 2029 alias

1032 2049 1117 2081 cirea
1137 2048 1190 2082 illa
1207 2048 1376 2092 propensis
1394 2049 1507 2082 studiis
1529 2049 1706 2089 intendere,
1722 2060 1779 2093 per

1032 2113 1114 2145 quae
1133 2102 1258 2134 divinus
1279 2102 1382 2135 cultus
1404 2107 1435 2135 et
1455 2101 1621 2145 popularis
1651 2102 1778 2135 devotio

1032 2161 1197 2198 augeatur,
1221 2155 1371 2198 salusque
1393 2155 1573 2188 animarum
1596 2156 1775 2199 subsequa-

1033 2214 1103 2248 tur3
1129 2219 1253 2241 necnon
1276 2208 1394 2251 oppida
1427 2208 1574 2250 insignia,
1599 2214 1627 2241 et
1651 2208 1774 2241 incola-

1031 2272 1101 2294 rum
1126 2261 1331 2294 multitudine
1345 2262 1473 2299 referta,
1487 2261 1655 2303 condignis
1678 2262 1777 2294 titulis

1031 2320 1062 2347 et
1082 2315 1260 2347 bonoribus
1282 2315 1494 2355 illustrentur,
1517 2315 1640 2358 ipsique
1655 2315 1777 2348 incolae

1031 2368 1237 2411 propriorum
1260 2368 1443 2411 praesulum
1466 2368 1645 2401 assistentia
1669 2374 1700 2402 et
1722 2380 1774 2401 re—

1031 2420 1163 2462 gimine,
1174 2420 1369 2463 apostolic.‘1‹⁸
1381 2421 1546 2463 potestatis
1561 2421 1773 2466 plenitudine,

1030 2472 1173 2513 suffulti,
1198 2472 1365 2515 proficiant
1400 2473 1429 2504 in
1457 2473 1615 2515 Domino,
1640 2480 1669 2507 et.
1690 2476 1776 2518 quod

1032 2526 1061 2558 in
1082 2526 1312 2570 temporalibus
1330 2534 1399 2559 sunt
1420 2527 1539 2570 adepti,
1561 2539 1623 2561 non
1646 2535 1774 2561 careant

1032 2579 1063 2611 in
1084 2579 1306 2623 spiritualibus
1327 2580 1539 2613 incremento.

1071 2643 1076 2667 t
1100 2641 1134 2668 Ex
1153 2642 1259 2678 [logest.
1278 2642 1302 2668 iu
1319 2641 1420 2669 Secret.
1438 2642 1574 2670 Brerium.

1684 218 1748 250 6353
1795 226 1843 252 An.
1866 226 1894 252 c.
1913 226 1974 252 1601

1817 1627 1955 1647 Prooemium.
