2253 3195
244 237 292 264 An.
312 237 340 264 C.
361 236 423 264 ¹601

475 228 538 261 742

440 297 519 331 pore
539 287 702 319 existentis
724 286 968 326 sustentatione,
992 285 1088 318 etiam
1110 296 1182 330 per-

439 345 538 383 petuo
568 338 799 383 applicavimus
829 343 860 371 et
885 338 1178 382 appropriavimus,

440 393 483 426 ita
507 392 594 436 quod
623 392 732 424 liceret
761 391 866 425 eidem
897 391 1050 435 episcopo
1082 391 1180 426 Castri

393 440 396 441 ⁷
439 445 543 479 Plebis
574 455 633 488 pro
666 450 810 488 tempore
839 444 1008 483 existenti,
1037 444 1182 489 sequutis

266 1409 426 1431 commissarius

241 1437 372 1463 apostolicus
389 1443 427 1457 ›ro-

241 1463 298 1484 cedit
321 1464 350 1484 ad
389 1464 426 1484 ivi-

241 1490 322 1510 sionem
337 1492 358 1511 et
371 1490 427 1510 assi-

242 1517 373 1542 grinionem,

285 2569 430 2598 &oninium-io

246 2597 289 2617 nn
304 2601 378 2618 notuit
393 2604 430 2624 pm

246 2623 295 2644 dut·
337 2631 430 2648 monne.

428 498 660 540 'designatione
681 503 709 530 et
731 497 887 531 divisione
908 498 948 531 ab
965 499 1079 531 eodem
1095 508 1183 531 com-

439 551 597 591 missario,
621 557 653 583 ut
674 551 865 594 praefertur,
890 551 1183 596 faciendis,corpo-

438 605 538 638 ralem
559 605 794 649 possessionem
818 605 1179 646 fructuum,redituum,

438 665 655 704 proventuum
684 670 720 692 ac
741 659 902 692 bonorum
926 659 1030 692 eidem
1053 650 1182 692 mensae

439 712 614 756 episcopali
634 711 734 746 Castri
760 712 866 745 Plebis
893 711 1130 756 applicatorum
1153 718 1181 745 et

439 765 747 809 appropriatorum‚
776 776 834 809 per
857 776 890 798 se
916 766 964 798 vel
993 765 1092 798 alium
1126 776 1182 798 seu

439 819 518 852 alios
532 846 539 859 ,
563 819 632 852 eius
651 818 801 859 nomine,
825 818 957 863 propria
974 819 1180 860 auctoritaie,

439 872 697 916 apprehendere,
718 878 748 904 et
762 876 920 916 perpetuo
940 871 1092 912 retinere,
1113 871 1184 905 illo-

440 935 579 969 rumque
593 925 726 965 fructus,
743 924 875 965 reditus,
891 930 1078 968 proventus,
1099 925 1180 966 iura,

440 978 650 1012 obventiones
680 983 709 1010 et
739 978 957 1011 emolumenta
992 978 1180 1022 percipere,

441 1031 567 1074 exigere
588 1037 619 1064 et
642 1031 770 1072 levare,
793 1041 829 1064 ac
861 1031 892 1064 in
913 1041 988 1064 suos
1013 1031 1183 1075 dictaeque

441 1095 571 1118 mensae
591 1084 782 1128 episcopalis
802 1084 901 1118 Castri
925 1084 1032 1118 Plebis
1052 1095 1128 1117 usus
1153 1089 1184 1117 et

441 1139 612 1172 utilitatem
634 1143 833 1177 convortere,
851 1138 949 1171 futuri
959 1138 1101 1182 episcopi
1114 1138 1184 1171 Clu—

441 1192 578 1224 sinensis
598 1197 627 1224 et
647 1191 788 1224 cuiusvis
817 1190 949 1224 alterius
967 1188 1098 1224 licentia
1122 1191 1181 1224 de-

441 1256 537 1290 super
557 1245 690 1278 minime
711 1244 877 1288 requisita,
909 1250 1005 1289 prout
1031 1245 1062 1278 in
1092 1245 1184 1278 (lictis

441 1298 556 1332 litteris
575 1298 703 1342 plenius
720 1297 913 1331 continetur.

487 1350 552 1394 §3
576 1351 652 1385 Cum
682 1356 789 1384 autem
816 1350 1024 1394 postmodum
1048 1351 1184 1384 dilectus

443 1403 527 1437 silius
546 1404 698 1447 magister
719 1404 888 1437 Anselmus
905 1404 1070 1437 Daudiuus
1092 1409 1184 1437 nota-

443 1458 510 1492 rius
534 1464 645 1491 noster
673 1458 712 1491 dc
740 1467 879 1490 numero
904 1457 1181 1501 participantium,

443 1517 472 1544 ct
493 1511 523 1544 in
545 1517 683 1555 utraque
696 1511 862 1553 signatura
875 1516 983 1544 nostra
1002 1511 1195 1544 reserenda-v

442 1565 518 1604 rius,
533 1575 630 1608 quem
644 1564 674 1597 in
690 1563 751 1597 illis
760 1563 906 1608 partibus
927 1564 1184 1597 commissarium

441 1624 472 1651 et
494 1618 688 1651 visitatorem
705 1617 917 1661 apostolicum
939 1617 1186 1661 specialiterde-

441 1671 674 1704 stinaveramus
701 1677 730 1703 et
760 1671 1052 1715 deputaveraums‚
1077 1670 1186 1713 vigore

442 1725 628 1758 facultatum
650 1724 710 1757 sibi
733 1725 873 1768 desuper
898 1737 913 1756 a
940 1724 1034 1757 nobis
1055 1734 1185 1757 conces-

441 1788 570 1817 sarum,
595 1777 634 1810 ad
655 1777 844 1810 divisionem
872 1783 902 1810 et
934 1777 1184 1820 assignationem

443 1832 617 1873 fructuum,
647 1830 807 1863 redituum
835 1836 863 1863 et
888 1836 1104 1874 proventuum
1121 1858 1128 1871 ,
1149 1841 1186 1864 ac

441 1884 602 1917 bonorum
623 1883 810 1916 huiusmodi
837 1883 1039 1926 procedens,
1065 1883 1117 1916 illa
1144 1883 1186 1916 ita

443 1936 623 1970 distinxerit
649 1942 675 1968 et
699 1935 870 1980 repartitus
892 1936 987 1969 suerit
1009 1941 1063 1973 ut,
1091 1936 1186 1969 salvis

442 1989 686 2023 remanentibus
708 1989 865 2033 prodicta
888 1999 997 2022 mensa
1012 1989 1184 2033 episcopali

442 2043 618 2076 Clusinensi
635 2042 707 2083 illis,
728 2053 810 2086 quae
832 2042 862 2074 iu
885 2042 1032 2075 dominio
1052 2041 1184 2075 Senensi

443 2101 471 2128 ct
492 2095 568 2128 alibi
590 2098 691 2133 (extra
707 2101 813 2128 tamen
836 2095 906 2128 loca
927 2094 1040 2128 ditioni
1057 2091 1186 2128 nostra‘e

444 2149 613 2193 temporali
627 2149 785 2192 subiecta)
806 2148 1036 2188 consistebant,
1061 2147 1185 2192 reliqua

443 2203 551 2236 omnia
572 2208 600 2235 ct
627 2202 751 2245 singula
775 2202 804 2235 in
831 2201 957 2234 civitate
986 2206 1013 2234 et
1046 2201 1185 2234 dioecesi

443 2256 539 2288 tlastri
562 2256 677 2295 l‘lebis,
697 2255 813 2289 acatiis
835 2256 1036 2289 locisditioui
1059 2262 1186 2289 nostrae

445 2309 614 2353 temporali
631 2309 782 2342 subiectis
794 2309 967 2353 praedictis
978 2309 1186 2343 consistentia

444 2362 546 2395 dictae
583 2373 710 2395 ius-usae
743 2362 917 2406 episcopali
950 2362 1048 2396 Casu-i
1082 2363 1186 2396 l'lebis

444 2415 612 2453 cederent,
637 2415 747 2458 illique
772 2415 944 2456 assignata,
979 2415 1138 2459 applicata
1156 2421 1187 2449 et

444 2468 650 2511 appropriata
672 2479 739 2499 esse
761 2474 980 2501 censerentur.

491 2522 506 2562 ξ
528 2520 558 2553 lo.
587 2521 754 2553 l'raeterea
775 2521 964 2555 societatum
986 2532 1041 2555 seu
1060 2522 1186 2555 confra-

447 2573 630 2605 ternitatmu
654 2574 684 2606 in
711 2574 796 2607 :licta
817 2575 943 2608 civitate
961 2575 1059 2608 Casiri
1082 2574 1186 2608 Plebis

446 2626 692 2659 constitutarum
715 2638 884 2660 numerum
909 2628 1014 2661 minus
1035 2638 1182 2662 necessa-

1025 238 1207 262 nt'LtAnufu
1229 238 1381 262 ROMANUM

1215 285 1299 318 rium
1317 285 1494 320 resecando
1508 291 1538 319 et
1553 285 1794 329 restringendo,
1817 287 1955 320 nonnul-

1214 339 1262 372 las
1276 349 1313 372 ex
1327 338 1389 379 eis,
1411 339 1557 372 videlicet
1577 349 1752 383 puerorum
1769 339 1875 373 Sancti
1888 339 1955 373 Sal-

1215 392 1350 433 vatoris‚
1373 392 1478 426 Sancti
1509 392 1652 433 Antonii,
1677 393 1812 426 Sanctae
1839 392 1956 426 Mariae

1216 445 1364 478 Novellae
1385 450 1416 479 et
1436 445 1580 479 eiusdem
1595 446 1730 479 Sanctae
1750 445 1866 479 Mariae
1878 445 1956 480 Gra-

1216 498 1332 531 tiarum
1354 505 1613 543 nuncupatarum
1640 509 1821 542 earumque
1846 498 1954 532 nomi-

1216 561 1267 592 na,
1292 551 1401 585 titulos
1424 557 1453 585 et
1475 551 1666 585 donationes
1686 557 1844 595 perpetuo
1874 562 1954 596 sup-

1215 605 1367 649 presserit
1389 611 1419 638 et
1439 605 1617 646 extinxerit,
1633 605 1806 649 expediens
1827 598 1957 649 quoqpe

1217 664 1247 691 et
1264 669 1382 702 operae
1402 659 1541 703 pretium
1564 659 1633 692 sore
1653 658 1836 699 censuerit,
1863 664 1897 691 ut
1917 658 1957 692 ab

1216 711 1285 755 ipsa
1305 711 1440 745 ecelesia
1470 711 1569 746 Castri
1593 711 1718 752 Plebis,
1753 722 1836 755 quae
1861 711 1958 745 etiam

1217 764 1410 808 parochialis
1431 764 1546 805 existit,
1563 770 1594 798 et
1608 765 1639 797 iu
1653 776 1716 808 qua
1736 770 1865 808 praeter
1875 774 1958 808 pon-

1218 816 1366 850 tificalem
1388 817 1476 861 nulla
1494 817 1556 850 alia
1576 814 1715 860 dignitas
1730 844 1737 858 ‚
1761 823 1793 850 et.
1817 827 1881 850 non
1897 817 1958 850 nisi

1217 870 1360 915 quinque
1374 871 1584 904 canonicatus
1597 877 1628 904 et
1645 871 1779 904 totidem
1801 871 1959 915 praeben-

1217 925 1277 957 dae
1296 929 1369 957 sunt
1391 923 1538 965 instituti,
1562 935 1641 958 cura
1661 924 1843 957 animarum
1873 923 1958 957 illius

1218 977 1508 1021 parochianorum,
1543 988 1601 1022 per
1637 983 1702 1011 tres
1727 977 1901 1011 canonicos
1929 982 1960 1011 et

1218 1031 1299 1064 duos
1317 1031 1511 1075 capellanos,
1527 1030 1672 1065 eiusdem
1693 1030 1847 1064 ccclesiae
1860 1030 1959 1064 Castri

1217 1085 1322 1118 Plebis
1332 1084 1473 1118 exerceri
1486 1084 1590 1126 solita,
1599 1084 1776 1122 abdicetur,
1788 1089 1817 1117 et
1831 1084 1870 1118 ad
1881 1083 1960 1118 alias

1218 1138 1462 1171 circumvicinas
1482 1138 1633 1172 ecclesias
1655 1139 1876 1179 transforatum
1899 1149 1959 1172 nec

1217 1202 1281 1225 non
1303 1191 1335 1224 in
1353 1191 1464 1225 eadem
1484 1191 1619 1225 ecclesia
1639 1191 1738 1226 Casu-i
1766 1191 1872 1225 Plebis
1891 1191 1955 1224 mi-

1217 1245 1392 1279 nistrorum
1414 1249 1445 1278 et
1461 1244 1696 1278 beneficiorum
1718 1244 1956 1278 ecclesiastieo-

1217 1308 1287 1330 rum
1302 1308 1457 1330 uumerus
1475 1303 1632 1340 augeatur
1651 1297 1779 1341 aliaque
1797 1297 1960 1330 infrascri-

1218 1357 1271 1394 pta
1296 1350 1384 1387 liant.
1417 1355 1510 1393 prout
1533 1349 1565 1382 in
1590 1359 1742 1393 processu
1763 1350 1903 1394 desuper
1918 1349 1958 1383 ab

1218 1403 1287 1447 ipso
1318 1403 1469 1436 Anselmo
1499 1402 1722 1435 commissario
1747 1407 1779 1436 et
1799 1402 1960 1436 visitatore

1218 1457 1365 1490 consecto
1374 1457 1502 1501 plenius
1516 1456 1812 1497 diciturcontineri,
1826 1462 1854 1489 et
1865 1456 1957 1501 prio-

1219 1516 1305 1545 ratus
1325 1510 1499 1544 saecularis
1520 1521 1576 1544 seu
1590 1509 1785 1554 parochialis
1805 1509 1960 1544 ecelesiae

1219 1564 1381 1608 prloratus
1401 1569 1587 1608 nuncupata
1619 1569 1803 1597 sanctorum
1824 1563 1909 1596 Petri
1930 1568 1962 1597 et

1218 1617 1306 1650 Pauli
1329 1617 1404 1650 dicti
1430 1616 1527 1651 Castri
1553 1616 1668 1650 Montis
1684 1616 1810 1657 Leonis,
1838 1626 1896 1660 per
1915 1615 1957 1648 li-

1219 1670 1328 1703 beram
1350 1669 1601 1712 resignationem
1623 1669 1730 1702 dilecti
1752 1668 1808 1702 tilii
1823 1667 1956 1702 Franci-

1218 1723 1262 1757 sci
1273 1722 1454 1768 llonupbrii
1468 1733 1572 1767 nuper
1587 1723 1706 1767 prioris
1725 1722 1887 1766 prioratus
1903 1732 1960 1756 seu

1219 1776 1364 1817 rectoris,
1377 1776 1494 1820 prioris
1512 1776 1689 1820 nuncupati
1710 1775 1871 1809 Ecclesiae
1887 1785 1961 1808 san·

1219 1835 1343 1864 ctorum
1364 1830 1447 1863 Petri
1462 1835 1492 1863 et
1506 1830 1594 1863 Pauli
1615 1829 1821 1869 huiusmodi,
1845 1829 1883 1862 de
1904 1828 1960 1862 illo

1218 1893 1273 1917 seu
1296 1883 1369 1923 illa,
1404 1893 1500 1927 quem
1526 1893 1581 1916 seu
1607 1893 1704 1927 quam
1727 1888 1801 1915 tunc
1826 1881 1956 1916 obtine-

1218 1937 1282 1975 bat,
1313 1936 1342 1968 in
1366 1935 1513 1969 manibus
1537 1935 1654 1968 uostris
1681 1940 1796 1979 sponte
1818 1935 1932 1968 tactam
1948 1961 1956 1975 ,

1219 1996 1246 2023 ct
1269 2000 1327 2033 per
1347 1999 1406 2022 nos
1425 1988 1598 2022 admissam
1625 1988 1710 2032 apud
1731 1987 1845 2022 Sedent
1867 1996 1960 2031 prae-

1219 2042 1336 2075 dictam
1364 2041 1522 2075 vacaverit
1543 2047 1570 2074 et
1599 2046 1689 2074 vacet
1716 2041 1755 2074 ad
1785 2050 1956 2085 praesens,

1220 2096 1390 2139 nullusque
1422 2095 1461 2127 de
1491 2095 1546 2127 illo
1575 2105 1631 2128 seu
1654 2094 1707 2127 illa
1735 2099 1866 2138 praeter
1885 2103 1956 2133 nos,

1219 2159 1277 2193 pro
1295 2150 1333 2182 eo
1351 2148 1437 2192 quod
1458 2148 1580 2181 dudum
1602 2147 1709 2180 onmia
1731 2146 1889 2180 beneficia
1908 2156 1960 2180 ec-

1219 2201 1396 2235 clesiastica
1417 2212 1490 2234 cum
1514 2211 1590 2233 cura
1616 2206 1647 2234 et
1670 2200 1738 2234 sine
1763 2210 1849 2240 cura,
1873 2199 1958 2244 apud

1218 2256 1332 2289 Sedent
1355 2255 1502 2288 earundem
1522 2254 1667 2288 vacantia
1687 2260 1717 2287 ct
1744 2253 1775 2287 in
1795 2259 1889 2287 antea
1908 2263 1961 2286 va·

1219 2314 1329 2342 eatura
1357 2308 1522 2341 collationi
1551 2313 1579 2341 et
1611 2306 1812 2352 dispositioni
1833 2311 1961 2340 nostrae

1220 2361 1464 2400 reservavimus,
1485 2372 1522 2394 ac
1537 2361 1662 2393 irritum
1685 2365 1716 2394 et
1737 2360 1830 2393 inane
1850 2359 1962 2393 decre-

1219 2415 1322 2448 vimus
1341 2415 1366 2448 si
1385 2425 1476 2448 secus
1496 2414 1649 2458 supereis
1661 2423 1865 2457 aquommm,
1882 2422 1960 2456 qua-

1219 2468 1263 2501 vis
1281 2467 1482 2505 auctoritaie,
1506 2467 1646 2500 scienter
1675 2466 1721 2499 vel
1751 2466 1956 2509 ignoranter.

1218 2520 1395 2562 contigeret
1426 2520 1597 2558 attentari.
1624 2520 1682 2553 bac
1703 2519 1769 2552 vice
1788 2519 1960 2563 disponere

1219 2574 1371 2619 potuerit,
1393 2574 1458 2607 sive
1483 2573 1594 2618 possit.
1620 2573 1836 2607 reservatione
1854 2578 1882 2605 et
1905 2572 1959 2605 de.-

1219 2634 1307 2661 creto
1328 2627 1559 2661 obsistentibus
1579 2626 1783 2671 supradietis

1972 238 2096 268 Amat
2140 216 2145 237 ⁷-

1969 300 2058 326 capituti
2075 306 2102 323 ae
2129 298 2135 327 f
2162 303 2170 322 Γ

1969 327 2091 349 nunciorum

1970 353 2090 377 ctosiasuco
2115 380 2122 386 Γ
