2253 3195
273 220 322 247 An.
344 221 372 248 c.
391 221 459 249 1595
504 212 568 246 236

314 2189 422 2234 ⁸‘'”'¹‡¹¹‚'},'
437 2191 466 2234 '3'21
483 2202 563 2231 snus,
588 2191 735 2224 nonnulli
757 2191 968 2235 particulares
992 2191 1069 2234 (sivo
1085 2202 1143 2234 pro
1164 2202 1219 2224 co-

282 2223 310 2262 :lir
320 2248 360 2261 ιιιιιι
369 2242 467 2265 υῐῐιιμινιι-

282 2268 350 2291 tibus.

471 280 584 304 eorum
606 269 842 304 controversiae
863 275 894 302 et
912 269 985 302 lites
1005 280 1103 313 quam
1124 269 1213 302 citis-

472 323 552 357 sime
565 330 596 357 et
609 323 744 356 minimo
764 322 933 366 dispendio
948 322 1212 361 terminarentur,

472 376 641 409 statuimus
657 381 690 408 ut
709 375 892 419 quotannis,
916 386 953 408 ex
973 386 1111 409 numero
1132 386 1216 409 mer-

472 435 616 462 catorum
643 428 723 461 inibi
744 429 1029 468 commorantium,
1054 435 1117 462 tres
1137 439 1215 462 con-

472 483 556 516 sules
573 482 781 525 eligerentur,
805 492 888 515 unus
908 482 1064 516 nimirum
1085 493 1121 516 ex
1141 483 1215 518 Flo-

474 535 610 575 rentina,
639 535 720 568 alius
740 545 816 568 vero
836 545 895 579 per
914 535 1143 569 ultramarinos
1158 563 1165 576 ,
1185 542 1215 570 et

474 588 585 622 tertius
616 599 653 621 ex
679 588 742 622 alia
766 588 877 632 quavis
905 589 1055 629 natione,
1080 589 1215 623 arbitrio

472 641 687 675 universitatis
706 648 923 676 mercatorum
943 643 975 675 in
988 642 1153 686 praedicta
1173 643 1200 676 ci

472 695 568 728 vitate
585 695 784 737 degentium,
799 706 950 740 quorum,
970 696 1019 728 vel
1044 696 1083 729 de
1102 706 1214 729 eorum

473 759 509 782 ex
531 749 576 781 eis
596 748 793 782 coniunctim
814 749 1060 793 procedentium
1080 749 1211 789 iudicio,

473 812 587 835 causae
601 812 714 835 omnes
735 802 820 835 inter
839 808 1036 836 mercatores
1063 802 1211 842 invicem,

472 865 528 888 seu
549 854 632 888 inter
645 855 716 888 illos
734 860 764 888 et
775 855 853 888 alias
870 865 1036 899 personas,
1052 860 1107 888 aut
1119 854 1214 888 etiam

473 908 556 941 inter
576 908 656 941 alios
677 918 912 952 quoscumque,
937 908 1106 941 occasione
1125 918 1212 941 mer-

473 967 602 994 caturae
623 962 870 1005 quomodolibet
897 966 1003 994 motae
1023 967 1055 995 et
1079 972 1213 994 moven-

474 1015 544 1055 dae,
567 1015 754 1055 summarie,
781 1015 971 1059 simpliciter
990 1021 1021 1048 et
1041 1016 1080 1048 de
1104 1015 1213 1059 plano,

473 1069 542 1103 sine
562 1069 699 1113 strepitu
719 1074 750 1102 et
770 1068 874 1112 figura
894 1069 1004 1115 iudicii
1018 1096 1025 1110 ,
1053 1069 1122 1103 sola
1142 1069 1215 1102 sacti

474 1123 604 1156 veritate
625 1122 784 1166 inspecta,
808 1128 1095 1165 cognoscerentur,
1119 1122 1214 1156 audi-

475 1175 621 1209 direntur
641 1182 672 1209 et
693 1175 934 1216 deciderentur;
969 1175 1118 1209 eonsules
1142 1186 1217 1209 vero

475 1229 629 1273 praedicti
643 1239 836 1262 assessorem
848 1229 988 1273 aliquem
999 1229 1216 1273 iurisperitum

475 1292 534 1315 suo
565 1282 699 1315 arbitrio
725 1288 942 1322 assumerent,
971 1282 1062 1315 cuius
1086 1288 1158 1315 voto
1185 1282 1216 1315 in

476 1336 636 1370 eiusmodi
665 1336 768 1369 causis
793 1335 984 1369 definiendis
1004 1335 1049 1369 uti
1074 1341 1214 1379 possent.

475 1389 632 1433 Quodque
653 1389 678 1422 si
699 1400 760 1429 res,
787 1390 825 1422 de
843 1389 960 1433 quibus
981 1394 1104 1431 agetur,
1126 1389 1215 1422 valo-

476 1453 543 1476 rem
565 1442 778 1486 quadraginta
798 1448 962 1476 scutorum
993 1453 1057 1475 non
1078 1443 1215 1476 excede-

477 1502 559 1535 rent,
576 1507 594 1530 a
614 1496 779 1530 sententiis
799 1497 846 1529 vel
869 1496 1006 1529 decretis
1019 1496 1081 1529 vim
1103 1495 1218 1529 desmi-

477 1550 557 1583 tivae
569 1550 763 1583 habentibus
772 1551 960 1583 eorumdem
971 1550 1139 1583 consulum
1154 1560 1218 1583 non

476 1604 585 1638 liceret
606 1615 800 1648 provocare3
824 1604 873 1637 sin
894 1610 1001 1637 autem
1020 1604 1217 1647 praedictam

475 1668 636 1691 summam
661 1658 864 1696 excederent,
896 1667 961 1690 non
988 1658 1027 1690 ad
1049 1657 1148 1690 alium
1170 1657 1218 1690 iu-

476 1710 581 1744 dicem
603 1712 647 1744 sas
667 1716 750 1744 esset
773 1710 937 1754 appellare
951 1737 958 1751 ‚
992 1721 1088 1754 quam
1114 1711 1153 1743 ad
1171 1721 1219 1743 se-

477 1769 562 1807 ptem
578 1764 630 1797 fvel
649 1769 723 1796 octo
737 1769 932 1797 mercatores
948 1770 1033 1797 sorte
1051 1764 1220 1797 extrahen—

477 1818 546 1857 dos,
563 1817 616 1861 qui
632 1817 815 1850 huiusmodi
828 1828 940 1851 causas
951 1818 1215 1861 appellationum,

478 1871 574 1904 etiam
606 1871 799 1911 summarie,
828 1871 1020 1915 simpliciter
1039 1878 1069 1904 et
1090 1872 1129 1904 de
1151 1872 1218 1915 pla-

479 1935 531 1963 no,
567 1923 636 1957 sine
656 1924 791 1968 strepitu
811 1929 841 1956 et
863 1923 966 1965 figura
990 1924 1121 1963 iudicii,
1152 1925 1219 1957 sola

480 1977 551 2010 sacti
573 1977 705 2010 veritate
731 1976 884 2021 inspecta,
909 1977 1130 2017 terminarent,
1161 1988 1219 2010 nec

479 2029 614 2063 ulterius
635 2040 731 2074 quam
751 2030 850 2063 semel
873 2035 994 2063 tantum
1016 2030 1080 2062 ulla
1110 2031 1219 2074 appel·

479 2083 556 2117 latio
573 2084 716 2117 daretur.

525 2139 541 2179 Ξ
562 2137 591 2170 *2.
616 2138 692 2171 Cum
713 2143 832 2177 autem,
859 2137 939 2170 sicut
972 2148 1075 2181 nuper
1094 2138 1219 2182 accepi-

483 2256 552 2277 rum
575 2244 706 2288 proprio
729 2244 892 2282 iiitcrcssr,
917 2250 946 2276 ut
971 2251 1165 2277 mercatores
1186 2245 1221 2277 li-

484 2297 561 2330 tium
583 2298 780 2331 anfractibus
809 2297 985 2338 defatigati,
1013 2309 1124 2331 eorum
1146 2309 1217 2331 crc-

483 2351 547 2383 ‹tiia
567 2357 594 2383 ot
619 2352 687 2384 iura
709 2352 855 2384 ‹lese-rere
875 2356 1043 2391 cogantur,
1066 2351 1130 2384 sive
1144 2351 1222 2384 alias

482 2404 523 2436 ob
538 2404 831 2446 ‹-a=1s.·is)iii‹liciuni
853 2405 1021 2437 consulum
1035 2410 1062 2437 ct
1080 2404 1220 2437 iudicum

482 2458 732 2500 appu-llati‹›nmn
755 2457 991 2501 praedictorum
1013 2458 1166 2499 effugere,
1186 2469 1222 2491 ac

484 2511 553 2542 tiu-s
574 2511 603 2542 in
623 2512 754 2551 longum
775 2512 963 2556 protrahere
982 2517 1173 2554 satagentes,
1191 2511 1220 2544 in

486 2564 618 2596 dubium
651 2575 800 2597 revoc-aro
821 2571 954 2603 curent,
982 2576 1073 2597 veros
1094 2574 1219 2597 merra-

488 2622 573 2650 toi-es
594 2618 824 2658 matriculatus,
842 2618 926 2652 iuxta
939 2618 1079 2662 capitula
1100 2617 1220 2662 perdi-

1055 221 1239 246 BULLARIUM
1259 221 1413 246 ROMANUM

1249 269 1349 303 lectos
1373 269 1457 303 filios
1486 275 1633 304 nostrum
1653 275 1684 304 et
1709 270 1739 305 S.
1759 270 1795 305 R.
1817 271 1852 305 E.
1876 281 1987 305 came-

1249 323 1371 356 rarium
1392 334 1428 356 ac
1447 323 1680 357 thesaurarium
1704 325 1887 366 generalem
1905 324 1991 358 edita

1249 376 1374 410 ratione
1399 377 1568 417 mercium,
1599 387 1678 421 quas
1706 377 1738 411 in
1759 377 1844 411 dicta
1864 377 1990 412 civitate

1250 429 1432 463 minutatim
1452 430 1615 471 venduut,
1646 436 1708 464 tam
1734 430 1765 463 in
1790 430 1853 464 vim
1873 431 1990 464 instru-

1251 489 1434 517 mentorum
1457 483 1490 516 in
1509 484 1613 516 forma
1639 494 1786 518 camerae
1813 484 1991 517 celebrato-

1250 547 1333 577 rum,
1357 548 1454 580 quam
1479 536 1590 580 vigore
1616 537 1807 581 partitarum
1831 537 1991 570 librorum

1250 590 1500 630 mercantilium,
1529 595 1584 624 aut
1603 600 1883 634 quarumcumque
1907 589 1989 622 alia-

1250 653 1322 675 rum
1339 643 1570 686 scripturarum
1591 653 1701 676 coram
1722 643 1820 677 dietis*
1835 646 1992 675 mercato-

1249 707 1321 729 rum
1342 696 1529 730 consulibus
1548 696 1710 730 debitores
1730 695 1912 737 convenire,
1935 706 1992 728 ne-

1249 759 1312 792 que
1332 749 1470 782 vicissim
1494 749 1658 782 conveniri
1679 759 1773 793 posse
1787 775 1795 789 ,
1829 754 1861 782 et
1891 758 1989 792 super

1250 801 1298 835 his
1318 812 1376 845 per
1397 801 1537 836 diversas
1557 802 1766 836 inhibitiones
1785 813 1804 836 a
1825 801 1992 835 tribunali-

1250 855 1320 895 bus,
1343 855 1408 889 sive
1428 855 1620 889 venerabilis
1635 855 1742 889 fratris
1759 855 1914 899 episcopi,
1928 854 1993 888 sive

1251 908 1358 941 dilecti
1378 908 1435 942 filii
1462 909 1688 951 gubernatoris
1726 907 1992 942 Anconitanensis

1251 962 1409 1003 obtentas,
1433 962 1589 997 iudicium
1607 968 1638 995 et
1662 962 1918 996 iurisdictionem
1938 961 1989 995 di-

1251 1020 1377 1048 ctorum
1398 1015 1566 1049 consulum
1588 1020 1619 1049 et
1639 1015 1783 1049 iudicum
1803 1013 1993 1059 appellatio-

1250 1078 1328 1101 num
1348 1068 1530 1112 impediunt
1548 1073 1579 1102 et
1598 1068 1800 1112 perturbant,
1827 1066 1993 1111 exquibus

1251 1121 1448 1156 commercio
1484 1127 1700 1155 mercatorum
1720 1119 1907 1155 huiusmodi
1926 1130 1992 1154 non

1250 1177 1414 1211 modicum
1435 1176 1568 1210 affertur
1585 1176 1832 1220 praeiudicium.

1296 1232 1312 1273 ς
1333 1229 1363 1263 3.
1387 1230 1450 1264 Nos
1475 1230 1583 1274 itaque
1603 1230 1635 1262 in
1655 1229 1851 1273 praemissis,
1879 1233 1914 1261 ut
1933 1237 1992 1272 par
2018 1261 2022 1265 ,

1252 1289 1308 1323 est,
1332 1288 1514 1327 opportune
1538 1283 1718 1326 providere,
1738 1293 1775 1316 ac
1793 1282 1916 1315 litteras
1932 1291 1992 1314 no-

1251 1343 1332 1370 stras
1352 1337 1533 1381 praedictas
1552 1336 1700 1370 effectum
1731 1335 1864 1369 omnino
1884 1334 1992 1368 sortiri

1252 1391 1406 1431 volentes,
1430 1396 1520 1424 motu
1545 1390 1690 1434 proprio,
1713 1400 1779 1423 non
1796 1389 1837 1423 ad
1857 1388 1992 1422 alicuius

1252 1444 1345 1477 nobis
1365 1454 1463 1487 super
1474 1443 1536 1477 boc
1550 1443 1676 1477 oblatae
1689 1441 1852 1486 petitionis
1872 1441 1993 1475 instan-

1254 1497 1341 1537 tiam,
1371 1497 1426 1530 sed
1457 1507 1495 1529 ex
1515 1502 1601 1530 certa
1618 1495 1751 1530 scientia
1771 1504 1925 1539 meraque
1936 1494 1992 1528 de-

1253 1550 1443 1584 liberatione
1463 1555 1582 1589 nostra,
1606 1549 1728 1582 litteras
1744 1547 1924 1593 praedictas
1945 1547 1994 1581 in-

1253 1609 1418 1644 novantes,
1441 1609 1471 1635 et
1497 1608 1649 1636 contenta
1678 1601 1708 1635 in
1739 1601 1800 1635 illis
1830 1600 1993 1635 observari

1253 1657 1371 1691 debere
1391 1657 1602 1690 decernentes
1615 1683 1622 1696 ‚
1654 1655 1843 1689 auctoritate
1863 1659 1993 1698 aposto-

1254 1711 1314 1744 lica
1336 1715 1446 1743 tenore
1466 1708 1702 1753 praesentium,
1732 1707 1936 1742 decernimus
1962 1711 1994 1741 et

1253 1764 1471 1803 declaramus,
1494 1772 1559 1795 non
1587 1762 1691 1795 solum
1712 1770 1768 1795 eos
1788 1765 1990 1801 mercatores,

1253 1817 1308 1861 qui
1329 1827 1452 1850 merces
1472 1826 1557 1856 suas,
1581 1820 1615 1848 ut
1634 1820 1748 1848 vocant
1768 1815 1809 1848 ad
1832 1823 1991 1856 grossum,

1253 1872 1307 1905 sed
1336 1871 1432 1904 etiam
1461 1875 1655 1903 mercatores
1681 1868 1765 1912 ipsos
1786 1867 1818 1901 in
1838 1866 1995 1901 universi-

1255 1930 1316 1958 tate
1342 1923 1542 1957 Anconitana
1561 1922 1798 1962 matriculatos,
1821 1921 1917 1955 etiam
1939 1919 1994 1964 qui

1254 1978 1409 2011 l'undacos
1423 1982 1454 2009 et
1468 1975 1641 2019 apothecas
1662 1975 1821 2008 habentet
1831 1978 1991 2021 exercent,

1254 2031 1376 2064 ratione
1398 2029 1554 2063 mercium
1569 2039 1714 2068 suarum,
1727 2020 1825 2062 ctiam
1838 2037 1922 2071 quae
1936 2026 1996 2061 mi-

1254 2083 1389 2117 nutatim
1411 2089 1442 2116 et
1461 2082 1572 2116 dietim
1597 2081 1791 2121 venduntur,
1819 2090 1993 2124 quoscum-

1254 2149 1315 2182 que
1336 2147 1448 2170 eorum
1470 2136 1651 2175 debitores,
1673 2134 1769 2168 otiam
1790 2134 1873 2181 cives
1892 2134 1995 2167 Anco-

1255 2191 1392 2229 nitanos,
1416 2195 1447 2223 et
1467 2194 1764 2233 quantumcumque
1778 2185 1995 2231 privilegiatos

1255 2251 1283 2278 cl
1305 2249 1481 2287 exemptos,
1498 2248 1560 2275 tam
1571 2241 1680 2284 vigore
1693 2241 1991 2280 instrumentorum,

1255 2308 1350 2341 quam
1366 2296 1556 2341 partiturum
1579 2295 1736 2329 librorum
1758 2288 1994 2330 mercantfim

1256 2349 1456 2388 huiusmodi,
1490 2348 1691 2391 aliarumque
1715 2348 1995 2391 quarumcumque

1255 2404 1487 2447 seripturarum
1517 2411 1626 2435 coram
1647 2399 1740 2433 dictis
1760 2399 1946 2433 consulibus
1964 2403 1996 2431 et

1257 2457 1416 2490 iudicibus
1444 2454 1698 2500 appellationum
1724 2452 1899 2498 respective
1919 2461 1996 2486 con-

1257 2510 1364 2544 venire
1379 2537 1386 2550 ,
1418 2515 1449 2542 et
1469 2507 1605 2542 vicissim
1631 2518 1740 2540 coram
1768 2506 1889 2540 eisdem
1910 2505 1995 2550 ipsos

1258 2569 1451 2597 mercatores
1481 2561 1645 2596 conveniri
1671 2561 1811 2601 debore,
1845 2560 1995 2604 ipsosque

1258 2617 1405 2651 consules
1425 2622 1456 2650 et
1480 2615 1601 2650 iudices
1621 2614 1886 2659 appellationum,
1909 2613 1995 2648 iuxta

2003 220 2054 249 An.
2074 221 2102 250 C.
2118 215 2211 253 159Ὕ

2006 1277 2105 1315 ampliat.
2127 1292 2160 1314 pr·
2172 1272 2188 1305 *l*

2007 1315 2028 1335 in
2045 1314 2137 1336 rubrica.
