2253 3195
283 240 330 265 An.
349 240 377 264 (ἶ.
401 238 466 265 Ιῦῡὶ]

296 356 334 378 Qui
343 356 421 375 dictum
431 354 467 374 du>

282 385 363 402 crehtm
391 387 466 407 appro—

283 410 325 429 but.

317 2169 378 2187 (tenu
388 2175 419 2188 -μι
435 2174 475 2194 ιΙιιυ

513 228 576 262 572

527 288 542 330 ξ
567 286 596 319 3.
621 286 684 319 Nos
702 286 798 327 igitur
823 284 1013 318 earumdem
1046 283 1223 327 patentium

483 341 661 373 litterarum
690 345 791 372 totum
824 344 968 370 tenorem
1000 336 1225 381 praesentibus

482 404 540 437 pro
561 403 710 436 expresso
730 392 896 431 babentes,
917 402 953 424 ac.
974 390 1138 424 ministros
1150 400 1226 433 pro-

482 441 634 480 vinciales
658 451 689 478 et
719 445 834 478 fratres
862 444 1022 491 dictarum
1044 443 1226 488 provincia-

481 511 552 533 rum
573 499 767 543 specialibus
788 498 952 532 favoribus
969 504 1000 531 et
1020 497 1131 541 gratiis
1150 507 1225 540 pro-

481 553 571 597 sequi
588 553 742 591 volentes,
767 552 838 584 illos
858 558 888 584 et
908 562 1023 585 eorum
1043 550 1188 593 singulos
1208 560 1225 582 a

481 606 646 650 quibusvis
664 604 1019 645 excommunicationis,
1043 603 1226 647 suspensio-

482 660 530 692 nis
562 665 592 692 et
624 658 808 698 interdicti,
835 658 971 701 aliisque
1003 656 1226 691 ecclesiasticis

482 713 648 746 sententiis
662 712 819 756 etpoenis
840 722 857 744 a
878 712 947 744 iure
961 712 1008 745 vel
1027 712 1066 744 ab
1079 711 1223 750 homine,

482 767 593 811 quavis
612 766 780 800 occasione
807 765 855 798 vel
881 775 976 798 eausa
996 764 1068 797 latis
1082 792 1090 805 ,
1113 764 1138 797 si
1157 763 1228 807 qui-

483 820 543 853 bus
563 819 807 864 quomodolibet
829 818 973 852 innodati
1004 818 1164 858 existunt,
1188 817 1228 850 ad

484 875 633 908 effectum
665 873 884 918 praesentium
921 873 1086 906 dumtaxat
1117 882 1229 917 eonse-

483 929 660 973 quendum‚
676 928 791 961 barum
813 927 896 961 serie
917 927 1119 960 absolventes
1132 931 1161 959 et
1175 926 1230 958 ab·

484 983 607 1016 solutos
625 982 693 1015 sore
711 987 888 1021 censentes,
906 980 1093 1014 huiusmodi
1109 980 1230 1024 suppli-

485 1036 667 1069 cationibus
687 1035 831 1069 inclinati
847 1063 854 1075 ,
878 1035 1022 1068 eiusdem
1043 1034 1229 1079 Hieronymi

486 1089 658 1124 cardinalis
693 1088 886 1133 protectoris
924 1089 1047 1121 litteras
1084 1093 1231 1132 patentes

486 1143 684 1188 praedictas,
709 1142 885 1186 omniaque.
905 1148 936 1175 et
954 1141 1080 1184 singula
1109 1141 1140 1174 in
1169 1141 1231 1175 illis

486 1202 635 1231 contenta
649 1224 656 1237 ,
676 1196 868 1229 auctoritate
897 1195 1073 1239 apostolica
1088 1222 1096 1236 ‚
1121 1201 1231 1228 tenore

487 1250 724 1295 piaesentimn,
749 1255 906 1294 perpetuo
939 1248 1171 1282 confirmamus
1202 1254 1231 1282 et

487 1304 716 1348 approbamus,
733 1303 858 1347 illisque
877 1308 1054 1347 perpetuae
1071 1308 1167 1346 atque
1185 1302 1232 1334 in—

486 1357 644 1391 violabilis
657 1356 853 1400 apostolicae
866 1355 1028 1389 firmitatis
1040 1355 1140 1388 robur
1150 1354 1231 1387 adii-

487 1412 610 1452 cimus,
643 1420 820 1454 omnesque
853 1415 884 1443 et
915 1409 1059 1451 singulos
1091 1408 1170 1441 iuris
1201 1414 1231 1441 et

487 1465 559 1499 sacti
579 1465 734 1505 descetus,
751 1464 775 1496 si
789 1463 842 1507 qui
861 1463 893 1496 in
913 1463 1035 1496 eisdem
1054 1462 1232 1495 intervene-

488 1519 561 1560 rint,
578 1519 778 1563 supplemus,
795 1523 823 1550 et
845 1517 1057 1550 nihilominus
1075 1516 1184 1550 omnia
1202 1522 1233 1550 et

486 1573 610 1616 singula
632 1571 807 1616 praemissa
832 1571 871 1604 de
896 1581 979 1604 novo
1007 1570 1176 1604 statuimus
1201 1575 1232 1603 et

487 1627 696 1666 ordinamus,
724 1637 760 1658 ae
792 1626 823 1658 in
856 1625 1028 1669 provinciis
1059 1625 1232 1669 praedictis

487 1680 650 1715 observari
666 1680 784 1712 debere
805 1679 953 1712 volumus
973 1684 1004 1712 et
1025 1679 1228 1719 mandamus,

487 1735 721 1780 praecipientes
742 1734 773 1766 in
795 1734 912 1766 virtute
931 1739 1060 1767 sanctae
1078 1733 1232 1766 obedien-

489 1789 566 1828 tiae,
590 1799 626 1821 ac
646 1788 705 1820 sub
735 1787 847 1831 poenis
872 1787 1066 1830 supradietis
1095 1797 1133 1819 eo
1162 1786 1232 1830 ipso

489 1841 712 1880 incurrendis,
749 1847 811 1873 tam
847 1839 1078 1872 conmissurus
1093 1867 1100 1878 ,
1134 1850 1230 1883 quam

489 1895 558 1927 aliis
578 1894 801 1938 superioribus
823 1893 985 1930 fratribus,
1001 1893 1039 1925 ad
1061 1903 1142 1936 quos
1155 1903 1229 1936 spe-

488 1954 549 1981 ctat
579 1953 606 1980 ct
638 1947 667 1979 in
701 1948 843 1979 suturuni
872 1945 1050 1990 spectabit,
1075 1951 1105 1978 ut
1139 1956 1231 1989 prae-

491 2001 586 2034 niissa
608 2000 717 2032 omnia
739 2006 770 2032 et
789 1999 914 2041 singula
945 1999 1094 2031 inviolate
1123 1999 1233 2032 obser-

491 2060 574 2091 vent,
599 2060 626 2086 c=t
649 2053 811 2086 observari
833 2058 944 2085 curent
964 2058 994 2084 ct
1010 2052 1135 2085 saciant.

535 2110 551 2149 ξ
573 2107 602 2140 Ji.
633 2108 699 2140 Non
722 2106 923 2139 obstantibus
951 2105 1234 2138 constitutionilms

491 2169 518 2195 οι
546 2161 805 2194 ordinationibus
826 2160 1027 2204 apostolicis,
1051 2171 1086 2192 ac
1107 2160 1234 2192 Ordinis

491 2223 518 2249 et
543 2215 781 2259 prminriarum
805 2214 1056 2258 praedic-tainni,
1078 2213 1171 2246 eliani
1188 2213 1234 2246 iu-

491 2276 659 2306 rznncnto,
685 2268 932 2301 confirmatione
963 2268 1161 2311 apostolica,
1186 2268 1232 2299 vel

492 2323 602 2366 quavis
625 2322 776 2354 firmitate
798 2321 860 2354 alia
883 2321 1042 2353 roboratis
1063 2320 1187 2353 statutis
1205 2326 1233 2353 et

491 2375 796 2414 cousin-tiulinibus,
821 2374 994 2418 privilegiis
1012 2384 1164 2417 quoque,
1189 2373 1235 2405 in-

492 2430 586 2461 dultis
605 2436 631 2461 et
649 2429 762 2461 litto-ris
780 2428 965 2472 apostolicis
987 2427 1016 2460 in
1037 2427 1234 2460 contraritnn

493 2483 743 2526 prm-inissornni
775 2482 1020 2526 ‹piontodolilwt
1051 2481 1232 2519 concessis,

493 2537 693 2569 fontirinatis
715 2542 743 2568 et
767 2535 964 2579 approbatis.
989 2535 1111 2574 Quibus
1133 2534 1236 2567 onini-

494 2590 551 2620 bus
570 2595 596 2621 et
625 2590 774 2629 singulis,
799 2600 911 2621 eoruin
937 2594 1064 2621 tenores
1085 2598 1236 2632 praesen-

496 2643 577 2674 tibus
605 2655 662 2686 pro
692 2643 848 2687 expressis
878 2643 1055 2681 babentes,
1084 2642 1142 2675 bar
1172 2641 1238 2673 vire

1066 235 1248 259 BULLARIUM
1270 234 1423 258 ROMANun

1259 282 1424 315 dumtaxat
1458 281 1641 325 specialiter
1670 286 1696 313 et
1729 291 1876 324 expresse
1907 281 2002 313 dero-

1258 345 1372 377 gamus
1387 362 1394 375 ,
1433 334 1634 378 caeterisque
1666 334 1837 367 contrariis
1869 334 2002 378 quibus-

1258 398 1407 432 cumque.

1302 441 1417 474 Datum
1431 441 1552 474 Romae
1567 441 1652 484 apud
1670 440 1700 474 S.
1716 440 1860 480 Petrum,
1875 440 1933 473 sub
1947 451 2002 473 an-

1258 495 1335 528 nulo
1354 495 1542 535 piscatoris,
1571 495 1622 528 die
1647 500 1763 538 quarta
1784 494 1908 535 martii,
1933 494 2004 526 mil-

1258 549 1372 582 lesimo
1402 549 1656 590 sexcentesimo,
1676 548 1883 593 pontificatus
1903 548 2003 582 nostri

1259 613 1344 636 anno
1369 613 1468 636 nono.
1855 598 1857 600 ’

1297 666 1354 693 Dat.
1371 666 1415 694 die
1431 668 1444 694 Δί
1462 667 1550 693 martii
1569 667 1646 700 1500,
1659 666 1754 702 pontis.
1773 674 1817 693 an.
1834 674 1870 692 ix.

1558 838 1708 872 ccxxlx.

1266 945 1478 988 Confirmatio
1496 945 1684 978 concordiae
1704 945 1807 978 initae
1828 946 1913 979 inter
1930 946 2010 979 Lin-

1308 1018 1390 1049 quas
1422 1007 1542 1040 Italiae
1576 1011 1604 1040 e!
1629 1007 1847 1040 Alamanniae
1873 1006 2008 1041 Ordinis

1310 1069 1532 1113 IlospHqurii
1557 1069 1589 1103 S.
1614 1069 1750 1102 Ioannis
1773 1070 2009 1113 Hierosolymi-

1311 1133 1383 1165 lam'
1401 1142 1497 1175 super
1521 1132 1650 1175 optione
1674 1132 1910 1165 munuum-mn
1921 1132 2009 1175 prio-

1311 1199 1445 1228 ratuum
1470 1195 1490 1227 ¹.

1472 1284 1604 1311 Clemens
1627 1284 1705 1317 Papa
1728 1284 1804 1316 vlu,

1383 1338 1419 1364 ad
1442 1340 1616 1371 perpetuam
1638 1337 1682 1365 roi
1707 1337 1887 1365 memoriam.

1310 1409 1352 1442 Ex
1373 1409 1483 1442 debito
1511 1408 1683 1452 pastoralis
1712 1408 1807 1441 officii
1839 1408 1933 1442 nobis
1962 1408 2008 1442 di-

1266 1463 1338 1497 vina
1355 1463 1566 1507 dispositione
1584 1462 1760 1503 commissi,
1777 1462 1861 1495 cirea
1881 1462 2009 1496 univer-

1266 1528 1375 1551 sorum
1398 1516 1555 1557 fidelium,
1570 1516 1761 1560 praesertim
1782 1516 2008 1558 religiosorum

1266 1570 1432 1614 hospitalis
1452 1569 1553 1603 saneti
1570 1569 1697 1603 loannis
1715 1569 2007 1614 llierosolymitani‚

1266 1625 1319 1669 qui
1346 1624 1540 1657 christianae
1570 1623 1718 1665 religioni
1749 1623 1910 1668 praesidio
1938 1630 2012 1658 sunt

1266 1680 1418 1712 adversus
1435 1677 1600 1711 christiani
1622 1677 1761 1711 nominis
1781 1677 1899 1715 hostes,
1924 1682 2010 1711 tran-

1266 1732 1456 1776 quillitatem
1478 1731 1624 1765 sollicitis
1652 1731 1766 1765 studiis
1786 1731 1987 1765 intendentes
2001 1759 2008 1772 ,

1267 1797 1314 1826 ea,
1338 1796 1420 1829 quae
1442 1785 1524 1818 inter
1553 1785 1638 1828 ipsos
1668 1795 1726 1828 pro
1758 1784 1844 1817 bono
1875 1784 1962 1828 pacis
1981 1790 2012 1818 et

1267 1839 1471 1879 concordiae,
1488 1838 1618 1871 succisis
1639 1837 1743 1871 litium
1761 1837 1960 1871 anfractibus
1979 1844 2010 1872 et

1267 1891 1465 1936 dispendiis,
1490 1891 1621 1934 provide
1652 1896 1810 1923 transacta
1832 1891 1926 1923 fuisse
1948 1901 2008 1925 no-

1266 1951 1411 1984 scuntur,
1426 1951 1456 1977 ut
1474 1946 1566 1977 lirina
1580 1950 1608 1977 et
1627 1944 1749 1976 illibata
1764 1950 1922 1988 perpetuo
1935 1945 2011 1978 sub-

1267 1999 1389 2038 sistant,
1405 2009 1443 2031 ne
1463 1997 1493 2030 in
1512 1997 1671 2031 recidivae
1692 1997 1908 2031 contentionis
1925 2009 2013 2031 scru-

1268 2053 1378 2096 pulum
1401 2051 1604 2091 relabantur,
1628 2050 1823 2095 apostolicae
1844 2051 2010 2095 approba-

1269 2106 1363 2139 tionis
1383 2106 1498 2139 robore
1527 2105 1664 2138 libenter
1694 2105 1932 2138 communimus
1947 2132 1954 2145 ,
1977 2116 2014 2138 ae

1268 2160 1346 2192 alias
1366 2160 1505 2202 desuper
1525 2158 1668 2191 ciusdem
1690 2157 1786 2190 officii
1817 2157 1917 2191 nostri
1938 2167 2012 2201 par-

1270 2220 1314 2247 ics
1327 2212 1543 2246 lavorabiliter
1562 2211 1808 2255 interponimus,
1827 2216 1922 2255 prout
1938 2221 2014 2244 con-

1268 2267 1421 2311 spii-intus
1447 2266 1476 2298 in
1500 2264 1635 2299 lloniin'o
1656 2264 1828 2298 salubriter
1848 2264 2010 2308 expedire.

1314 2322 1330 2363 ξ
1357 2319 1380 2352 Ι.
1397 2321 1474 2352 (lum
1497 2319 1614 2363 itaque,
1630 2318 1709 2351 sicut
1732 2317 1927 2361 aceepimuS,
1944 2323 2014 2351 orta

1269 2379 1298 2407 ct
1332 2373 1456 2413 vigente
1489 2382 1592 2416 nuper
1622 2371 1709 2412 gravi
1741 2370 1956 2403 controversia
1983 2377 2014 2404 et

1270 2426 1476 2460 altercatione
1504 2425 1585 2458 inter
1614 2424 1748 2457 dilectos
1769 2424 1851 2457 tilios
1872 2423 2011 2458 Michae-

1271 2482 1332 2513 lcni
1354 2480 1580 2513 tladanmstuni
1601 2477 1814 2515 Adniiratuin,
1837 2488 1873 2510 ac
1896 2477 2014 2510 milites

1271 2533 1416 2567 antiauos
1437 2538 1465 2565 et
1494 2531 1573 2564 alios
1605 2532 1716 2564 t'ratres
1743 2530 1882 2572 Linguae
1907 2530 2014 2563 ltaliae

1273 2586 1438 2630 hospitalis
1458 2584 1556 2618 sancti
1580 2584 1706 2617 loannis
1732 2582 2011 2627 Hierosoly-mitani

1309 2650 1324 2675 ’.ζ
1341 2648 1376 2675 lix
1399 2649 1508 2684 lit-gest.
1531 2647 1556 2673 iu
1576 2647 1676 2674 Sei-ret.
1700 2645 1833 2673 brevium.

2017 230 2065 256 An.
2083 230 2111 257 G.
2135 229 2202 257 1600

2051 1414 2184 1436 Prooemium

2050 2321 2132 2343 Catinae
2141 2322 2213 2343 ineun-

2029 2348 2050 2370 di
2058 2348 2200 2370 concordiam.
