2253 3195
259 284 309 311 An.
331 285 360 312 c.
380 284 446 312 1598
492 276 556 309 4⁴30

282 347 416 372 Dispensatio
433 353 445 367 a

260 374 357 399 iectigatt
374 374 394 394 in
410 380 444 394 ca-

259 400 318 420 sibus
339 400 373 420 hie
388 400 444 421 desr·

260 427 335 452 gnatis,

461 335 620 371 vestitum,
642 344 767 367 necnon
790 334 885 367 etiam
907 334 946 367 ad
972 334 1052 367 alios
1068 345 1145 367 usus
1166 334 1204 367 il-

460 388 498 421 lis
525 387 761 428 necessarium,
793 388 915 431 absque
947 387 1013 419 ulla
1043 386 1204 420 solutione

460 441 615 483 gabelhae,
632 443 694 472 tam
708 450 767 483 pro
786 446 876 483 parte
894 446 1089 483 emptorum,
1106 450 1204 484 quam

459 505 518 537 pro
539 499 629 537 parte
654 493 858 526 venditorum
888 493 1060 526 solvendae
1075 521 1082 534 ,
1103 493 1205 526 libere

460 554 491 580 et
512 547 598 580 licite
615 557 734 587 emere,
758 557 885 580 necnon
907 547 1003 580 etiam
1025 557 1062 580 ex
1081 547 1204 580 eisdem

459 601 548 641 locis,
569 600 762 640 civitatibus,
787 600 880 633 terris
901 605 931 633 et
952 600 1035 633 villis
1060 600 1204 634 eiusdem

460 654 595 687 ducatus
615 653 717 686 nostri
737 653 951 686 Ferrariensis
971 653 1119 687 similiter
1136 653 1204 686 sru-

459 713 616 747 mentum,
629 708 750 747 vinum,
761 707 868 747 blada,
878 707 1044 749 legumina
1057 712 1089 740 et
1102 707 1205 750 quod-

460 771 599 804 cumque
618 760 706 793 aliud
721 787 728 801 ‚
751 765 786 793 ut
812 760 1014 804 praefertur⁷
1034 769 1181 793 annonae
1194 787 1201 800 ‚

459 813 598 847 vestiarii
620 819 651 847 et
672 813 828 846 mercium
849 823 950 856 genus
971 813 1011 845 ad
1032 812 1151 845 victum
1174 818 1206 846 et

460 867 620 907 vestitum,
644 876 770 900 necnon
790 866 887 899 etiam
914 867 953 899 ad
979 865 1059 899 alios
1075 876 1152 899 usus
1169 865 1205 898 il-

460 920 500 953 lis
528 919 766 960 necessarium,
790 919 903 953 solutis
933 925 1041 953 tamen
1073 919 1206 962 gabellis

461 975 524 1008 huc
554 985 657 1019 usque
688 985 706 1007 a
732 974 992 1008 Comaclensibus
1016 975 1146 1008 deloco
1166 974 1204 1007 ad

462 1029 570 1062 locum
603 1028 892 1062 communitatibus
922 1028 1002 1062 solvi
1030 1028 1148 1068 solitis;
1176 1033 1208 1061 et

462 1082 568 1126 quoad
597 1082 794 1116 frumentum
810 1109 817 1123 ,
841 1092 915 1115 cum
942 1082 1073 1116 licentia
1099 1081 1205 1115 dilecti

462 1136 519 1168 filii
539 1136 653 1177 nostri,
678 1141 709 1169 et
727 1135 931 1179 Apostolicae
955 1135 1045 1169 Sedis
1072 1135 1105 1168 in
1130 1135 1207 1168 civi-

462 1195 528 1223 tate
549 1195 580 1223 et
599 1189 718 1223 ducatu
742 1189 938 1223 Ferrariensi
969 1189 1008 1223 de
1033 1189 1133 1222 latere
1160 1189 1207 1222 le-

463 1243 538 1286 gati,
562 1253 618 1276 seu
643 1243 711 1276 eius
732 1242 896 1285 vicelegati
911 1270 918 1284 ‚
939 1248 993 1276 aut
1013 1242 1208 1286 gubernato-

464 1297 508 1330 ris
538 1307 599 1340 pro
631 1302 777 1341 tempore
805 1296 987 1338 existentis,
1008 1307 1091 1341 quae
1119 1297 1208 1330 vobis

465 1351 564 1394 gratis
581 1351 714 1385 concedi
735 1351 867 1391 debeat;
888 1362 925 1385 ex
945 1351 1016 1384 aliis
1036 1361 1111 1385 vero
1131 1351 1209 1384 locis

465 1404 570 1439 Status
601 1405 702 1438 nostri
729 1404 955 1445 ecclesiastici,
979 1415 1051 1438 cum
1080 1404 1210 1438 licentia

465 1458 641 1502 superioris
665 1457 751 1491 illius
770 1458 971 1502 provinciae,
999 1458 1085 1491 unde
1106 1464 1209 1491 extra-

467 1511 530 1544 ctio
552 1510 618 1551 fiet‚
639 1521 721 1554 quae
741 1511 862 1554 pariter
881 1511 979 1553 gratis
999 1511 1132 1545 concedi
1153 1511 1209 1544 de-

466 1564 549 1597 beat.
566 1564 627 1598 Sed
638 1564 678 1598 ad
695 1564 859 1598 evitandas
877 1565 1016 1606 fraudes,
1034 1565 1095 1598 illis
1115 1565 1210 1599 etiam

467 1618 626 1652 attestatio
647 1618 873 1662 gubernatoris
901 1630 960 1663 pro
982 1625 1127 1663 tempore
1147 1619 1211 1653 exi-

467 1672 579 1705 stentis
599 1672 733 1706 civitatis
758 1677 789 1705 et
805 1673 975 1706 comitatus
995 1673 1211 1707 Comaclensis

467 1725 615 1766 accedat,
638 1725 697 1758 sub
724 1725 886 1759 solutione
914 1732 1019 1760 tamen
1045 1727 1153 1760 debita
1181 1733 1211 1760 et

467 1778 536 1811 fieri
559 1784 723 1819 consueta,
755 1779 880 1813 ratione
909 1780 1114 1813 extractionis
1144 1781 1210 1814 siu-

468 1832 567 1864 menti
589 1838 618 1865 et
639 1832 808 1865 bladorum
831 1833 870 1867 de
890 1833 1055 1877 provincia
1077 1835 1116 1868 ad
1137 1845 1211 1878 pro-

468 1885 616 1925 vinciam,
637 1886 742 1929 quoad
770 1887 953 1930 portionem
981 1887 1020 1920 ad
1047 1887 1210 1921 thesaura-

467 1939 550 1972 rium
573 1939 727 1983 cuiusque
749 1940 933 1984 provinciae
953 1941 1118 1974 dumtaxat
1144 1947 1212 1975 tan-

467 1998 608 2036 gentem,
632 2004 695 2026 non
717 2000 823 2027 autem
845 1995 952 2038 quoad
974 2000 1074 2028 ratam
1097 1996 1136 2028 ad
1157 1996 1211 2030 Ca-

469 2057 591 2079 meram
618 2047 834 2091 Apostolicam
864 2048 1090 2092 pertinentem,
1114 2060 1210 2092 quam

469 2112 503 2134 ex
525 2111 621 2141 nune,
646 2107 741 2144 prout
761 2113 796 2134 ex
820 2107 906 2141 tunc,
927 2107 957 2135 et
975 2114 990 2134 c
1012 2108 1122 2135 eontra
1145 2103 1212 2136 eui-

468 2165 606 2198 cumque
632 2161 770 2188 vestrum
787 2183 794 2196 ,
815 2161 845 2188 et
868 2155 1005 2188 aliorum
1032 2156 1211 2199 praedicto-

470 2219 539 2240 rum
570 2208 709 2249 gratiose
739 2208 769 2241 in
797 2215 988 2252 perpetuum
1019 2210 1212 2243 remittimus

469 2268 498 2294 et
519 2262 751 2303 condonamus
773 2268 801 2296 et
821 2263 944 2301 solutis,
967 2269 999 2296 ut
1020 2264 1208 2307 praefertur,

469 2316 569 2348 solitis
595 2316 745 2356 gabellis,
774 2316 1062 2349 communitatibus
1087 2324 1117 2350 et
1142 2317 1208 2350 nni-

471 2369 672 2402 vet-stiantius
692 2370 770 2402 solvi
792 2370 962 2410 consuetis,
988 2371 1087 2404 libere
1109 2377 1212 2404 extra-

471 2421 568 2461 here,
589 2428 615 2454 et
639 2423 677 2455 atl
699 2423 814 2455 dictam
844 2423 1003 2456 civitatem
1029 2425 1212 2458 (joinarlen-

470 2486 535 2507 svin
559 2475 682 2525 deferre
710 2476 837 2520 possitis
858 2482 887 2509 et
914 2477 1059 2517 valeatis,
1083 2489 1119 2510 ac
1140 2490 1213 2522 pos-

470 2527 528 2559 ¹sint
557 2535 585 2560 et
609 2529 748 2567 lateant,
775 2541 899 2562 necnon
921 2530 1035 2569 etiam,
1060 2536 1090 2563 nt
1112 2531 1210 2574 quiti-

471 2581 520 2612 lwt
553 2593 588 2613 ex
621 2582 745 2615 eii-itate
775 2584 970 2617 tlomarlensi
1003 2584 1159 2617 oriundus
1181 2584 1210 2617 in

471 2634 727 2678 quibuscumque
748 2637 942 2677 «trientibus,
968 2638 1060 2671 terris
1081 2644 1108 2670 et
1134 2638 1211 2671 toris

471 2688 575 2719 Statusv
598 2688 695 2720 nostri
718 2690 933 2729 ‹:‹,·‹=t·.·>i.··sii‹;i‚
959 2691 988 2724 in
1015 2691 1131 2734 quibus
1153 2691 1209 2735 ipsi

1046 285 1231 310 BULLARIUM
1252 286 1407 311 ROMANUM

1240 336 1325 369 bona
1341 335 1469 368 stabilia
1488 336 1666 380 possident,
1689 347 1791 381 aeque
1807 348 1843 371 ac
1864 337 1918 371 alii
1938 337 1982 371 ei-

1240 399 1292 422 ves
1327 389 1514 432 originarii,
1548 390 1615 423 sine
1645 396 1751 424 tamen
1782 391 1981 435 praeiudicio

1239 453 1375 476 onerum
1397 443 1578 484 solitorum,
1603 444 1732 477 tractari
1751 444 1982 489 debeat‚utque

1239 496 1371 530 cuilibet
1390 507 1504 530 eorum
1531 497 1651 530 fructus
1671 497 1704 530 in
1728 498 1869 541 propriis
1887 509 1982 542 prae-

1239 549 1299 583 diis
1317 556 1347 583 et.
1366 550 1460 584 terris
1485 550 1657 591 collectos,
1678 550 1809 584 dimissa
1840 551 1873 583 in
1904 551 1983 584 locis

1238 603 1411 646 praedictis
1438 603 1613 647 respective
1645 609 1758 647 quarta
1791 609 1881 647 parte
1917 604 1983 636 sru-

1239 661 1421 689 mentorum
1443 662 1474 690 et
1492 657 1664 690 bladorum
1686 667 1746 701 pro
1771 656 1980 697 abundantia,

1239 719 1274 742 ac
1295 709 1390 743 etiarn
1409 710 1531 743 semine
1545 738 1552 752 ‚
1573 711 1757 752 extrahere,
1775 716 1806 743 et
1825 710 1865 743 ad
1891 720 1983 754 prae-

1239 763 1357 796 dictam
1389 763 1549 797 civitatem
1580 763 1821 797 Comaclensem
1853 763 1980 796 deferre

1238 816 1342 857 liceat,
1354 827 1412 850 nee
1430 827 1527 860 super
1543 817 1728 860 praemissis
1748 817 1787 850 ab
1808 816 1980 860 aliquibus,

1239 869 1350 913 quavis
1370 870 1561 903 auctoritate
1579 870 1788 912 fungentibus
1807 875 1837 903 et
1857 870 1984 902 sunctu-

1238 924 1294 965 ris,
1314 924 1561 968 quomodolibet
1581 923 1763 964 molestari,
1786 923 1980 967 perturbari,

1239 983 1294 1011 aut
1310 977 1484 1022 inquietari
1510 977 1649 1022 possitiS‚
1673 982 1727 1010 aut
1747 976 1862 1020 aliquis
1881 976 1983 1020 parli-

1240 1031 1394 1065 culariter
1428 1031 1552 1076 possit,
1584 1031 1777 1064 auctoritate
1808 1035 1839 1064 et
1874 1036 1985 1064 tenore

1240 1085 1431 1129 praedictis,
1455 1091 1614 1130 perpetuo
1643 1085 1852 1119 concedimus
1879 1089 1910 1118 et
1936 1083 1985 1117 in-

1241 1139 1422 1182 dulgemus.

1286 1194 1302 1235 ἕ
1323 1192 1353 1226 5.
1377 1193 1549 1227 Praeterea
1569 1193 1740 1227 consilium
1760 1198 1884 1226 vestrae
1897 1202 1985 1226 com-

1242 1246 1407 1280 munitatis
1426 1257 1464 1280 eo
1485 1247 1594 1287 modo,
1618 1257 1683 1291 quo
1700 1257 1786 1280 nunc
1806 1246 1986 1287 existit,ad-

1243 1299 1309 1333 dito
1331 1305 1438 1333 tamen
1462 1310 1591 1344 semper
1616 1299 1798 1333 interventu
1826 1299 1987 1342 guberna-

1243 1353 1321 1387 toris
1340 1364 1399 1398 pro
1421 1360 1567 1398 tempore
1587 1354 1750 1388 existentis
1781 1353 1885 1387 dictae
1912 1352 1988 1386 civi-

1244 1408 1337 1449 tatis,
1368 1408 1438 1442 sine
1468 1419 1532 1452 quo
1567 1408 1662 1442 etiam
1699 1407 1889 1450 congregari
1921 1417 1987 1441 non

1244 1461 1355 1505 possit,
1367 1472 1471 1506 neque
1490 1461 1756 1495 deliberationem
1778 1461 1918 1505 aliquam
1936 1471 1988 1494 su-

1244 1515 1367 1560 scipere
1381 1516 1493 1557 valeat,
1508 1526 1544 1549 ac
1558 1521 1681 1549 mutato
1695 1515 1791 1549 etiam
1805 1515 1987 1548 iuramento

1245 1569 1277 1602 in
1299 1569 1412 1603 eodem
1442 1568 1576 1602 consilio
1595 1568 1750 1612 praestari
1771 1567 1865 1601 solito
1886 1567 1988 1611 (quod

1245 1622 1396 1666 deinceps
1416 1622 1520 1663 nobis,
1544 1627 1574 1655 et
1595 1632 1654 1666 pro
1672 1627 1817 1665 tempore
1841 1620 1988 1654 existenti

1245 1677 1389 1710 Romano
1421 1675 1589 1715 Pontifici,
1620 1686 1656 1708 ac
1685 1674 1758 1708 Sedi
1787 1673 1988 1718 Apostolicae

1245 1730 1401 1774 praestari
1420 1730 1592 1773 volumus),
1603 1740 1639 1763 ac
1650 1729 1745 1763 etiam
1759 1734 1877 1762 statuta
1890 1739 1988 1773 quae-

1245 1794 1382 1828 cumque
1405 1783 1547 1817 ciusdem
1576 1788 1696 1816 vestrae
1723 1781 1984 1823 communitatis,

1245 1842 1404 1882 quatenus
1426 1842 1532 1869 tamen
1554 1836 1584 1868 in
1605 1847 1665 1869 usu
1686 1835 1832 1875 existant,
1853 1840 1882 1868 et
1902 1834 1989 1868 licita

1244 1891 1306 1924 sint
1328 1896 1358 1924 et
1378 1890 1531 1929 honesta,
1566 1901 1602 1922 ac
1627 1889 1725 1923 saeris
1751 1888 1929 1922 canonibus
1957 1893 1989 1922 et

1245 1944 1375 1978 Concilii
1395 1943 1572 1977 Tridentini
1594 1943 1743 1983 decretis,
1771 1953 1896 1976 necnon
1923 1953 1986 1976 no-

1245 1998 1328 2038 stris,
1349 2004 1379 2030 et
1400 1998 1618 2030 ltomanorum
1641 1996 1832 2030 Pontificum
1855 1997 1989 2040 praede-

1246 2062 1408 2085 cessormn
1430 2056 1614 2083 nostrorum
1636 2049 1929 2091 constitutionibus,
1953 2060 1989 2084 ac

1246 2104 1384 2137 libertati
1406 2103 1651 2143 ecclesiasticae,
1675 2114 1711 2136 ac
1731 2104 1761 2137 S.
1786 2103 1821 2136 R.
1845 2103 1878 2136 E.
1900 2103 1989 2137 Sedi-

1246 2171 1307 2203 (μω
1329 2158 1530 2203 Apostolicae
1563 2157 1689 2191 debitae
1715 2157 1917 2191 obedientiae
1952 2167 1989 2191 ac

1247 2212 1391 2246 tidelitati
1415 2223 1478 2245 non
1507 2212 1732 2251 adversentur,
1749 2210 1938 2244 auctoritate
1959 2216 1989 2244 et

1248 2273 1356 2300 tenmc
1375 2265 1558 2310 praedictis,
1582 2270 1738 2309 perpetuo
1758 2264 1989 2298 confirmamus

1246 2323 1276 2350 ct,
1296 2317 1524 2361 approlianms,
1546 2316 1672 2360 illisque
1692 2322 1864 2360 perpetuae
1885 2326 1921 2349 ac
1942 2316 1990 2349 in-

1248 2371 1404 2403 violabilis
1417 2370 1612 2414 apostolicae
1625 2369 1784 2401 firmitatis
1797 2369 1896 2402 robur
1909 2369 1989 2403 adii-

1247 2425 1368 2464 einnis,
1396 2435 1432 2457 ar,
1461 2435 1573 2457 omnes
1593 2429 1623 2456 et
1644 2423 1787 2464 singulos
1820 2428 1882 2456 tam
1911 2422 1988 2457 iuris

1246 2489 1341 2522 quam
1365 2477 1436 2511 sat-ti
1457 2478 1611 2516 desectus,
1634 2476 1658 2509 si
1681 2476 1734 2520 qni
1758 2476 1787 2509 in
1806 2476 1926 2510 eisdem
1941 2476 1987 2509 in-

1247 2530 1451 2570 tervenerint,
1475 2530 1673 2574 supplemus.

1290 2586 1306 2626 ,ξ
1332 2585 1361 2617 (i.
1387 2585 1454 2618 Non
1475 2583 1676 2617 obstantibus
1706 2583 1806 2616 felicis
1835 2582 1986 2616 recorda-

1247 2638 1341 2671 tionis
1363 2638 1450 2671 l‘anli
1468 2638 1524 2671 l‘l‘.
1537 2638 1558 2671 ll
1571 2644 1599 2670 et
1614 2637 1751 2670 aliorum
1765 2637 1985 2670 Rom-‘morum

1246 2691 1452 2732 vulnificum,
1476 2691 1759 2735 praedecessorum
1781 2695 1964 2723 nostrorum
1975 2716 1983 2730 ,

1997 289 2044 316 Au.
2066 287 2094 316 C.
2113 288 2180 316 ¹598

2013 1202 2127 1224 Consilinum
2133 1203 2186 1224 civi-

1999 1229 2050 1251 tatis
2067 1229 2185 1252 confirmat.

2071 2585 2185 2611 Der-matio

2001 2613 2160 2635 contrariorum.
