2253 3195
38 229 88 256 An.
109 227 222 256 c.1596
852 224 1000 251 cucumis
1019 227 1078 251 v111
1098 227 1149 250 ιφ.
1663 212 1728 247 299
1775 223 1826 250 An.
1843 222 1871 250 c.
1893 223 1962 250 159ss

70 285 186 315 contrariis
200 291 221 305 ο-
236 275 280 309 ris
304 275 433 314 nostris,
457 281 487 308 et
504 275 668 318 quibusvis
685 274 754 308 aliis
774 275 978 308 constitutio-

36 312 221 338 ¹¹¹⁰¹h⁰⁵⁸¹⁰'‘'⁸³¹'
237 328 331 361 nibus
351 333 381 361 et
402 328 659 361 ordinationibus
688 328 895 372 apostolicis,
923 339 981 360 nec

1346 273 1441 307 CXLI.

47 1875 152 1903 Exemplis
160 1876 218 1897 crudi

35 1901 101 1924 lubet.

236 392 300 415 non
321 381 353 413 in
373 381 626 424 provincialibus
640 387 669 414 et
683 381 890 425 synodalibus
905 391 981 413 con-

236 434 317 468 ciliis
344 434 436 467 editis
462 434 666 476 generalibus
691 434 739 466 vel
768 433 976 477 specialibus,

235 493 266 520 et
286 487 452 531 quibusvis
475 487 602 520 statutis
622 492 653 519 et
678 486 977 525 consuetudinibus,

235 540 332 573 etiam
354 540 554 579 iuramento,
579 539 825 572 confirmatione
845 545 977 581 aposto-

235 594 306 633 lica,
330 594 377 627 vel
399 594 510 637 quavis
538 593 691 626 firmitate
712 592 773 625 alia
795 592 976 632 roboratis,

234 647 408 691 privilegiis
433 657 573 690 quoque,
589 646 720 679 indultis
734 652 765 678 et.
779 645 891 679 litteris
904 656 980 689 apo-

233 700 354 733 stolicis
371 700 534 743 quibusvis
548 699 727 738 ordinibus,
740 698 894 738 ecclesiis,
910 709 979 731 mo·

233 754 380 787 nasleriis
400 760 431 787 et
459 753 519 797 piis
542 753 642 793 locis,
668 753 863 796 illorumque
884 764 979 796 supe-

233 808 374 841 rioribus
388 835 395 847 ,
419 814 449 840 et
470 808 635 851 quibusvis
656 807 802 851 personis
823 808 882 840 sul)
903 807 976 851 qui—

232 861 435 905 buscumque
444 861 610 894 tenoribus
622 867 653 894 et
662 861 818 899 sormis,et
828 871 899 894 cum
909 861 980 904 qui-

234 915 342 948 busvis
356 915 450 948 etiam
465 915 742 957 derogatoriarum
754 914 976 956 derogatoriis‚

236 968 372 1012 aliisque
385 968 619 1001 efficacioribus
636 974 667 1001 et
681 968 816 1001 insolitis
829 967 980 1000 clausulis

233 1028 264 1055 et
284 1023 441 1062 decretis,
465 1023 562 1055 etiam
594 1028 683 1055 motu
709 1022 861 1066 proprio,
886 1033 922 1055 ac
943 1033 978 1055 ex

233 1081 320 1109 certa
340 1075 473 1109 scientia
493 1081 523 1109 et
543 1076 582 1108 de
600 1075 795 1119 apostolicae
816 1075 980 1118 potestatis

228 1129 444 1173 plenitudine,
463 1129 493 1161 in
508 1129 707 1162 contrarium
724 1129 829 1161 forsan
844 1139 980 1172 quomo-

198 1190 202 1193 *
234 1182 356 1216 dolibet
383 1183 554 1221 concessis,
579 1182 780 1215 confirmatis
798 1187 829 1215 et
850 1182 980 1216 innova-

232 1235 283 1269 tis.
307 1235 429 1276 Quibus
449 1236 611 1275 omnibus,
636 1236 759 1269 etiamsi
785 1236 824 1269 de
846 1235 906 1268 illis
927 1247 979 1269 eo-

232 1299 370 1333 rumque
393 1289 467 1322 totis
486 1289 664 1329 tenoribus,
688 1289 847 1333 specialis,
871 1289 976 1332 speci-

232 1342 294 1376 fica
311 1348 342 1375 et
359 1342 535 1382 individua,
553 1353 589 1375 ac
609 1353 759 1386 expressa
780 1343 911 1379 mentio,
924 1354 978 1375 seu

232 1396 362 1440 quaevis
381 1396 444 1428 alia
464 1396 631 1440 expressio
645 1395 811 1435 habenda,
835 1402 887 1429 aut
915 1396 988 1439 3¹52

232 1460 298 1493 qua
313 1449 374 1482 alia
388 1449 544 1493 exquisita
563 1450 664 1482 forma
681 1449 721 1482 ad
742 1449 803 1482 hoc
823 1450 980 1482 servanda

232 1503 326 1543 soret,
349 1508 476 1536 tenores
496 1502 693 1541 huiusmodi,
718 1513 754 1535 ac
775 1502 800 1535 si
822 1503 861 1536 de
881 1503 979 1536 verbo

232 1556 273 1590 ad
292 1555 426 1589 verbum
440 1555 669 1595 insererentur,
686 1556 909 1599 praesentibus
921 1567 979 1599 pro

232 1608 389 1652 expressis
409 1608 589 1648 habentes,
606 1608 667 1641 illis
688 1608 764 1641 alias
785 1608 817 1640 in
842 1619 900 1641 suo
921 1619 976 1642 ro-

232 1661 312 1695 bore
339 1661 575 1706 permansuris,
611 1661 671 1694 hac
695 1661 762 1694 vice
788 1662 975 1703 dumtaxat,

233 1715 416 1759 specialiter
435 1720 466 1747 et
486 1725 632 1758 expresse
654 1715 858 1757 derogamus,
876 1722 980 1749 caete-

233 1769 342 1812 risque
364 1768 534 1802 contrariis
554 1768 825 1812 quibuscumque.

278 1824 295 1865 g
316 1821 368 1855 15.
392 1822 546 1855 Volumus
567 1827 685 1862 autem,
707 1828 742 1855 ut
760 1823 979 1866 praesentium

234 1874 443 1918 transumptis
464 1874 560 1908 etiam
585 1874 761 1918 impressis,
792 1885 889 1908 manu
920 1887 980 1909 no-

233 1928 305 1961 tarii
325 1927 446 1971 publici
467 1927 666 1971 subscriptis,
684 1934 714 1961 et
738 1928 842 1970 sigillo
863 1940 977 1972 perso-

233 1991 294 2013 nae
314 1980 347 2013 in
367 1981 522 2023 dignitate
549 1981 765 2015 ecclesiastica
789 1982 980 2016 constitutae

234 2034 377 2074 munitis,
394 2035 505 2067 eadem
520 2045 653 2078 prorsus
673 2034 752 2068 fides
774 2036 976 2077 adhibeatur,

234 2098 316 2132 quae
341 2087 417 2131 ipsis
447 2088 672 2131 praesentibus
701 2089 930 2130 adhiberetur,
955 2090 980 2122 si

233 2146 339 2175 essent
358 2141 517 2174 exhibitae
537 2142 586 2175 vel
601 2147 758 2175 ostensae.

278 2195 393 2228 Datum
407 2195 528 2228 Romae
542 2195 627 2238 apud
641 2195 670 2228 S.
684 2195 837 2235 Marcum,
854 2196 912 2233 sub
925 2206 980 2228 an-

233 2249 311 2281 nulo
325 2249 505 2286 piscatoris,
523 2248 573 2282 die
588 2259 619 2282 ix
633 2249 825 2292 septembris
845 2259 976 2290 MDxcvi,

203 2299 206 2301 ⁴
234 2301 440 2345 pontificatus
460 2302 561 2335 nostri
583 2313 668 2335 anno
694 2313 723 2335 v.

270 2363 328 2391 Dat.
351 2363 394 2391 die
408 2365 425 2392 9
441 2364 587 2400 septembr.
609 2365 687 2395 1596,
710 2364 807 2400 pontis.
825 2372 869 2391 an.
887 2371 912 2391 v.

1018 381 1229 423 Confirmatio
1260 385 1289 413 et
1318 379 1495 412 declaratio
1522 380 1764 412 constitutionis

1062 443 1211 485 Greyorii
1232 443 1323 475 XIII
1340 453 1435 485 super
1454 441 1684 484 reformatione
1697 442 1763 484 fra—

1061 509 1149 537 trum
1170 505 1337 537 Minoi-mn
1350 505 1381 538 S.
1398 505 1429 538 F
1430 505 1570 537 rancisci
1588 504 1763 538 strictioris

1059 568 1281 600 observantiae
1302 572 1369 600 tam
1392 568 1429 600 in
1454 568 1576 607 Italia,
1601 578 1701 612 quam
1726 568 1764 601 in

1059 640 1157 672 reyno
1177 630 1340 662 Franciae
1360 633 1388 661 ct
1404 630 1584 672 provinciis
1610 630 1720 673 Belqii
1738 629 1758 662 ¹.

1229 727 1364 754 Clemens
1385 727 1464 761 Papa
1479 727 1560 760 vm,

1139 783 1174 808 ad
1191 784 1368 815 perpetuam
1387 781 1431 808 rei
1451 780 1633 807 memoriam.

1059 861 1120 893 Pro
1143 860 1276 893 iniuncti
1297 860 1391 893 nobis
1418 859 1586 903 apostolici
1618 860 1761 893 muneris

1016 913 1151 954 ratione,
1180 914 1219 946 de
1244 919 1327 946 statu
1353 913 1580 955 religiosorum
1607 924 1762 956 quorum-

1015 978 1174 1011 cumque,
1199 967 1254 1010 qui
1286 966 1345 999 sub
1366 966 1566 999 voluntariae
1591 973 1763 1010 pauperta-

1016 1021 1053 1053 tis
1075 1020 1186 1053 habitu
1216 1020 1408 1059 militantes,
1432 1019 1464 1051 in
1485 1019 1675 1053 humilitatis
1699 1020 1763 1064 spi-

1016 1074 1078 1106 ritu
1099 1074 1162 1106 Deo
1182 1078 1255 1105 vota
1275 1073 1411 1105 reddere
1432 1078 1604 1114 satagunt,
1626 1079 1758 1116 paterna

1015 1127 1170 1160 charitate
1183 1126 1322 1165 solliciti,
1334 1126 1580 1159 constitutiones
1589 1132 1620 1159 et
1630 1126 1762 1159 ordina-

1015 1181 1118 1214 tiones
1135 1180 1343 1213 Sumniorum
1365 1179 1571 1219 Pontificum,
1589 1180 1628 1212 ad
1647 1190 1760 1213 eorum

1016 1244 1207 1277 prosperum
1233 1233 1379 1275 regimen
1406 1238 1437 1266 et
1465 1233 1658 1275 gubernium
1681 1243 1760 1276 pro-

1015 1287 1085 1320 vide
1107 1287 1223 1325 factas‚
1248 1286 1413 1319 nonnullis
1434 1285 1565 1319 mutatis
1592 1296 1647 1319 seu
1669 1286 1759 1319 adie-

1015 1341 1083 1379 ctis,
1103 1351 1161 1384 pro
1176 1341 1323 1373 locorum
1339 1345 1368 1373 et
1390 1346 1572 1384 temporum
1594 1339 1759 1384 qualitate,

1016 1395 1151 1427 libenter
1171 1393 1420 1432 confirmamus,
1442 1399 1540 1437 prout
1565 1393 1596 1426 in
1624 1393 1762 1426 Domino

1013 1448 1186 1481 salubriter
1207 1447 1424 1491 conspicimus
1445 1447 1606 1491 expedire.

1059 1503 1075 1543 ξ
1102 1501 1131 1533 1.
1152 1501 1278 1534 Dudum
1301 1500 1462 1544 siquidem
1484 1510 1501 1532 a
1527 1500 1627 1533 felicis
1653 1511 1762 1534 recor-

1015 1555 1152 1588 dationis
1169 1548 1324 1595 Gregorio
1338 1554 1417 1593 ΧΙΙΙ,
1434 1553 1684 1597 praedecessore
1704 1564 1761 1587 no-

1014 1615 1090 1647 stro,
1115 1613 1307 1640 emanarunt
1341 1607 1466 1640 litterae
1499 1607 1620 1640 tenoris
1651 1607 1761 1640 subse-

1014 1661 1161 1704 quentis,
1184 1660 1349 1693 videlicet:
1379 1659 1554 1702 Gregorius
1575 1661 1660 1704 Papa
1679 1660 1757 1700 XIII,

1015 1715 1054 1748 ad
1076 1720 1264 1758 perpetuam
1293 1713 1338 1747 rei
1361 1713 1564 1746 memoriam.
1578 1713 1654 1747 Cum
1676 1713 1762 1747 illius

1015 1768 1115 1802 vicem
1127 1796 1134 1809 ,
1153 1768 1287 1807 meritis,
1305 1771 1360 1800 etc.
1376 1767 1397 1800 ².
1461 1811 1463 1813 ‚

1060 1823 1076 1864 g
1103 1821 1133 1854 ἓ.
1165 1821 1243 1855 Cum
1275 1826 1382 1853 autern
1412 1820 1586 1854 novissime
1616 1831 1674 1854 nos
1703 1832 1762 1865 pro

1016 1875 1172 1917 regimine
1198 1880 1227 1907 et
1253 1874 1412 1917 gubernio
1442 1874 1603 1908 dictorum
1628 1874 1762 1908 fratrum

1016 1930 1277 1967 reformatorum,
1302 1928 1458 1961 nonnulla
1479 1928 1608 1961 decreta
1628 1939 1684 1962 seu
1705 1939 1760 1962 or-

1015 1983 1196 2015 dinationes
1217 1982 1398 2021 fecerimus,
1420 1988 1475 2015 aut
1493 1983 1503 1999 ³
1523 1994 1620 2027 super
1640 1983 1688 2016 his
1709 1984 1760 2017 di-

1016 2036 1097 2069 lecto
1119 2036 1186 2068 filio
1218 2037 1462 2069 Bonaventurae
1491 2036 1638 2069 ministro
1665 2047 1763 2078 gene-

1016 2089 1074 2121 rali
1095 2088 1223 2123 Ordinis
1243 2089 1273 2122 S.
1298 2089 1459 2123 Francisci
1482 2089 1519 2122 de
1541 2088 1759 2128 observantia,

1015 2143 1187 2175 nonnullas
1202 2142 1368 2175 facultates
1385 2142 1651 2181 concesserimus,
1668 2148 1765 2186 prout

1015 2196 1046 2228 in
1067 2195 1185 2228 nostris
1206 2196 1346 2238 desuper
1366 2196 1396 2228 in
1420 2195 1523 2227 forma
1545 2195 1649 2228 brevis
1670 2206 1764 2239 expe-

1015 2249 1088 2282 ditis
1107 2249 1221 2283 litteris
1241 2250 1300 2282 sub
1322 2250 1385 2282 dat.
1411 2250 1532 2282 Romae
1553 2249 1638 2292 apud
1661 2249 1690 2282 S.
1707 2249 1764 2282 Pe-

1014 2308 1112 2341 trum,
1134 2302 1192 2335 sub
1214 2303 1334 2335 annulo
1355 2301 1537 2340 piscatoris,
1565 2301 1616 2334 die
1636 2312 1694 2335 vin
1720 2302 1763 2335 ia-

1014 2355 1118 2388 nuarii
1149 2365 1290 2395 MDxmv,
1315 2355 1524 2399 pontificatus
1545 2355 1646 2388 nostri
1679 2366 1764 2389 anno

1047 2455 1056 2480 1
1077 2453 1236 2480 Constitutio
1263 2453 1384 2489 Gregorii
1409 2456 1450 2480 est
1474 2459 1545 2480 cxlx:
1575 2453 1647 2480 Cum
1673 2454 1763 2489 itlius,

1015 2501 1078 2524 tom.
1103 2505 1160 2529 viu,
1181 2506 1231 2533 pag
1262 2498 1324 2528 ⁸¹54.

1048 2543 1065 2568 2
1090 2542 1229 2569 Omittitur
1249 2541 1326 2568 Bulla
1347 2542 1473 2577 Gregorii
1487 2564 1494 2573 ,
1512 2542 1576 2578 quia
1596 2551 1655 2570 eam
1677 2542 1761 2570 habes

1013 2587 1038 2613 in
1056 2587 1113 2614 loco
1130 2587 1155 2613 in
1178 2586 1351 2622 praecedeuti
1373 2587 1465 2614 notula
1485 2587 1601 2623 signato.

1048 2633 1063 2659 3
1081 2631 1201 2659 Forsitan
1222 2632 1364 2668 legendum
1385 2637 1426 2659 est
1444 2636 1541 2668 atque.
1651 2632 1728 2668 (nst.)

1810 869 1930 891 Exordium.

1794 1507 1907 1534 Gregorius
1917 1507 1963 1528 xm

1777 1535 1844 1555 edidit
1862 1534 1963 1555 constitu·

1777 1562 1853 1582 tionem
1860 1561 1917 1582 circa
1924 1561 1962 1581 hoa

1776 1588 1908 1609 reformatos.

1791 1828 1829 1848 Hic
1838 1827 1899 1848 modo
1909 1827 1963 1847 Pon-

1779 1854 1828 1875 tifex
1844 1860 1882 1877 εει,
1897 1854 1963 1874 salvis

1783 1881 1963 1902 declarationibus

1780 1908 1963 1933 mstascrrpstsap·

1779 1934 1855 1960 probat.
1893 1933 1964 1960 quoad

1778 1962 1854 1982 fratres
1870 1961 1950 1981 Italiae.
