2253 3195
457 238 524 272 944

426 309 618 344 CLXXVIII.
643 310 825 344 Raiificatio
847 312 1098 346 conventionum
1118 313 1170 346 in-

515 370 564 397 ter
583 364 780 398 cardinalem
799 366 1093 407 Aldobrandinum,
1108 378 1169 401 no-

514 418 601 451 mine
621 418 711 452 Sedis
728 419 943 463 Apostolicae,
960 426 989 453 et
1011 421 1170 455 ducissam

513 472 637 512 Urbini,
647 473 873 516 procuratorio
885 474 1016 508 nomine
1030 474 1172 508 Caesaris

512 525 663 566 Estensis,
680 525 832 559 initarum
854 538 952 571 snper
969 528 1171 562 restitutione

515 579 650 612 ducatus
667 579 894 621 Ferrariensis,
914 580 990 614 417.

424 632 581 667 CLXXIX.
599 633 785 678 Acceptatio
799 634 1015 668 devolutionis
1036 635 1171 669 ducatus

512 686 680 720 Ferrariae
705 697 779 720 mox
804 688 1005 732 recuperati,
1037 689 1187 733 eiusque

512 745 544 773 et
563 739 729 774 redituum
758 741 978 786 incorporatio
1002 743 1166 776 Reveren-

511 794 571 826 dae
591 794 742 828 Gamerae
763 795 978 839 Apostolicac,
1001 796 1076 830 4:27.

556 847 710 891 Sequitur
726 848 789 881 alia
809 849 920 883 itidem
943 850 1118 884 declaratio
1139 857 1170 884 et.

512 901 697 945 applicatio,
713 901 789 935 4⁶28.

423 954 565 988 CLXXX.
589 955 750 989 Cardinali
770 957 1016 991 Aldobrandino
1035 958 1066 991 in
1087 958 1165 991 civi-

512 1014 576 1041 tate
597 1014 628 1042 et
649 1010 768 1042 ducatu
788 1010 987 1045 Ferrariensi
1009 1011 1048 1045 (le
1068 1012 1168 1046 latere

512 1062 630 1105 legato,
658 1069 694 1096 ut
724 1063 850 1098 facilius
871 1064 1030 1098 civitatem
1052 1071 1083 1099 et
1104 1066 1166 1099 du-

511 1121 619 1149 catum
640 1117 826 1160 praedictos
840 1128 858 1150 a
871 1118 1029 1160 gubernio
1047 1119 1164 1161 ducali,

509 1170 550 1203 ad
571 1181 719 1204 normam
742 1171 909 1214 regiminis
929 1173 1064 1207 aliarum
1086 1185 1164 1218 pro—

511 1224 689 1258 vinciarum
715 1225 820 1260 Status
840 1227 1053 1261 Ecclesiastici
1075 1229 1163 1262 redi-

510 1289 586 1321 gere
610 1280 727 1323 possit,
751 1281 970 1325 amplissimae
1002 1283 1166 1317 facultates

509 1334 745 1376 conceduntur,
768 1334 844 1369 428.

420 1385 584 1429 CLXXXI.
598 1388 762 1421 Indultum
784 1389 933 1434 Philippo
951 1392 975 1424 II
996 1392 1165 1434 Por-iugat-

509 1440 570 1474 liae
584 1441 652 1484 regi
672 1441 906 1485 subdelegandi
924 1444 1062 1478 iudicem
1081 1456 1162 1479 con-

507 1500 704 1528 servatorem
724 1495 755 1528 in
777 1496 881 1530 causis
894 1498 1112 1541 spectantibus
1125 1500 1164 1532 ad

509 1548 638 1582 militias
670 1549 739 1583 Iesu
770 1550 907 1591 Christi,
938 1551 968 1585 S.
992 1552 1097 1585 Iacobi
1126 1554 1164 1586 de

508 1601 629 1646 Spatha
649 1608 680 1636 ct
710 1602 740 1637 S.
770 1604 932 1637 Benedicti
963 1606 1002 1639 de
1030 1606 1102 1639 Avis
1132 1606 1162 1639 in

509 1656 624 1689 eodem
647 1656 863 1700 Pon-tugalliae
885 1669 996 1702 regno,
1019 1659 1094 1693 425).

418 1709 588 1744 CLXXXII.
613 1711 776 1745 Indultum
809 1714 1076 1756 procuratoribus
1107 1726 1160 1748 ec-

509 1764 679 1798 clesiarum
702 1766 936 1800 cathedralium
952 1773 981 1801 et
995 1774 1161 1813 metropo-

508 1818 680 1852 litanarum
700 1830 875 1862 regnorum
890 1822 1044 1855 Castellae
1059 1828 1086 1855 et
1101 1823 1160 1855 Le-

506 1871 622 1914 gionis,
645 1873 730 1916 apud
751 1873 900 1907 Sanctam
922 1875 1036 1908 Sedent
1059 1882 1086 1909 et
1102 1876 1163 1909 Ma-

510 1925 586 1965 triti,
611 1927 811 1971 percipiendi
845 1929 966 1961 fructus
996 1935 1025 1962 et
1055 1929 1162 1963 distri-

506 1979 658 2014 butiones
678 1981 884 2024 quotidianas
903 1993 1036 2016 suorum
1059 1993 1159 2017 cano-

507 2033 672 2067 nicatuum
701 2041 732 2068 et
761 2036 1041 2080 praebendarum,
1066 2038 1160 2071 etiam

506 2099 564 2132 per
576 2099 629 2121 sex
644 2099 770 2122 menses
784 2096 853 2133 post
872 2092 1065 2136 completam
1087 2103 1161 2136 pro-

507 2142 721 2183 curationem,
745 2143 820 2177 4:31.

416 2194 582 2229 CXXXIII.
608 2196 739 2229 Beatum
760 2196 962 2231 Gherardum
982 2199 1159 2240 ¹Sauredum

508 2255 694 2294 martyrem,
711 2261 746 2283 cx
768 2250 887 2284 Ordine
907 2252 1006 2285 sancti
1030 2253 1161 2286 Benedi-

506 2303 568 2343 cti,
590 2304 817 2348 Martyrologie
846 2306 991 2339 ltomano
1021 2307 1159 2340 adscribi

507 2367 599 2400 posse
621 2358 781 2397 concedit,
805 2358 880 2392 4:33.

416 2409 603 2444 CLXXXIV.
618 2411 827 2446 Confirmatio
846 2413 1028 2447 libertatum
1051 2421 1078 2448 et
1096 2415 1159 2459 pri-

507 2462 696 2501 vilegiorum
719 2463 797 2496 alias
818 2465 963 2508 patronis
995 2466 1161 2510 hospitalis

504 2515 542 2547 dc
563 2515 686 2555 lJtrcra,
708 2517 903 2561 Hispalensis
923 2518 1090 2557 dioecesis,
1105 2530 1162 2563 per

505 2569 645 2602 diversos
663 2570 824 2603 Itoni-‘mes
839 2572 1010 2605 I'outiliws
1031 2583 1160 2606 ‹tom-,cs-

503 2632 634 2662 sorum,
658 2634 730 2656 cnm
753 2624 970 2658 declaratione
995 2626 1081 2669 qued
1103 2626 1159 2659 ad-

505 2675 738 2708 ministratores
775 2678 850 2709 dicti
891 2679 1057 2722 hospitalis
1095 2690 1158 2713 non

1016 251 1193 277 mmmmm!
1218 253 1369 278 ROMANUM

1294 315 1418 359 possint
1438 316 1509 359 cogi
1530 317 1570 349 ab
1595 317 1839 363 archiepiscopo
1859 320 1946 355 eius-

1295 380 1357 412 que
1383 369 1575 404 officialibus
1602 371 1642 404 ad
1672 372 1871 407 reddendam
1897 385 1949 408 ra-

1296 423 1430 465 tionem,
1453 423 1529 457 434.

1205 485 1381 520 CLXXXV.
1409 487 1555 521 Declarat
1581 488 1701 533 Papam
1729 489 1850 523 Romae
1881 501 1948 525 esse

1294 540 1492 582 eligendum,
1507 541 1531 575 si
1555 542 1621 586 ipse
1642 550 1730 576 extra
1749 543 1868 577 Urbem
1895 544 1950 578 de-

1293 594 1435 635 cesserit,
1458 594 1534 629 436.

1204 655 1582 691 CLXXXVI.C01nmissio
1593 658 1760 692 collectori
1769 659 1948 704 spoliorum

1292 710 1508 754 Portugalliae
1546 712 1751 747 examinandi
1786 719 1817 748 et
1855 715 1945 748 deci-

1293 764 1390 798 dendi
1408 776 1519 799 causas
1543 771 1704 800 vertentes
1724 767 1808 801 inter
1825 768 1949 802 arehie-

1292 818 1460 862 piscopum
1500 820 1708 854 Elborensem
1749 827 1781 855 et
1817 822 1949 856 militias

1292 872 1361 905 lesu
1387 873 1520 914 Christi,
1548 872 1662 907 saneti'
1677 875 1784 909 Iaeobi
1805 876 1844 909 de
1864 876 1945 920 Spa-

1294 924 1357 965 tha‚
1374 931 1405 958 et
1425 926 1464 959 de
1485 926 1557 960 Avis
1577 937 1675 971 super
1694 927 1763 962 iure
1783 928 1945 971 visitandi,

1291 983 1363 1019 etc„
1386 978 1462 1012 438.

1203 1040 1405 1076 CLXXXVII.
1429 1042 1611 1077 Iurisdictio
1631 1049 1662 1077 et
1682 1045 1849 1079 facultates
1869 1046 1948 1080 San-

1292 1102 1360 1130 ctae
1387 1097 1552 1131 Romanae
1578 1098 1739 1132 Ecclesiae
1771 1099 1946 1134 cardinalis

1291 1150 1330 1184 de
1355 1151 1454 1184 latere
1486 1151 1582 1194 legati
1614 1151 1646 1185 in
1671 1153 1756 1186 alma
1786 1153 1871 1187 Urbe
1899 1154 1947 1188 di-

1290 1204 1390 1245 missi,
1412 1205 1452 1238 ob
1473 1205 1650 1239 discessum
1678 1207 1802 1241 Summi
1830 1208 1943 1241 Ponti-

1290 1257 1359 1292 ficis
1385 1259 1565 1292 Ferrariam
1595 1270 1726 1300 versus,
1750 1266 1782 1294 et
1812 1261 1851 1294 ad
1883 1261 1945 1295 alia

1289 1312 1361 1345 loca
1380 1312 1486 1346 Status
1506 1313 1732 1356 Ecclesiastici,
1753 1314 1829 1348 440.

1200 1382 1415 1417 CLxxxvm.
1435 1385 1615 1419 Declaratio
1633 1386 1720 1430 quod
1741 1386 1895 1420 officiales
1915 1393 1945 1421 et

1288 1437 1436 1478 curiales,
1462 1443 1525 1471 tam
1555 1445 1726 1483 sequentes
1753 1439 1943 1474 Pontificem

1289 1490 1320 1524 in
1349 1502 1407 1525 suo
1427 1492 1467 1524 ab
1492 1492 1576 1527 Urbe
1608 1493 1747 1527 discessu
1762 1521 1770 1535 ,
1794 1505 1890 1538 quam
1912 1494 1943 1528 in

1289 1552 1582 1585 ea‘remanentes,
1607 1547 1671 1580 sint
1701 1558 1776 1581 vere
1807 1547 1944 1582 curiales

1287 1607 1466 1642 eorumque
1496 1598 1658 1641 gaudeant
1686 1599 1940 1643 praerogativis,

1288 1657 1316 1684 et
1343 1651 1509 1685 beneficia·
1533 1653 1722 1686 corumdem
1751 1652 1825 1687 Sedi
1851 1654 1940 1698 Apo-

1287 1705 1418 1738 stolirac
1440 1711 1629 1739 remaneant
1648 1705 1773 1747 assecta,
1796 1705 1872 1740 445.

1200 1774 1387 1809 CLXXXIX.
1404 1776 1614 1811 Confirmatio
1636 1777 1861 1812 transactionis
1881 1778 1943 1812 ini-

1288 1836 1337 1863 tae
1367 1830 1452 1863 inter
1479 1831 1703 1865 universitates
1735 1838 1765 1865 et
1796 1832 1944 1866 homines

1286 1884 1757 1926 ForiSaraceni,Theod01·ani,
1773 1885 1944 1920 vicariatus

1287 1937 1441 1978 Ardiani,
1475 1937 1671 1972 Casemattae
1703 1945 1735 1972 et
1758 1938 1940 1981 Sulwivoli,

1286 1991 1527 2024 vicecomitatus
1548 1991 1702 2026 ecclesiae
1720 1992 1939 2036 Metropolita-

1286 2055 1346 2078 nae
1365 2045 1636 2087 navenmumisis,
1655 2051 1686 2079 ct
1707 2045 1940 2080 thesaurarium

1285 2098 1469 2140 generalem
1491 2099 1642 2133 Gamerae
1663 2099 1866 2144 Apostolicae
1886 2111 1940 2133 su-

1286 2163 1344 2196 per
1364 2153 1622 2196 exemptionibus
1638 2163 1657 2186 a
1675 2153 1838 2187 solutione
1855 2163 1936 2187 one-

1286 2217 1357 2239 rum
1379 2206 1600 2248 rameralium,
1624 2206 1698 2240 lisa-6.

1197 2278 1282 2312 CXC.
1316 2278 1474 2312 Institutio
1504 2278 1709 2321 magistratus
1745 2285 1776 2312 et
1813 2279 1937 2313 consilii

1284 2339 1413 2365 centum
1435 2333 1576 2366 virormn
1609 2332 1639 2366 in
1666 2333 1791 2366 civitate
1820 2333 1935 2367 Ferra-

1285 2386 1372 2425 riae,
1407 2386 1498 2419 citius
1529 2386 1751 2420 communitati
1783 2387 1937 2420 nonnulla

1284 2440 1509 2473 conceduntur
1529 2439 1706 2484 privilegia,
1728 2439 1802 2473 440.

1195 2502 1298 2536 (lxtzt.
1330 2503 1451 2536 Civitati
1473 2508 1504 2536 et
1529 2503 1652 2536 civibus
1679 2503 1939 2537 Comacleusilms

1283 2557 1438 2590 nonnulla
1450 2557 1673 2590 conceduntur
1683 2555 1937 2601 privilegia,458.

1195 2626 1306 2660 CXCll.
1336 2626 1455 2660 Similis
1493 2626 1657 2661 concessio
1692 2626 1935 2670 privilegiorum

1282 2680 1510 2714 (Ioummnitati
1530 2681 1646 2714 Terrae
1666 2680 1767 2722 Genti,
1790 2679 1864 2713 461.
