2253 3195
39 292 85 319 An.
106 290 136 318 C.
156 289 222 317 icoo

81 2339 234 2367 Capucinarum

51 2370 161 2397 monaster.
173 2367 233 2389 Ordi-

52 2399 84 2424 ῃιε
113 2395 135 2416 ὃ.
158 2395 232 2416 Clarae

26 2423 27 2426 ’
52 2420 102 2442 mibi
113 2422 233 2447 erigendum

52 2446 180 2474 designatur.

847 286 992 310 CLEMENS
1012 286 1069 310 VIII
1090 286 1139 310 121³.

234 347 348 381 parum
374 335 473 376 abest,
497 336 537 369 ad
551 335 583 369 id
603 335 748 380 apprime
769 335 974 368 commodam

235 397 265 423 ct
286 396 502 434 opportunam
529 400 597 422 esse
616 394 821 422 censuerunt.

281 446 297 486 ξ
318 443 347 476 3.
369 444 405 476 Et
426 443 501 487 quia
527 443 612 476 dicta
637 443 782 481 ecclesia,
806 453 888 486 quae
908 442 976 474 sinc

66 515 222 538 Garmasror.
237 508 313 530 cura
335 502 391 537 est,
416 502 445 529 ct
469 496 655 529 monasterii
680 495 787 528 Sancti
814 494 976 528 Laurentii

39 544 68 566 tia
89 542 221 564 commenita-

39 571 104 592 tarius
114 570 221 590 huiusmo-

39 598 60 618 di
75 597 187 618 ecclesian.
200 602 221 615 c-

38 623 126 649 rigando
149 628 221 643 motm-

38 650 102 671 sterio
117 650 170 671 uniri
186 656 222 670 as.

39 677 134 698 sentium

238 556 324 583 extra
344 561 455 583 muros
466 549 608 583 ciusdem
632 549 736 589 Urbis,
760 548 888 581 Ordinis
901 548 978 581 Sau-

237 604 278 637 cti
300 603 475 643 Benedicti,
497 603 583 646 quod
609 603 744 635 dilectus
765 601 849 634 titius
869 607 978 633 noster

237 657 435 695 Francis-cus,
465 658 599 689 Sanctae
621 655 736 688 Mariae
761 655 793 687 in
818 654 874 687 Via
894 655 974 695 lata,

238 711 393 744 diaconus
413 709 585 743 cardinalis
605 709 721 742 Ssortia
752 713 974 752 nuncupatus,

237 763 269 796 in
296 763 522 796 commendam
553 763 592 795 ad
620 762 688 795 eius
709 762 804 795 vitam
832 772 869 795 ex
900 772 976 794 con-

237 817 381 851 cessione
399 823 429 850 et
450 817 689 861 dispensatione
711 816 889 860 apostolica
914 816 974 848 ob-

238 871 326 912 tinet,
350 871 533 904 membrum
555 871 669 911 existit,
688 875 718 903 ct
739 882 755 902 a
769 880 833 913 quo
859 870 978 912 depen-

238 925 301 965 det,
316 924 484 958 ecclesiam
503 925 701 968 praedictam
723 934 795 957 cum
817 922 902 955 illius
915 922 978 963 situ

238 978 423 1012 huiusmodi
445 979 483 1011 ab
505 979 618 1012 eodeni
640 978 808 1011 Francisco
823 977 977 1010 cardinali

238 1032 447 1066 obtinendam
469 1037 634 1065 curarunt.
659 1031 717 1070 Qui
743 1031 874 1075 quidem
896 1041 976 1063 con-

238 1085 383 1119 siderans
414 1085 558 1118 divinum
589 1085 710 1118 cultum
737 1085 768 1117 iu
795 1096 832 1117 ea
862 1084 979 1117 iniuria

238 1139 391 1183 temporis
405 1139 611 1172 imminutum
632 1149 711 1177 esse,
729 1138 979 1181 desideransque

238 1192 270 1225 in
288 1198 454 1236 posterum
476 1191 554 1224 inibi
576 1191 682 1224 divina
703 1191 809 1224 officia
829 1201 901 1223 cum
926 1191 980 1223 de-

238 1246 305 1279 bito
326 1246 414 1279 cultu
440 1245 615 1285 celebrari,
640 1250 670 1278 et
691 1245 793 1288 ipsam
811 1244 979 1278 ecclesiam

238 1301 269 1333 in
291 1301 458 1333 decentem
480 1305 597 1332 statum
612 1299 733 1339 reduci,
750 1299 782 1332 in
797 1309 900 1342 eoque
914 1309 982 1332 ma-

238 1354 343 1388 nuteri
358 1353 506 1393 faciendi,
521 1353 608 1386 illam
621 1363 694 1386 curn
711 1352 772 1385 situ
794 1352 981 1386 huiusmodi

240 1409 344 1442 eidem
366 1407 498 1448 domui,
531 1408 590 1440 sub
611 1413 722 1440 nostro
747 1413 778 1440 et
795 1407 885 1441 Sedis
906 1418 983 1451 apo-

239 1463 373 1496 stolicae
390 1461 594 1505 heneplacito
618 1462 706 1504 (cum
728 1461 789 1495 hoc
809 1461 893 1495 inter
913 1472 983 1494 cae-

240 1522 330 1555 tera,
364 1516 453 1559 quod
480 1520 622 1549 rectores
646 1521 677 1548 et
705 1515 984 1549 administratores

241 1570 340 1614 ipsius
360 1570 476 1602 domus
501 1568 635 1610 singulis
655 1568 837 1609 dominicis,
864 1575 895 1602 et
915 1569 984 1602 aliis

241 1625 280 1658 de
308 1628 481 1668 praecepto
509 1622 668 1656 Ecclesiae
699 1622 817 1655 festivis
847 1623 981 1664 diebus,

241 1678 371 1712 missam
393 1677 520 1710 indicta
538 1676 672 1710 ecclesia
687 1677 844 1710 celebrari
865 1678 982 1718 facere,

242 1733 396 1776 illamque
434 1732 465 1764 in
498 1731 623 1765 decenti
654 1738 737 1765 statu
776 1738 986 1766 manutenere

243 1786 415 1829 deberent)
447 1785 478 1818 in
505 1791 696 1829 perpetuum
725 1786 903 1826 concessit,
936 1787 983 1819 ei-

243 1841 381 1884 demque
399 1840 521 1881 domui,
539 1839 655 1873 intuitu
668 1846 698 1872 et
712 1841 987 1883 contemplatione

243 1894 468 1929 celebrationis
482 1894 652 1927 missarum
672 1894 870 1935 huiusmodi,
891 1900 984 1928 octo-

243 1949 347 1983 decim
368 1954 458 1982 scuta
470 1954 629 1989 monetae,
647 1948 687 1981 ad
699 1948 859 1982 rationem
874 1949 984 1982 decem

197 2028 202 2029 ν
243 2001 397 2035 iuliorum
419 2011 478 2044 pro
505 2001 652 2044 quolibet
675 2006 766 2035 scuto
786 2001 984 2043 huiusmodi,

244 2055 378 2098 singulis
398 2055 490 2088 annis
508 2054 538 2087 in
559 2061 752 2099 perpetuum
775 2066 812 2088 ex
832 2055 988 2089 fructibus

244 2109 345 2153 ipsius
365 2108 519 2142 ecclcsiae
552 2109 764 2152 persolvenda
791 2109 984 2151 assignavit,

245 2168 343 2207 prout
362 2162 394 2194 in
411 2161 542 2206 publico
554 2162 692 2205 desuper
705 2162 852 2195 consecto
873 2162 989 2195 instru-

247 2221 356 2250 mento
377 2215 504 2259 plenius
518 2215 637 2248 dicitur
657 2215 827 2249 contineri.

292 2272 308 2312 S
330 2269 360 2302 4.
382 2270 419 2302 Et
442 2269 525 2302 sicut
546 2269 658 2302 eadem
684 2268 838 2312 expositio
856 2269 989 2302 subiun-

248 2324 353 2367 gebat,
377 2323 434 2356 sia
455 2323 539 2356 dicto
562 2322 757 2355 monasterio
775 2322 882 2355 Sancti
903 2323 986 2355 Lau—

248 2377 343 2412 rentii
362 2377 446 2410 dicta
464 2376 617 2416 ecclesia,
642 2387 705 2409 una
725 2386 796 2409 cum
813 2376 926 2408 codem
941 2387 991 2409 re-

249 2431 318 2465 ditu
339 2430 518 2464 octodecim
537 2436 714 2470 scutorum,
740 2429 990 2463 dismcmbrare-

249 2491 300 2519 tur
320 2490 351 2518 et
370 2489 586 2528 separaretur,
608 2495 645 2517 ac
663 2484 694 2516 in
715 2483 777 2517 situ
803 2483 907 2516 dictae
933 2493 988 2516 ee-

249 2538 376 2578 clesiae,
400 2537 598 2580 aedibusque
612 2537 657 2569 illi
669 2536 891 2569 adiacentibus
900 2542 989 2569 etco-

248 2591 456 2625 haerentibus
476 2602 513 2624 cx
532 2596 618 2631 tunc,
635 2596 733 2634 prout
758 2595 931 2634 postquam
949 2590 989 2622 ad

1010 333 1138 367 Ordinis
1155 333 1289 367 Sanctae
1310 333 1430 373 Clarae,
1456 342 1528 365 cum
1555 331 1704 364 clausura
1721 336 1753 364 et

1011 387 1151 420 cratibus
1171 388 1211 420 ad
1247 387 1348 420 instar
1377 385 1650 419 monasteriorum
1684 395 1753 417 mo-

1011 440 1143 473 nialium
1154 440 1405 484 Capuccinarum
1420 444 1678 482 nuncupatarum
1693 448 1752 482 pro

1011 494 1174 537 perpetuis
1198 505 1258 527 usu
1278 499 1309 527 et.
1337 493 1537 526 habitatione
1565 492 1752 525 earumdem

1012 548 1193 591 puellarum
1216 547 1321 581 dictae
1342 548 1457 580 domus
1477 552 1611 586 tantum,
1636 550 1667 579 et
1688 556 1753 578 non

1012 601 1160 641 aliarum,
1185 611 1266 644 quae
1292 600 1458 643 religionis
1476 600 1543 633 zelo
1565 606 1596 632 et
1621 600 1662 633 ob
1688 610 1755 632 mc-

1013 655 1102 687 lioris
1122 654 1204 687 vitae
1225 655 1350 696 frugem
1372 654 1451 686 illud
1473 653 1609 696 ingredi,
1629 659 1660 686 et
1675 652 1753 685 inibi

1012 709 1164 742 Ordinem
1187 709 1292 753 ipsum
1320 710 1455 741 Sanctae
1479 708 1588 742 Clarae
1609 707 1753 751 profiteri

1013 763 1183 803 voluerint,
1208 762 1387 804 erigeretur
1398 768 1428 795 et
1440 762 1670 801 institueretur,
1691 760 1754 793 illi-

1013 827 1074 859 que
1095 816 1141 849 sic
1161 822 1268 849 erecto
1289 820 1320 848 ct
1341 815 1498 855 instituto,
1522 825 1580 858 pro
1602 814 1686 846 illius
1702 825 1753 847 ec-

1013 870 1120 910 clesia,
1145 869 1227 903 dicta
1255 869 1389 903 ecclesia
1420 868 1526 902 Sancti
1556 867 1694 908 Urbani,
1719 878 1755 900 ac

1013 935 1072 968 pro
1094 924 1252 956 dictarum
1274 923 1465 956 monialium
1494 922 1573 954 inibi
1595 933 1654 965 pro
1675 926 1755 954 tem-

1013 988 1091 1022 pore
1106 977 1413 1010 introducendarum
1423 975 1666 1014 sustentatione,
1680 986 1756 1008 one—

1014 1042 1151 1075 rumque
1172 1031 1217 1063 illi
1230 1029 1484 1063 incumbentium
1498 1028 1753 1073 supportatione,

1014 1086 1127 1118 eadem
1148 1084 1328 1118 octodecim
1350 1089 1450 1123 scuta,
1475 1094 1511 1116 ac
1524 1083 1632 1116 onmia
1653 1082 1757 1115 etsin-

1014 1140 1088 1182 gula
1106 1140 1191 1172 hona
1204 1138 1441 1171 haereditatum
1457 1137 1620 1180 quondam
1631 1135 1757 1169 Portiae

1014 1193 1178 1227 Palioniac
1204 1199 1233 1225 et
1256 1191 1422 1225 Ortensiae
1451 1190 1626 1233 Angelinac
1653 1190 1757 1223 cidem

1016 1247 1127 1281 domui
1148 1257 1206 1290 per
1226 1256 1284 1279 nos
1305 1245 1383 1278 alias
1404 1255 1578 1285 concessa,
1619 1255 1759 1288 quorum

1016 1300 1160 1334 redditus
1181 1305 1212 1332 et
1230 1304 1406 1343 proventus
1428 1298 1528 1331 annui
1559 1298 1599 1330 ad
1616 1298 1759 1331 valorem

1018 1359 1235 1388 trecentorum
1267 1358 1434 1389 scutorum
1455 1352 1503 1384 vel
1529 1351 1615 1384 circa
1643 1362 1757 1384 ascen-

1017 1409 1114 1448 duut;
1137 1416 1263 1440 necnon
1284 1405 1338 1439 alii
1360 1405 1506 1438 redditus
1527 1410 1558 1438 et
1584 1409 1761 1448 proventus

1017 1461 1133 1495 valoris
1153 1461 1252 1494 annui
1273 1464 1401 1493 centum
1417 1464 1594 1499 scutorum,
1615 1469 1696 1502 quos
1708 1458 1759 1491 di-

1019 1522 1067 1549 cta
1092 1515 1203 1548 Fulvia
1223 1525 1259 1547 ex
1273 1513 1440 1546 charitatis
1454 1518 1483 1546 et
1502 1512 1681 1546 devotionis
1694 1513 1762 1545 zelo

1019 1569 1078 1613 ipsi
1104 1567 1300 1602 monasterio
1321 1577 1380 1610 pro
1394 1566 1463 1600 eius
1484 1566 1566 1599 dotis
1588 1570 1762 1608 augmento

1020 1623 1183 1665 assignare
1201 1621 1348 1661 intendit,
1366 1620 1462 1653 etiam
1483 1625 1640 1664 perpetuo
1661 1618 1764 1663 appli-

1021 1682 1172 1711 carentur
1191 1681 1222 1709 et
1235 1674 1534 1719 appropriarentur,
1558 1674 1618 1706 hac
1638 1673 1763 1706 ratione

1020 1730 1114 1764 statui
1135 1723 1164 1763 et
1181 1728 1275 1763 saluti
1296 1728 1455 1761 dictarum
1477 1727 1657 1771 puellarum
1683 1726 1761 1760 reli-

1021 1784 1148 1827 gionem
1182 1782 1327 1826 profiteri
1348 1781 1524 1814 volentium
1550 1780 1625 1813 satis
1646 1790 1765 1824 oppor-

1022 1844 1098 1871 tune
1116 1837 1312 1876 consultum,
1335 1846 1371 1868 ae
1391 1835 1488 1867 divini
1510 1834 1615 1867 cultus
1633 1834 1665 1866 in
1680 1834 1765 1866 dicta

1021 1892 1156 1926 ecclesia
1176 1892 1424 1930 incrementum,
1448 1894 1479 1922 et
1497 1887 1654 1932 praedicti
1671 1887 1764 1922 Ordi—

1022 1947 1070 1980 nis
1083 1946 1218 1980 Sanctae
1231 1945 1341 1979 Clarae
1353 1942 1579 1987 propagationi
1599 1941 1764 1986 provisum

1022 2003 1114 2035 foret,

1067 2057 1083 2098 ξ
1105 2054 1134 2087 5.
1152 2054 1256 2093 Quare
1270 2051 1453 2096 praedictus
1466 2052 1580 2085 Caesar
1593 2049 1764 2083 cardinalis

1023 2162 1165 2207 plicavit,
1198 2166 1356 2205 quatenus
1382 2158 1567 2203 praemissis
1592 2166 1761 2197 annuere,

1024 2216 1165 2260 aliasque
1179 2215 1318 2258 desuper
1335 2218 1517 2256 opportune
1538 2210 1710 2255 providere
1728 2210 1766 2243 dc

1025 2269 1222 2311 benignitate
1243 2267 1419 2312 apostolica
1439 2265 1658 2308 dignaremur.

1070 2325 1086 2366 ξ
1107 2322 1137 2359 6,
1162 2322 1224 2355 Nos
1252 2321 1350 2363 igitur
1381 2320 1436 2364 qui
1458 2319 1580 2352 dudum
1602 2318 1686 2351 inter
1705 2318 1767 2350 alia
1814 2324 1917 2353 ,Cloumns
1933 2329 1967 2344 an-

1783 2353 1834 2371 uuit.

1024 2376 1184 2409 voluimus
1209 2375 1296 2418 quod
1316 2379 1461 2418 petentes
1489 2371 1646 2405 beneficia
1667 2372 1767 2404 eccle—

1025 2429 1152 2461 siastica
1173 2428 1243 2461 aliis
1271 2427 1356 2460 uniri
1380 2431 1567 2460 tenerentur
1587 2425 1767 2469 exprimere

1025 2492 1135 2515 verum
1154 2492 1298 2514 aunuum
1315 2481 1456 2513 valorem
1478 2479 1657 2512 secundum
1679 2489 1767 2512 com-

1026 2546 1157 2569 munem
1196 2534 1453 2568 aestimationem
1486 2533 1582 2566 otiam
1619 2532 1767 2565 beneficii

1025 2590 1075 2623 cui
1097 2590 1184 2623 aliud
1205 2589 1289 2622 uniri
1310 2593 1495 2633 peteretur,
1525 2586 1669 2631 alioquin
1691 2587 1768 2620 unio

249 2647 386 2679 sormam
407 2646 576 2680 decentem
597 2643 782 2677 monasterii
808 2648 990 2677 constructa
1026 2654 1091 2677 non
1111 2643 1242 2684 valeret,
1257 2648 1288 2675 et
1308 2652 1436 2686 semper
1449 2641 1481 2673 in
1494 2639 1670 2673 unionibus
1681 2651 1769 2674 com-

250 2699 386 2740 suerint,
410 2708 511 2733 unum
541 2696 773 2732 monasterium
800 2696 990 2730 monialium
1026 2696 1135 2730 missio
1157 2696 1258 2736 tieret,
1286 2695 1406 2729 vocatis
1427 2704 1565 2739 quorum
1587 2693 1765 2733 interesset,

1655 271 1719 305 563
1766 281 1814 308 An.
1831 280 1859 308 c.
1883 281 1949 308 icoo

1807 2056 1904 2076 Pantulei
1917 2061 1965 2081 sup·

1795 2084 1870 2103 heatus
1891 2085 1912 2103 ut
1928 2083 1966 2112 liu·

1023 2109 1145 2143 eisdem
1176 2107 1363 2140 nominibus
1383 2105 1477 2139 nohis
1506 2103 1674 2137 humiliter
1690 2114 1765 2147 sup·
1780 2109 1869 2130 msmodi
1913 2115 1922 2127 v

1781 2139 1868 2157 :tttutlalr
