2253 3195
245 154 292 182 An.
311 157 339 181 C.
360 156 428 182 1593

270 226 428 255 Clementissu-

243 259 281 278 per
313 259 428 282 praemnsa

243 282 358 301 seu'entia.

473 147 515 181 92

443 229 503 252 nus
516 218 698 263 episcopale
712 220 904 263 pertineant.
926 219 988 252 Nos
1002 219 1188 252 huiusmodi

443 278 638 306 assertorum
653 272 907 316 privilegiorum,
918 278 949 305 et
959 282 1189 315 quarumcum-

444 336 506 369 que
536 325 715 358 litterarum
745 330 809 357 tam
839 335 856 357 a
885 324 1188 368 praedecessoribus

443 377 560 412 nostris
580 388 675 422 quam
697 388 715 410 a
732 388 790 421 pro
805 383 950 421 tempore
969 377 1112 411 existenti
1130 389 1188 422 pa—

443 431 583 465 triarcha
603 430 816 475 Aquileiensi,
838 436 871 463 ut
895 430 1059 471 asseritur,
1086 431 1187 465 edita-

443 495 515 517 rum
539 490 675 523 tenores,
690 494 726 516 ac
747 483 772 517 si
793 484 834 517 ad
853 484 986 517 verbum
1007 484 1118 518 inserti
1139 485 1187 518 fo-

441 543 524 578 rent,
548 537 672 571 etiamsi
693 537 872 580 longissimi
895 535 1057 582 temporis*
1069 550 1129 572 usu
1158 545 1187 572 et

442 591 532 634 quasi
561 590 714 634 pacificae
744 591 954 635 possessionis
985 592 1187 626 observantia

443 643 593 676 roborata
615 643 774 685 dicantur,
798 645 1022 688 praesentibus
1041 656 1101 689 pro
1129 656 1184 678 ex-

441 696 559 740 pressis
579 703 611 730 et
635 697 675 730 de
702 698 799 731 verbo
829 698 870 731 ad
898 698 1031 731 verbum
1063 698 1189 732 insertis

441 747 607 790 hahentes,
631 761 689 784 nec
722 762 785 784 uon
818 751 888 784 lites
909 762 1129 796 quascumque
1158 758 1187 786 et

442 805 686 842 controversias,
711 805 736 838 si
763 816 845 850 quae
878 817 975 850 super
1004 807 1189 850 praemissis

442 858 490 891 vel
508 858 639 891 illorum
660 859 829 892 occasione
851 870 960 892 coram
981 859 1190 903 quibuscum-

443 922 505 956 que
525 912 686 946 iudicibus
706 913 880 946 ordinariis
908 914 955 946 vel
982 914 1136 956 delegatis
1156 915 1188 948 in

441 965 587 999 Romana
614 965 709 1000 Curia
735 966 783 999 vel
804 972 892 1000 extra
913 977 1000 1007 eam,
1025 973 1055 1000 et
1082 968 1188 1001 forsan

443 1019 482 1052 de
503 1019 655 1052 mandato
673 1025 783 1053 nostro
797 1020 828 1053 iu
843 1030 1048 1065 quacumque
1068 1021 1189 1055 instan-

443 1071 486 1106 tia
503 1072 707 1107 introductae
720 1079 805 1113 sunt,
821 1074 868 1106 vel
882 1074 1015 1117 posthae
1029 1073 1189 1108 introduci

444 1125 626 1168 contigerit,
650 1136 788 1170 quarum
809 1131 908 1160 status
932 1132 961 1160 et
983 1127 1108 1169 merita,
1132 1138 1189 1161 no-

445 1179 596 1223 minaque
617 1184 646 1212 ct
667 1179 862 1221 cognomina
882 1179 1024 1213 iudicum
1044 1180 1188 1225 ipsorum

444 1233 565 1276 pariter
584 1243 643 1277 pro
664 1233 821 1277 expressis
842 1234 953 1267 haberi
974 1235 1132 1276 volumus,
1157 1236 1188 1269 in

445 1286 703 1330 quibuscumque
724 1293 807 1320 statu
823 1293 851 1321 et
867 1288 1012 1321 terminis
1026 1289 1189 1333 reperian-

446 1347 508 1381 tur,
532 1341 572 1374 ad
592 1351 650 1374 nos
667 1347 847 1382 avocantes,
861 1342 930 1375 illas
951 1353 1008 1376 nee
1030 1354 1094 1376 nou
1115 1355 1190 1377 cau-

445 1404 511 1428 sam
534 1400 564 1428 ct
582 1405 693 1428 causas
714 1395 879 1435 minuatis,
901 1395 1116 1434 invaliditatis,
1141 1409 1190 1431 re—

445 1447 633 1487 vocationis,
667 1449 897 1482 moderationis
931 1455 958 1482 et
993 1451 1190 1485 reductionis

446 1500 629 1534 huiusmodi
645 1507 841 1534 assertorum
857 1502 1111 1546 privilegioi'mu,
1130 1504 1188 1537 im-

446 1554 612 1587 munitatis
629 1561 659 1588 et
672 1555 925 1599 exemptionum,
943 1567 1077 1590 necnon
1092 1569 1188 1601 quam

446 1613 476 1641 et
496 1618 576 1652 quas
596 1608 680 1641 idem
714 1609 909 1651 Augustinus
939 1610 1110 1643 cardinalis
1134 1622 1188 1645 seu

446 1660 520 1694 dicti
543 1661 687 1695 canonici
720 1667 750 1694 et
769 1662 949 1706 Capitulum
971 1663 1106 1697 invicem
1128 1665 1186 1697 lia-

445 1713 521 1746 bent
539 1719 567 1746 et
590 1720 714 1747 movent
739 1714 923 1758 turbet-eque
937 1721 964 1748 et
989 1727 1116 1750 movere
1137 1729 1190 1750 vo-

446 1767 515 1800 lunt
535 1773 565 1800 ct
586 1767 767 1807 intendunt,
791 1780 863 1801 rum
895 1769 1045 1802 omnibus
1066 1777 1095 1803 et
1119 1771 1186 1804 sin-

446 1820 528 1863 gulis
549 1831 660 1854 eorum
676 1821 901 1859 inridentibus,
919 1823 1186 1866 dependentibus,

446 1874 696 1915 emergentibus,
717 1875 848 1908 :innexis
868 1882 896 1908 et
919 1877 1080 1916 connexis,
1104 1889 1191 1911 sum-

447 1926 558 1966 marie,
582 1927 772 1971 simpliciter
792 1934 820 1960 et
843 1929 882 1960 de
904 1929 1010 1972 plano,
1028 1929 1095 1963 siue
1113 1936 1190 1964 stre-

446 1980 514 2024 pitu
543 1986 575 2014 et
594 1980 696 2020 timu-a
718 1980 840 2019 iudicii,
863 1983 929 2015 sola
958 1983 1028 2015 t‘arti
1061 1983 1190 2017 veritate.

447 2034 599 2077 inspecta,
622 2040 714 2077 prout
737 2034 934 2075 iurist'uerit,
951 2036 1114 2073 audiendi,
1139 2048 1191 2069 co-

446 2087 621 2129 gnoscendi
641 2094 669 2120 et
690 2088 754 2120 tine
775 2087 884 2120 debito
899 2089 1091 2122 terminandi
1113 2090 1191 2123 dilc-

447 2141 504 2174 etis
526 2141 598 2173 tiliis
616 2153 784 2174 catisurum
808 2141 912 2185 palatii
941 2143 1106 2187 apostolici
1136 2156 1191 2177 :ui-

447 2195 615 2231 nitoribus.
641 2201 750 2228 tar-nora·
772 2196 998 2238 praesentium,
1020 2198 1191 2230 vomuntu-

448 2259 517 2281 mus
538 2255 567 2281 et
586 2249 787 2288 n'iaudauuis,
803 2249 912 2282 dautes
934 2255 961 2282 et
979 2251 1191 2284 emis-edentes

447 2302 567 2334 eisdem
603 2302 728 2345 plenam
769 2308 796 2335 et
832 2303 964 2336 liberam
1009 2304 1189 2337 tin-uitatem

449 2355 628 2399 praedictos
649 2362 676 2387 et
700 2355 778 2388 alios
793 2367 1026 2400 qunsvuuupie,
1043 2358 1094 2390 ubi
1110 2370 1190 2402 opus

448 2409 553 2450 sus-rit,
575 2409 668 2441 utiam
689 2409 897 2452 p··=·‹·‹ti‹·mm
918 2410 1093 2454 publicum,
1108 2422 1187 2444 ron-

448 2461 521 2495 ¹stilo
539 2463 711 2495 sunnnnric-
727 2469 754 2495 ··t
770 2464 1052 2497 extraitulicialiter
1070 2466 1107 2497 tli·
1127 2476 1190 2498 non

450 2521 516 2547 tuto
537 2526 676 2551 necessu,
692 2516 784 2548 etiam
804 2517 946 2550 censuris
960 2523 986 2550 ct
1011 2517 1121 2561 poeuis
1139 2530 1187 2549 m·-

1028 159 1211 182 BULLAMUM
1231 159 1385 182 ROMANUM

1222 218 1428 252 moderandis
1440 224 1469 251 et
1488 218 1698 262 applicandis,
1713 219 1832 253 citandi
1848 225 1880 253 et
1896 230 1967 253 mo-

1222 271 1336 312 nendi·,
1360 271 1471 316 eisque
1501 283 1537 305 ao
1566 271 1732 316 quibusvis
1759 272 1919 307 iudicibus
1939 279 1969 307 et

1222 325 1380 370 personis,
1413 325 1525 370 quavis
1543 325 1733 359 auctoritate
1764 331 1794 359 et
1814 326 1968 369 dignitate

1223 379 1440 421 fungentibus,
1461 378 1633 421 etiamsub
1649 379 1793 412 censuris
1806 384 1837 412 et
1855 379 1968 423 poenis

1221 432 1380 466 similibus
1401 432 1580 472 inhibendi,
1598 432 1733 476 illasque
1753 432 1850 465 etiarn
1870 431 1966 466 itera-

1223 486 1260 519 tis
1282 485 1402 519 vicibus
1427 485 1636 528 aggravandi,
1661 485 1788 529 aliaque
1808 485 1917 519 omnia
1937 491 1966 519 et

1222 539 1348 581 singula
1368 538 1398 571 in
1421 538 1605 582 praemissis
1635 538 1815 572 necessaria
1835 543 1864 571 et
1885 549 1966 582 quo-

1222 592 1398 626 modolibet
1420 597 1614 636 opportuna,
1639 598 1734 636 prout
1757 591 1833 625 iuris
1857 592 1964 633 fuerit,

1222 645 1430 686 decernendi,
1456 645 1632 678 mandandi
1653 651 1683 678 et
1704 645 1899 689 exequendi,
1920 645 1968 679 in-

1221 705 1333 732 vocato
1351 699 1447 732 etiam
1462 699 1502 732 ad
1522 699 1595 739 hoc,
1612 699 1637 732 si
1655 709 1736 743 opus
1758 698 1862 740 fuerit,
1879 699 1968 732 auxi-

1221 752 1264 786 lio
1284 752 1409 786 brachii
1429 752 1612 786 saecularis.

1267 808 1283 848 ξ
1305 806 1334 839 7.
1370 806 1439 839 Non
1468 806 1671 840 obstantibus
1702 806 1897 850 praemissis,
1932 818 1969 840 ac

1223 859 1386 903 quibusvis
1405 859 1686 894 constitutionibus
1706 866 1737 894 et
1756 860 1969 894 ordinationi-

1222 913 1282 946 bus
1299 912 1501 957 apostolieis;
1517 913 1685 958 dictaeque
1704 913 1868 954 ecclesiae,
1884 913 1970 947 iura-

1222 972 1344 1008 mento,
1369 966 1617 1000 confirmatione
1635 967 1812 1011 apostolica
1830 967 1880 1000 vel
1892 978 1970 1012 qua-

1223 1020 1268 1053 vis
1296 1019 1448 1053 firmitate
1477 1020 1538 1053 alia
1571 1020 1743 1061 roboratis,
1777 1020 1906 1054 statutis
1936 1023 1967 1054 et

1224 1073 1529 1107 consuetudinibus:
1564 1073 1762 1113 concordiis,
1795 1073 1970 1117 privilegiis

1223 1137 1364 1171 quoque,
1382 1126 1513 1160 indultis
1531 1132 1558 1159 et
1583 1126 1694 1160 litteris
1712 1126 1907 1171 apostolicis,
1923 1127 1970 1160 ei-

1223 1181 1295 1213 dem
1317 1179 1461 1224 Capitulo
1482 1186 1510 1213 et
1533 1180 1697 1213 canonicis
1724 1180 1970 1224 quomodolibet

1223 1233 1393 1272 concessis,
1409 1233 1595 1277 approbatis
1613 1239 1638 1267 et
1662 1233 1831 1267 innovatis.
1848 1234 1970 1273 Quibus

1223 1288 1385 1328 omnibus,
1408 1288 1538 1321 illorum
1568 1294 1695 1322 tenores
1726 1299 1784 1332 pro
1815 1288 1970 1332 expressis

1224 1341 1389 1381 babentes,
1413 1342 1454 1375 ad
1474 1341 1621 1374 effectum
1643 1341 1862 1386 praesentium
1877 1342 1970 1376 dum-

1224 1400 1305 1428 taxat
1339 1395 1550 1437 derogamus,
1574 1394 1772 1439 caeterisque
1801 1394 1970 1429 contrariis

1223 1448 1492 1492 quiluiscuuique.
1519 1448 1671 1482 Volumus
1693 1454 1800 1481 autem
1818 1459 1970 1492 praesen-

1225 1508 1269 1536 tes
1291 1508 1416 1535 nostras
1433 1502 1554 1536 litteras
1575 1513 1638 1536 non
1660 1503 1750 1547 prius
1763 1503 1969 1547 exequutioni

1224 1556 1425 1595 demandari,
1459 1567 1555 1600 quam
1589 1562 1771 1600 acceptatac
1805 1556 1919 1590 suerint
1952 1568 1969 1590 a

1224 1609 1358 1642 ‹·0nsi1io
1379 1608 1522 1642 eiusdem
1545 1609 1681 1642 civitatis
1700 1609 1903 1643 Veronensis.

1267 1664 1381 1697 Datum
1396 1663 1516 1697 Romae
1535 1663 1619 1707 apud
1633 1663 1663 1696 S.
1683 1664 1825 1703 Petrum,
1841 1663 1900 1697 sub
1914 1674 1970 1697 an-

1225 1717 1300 1751 nulo
1320 1717 1502 1755 Piscatoris,
1519 1717 1569 1750 die
1584 1728 1621 1751 xv
1636 1717 1817 1750 decembris
1830 1727 1965 1758 unirent,

1225 1770 1430 1815 pontificatus
1449 1770 1548 1804 nostri
1570 1781 1655 1803 auno
1677 1781 1710 1804 u.

1260 1833 1316 1859 Dat.
1338 1832 1381 1860 die
1401 1833 1430 1859 ¹5
1446 1832 1583 1859 decembr.
1608 1833 1682 1865 1593,
1705 1832 1799 1868 pontif.
1818 1841 1861 1860 au.
1879 1839 1906 1860 u.

1246 1981 1264 1995 ⁴
1536 1994 1650 2027 cxxx.

1225 2083 1394 2126 Separatio
1407 2083 1672 2125 Canai-equilioni's
1686 2083 1830 2126 fratrum
1843 2083 1969 2116 Di'sccel-

1269 2131 1429 2159 emtarum
1455 2127 1590 2161 Ordinis
1610 2127 1646 2160 13.
1670 2127 1796 2159 Mariae.
1813 2126 1850 2159 de
1864 2127 1970 2160 Monte

1271 2172 1428 2207 Curmelo.
1463 2183 1481 2203 a
1513 2171 1672 2214 fratribus
1701 2171 1863 2213 ‚llr'tiqatis
1889 2170 1970 2204 dicta·

1250 2215 1425 2259 ſslrdim's,
1449 2221 1477 2248 el
1498 2216 1675 2248 declaratio
1709 2215 1853 2248 muneris
1876 2225 1969 2258 prae-

1271 2261 1410 2293 latorum
1444 2260 1548 2292 dictae
1580 2259 1863 2302 Corqu-eynhom's.
1896 2270 1969 2293 rum

1270 2304 1455 2346 qralinrum
1478 2304 1781 2337 connunnicatt'one.

1447 2394 1580 2421 Clemens
1593 2393 1671 2427 Papa
1683 2393 1762 2422 vm,

1367 2448 1400 2474 ad
1421 2447 1553 2474 futuram
1570 2446 1612 2474 roi
1633 2446 1813 2474 memoriam.

1267 2518 1438 2552 Pastor-‘ilis
1460 2517 1556 2552 oflicii
1577 2517 1670 2551 nobis
1691 2517 1842 2552 divinitus
1863 2517 1968 2551 iniun-

449 2568 634 2601 ‹lusiastiris
651 2569 783 2613 aliisque·
806 2570 998 2614 pecuniariis
1012 2578 1038 2605 et
1059 2567 1263 2613 arbitrioicti
1296 2571 1422 2605 assidua
1451 2571 1635 2605 sollicitudo
1667 2582 1724 2605 nos
1757 2572 1909 2606 admonet
1934 2577 1968 2605 ut

1983 158 2034 184 An.
2052 158 2081 185 c.
2098 159 2185 200 15931
2230 134 2233 162 ³
2251 132 2252 139 ἵ

2025 818 2119 849 ὓρτοςαι
2131 818 2168 843 οι»

1984 847 2096 867 stantibus.
2171 847 2183 864 v·

2020 2519 2139 2542 Enni-dmm.
