2253 3195
460 252 524 286 926
796 259 799 260 ’
1012 261 1190 286 munuum
1215 261 1365 286 nomam

418 322 553 367 Spinola
576 321 737 363 Horatius,
761 321 999 356 referendarius
1018 322 1187 367 utriusque
1209 322 1405 365 signatume,
1432 323 1626 366 vicelegatus
1645 324 1866 366 Bononiensis,
1885 324 1989 360 3805

416 376 523 420 Spolia
543 375 771 420 episcoporum
802 375 835 408 in
866 385 967 418 regno
996 375 1186 417 Sardiniae,
1210 375 1274 409 120
1293 387 1324 410 a.
1347 376 1422 410 Pius
1441 377 1465 409 V
1486 377 1590 421 spolia
1609 382 1640 411 et
1659 377 1782 411 fructus
1808 375 1961 413 ecelesia·

503 439 575 462 rum
596 428 629 461 in
647 428 733 462 dicto
754 438 856 471 regno
875 428 1058 462 vacantium
1077 429 1295 473 applicaverat
1315 429 1512 474 reparationi
1532 430 1720 466 earumdem
1741 426 1962 473 ecelesiarum,

502 488 533 516 et
550 481 707 526 emptioni
727 492 892 515 sacrarum
913 483 1197 527 suppellectilium,
1225 483 1306 516 ibid.
1326 495 1339 524 ,·
1367 494 1479 529 quum,
1503 484 1730 528 episcoporum
1754 485 1962 528 negligentia,

504 535 659 570 ecclesiae
679 535 711 568 in
732 546 771 569 eo
796 546 896 577 regno
918 536 1058 578 fabricis,
1080 537 1291 581 paramentis,
1308 537 1397 571 omni
1411 537 1551 582 denique
1572 538 1689 571 decore
1709 537 1899 572 imminutae
1912 550 1965 572 re·
1985 542 1989 545 “

503 588 709 633 perirentur‚
734 588 793 621 121
818 599 848 622 α.
877 589 940 623 Sed
964 600 1038 623 cum
1063 590 1274 624 ecclesiarum
1304 590 1475 624 oeconomi
1507 601 1545 624 ea
1564 590 1624 624 sibi
1649 590 1782 635 propria
1811 591 1962 633 facerent,

503 642 583 676 ibid.
619 642 655 683 b,·
692 642 838 676 Clemens
871 643 935 676 t'tll
965 642 1083 676 vicario
1121 643 1358 677 Turritanensis
1386 643 1623 688 archiepiscopi
1654 644 1828 677 committit
1851 650 1886 678 ut
1910 655 1966 679 eos

503 702 597 739 cogat
616 697 656 730 ad
681 695 841 729 rationem
868 702 1099 741 perceptorum
1127 697 1348 738 reddendam,
1382 697 1496 741 poenis
1525 697 1788 731 inobedientibus
1819 697 1961 739 inflictis,

503 749 568 782 1:29.
588 760 628 791 a,·
650 749 753 793 iisque
771 755 802 782 et
821 760 935 783 eorum
956 749 1152 784 haeredibus
1171 751 1212 784 ad
1231 750 1390 794 integram
1404 751 1488 784 male
1502 761 1716 795 expensorum
1730 750 1964 785 restitutionem

501 803 690 847 compulsis,
714 802 793 836 ibid.
816 803 843 836 b.

411 856 558 890 Stanislai
580 856 642 899 (S.)
663 856 805 901 episcopi
836 862 867 890 et
889 857 1037 902 martyris
1066 857 1221 892 festivitas
1247 857 1394 892 instituta
1421 868 1480 902 pro
1501 857 1552 892 die
1578 857 1715 902 septima
1735 858 1854 893 mensis
1875 858 1962 900 maii,

503 908 568 943 ⁶200
589 910 617 943 b.

413 962 565 1007 Stephani
583 963 646 1006 (S.)
667 963 787 997 Militia.
814 963 910 997 vidae
930 964 1071 998 Thomae
1089 964 1151 1008 (S.)

414 1017 599 1051 Subsidium
621 1022 786 1050 scutorum
809 1017 1045 1061 quinquaginta
1065 1017 1203 1051 millium
1230 1018 1262 1051 in
1284 1018 1429 1052 dominio
1452 1018 1651 1062 reipublicae
1673 1018 1880 1059 Venetorum,
1903 1027 1964 1062 pro

503 1070 710 1104 sublevandis
729 1070 760 1104 C.
784 1071 820 1104 A.
845 1071 1012 1114 angustiis,
1036 1071 1215 1116 imponitur
1234 1082 1331 1116 super
1351 1072 1509 1106 fructibus
1536 1071 1784 1112 beneficiorum,
1811 1071 1877 1106 193
1895 1083 1917 1105 a
1935 1077 1978 1106 et-

503 1134 568 1168 seq.
592 1123 716 1157 Nuncio
737 1124 924 1168 Apostolico
945 1125 1158 1159 committitur
1181 1125 1368 1159 huiusmodi
1389 1125 1525 1159 subsidii
1549 1125 1683 1166 exactio,
1717 1125 1795 1159 ibid.
1820 1125 1850 1160 b.
1880 1125 1966 1165 Quae

503 1177 775 1220 Congu-egationes
798 1178 838 1211 ab
856 1178 1042 1212 huiusmodi
1064 1189 1162 1213 onere
1189 1179 1381 1219 eximantur,
1409 1178 1470 1213 194
1486 1190 1517 1212 α.
1540 1179 1798 1213 Subcollectores
1818 1178 1966 1222 deputari

505 1230 664 1275 pluraque
684 1231 724 1264 ad
745 1242 812 1265 rem
831 1238 1016 1276 opportuna
1034 1238 1199 1276 praestare
1225 1232 1329 1266 dictus
1346 1232 1484 1266 nuncius
1507 1232 1606 1277 queit,
1632 1232 1696 1266 194
1713 1231 1740 1266 b.
1765 1231 1966 1266 Pensionarii

505 1294 635 1328 quoque
664 1284 695 1317 in
725 1285 870 1319 subsidio
895 1287 1088 1330 praestando
1117 1286 1450 1331 comprehenduntur,
1475 1285 1539 1320 195
1559 1297 1589 1320 a.
1620 1286 1724 1331 Super
1753 1285 1839 1320 idem
1871 1291 1986 1329 argu-¹

505 1343 664 1380 mentum,
681 1337 745 1372 708
764 1349 786 1371 α
810 1350 911 1384 usque
932 1340 973 1373 ad
995 1338 1058 1373 709
1078 1339 1105 1373 b.

1186 1492 1210 1525 T

416 1608 562 1642 Taberna
587 1608 819 1650 Ferdinandus‚
841 1609 871 1642 in
901 1614 1038 1653 utraque
1058 1609 1222 1653 signatura
1247 1608 1497 1649 referendarius,
1521 1608 1675 1642 collector
1701 1606 1860 1650 generalis
1891 1617 1967 1652 spo-

505 1662 622 1695 liorum
649 1662 679 1696 C.
709 1663 743 1695 Α.
774 1662 805 1695 in
826 1663 1043 1705 Portugalliae
1068 1669 1099 1696 et
1123 1662 1350 1705 Algarbiorum
1373 1661 1490 1704 regnis,
1507 1660 1572 1695 348
1593 1662 1610 1695 b
1631 1667 1661 1695 et
1680 1671 1745 1705 seq.

416 1715 646 1749 Thesaurarius
666 1715 825 1757 generalis
847 1716 1096 1750 transactionem
1115 1715 1185 1749 iniit
1206 1727 1279 1750 cum
1302 1715 1563 1749 universitatibus
1583 1716 1605 1749 1³
1608 1714 1657 1748 ori
1674 1714 1840 1756 Saraceni,
1862 1714 1968 1749 Theo·

506 1769 632 1810 dorani,
655 1770 864 1810 Casemattae‚
885 1773 956 1811 cle„
972 1780 1070 1814 super
1087 1769 1346 1814 exemptionibus
1367 1780 1384 1802 a
1404 1769 1566 1803 solutione
1585 1779 1721 1802 onerum
1743 1768 1969 1810 Cameralium,

506 1822 571 1856 446
592 1824 620 1856 b.
643 1824 666 1857 T
669 1833 750 1857 enor
770 1823 1006 1865 transactionis,
1027 1823 1107 1857 ibid.
1132 1823 1158 1857 b.
1182 1824 1287 1868 Papae
1311 1822 1577 1867 chirographum,
1602 1822 1682 1856 ibid.
1709 1821 1971 1856 'l'ransactionem

508 1876 680 1910 confirmat
704 1877 863 1918 Pontifex,
887 1876 951 1911 448
972 1877 999 1911 b.

417 1931 635 1965 Tholosanum
656 1930 878 1964 seminarium.
895 1930 1072 1965 Cardinalis
1090 1930 1129 1964 de
1142 1931 1271 1965 Gioiosa
1291 1930 1500 1964 seminarium
1515 1929 1732 1963 Tholosanum
1747 1928 1852 1972 erigit,
1865 1928 1931 1963 494
1943 1927 1972 1967 Ι),-

508 1984 602 2029 eique
622 1984 706 2018 uniri
728 1985 807 2029 petit
836 1985 1015 2029 prioratum
1048 1990 1080 2018 et
1108 1985 1327 2029 parochialem
1349 1983 1516 2018 ecclesiam
1547 1983 1585 2016 de
1615 1983 1814 2024 Fervet-illel,
1845 1981 1974 2017 Ordinis

508 2038 538 2072 S.
555 2038 730 2079 Benedicti,
747 2038 1009 2072 Carcassonensis
1021 2044 1049 2072 et
1065 2038 1312 2072 Tholosanensis
1326 2038 1523 2078 dioecesum,
1537 2036 1601 2070 493
1614 2047 1643 2070 a.
1661 2037 1747 2081 Papa
1760 2035 1841 2076 unit,
1853 2035 1972 2071 ibim».-

509 2092 653 2136 duasque
674 2091 808 2126 vicarias
829 2091 923 2133 erigit
944 2103 1004 2136 pro
1025 2091 1152 2125 duobus
1170 2091 1364 2136 preshyteris
1387 2090 1619 2128 saecularibus
1648 2094 1719 2130 etc„
1736 2089 1800 2123 496
1819 2090 1846 2122 b.

420 2146 561 2179 'rhomae
582 2146 644 2188 (S.)
663 2145 814 2180 Senensis
837 2145 1061 2190 praepositura
1081 2144 1305 2189 supprimitur,
1329 2144 1342 2176 ’1
1373 2155 1393 2176 a
1413 2149 1444 2177 et
1463 2154 1544 2188 scq.‚·
1572 2143 1656 2177 illius
1677 2142 1796 2177 erectio
1821 2142 1852 2176 in
1873 2152 1969 2187 prae—

509 2199 698 2244 ceptorium,
722 2199 845 2243 ‹losque
865 2199 894 2232 ei
915 2198 1087 2242 assignata,
1108 2198 1128 2230 Ε).
1149 2198 1176 2231 b.
1202 2197 1348 2241 Gregorii
1370 2197 1434 2231 xtv
1457 2196 1592 2238 litterae,
1625 2196 1771 2241 quamvis
1796 2196 1856 2230 hae
1875 2205 1974 2240 super

510 2265 543 2286 re
565 2253 731 2297 expeditae
763 2263 826 2286 uon
849 2252 978 2292 fuerint,
1003 2252 1196 2290 validantur,
1225 2257 1255 2285 et
1275 2251 1385 2285 omnia
1407 2251 1437 2284 in
1460 2250 1536 2295 ipsis
1563 2250 1712 2285 ordinata
1735 2249 1973 2284 confirmantur

510 2319 526 2339 a
547 2307 721 2346 Clemente,
744 2307 764 2339 :3
783 2317 804 2339 α
824 2312 852 2339 et
876 2307 904 2338 b.

420 2359 579 2393 Tlnmonii
601 2359 632 2393 in
657 2359 789 2404 oppido,
813 2359 855 2392 ob
874 2359 991 2391 multas
1011 2358 1238 2392 conversiones
1259 2357 1426 2391 hominum
1446 2357 1484 2391 ad
1507 2367 1613 2391 veram
1635 2357 1745 2398 fidem,
1767 2356 1832 2390 489
1851 2367 1871 2390 α
1891 2362 1922 2390 et
1942 2356 1971 2398 b,

509 2413 747 2450 universitatem
781 2412 964 2446 studiorum
985 2412 1170 2455 erigendam
1201 2411 1323 2456 optime
1348 2411 1449 2445 visum
1478 2416 1538 2451 est,
1567 2410 1632 2444 490
1651 2421 1681 2444 a.
1712 2409 1768 2444 Cui
1797 2409 1972 2444 nonnullos

508 2467 669 2511 prioratus
690 2466 772 2499 uniri
796 2466 997 2511 propositmn
1020 2465 1088 2505 t'uit,
1113 2465 1190 2498 ibid.
1209 2465 1235 2498 b.
1261 2466 1347 2510 Papa
1367 2464 1607 2498 universitatem
1627 2470 1726 2504 creat,
1748 2462 1974 2508 prioratusque

510 2520 567 2564 ipsi
590 2520 669 2559 unit,
692 2519 750 2552 491
776 2530 797 2552 η
813 2525 843 2553 et
863 2520 899 2555 b.-
920 2525 1112 2563 caeteraque
1133 2523 1274 2563 praestat
1303 2518 1343 2551 ad
1376 2528 1443 2551 rem
1465 2522 1660 2562 opportuna,
1689 2516 1752 2551 499
1772 2527 1792 2550 α
1812 2522 1842 2551 et
1863 2516 1890 2550 b.
1915 2516 1971 2550 Al-

510 2573 754 2613 humanu-ntum
775 2573 968 2617 appellatur,
998 2572 1075 2605 ibid.

417 2626 593 2660 Trasimeni
616 2626 703 2659 lacus
723 2626 941 2659 conductores
963 2631 1025 2659 tres
1053 2636 1089 2659 ex
1122 2630 1262 2670 quatuor
1291 2624 1438 2669 partibus
1463 2635 1499 2658 ex
1525 2630 1684 2670 quatreno
1713 2633 1812 2670 super
1836 2621 1971 2669 piscium

510 2679 694 2713 venditione
715 2679 866 2721 habeant,
895 2690 991 2714 unam
1012 2678 1228 2713 universitatis
1248 2679 1397 2721 lectores,
1419 2677 1461 2713 73
1481 2678 1510 2713 b.
