2253 3195
232 230 282 258 An.
303 231 332 259 c.
350 231 417 260 1597
463 222 528 257 352

260 765 400 785 Prooemium.

259 1241 356 1262 Dei-zius
369 1247 415 1267 pet-

232 1274 330 1288 n-›narnm
344 1268 371 1289 ad
387 1269 416 1289 ot·

233 1295 280 1314 titia
304 1301 366 1320 quam
390 1298 416 1316 sit

232 1323 369 1342 neces—artus.

260 2202 348 2221 liu-rivin

236 2235 277 2245 nvn!
293 2236 304 2247 ll

751 281 848 315 CLIX.

432 370 586 403 Prohibet
616 371 791 414 quominus
815 370 928 413 aliquo
961 371 1056 403 titulo
1090 372 1172 404 insi-

473 433 560 475 qm'ti
575 433 702 476 possint
721 432 801 475 eliyt'
821 433 865 465 ad
888 434 1120 477 moqistratum
1144 439 1173 468 et

473 495 650 538 diynitates
670 495 813 528 civitatis
833 495 1048 529 Bononiensis
1068 498 1088 529 ¹.

650 583 784 610 Clemens
795 584 875 617 Papa
885 584 964 616 VIII,

559 636 596 663 ad
609 640 784 670 perpetuam
798 637 842 665 rei
857 638 1038 665 memoriam.

474 706 609 740 Paterna
622 707 661 740 de
678 707 796 741 nostris
816 714 848 741 et
867 709 897 741 S.
921 709 957 742 R.
981 709 1014 742 E.
1038 709 1173 742 subditis

430 770 506 793 cura
522 766 554 793 et
572 760 755 794 sollicitudo
772 772 790 793 a
810 761 903 795 nobis
924 762 1029 804 exigit,
1046 768 1081 795 ut
1091 774 1173 807 quae

430 813 469 846 ad
490 813 634 857 ipsorum
652 825 764 858 pacem
786 820 817 848 et
832 815 976 858 quietem
996 816 1170 859 pertinent,

429 877 576 910 quaeque
596 867 636 900 ad
656 867 819 901 civitatum
840 869 933 901 nobis
953 874 984 902 et
1000 870 1072 903 Sedi
1090 872 1174 914 Apo-

429 920 563 953 stolicae
575 920 804 961 subiectarum,
815 932 1008 966 prosperum
1030 924 1173 966 regimen

429 975 610 1015 conferunt,
627 985 675 1015 ea,
691 981 817 1008 matura
830 976 1063 1010 consultatione
1083 978 1174 1011 adhi-

430 1028 506 1069 bita,
523 1039 620 1072 quam
641 1028 781 1072 primum
804 1034 991 1070 statuamus,
1008 1035 1039 1063 et
1058 1036 1174 1065 statuta

429 1081 469 1114 ab
488 1081 649 1122 omnibus,
677 1092 815 1126 quorum
835 1082 976 1121 interest,
1004 1083 1174 1125 diligenter

430 1134 595 1168 observari
616 1135 818 1169 mandemus.

475 1189 492 1230 S
510 1188 540 1221 1.
561 1188 639 1221 Cum
664 1188 771 1232 itaque
791 1189 831 1222 ad
853 1190 1034 1222 communis
1054 1190 1175 1224 boniet

431 1241 579 1284 publicae
600 1241 838 1285 tranquillitatis
864 1242 896 1275 10
921 1242 1046 1275 civitate
1066 1249 1174 1276 nostra

432 1294 624 1328 Bononiensi
645 1295 931 1336 conservationem,
948 1306 1030 1340 quae
1050 1307 1175 1340 01111111-

432 1348 520 1381 denti
540 1348 724 1382 officialium
751 1350 888 1386 delectu,
916 1355 1012 1393 atque
1032 1361 1068 1383 ex
1088 1357 1174 1384 recta

432 1407 462 1434 et
492 1402 651 1445 aequabili
688 1402 933 1444 magistratuum
963 1403 1171 1436 administra-

432 1454 517 1487 tione
535 1455 674 1498 pendet,
694 1455 871 1498 plurimum
893 1455 1016 1489 intersit
1036 1462 1069 1489 ut
1092 1456 1174 1489 cives

431 1508 470 1541 ad
491 1508 739 1542 reformatorum
760 1514 860 1542 status
880 1509 1036 1543 libertatis
1049 1516 1077 1543 et
1091 1510 1174 1553 regi-

431 1562 525 1595 minis
539 1562 683 1595 eiusdcm
697 1562 832 1595 civitatis
844 1573 971 1603 munus,
982 1564 1069 1606 quod
1082 1574 1174 1607 prae-

431 1615 561 1659 cipuum
583 1615 698 1655 existit,
719 1616 871 1659 quodque
891 1616 1052 1650 assiduam
1075 1623 1105 1650 et
1125 1618 1173 1651 di-

431 1669 581 1711 ligentem
603 1679 735 1713 operam
755 1669 901 1712 requirit,
918 1679 1044 1703 necnon
1063 1671 1102 1704 ad
1113 1671 1174 1704 alia

431 1722 675 1763 magistratuum
697 1722 800 1755 dictae
818 1722 953 1756 civitatis
967 1723 1116 1767 illiusque
1129 1724 1175 1757 10-

432 1786 543 1808 00111111
564 1786 606 1808 ao
625 1781 786 1808 terrarum
807 1776 910 1809 officia
931 1776 1050 1809 ibidem
1073 1777 1175 1821 impo-

432 1834 552 1861 sterum
566 1829 748 1862 assumendi
762 1840 780 1862 a
793 1830 927 1862 caeteris
936 1831 1097 1871 omnibus,
1111 1837 1173 1864 tam

432 1892 561 1914 suarum
590 1893 685 1926 quam
706 1882 884 1915 alienarum
913 1893 1041 1923 rerum,
1070 1884 1171 1922 curis,

433 1934 550 1978 quibus
574 1928 769 1978 quandoque
791 1935 1019 1979 implicantur,
1044 1947 1176 1980 prorsus

434 1987 524 2020 liberi
545 1987 607 2020 sint
627 1993 721 2031 atque
742 1987 902 2021 immunes
920 1990 1004 2032 (quo
1025 2000 1172 2023 commo-

433 2041 503 2074 dius
524 2047 553 2074 ct
574 2041 752 2084 expeditius
779 2041 809 2073 in
840 2042 1088 2075 commissorum
1115 2043 1173 2075 sibi

434 2104 604 2126 1000011101
627 2093 833 2133 tractatione,
857 2105 984 2127 summa
1005 2106 1078 2127 0010
1101 2095 1172 2127 ani-

434 2158 559 2180 morum
574 2148 746 2181 concordia
763 2149 802 2180 ad
824 2148 985 2191 publicam
1005 2149 1173 2182 utilitatem

352 2203 418 2247 ’,ᾖχχζζ
434 2207 633 2242 versentur);
663 2207 749 2234 motu
768 2201 911 2245 proprio,
934 2212 996 2234 non
1018 2203 1056 2235 ad
1078 2202 1175 2235 aliru-

435 2254 481 2286 ius
495 2254 588 2287 nobis
600 2265 697 2298 501101·
718 2254 778 2286 lior,
799 2254 925 2286 oblatae
948 2255 1109 2298 petitionis
1130 2255 1176 2287 in-

433 2307 601 2346 stantiam,
625 2308 679 2340 scd
701 2318 736 2340 cx
763 2313 849 2340 certa
874 2307 1023 2345 scientia,
1047 2320 1083 2340 ac
1109 2320 1175 2340 ma-

436 2366 504 2392 tura
525 2359 757 2393 deliberatione
779 2365 898 2398 nostra,
923 2361 1027 2403 deque
1047 2367 1176 2404 aposto-

436 2414 512 2446 lis-ae
542 2414 705 2457 potcstatis
730 2413 952 2457 plenitudine,
982 2414 1039 2446 liat:
1069 2420 1177 2447 nostra

436 2473 591 2509 perpetuo
613 2466 747 2499 valitura
764 2466 1008 2506 constitutione,
1025 2473 1178 2500 00100501

437 2519 578 2559 singulos
599 2519 682 2552 rives
699 2520 804 2553 dictae
825 2519 970 2559 civitatis,
996 2526 1058 2552 lam
1079 2520 1176 2560 011111-

437 2573 541 2604 narios
554 2584 649 2616 quam
671 2585 706 2605 cx
728 2573 1014 2616 prixilegioffetiam
1031 2574 1060 2606 in
1076 2575 1177 2607 l'orma

473 2636 482 2661 1
504 2633 539 2660 Ex
563 2635 671 2669 llegcst.
694 2635 719 2661 in
739 2635 839 2662 Secret.
864 2635 998 2663 lli-evium.

1013 234 1196 259 BULLARIUM
1215 234 1369 259 ROMANUM

1206 282 1403 326 amplissima
1412 283 1543 316 obtento
1551 283 1600 316 vel
1607 283 1854 328 obtinendo‚qui
1864 295 1948 317 mar-

1206 334 1386 376 chionatus,
1410 335 1546 368 ducatus
1570 336 1618 368 vel
1639 336 1837 380 principatus
1857 337 1948 370 titulo

1206 394 1237 421 et
1255 389 1387 422 nomine
1407 395 1579 422 censentur
1608 400 1665 423 5011
1692 390 1832 423 decorati
1852 396 1944 427 sunt,

1205 448 1261 475 aut
1279 443 1413 486 posthac
1433 443 1652 476 censebuntur
1671 443 1735 476 sive
1748 444 1949 477 decorabun-

1207 500 1275 535 tur,
1300 495 1424 528 etiamsi
1456 495 1713 535 marchionatus,
1738 496 1872 529 ducatus
1901 497 1949 529 vel

1205 548 1416 593 principatus,
1440 560 1522 593 quos
1542 549 1700 590 obtinent,
1724 559 1781 583 seu
1800 550 1832 582 in
1860 550 1947 583 futu-

1207 612 1279 634 rum
1300 601 1503 643 obtinebunt,
1518 607 1606 635 extra
1627 602 1731 638 dictae
1751 602 1887 636 civitatis
1903 603 1950 635 di-

1206 654 1372 695 strictum,
1395 655 1427 687 in
1448 655 1527 688 locis
1551 655 1645 688 nobis
1665 661 1697 688 et
1723 655 1796 689 Sedi
1816 658 1950 699 Aposto-

1206 707 1287 740 licae
1307 708 1446 741 mediate
1476 719 1533 742 seu
1562 708 1748 742 immediate
1776 708 1946 749 subiectis,

1207 766 1261 793 aut
1286 761 1361 794 alibi
1381 761 1580 805 ubicumque
1600 762 1745 803 existant,
1769 773 1825 796 seu
1845 762 1878 795 in
1897 763 1946 795 fu-

1207 820 1315 848 turum
1336 814 1488 855 existent,
1517 825 1554 847 ac
1590 815 1714 848 etiamsi
1745 815 1950 849 marchiona-

1208 873 1310 907 tuum,
1325 868 1500 900 ducatuum
1515 873 1546 900 et
1558 868 1798 912 principatuum
1818 868 1950 901 nomina

1208 927 1239 954 et
1258 921 1366 955 titulos
1393 932 1411 954 a
1435 922 1587 955 Romanis
1607 921 1828 963 Pontificibus,
1851 933 1948 966 prae-

1208 975 1431 1008 decessoribus
1450 975 1578 1015 nostris‚
1607 986 1663 1009 seu
1689 976 1784 1008 etiam
1806 976 1913 1008 forsan
1933 986 1951 1008 a

1207 1029 1301 1062 nobis
1330 1028 1571 1072 impetraverint
1596 1035 1627 1062 01
1655 1029 1875 1070 obtinuerint,
1898 1035 1953 1062 aut

1208 1082 1359 1126 deinceps
1378 1082 1581 1126 impetraturi
1611 1088 1642 1115 et
1671 1083 1835 1116 obtenturi
1864 1083 1948 1123 sint,
1976 1083 1979 1085 ⁴

1208 1146 1334 1168 necnon
1365 1146 1419 1169 005
1446 1146 1596 1180 quoque,
1621 1136 1675 1179 qui
1703 1136 1872 1170 comitatus
1895 1147 1952 1170 seu

1207 1189 1380 1230 baronias,
1407 1195 1462 1222 aut
1492 1189 1570 1223 alias
1597 1190 1791 1234 temporales
1822 1190 1951 1224 iurisdi-

1209 1243 1330 1276 ctiones
1351 1248 1438 1276 extra
1469 1248 1575 1277 tamen
1595 1244 1625 1276 S.
1655 1244 1689 1276 R.
1713 1244 1746 1276 E.
1763 1244 1869 1277 Status
1893 1254 1952 1277 seu

1209 1296 1339 1329 ditionis
1372 1296 1558 1340 temporalis
1591 1296 1671 1335 fines
1699 1296 1867 1338 obtinent,
1895 1307 1952 1331 seu

1209 1350 1411 1390 obtinebunt,
1435 1356 1489 1383 aut
1508 1350 1767 1394 quibuscumque
1796 1350 1952 1394 principi-

1208 1404 1278 1443 bus,
1303 1403 1398 1436 ctiam
1420 1403 1618 1447 imperatori,
1636 1403 1776 1445 regibus,
1794 1404 1952 1448 1011051111-

1208 1456 1318 1497 blicis,
1343 1456 1479 1489 ducibus
1499 1462 1529 1489 01
1549 1456 1612 1489 alio
1633 1466 1839 1500 quocumque
1861 1457 1952 1490 titulo

1209 1510 1305 1543 etiam
1326 1510 1455 1553 speciali
1477 1515 1553 1543 nota
1567 1510 1664 1553 digno
1677 1510 1834 1553 insignitis
1854 1511 1954 1544 inser-

1209 1563 1307 1603 viunt,
1322 1570 1377 1596 aut
1397 1563 1579 1604 inservient,
1595 1563 1642 1596 vel
1663 1563 1702 1596 ab
1723 1563 1762 1597 iis
1782 1563 1955 1606 dignitates

1209 1617 1385 1658 gradusve,
1418 1622 1473 1650 aut
1500 1627 1624 1651 annuas
1654 1617 1825 1661 pensiones
1855 1627 1954 1661 super

1210 1669 1364 1703 fructibus
1384 1670 1606 1703 ecclesiasticis
1630 1671 1670 1704 ad
1699 1680 1812 1704 eorum
1843 1669 1950 1703 nomi-

1209 1723 1372 1756 nationem
1394 1723 1453 1756 sibi
1475 1724 1650 1767 apostolica
1681 1723 1872 1757 auctoritate
1897 1734 1950 1757 10-

1209 1782 1359 1816 servatas,
1376 1776 1523 1810 obtinent
1541 1787 1597 1810 seu
1618 1776 1820 1817 obtinebunt,
1835 1777 1883 1810 vel
1905 1787 1954 1810 sa-

1211 1830 1289 1862 laria
1302 1836 1332 1862 et
1345 1829 1504 1872 stipendia
1522 1830 1634 1873 quovis
1655 1831 1752 1863 modo
1773 1830 1813 1863 ab
1833 1830 1952 1864 eisdem

1210 1883 1380 1926 recipiunt,
1397 1883 1462 1916 sive
1483 1883 1693 1927 imposterum
1713 1884 1880 1928 recipient,
1901 1890 1955 1917 aut

1211 1936 1240 1969 in
1262 1946 1374 1969 eorum
1403 1936 1519 1977 curiis,
1544 1937 1694 1969 dominiis
1720 1942 1751 1970 01
1779 1937 1955 1971 ditionibus

1209 1989 1324 2027 officia,
1343 2000 1477 2022 munera
1495 1990 1542 2022 vel
1564 1989 1770 2031 magistratus
1789 1995 1950 2031 exercent,

1210 2048 1261 2075 aut
1281 2042 1412 2087 posthac
1434 2043 1640 2082 exercebunt,
1661 2042 1785 2076 etiamsi
1807 2053 1879 2076 01101
1898 2053 1955 2076 00-

1209 2102 1272 2129 stra
1292 2103 1320 2129 et
1341 2096 1431 2129 Sedis
1451 2097 1654 2140 Apostolicae
1671 2097 1811 2137 licentia,
1829 2097 1954 2141 praedi-

1210 2155 1274 2182 ctas
1295 2149 1465 2191 dignitates
1486 2155 1517 2182 01
1538 2150 1666 2191 gradus,
1688 2160 1813 2183 necnon
1828 2150 1955 2194 pensio-

1210 2214 1285 2235 num
1307 2203 1539 2235 reservationes
1559 2204 1598 2236 ab
1619 2204 1732 2237 eadem
1753 2203 1834 2237 Sede
1859 2214 1915 2237 seu
1936 2214 1954 2236 a

1210 2255 1302 2288 nobis
1320 2256 1603 2296 111010111101101101,
1619 2257 1664 2289 101
1680 2256 1831 2300 deinceps
1842 2256 1954 2290 obten-

1211 2309 1271 2341 turi
1293 2309 1352 2342 5101
1367 2336 1374 2349 ,
1397 2320 1434 2341 ac
1458 2309 1582 2342 etiamsi
1612 2309 1673 2342 alia
1700 2309 1862 2353 praedicta
1879 2320 1951 2343 11101

1210 2362 1321 2394 eadem
1344 2362 1471 2395 licentia
1493 2362 1621 2395 l'ecerint
1640 2389 1646 2401 ,
1670 2362 1803 2406 posthac
1835 2363 1874 2395 ad
1904 2372 1952 2396 re-

1212 2416 1421 2448 formatorum
1442 2420 1541 2448 status
1562 2415 1716 2447 libertatis
1741 2421 1768 2448 01
1790 2414 1953 2458 regiminis

1212 2479 1338 2505 munus,
1363 2478 1487 2501 necnon
1508 2468 1547 2500 ad
1576 2467 1822 2506 vexillil'vratus,
1845 2468 1949 2502 antia-

1213 2531 1327 2553 001001
1358 2521 1539 2554 tribunatus
1571 2521 1690 2565 plebis,
1713 2532 1768 2554 seu
1802 2522 1948 2555 confalo-

1213 2573 1352 2606 ncriatus
1382 2574 1509 2618 populi,
1541 2580 1592 2607 aut
1622 2584 1844 2618 quoscumnque
1873 2573 1952 2607 ulios

1212 2626 1355 2660 ciusdem
1376 2627 1510 2661 civitatis
1532 2627 1746 2670 magistratus,
1767 2637 1892 2661 necnon
1911 2627 1951 2661 ad

1962 235 2011 263 An.
2033 235 2061 262 C.
2078 236 2145 266 1597
