2253 3195
40 164 88 191 Λυ.
105 163 135 189 C.
159 161 226 189 1593

68 1233 163 1254 Ecclesia
178 1232 222 1254 Cel-

40 1260 134 1281 sonensis
149 1260 223 1281 suffra-

40 1293 106 1314 ganea
117 1287 223 1314 archiepi-

40 1320 104 1340 scopo
120 1314 223 1335 Tarraco-

40 1344 98 1364 nensi
115 1348 162 1363 cum
177 1343 222 1364 iure

41 1370 159 1393 ordinario.
180 1370 222 1396 pri-

41 1397 222 1423 vilegiis,etc..eri-

41 1424 100 1451 gitur,

61 2305 180 2327 murmano
188 2307 224 2327 Ca-

45 2332 102 2357 pituli
114 2338 159 2354 cum
175 2339 226 2360 qua-

45 2361 91 2379 tuor
119 2359 225 2386 dignitati-

862 158 1009 184 CLEMENS
1028 158 1086 182 vm
1105 158 1154 181 Pr.

238 214 307 242 tura
327 208 570 248 deliberatione,
595 208 633 240 de
655 207 782 240 illorum
805 206 939 239 consilio
953 211 984 240 et

237 273 379 302 assensu,
400 272 437 295 ac
457 262 496 295 de
517 261 712 306 apostolicae
732 261 896 305 potestatis
918 261 983 304 ple-

236 314 392 355 nitudine,
416 315 455 348 ab
485 315 619 349 ecclesia
644 314 820 357 Urgellensi
850 314 982 357 eiusque

237 380 346 403 mensa
367 369 541 414 episcopali
563 369 682 403 dictum
712 368 880 412 oppidum,
909 378 980 399 cum

235 423 300 456 suis
320 422 413 461 villis,
439 422 531 456 terris
552 428 583 455 et
603 421 757 461 terminis,
774 426 904 464 totoque
919 427 981 453 ter-

236 476 369 515 ritorio,
401 486 528 509 necnon
553 474 717 515 eeclesiis,
746 474 978 518 hospitalibus,

237 528 554 563 confraternitatibus
567 534 598 561 et
610 528 670 572 piis
692 527 770 560 locis
784 526 982 570 eaeterisque

237 582 387 617 omnibus
400 581 565 614 beneficiis
576 581 809 617 ecelesiasticis,
820 591 892 613 eum
906 591 983 612 eura

237 643 269 671 et
288 637 356 670 sine
382 646 481 676 cura,
504 635 723 669 saecularibus
744 640 775 667 et
795 633 982 678 quorumvis

237 690 393 725 Ordinum
418 689 642 732 regularibus,
666 699 703 721 ac
723 688 819 722 etiam
841 688 928 722 clero
954 694 984 721 et.

238 744 358 789 populo
371 743 533 783 universo,
553 743 676 776 iuribus
692 753 821 787 quoquc
842 748 869 775 et
885 742 985 776 aetio-

237 797 333 831 nibus
353 797 505 842 episcopo
531 796 727 839 Urgellensis
752 807 811 840 pro
838 802 984 840 tempore

237 851 383 886 existenti
395 850 664 895 competentibus,
681 850 859 894 apostolica
873 855 983 883 aucto-

236 906 341 946 ritate,
367 911 477 938 tenore
494 904 730 948 praesentium,
754 909 910 947 perpetuo
938 903 985 937 di-

237 959 375 993 vidimus
392 964 421 991 et
442 968 640 1002 separamus,
658 968 694 990 ae
715 958 754 990 ab
775 953 863 990 omni
885 957 985 1001 ipsius

237 1013 391 1047 ecclesiae
419 1012 597 1055 Urgellensi
624 1011 867 1052 iurisdictione,
895 1018 985 1056 pote-

237 1072 317 1101 state
338 1072 369 1100 et
387 1066 587 1100 subiectione
617 1065 713 1098 etiam
740 1071 896 1109 perpetuo
921 1066 985 1099 exi-

239 1121 357 1154 mimus
377 1125 408 1154 et
428 1119 614 1153 liberamus.

283 1176 300 1217 g
320 1173 351 1207 3.
366 1174 500 1218 Insuper
520 1173 676 1217 oppidum
694 1173 727 1206 in
743 1173 903 1207 civitatem
917 1174 985 1207 Cel-

238 1238 408 1262 sonensem
440 1228 716 1271 nuncupandum,
747 1233 778 1260 et
815 1227 982 1261 ecclesiam

237 1282 353 1315 Beatae
372 1281 488 1315 Mariae
508 1280 646 1324 Virginis
667 1280 863 1322 huiusmodi,
881 1281 913 1314 in
934 1293 984 1315 ca-

238 1336 417 1370 thedralem
431 1335 600 1369 ecclesiam
612 1335 671 1368 sub
686 1335 888 1369 invocatione
902 1335 985 1368 eius-

238 1391 312 1423 dem
343 1388 599 1423 Gloriosissimae
629 1389 768 1432 Virginis
791 1389 909 1422 Mariae
933 1400 984 1422 ar-

239 1443 435 1488 chiepiscopi
468 1443 718 1476 Tarraconensis
748 1443 983 1485 suffraganeam

239 1497 400 1537 suturam;
423 1507 460 1530 ac
485 1496 517 1529 in
537 1506 574 1529 ea
595 1496 801 1539 dignitatem,
825 1497 934 1530 sedem
956 1503 984 1531 et

239 1561 383 1584 mensam
404 1550 632 1594 episcopalem,
655 1560 729 1583 cum
751 1550 901 1584 omnibus
921 1551 985 1594 pri-

239 1604 372 1648 vilegiis,
396 1604 587 1643 honoribus,
612 1603 735 1637 iuribus
756 1609 787 1637 et
808 1604 986 1647 insignibus

239 1657 354 1692 debitis
381 1663 412 1690 et
443 1657 623 1698 consuetis,
646 1668 707 1701 pro
735 1668 800 1691 uno
832 1657 985 1702 episcopo

238 1711 420 1746 Celsonensi
453 1712 683 1755 nuncupando,
709 1711 764 1756 qui
793 1712 899 1745 eidem
928 1723 982 1745 ec-

238 1766 354 1800 clesiae
386 1765 528 1810 praesit,
561 1765 715 1809 illamque
751 1767 791 1799 ad
831 1766 985 1800 ecclesiae

239 1820 431 1854 cathedralis
468 1820 606 1853 formam
641 1820 783 1863 redigat,
819 1831 855 1854 ac
886 1820 982 1854 iuris-

239 1874 413 1909 dictionem
450 1874 690 1919 episcopalem,
723 1885 850 1908 necnon
886 1886 982 1919 prae-

239 1929 377 1962 fatorum
406 1928 452 1962 sic
483 1927 658 1962 divisorum
688 1928 921 1962 beneficiorum
952 1939 986 1962 o-

240 1982 364 2015 mnium
378 1981 621 2026 dispositionem
634 1981 798 2016 ordinario
813 1982 892 2023 iure,
910 1982 987 2015 alia-

240 2046 302 2081 que
323 2035 444 2076 omnia,
468 2046 552 2079 quae
580 2036 622 2069 ads
651 2046 768 2069 munus
804 2036 987 2080 episcopale

239 2089 417 2134 pertinent,
451 2088 569 2122 habeat
599 2095 630 2122 et
659 2095 825 2129 exerceat,
854 2091 982 2133 praesa-

240 2149 338 2186 toque
368 2141 611 2186 archiepiscopo
646 2142 716 2175 iure
748 2143 986 2187 metropolitico

240 2196 350 2230 subsit.

285 2252 301 2293 ξ
321 2250 352 2283 4.
377 2251 421 2284 Ac
441 2249 474 2283 in
495 2250 608 2283 eaden]
641 2249 775 2283 ecclesia
804 2250 986 2284 Celsonensi

241 2314 342 2338 unum
363 2305 554 2338 decanatum
584 2309 656 2347 post
680 2303 898 2347 pontificalem
921 2315 988 2338 ma-

242 2358 355 2398 iorem,
365 2363 397 2391 et
415 2368 516 2391 unum
533 2357 831 2391 archidiaconatum
846 2363 876 2390 et
889 2368 986 2390 unam

242 2410 418 2444 cantoriam
436 2416 467 2444 et
486 2421 583 2444 unam
596 2410 840 2451 thesaurariam,
858 2410 988 2444 inferio-

244 2476 294 2499 res
314 2465 495 2508 dignitates,
513 2476 639 2499 necnon
660 2465 832 2499 duodecim
854 2465 986 2499 eanoni-

244 2524 332 2553 catus
352 2524 383 2553 et
411 2519 582 2554 duodecim
613 2520 815 2564 praebendas
839 2530 897 2564 pro
922 2530 987 2553 uno

244 2573 378 2615 decano,
398 2583 463 2608 uno
488 2573 717 2608 archidiacono
748 2584 784 2607 ac
817 2583 881 2607 uno
911 2584 987 2607 can-

1018 211 1087 239 tore
1107 212 1138 240 et
1158 216 1222 239 uno
1245 204 1445 239 thesaurario
1467 213 1503 237 ac
1524 202 1696 236 duodecim
1710 211 1761 236 ca-

1018 260 1155 297 nonicis,
1177 260 1233 303 qui
1255 259 1384 292 insimul
1409 258 1589 302 Capitulum
1620 256 1757 296 saciant,

1017 313 1110 346 etiam
1133 324 1204 346 cum
1225 323 1336 346 mensa
1355 311 1535 357 capitulari,
1552 321 1636 349 area,
1657 309 1761 352 sigillo

1017 372 1043 399 et
1077 367 1147 399 aliis
1176 366 1410 410 capitularibus
1441 364 1608 407 insigniis,
1640 363 1760 397 eisdem

1016 420 1204 452 auctoritate
1225 425 1255 452 et
1275 425 1386 453 tenore
1400 446 1407 459 ,
1431 418 1579 452 similiter
1605 422 1761 461 perpetuo

1017 473 1170 515 erigimus
1191 479 1221 506 et
1241 473 1447 506 instituimus.

1062 532 1077 569 ξ
1098 527 1128 560 ἶ).
1154 529 1195 560 Ac
1217 527 1277 571 ipsi
1303 527 1457 561 ecclesiae
1477 527 1522 560 sie
1543 527 1573 559 in
1595 526 1762 559 cathedra-

1017 581 1078 613 lem
1098 586 1224 613 erectae
1245 580 1402 613 civitatem
1428 581 1653 613 Celsonensem
1680 578 1763 611 eius-

1017 644 1078 677 que
1100 634 1221 667 incolas
1241 639 1272 666 et.
1296 633 1494 667 habitatores
1525 643 1583 677 pro
1614 631 1759 671 civitate,

1018 693 1048 721 et
1068 687 1212 726 civibus·‚
1241 698 1365 720 necnon
1392 687 1492 727 villas,
1518 692 1617 719 terras
1646 691 1677 719 et
1701 691 1764 719 ter-

1018 741 1134 782 minos,
1159 747 1327 785 totumque
1350 740 1548 774 territorium
1570 739 1674 783 ipsum
1697 738 1765 772 Cel-

1018 806 1201 836 soncnsem,
1216 806 1252 828 ac
1265 800 1432 839 praeterea
1446 794 1539 838 plura
1556 793 1618 826 alia
1631 792 1761 837 oppida,

1020 855 1130 888 terras,
1147 855 1261 889 eastra,
1276 849 1347 882 loca
1367 854 1398 882 ct
1418 847 1580 881 territoria
1599 847 1638 880 ab
1652 847 1764 880 eadem

1019 903 1197 945 urgellensi
1219 902 1370 943 dioecesi,
1387 907 1418 935 et
1438 901 1593 935 nonnulla
1613 901 1676 934 alia
1695 900 1766 934 loca

1019 968 1036 990 a
1057 957 1194 991 dioecesi
1215 956 1392 997 Vicentina,
1414 955 1472 1000 ipsi
1494 954 1633 988 dioecesi
1658 954 1764 989 Celso-

1019 1012 1109 1045 nensi
1131 1011 1367 1048 commodiora,
1389 1021 1446 1054 per
1466 1008 1705 1042 commissarios
1725 1009 1765 1042 ad

1019 1066 1050 1099 id
1068 1076 1125 1109 per
1146 1076 1204 1098 nos
1227 1065 1430 1109 deputandos
1448 1063 1711 1096 dismembranda
1736 1068 1767 1095 et

1019 1120 1222 1162 assignanda,
1246 1130 1306 1163 pro
1327 1119 1397 1152 eius
1415 1117 1553 1151 dioecesi
1571 1129 1578 1156 ·‚
1607 1127 1643 1150 ac
1669 1116 1765 1150 etiam

1018 1173 1140 1207 clerum
1160 1179 1188 1206 et
1216 1173 1384 1217 populum,
1407 1170 1543 1204 civitatis
1561 1175 1591 1203 et
1612 1169 1766 1204 dioecesis

1018 1226 1219 1261 Celsonensis
1239 1237 1298 1270 pro
1320 1226 1406 1259 clero
1428 1230 1456 1258 et
1478 1225 1610 1268 populo.

1063 1281 1077 1324 ξ
1095 1279 1125 1313 6.
1140 1280 1311 1313 Praeterea
1329 1289 1459 1312 mensae
1477 1277 1652 1322 episcopali
1673 1287 1766 1321 prae-

1020 1336 1101 1368 fatae
1134 1334 1289 1378 palatium
1322 1333 1426 1367 dictae
1458 1332 1635 1371 ecelesiae,
1660 1331 1705 1365 sic
1734 1331 1767 1365 in

1019 1389 1237 1422 cathedralem
1260 1392 1396 1427 erectae,
1421 1386 1610 1429 contiguum
1632 1396 1690 1429 pro
1712 1396 1767 1430 pa-

1021 1442 1096 1475 latio
1110 1441 1283 1486 episcopali
1306 1441 1345 1474 ad
1368 1451 1461 1474 usum
1483 1446 1513 1473 et.
1532 1439 1766 1473 habitationem

1021 1495 1175 1539 episcopi,
1199 1495 1391 1528 auctoritate
1411 1499 1442 1528 et
1463 1500 1574 1527 tenore
1594 1493 1764 1537 praefatis,

1022 1550 1141 1594 pariter
1160 1555 1317 1593 perpetuo
1342 1548 1551 1582 concedimus
1575 1553 1606 1581 et
1626 1547 1768 1590 assigna-

1022 1614 1102 1636 mus.
1127 1603 1262 1647 Insuper
1284 1613 1413 1636 mensae
1441 1601 1616 1646 episcopali
1644 1602 1769 1645 praesa-

1021 1664 1081 1697 tac,
1107 1669 1164 1702 pro
1183 1657 1251 1690 eius
1273 1657 1358 1696 dote,
1375 1656 1538 1690 abbatiam
1557 1655 1702 1689 eiusdem
1718 1666 1769 1689 eo-

1020 1713 1135 1746 etesiae
1156 1713 1195 1746 de
1215 1712 1359 1752 Celsona,
1383 1722 1466 1755 quae
1487 1711 1527 1744 de
1546 1710 1769 1754 iurepatrona-

1022 1772 1070 1800 tus
1103 1766 1202 1811 ipsius
1233 1765 1372 1809 Philippi
1409 1765 1494 1807 regis
1525 1764 1650 1804 existit,
1687 1775 1769 1808 quae

1021 1820 1151 1864 quidem
1182 1819 1319 1853 ecelesia
1349 1829 1452 1863 nuper
1472 1829 1489 1851 a
1510 1824 1593 1852 statu
1626 1818 1767 1861 regulari

1021 1874 1149 1908 Ordinis
1169 1874 1199 1908 S.
1225 1872 1393 1915 Augustini
1415 1872 1645 1906 canonicorum
1672 1882 1768 1915 regu-

1021 1928 1136 1961 larium
1152 1928 1190 1961 ad
1210 1926 1469 1961 saecularitatem
1483 1926 1613 1960 redacta
1627 1925 1697 1965 suit,
1713 1936 1768 1959 cu-

1021 1983 1069 2016 ius
1087 1981 1234 2016 abbatiae
1248 1982 1367 2014 fructus
1388 1981 1428 2014 ad
1449 1985 1609 2014 trecentos
1628 1979 1770 2013 florenos

1022 2037 1052 2069 in
1085 2036 1176 2069 libris
1205 2036 1357 2069 Gamerae
1382 2034 1585 2079 Apostolicae
1605 2033 1701 2067 taxati
1721 2044 1770 2067 re-

1021 2090 1210 2134 periuntur·‚
1235 2100 1271 2122 ae
1289 2088 1468 2132 prioratum
1490 2088 1520 2121 S.
1546 2086 1709 2121 Laurentii
1731 2087 1770 2120 de

1021 2143 1173 2183 Muronis,
1202 2142 1331 2176 Ordinis
1349 2142 1378 2176 S.
1404 2141 1578 2181 Benedicti,
1603 2141 1769 2183 Urgellen-

1021 2197 1062 2230 sis
1084 2196 1250 2233 dioecesis,
1275 2195 1396 2240 oppido
1421 2194 1615 2235 Celsonensi,
1640 2194 1671 2227 in
1693 2194 1770 2227 civi-

1022 2257 1130 2289 tatem,
1155 2256 1186 2283 ut
1210 2251 1401 2294 praefertur,
1427 2254 1547 2289 erecto,
1571 2249 1612 2282 ad
1631 2254 1771 2292 quatuor

1023 2305 1151 2338 circiter
1172 2304 1322 2339 milliaria
1349 2303 1498 2342 vicinum,
1520 2308 1551 2336 et
1572 2313 1589 2335 a
1610 2308 1770 2336 monaste-

1023 2358 1070 2391 rio
1089 2359 1128 2391 ad
1141 2358 1343 2394 'l'avernoles
1355 2357 1451 2390 etiam
1466 2356 1660 2399 Urgellensis
1682 2356 1771 2390 dioe-

1023 2412 1114 2451 cesis,
1130 2412 1217 2455 quod
1232 2412 1270 2445 de
1288 2410 1385 2443 simili
1401 2410 1661 2454 inrepatronatus
1672 2409 1771 2454 ipsius

1023 2465 1161 2508 Philippi
1183 2465 1267 2507 regis
1281 2464 1396 2505 existit,
1414 2464 1663 2508 dependentem,
1680 2463 1771 2496 cuius

1023 2520 1236 2553 ducentorum
1259 2518 1408 2561 triginta,
1439 2523 1469 2552 et
1500 2523 1641 2562 quatuor
1666 2517 1770 2561 digni-

1024 2573 1153 2614 tatibus,
1184 2583 1243 2617 pro
1265 2583 1376 2607 earum
1401 2572 1486 2614 dote,
1511 2571 1673 2606 abbatiam
1693 2572 1771 2606 San-

1688 143 1729 177 69
1777 154 1825 181 An.
1841 152 1870 181 c.
1893 151 1961 181 1593

1805 536 1913 556 [ucecesis
1922 538 1962 555 ter-

1778 563 1827 583 mini
1846 568 1883 588 per
1907 568 1961 582 eom-

1778 589 1886 611 missarios
1914 595 1938 609 en
1956 601 1962 604 -

1778 616 1886 636 stunuudt.

1808 1285 1909 1311 EDlssIOPi
1930 1284 1965 1304 dn-

1783 1318 1827 1333 mus
1843 1314 1862 1332 ct
1879 1317 1958 1332 mensa.
