2253 3195
22 233 69 261 An.
85 231 112 259 C.
136 229 203 258 1600

76 1356 166 1380 Erectio,
179 1357 204 1377 de

26 1388 66 1410 qua
79 1383 99 1404 in
114 1383 206 1404 rubrica.

825 229 971 253 CLEMENS
991 228 1049 253 vnt
1071 230 1121 253 ΡΡ.

216 278 357 311 ecclesiis
388 277 625 322 episcopalibus
652 277 684 310 in
706 277 827 319 irriguo
857 277 975 320 ipsius'

216 331 382 364 militantis
409 332 569 364 Ecclesiae
602 341 679 373 agro
707 331 893 374 plantandis
927 336 957 363 et

216 385 431 425 instituendis,
448 396 534 418 nunc
556 385 587 417 in
609 385 792 418 dioecesum
814 383 958 428 partibus

216 438 405 478 dividendIs,
429 439 599 482 pastoralis
611 438 706 471 officii
721 437 820 470 nostri
836 442 954 480 partes,

217 498 312 535 prout
333 493 476 525 locorum
492 498 522 525 et
537 498 720 535 temporum
742 491 881 523 rationes
895 500 954 533 po-

216 546 335 578 stulant
354 573 360 586 ,
395 546 535 578 libenter
561 545 769 585 conserimus,
790 549 825 577 ut
846 543 959 576 exinde

217 599 341 632 divinus
362 599 466 632 cultus
487 604 517 632 et
538 598 797 631 christifidelium
831 596 958 630 devotio

216 653 414 697 peramplius
427 659 592 695 augeatur,
606 652 854 695 animarumque
875 651 959 684 salus

217 706 449 750 subsequatur,
475 717 511 739 ac
532 706 651 749 oppida
672 705 784 749 populi
808 704 957 737 multitu-

218 759 292 792 dine
321 760 438 792 referta
465 759 654 803 praesertim
684 759 716 791 in
741 759 830 791 Statu
850 763 978 790 nostro=

216 813 438 846 Ecclesiastico
466 813 673 846 consistentia
698 812 900 854 dignioribus
925 811 961 844 ti-

219 866 292 899 tulis
316 872 347 900 et
377 867 570 910 specialibus
602 866 764 899 favoribus
793 866 958 898 illustren-

218 925 280 960 tur,
304 930 482 963 eorumque
503 920 627 953 incolae
645 930 801 952 novarum
822 918 958 958 sedium,

217 979 249 1007 et
269 974 478 1007 ecclesiarum
499 974 685 1007 huiusmodi
706 972 958 1017 propagatione,

218 1038 254 1060 ac
278 1028 486 1071 propriorum
508 1028 693 1071 praesulum
723 1026 901 1060 assistentia
932 1031 963 1058 et

219 1081 376 1124 regimine
407 1081 526 1114 suffulti
559 1080 730 1124 proficiant
767 1090 896 1123 semper
931 1079 961 1111 in

218 1135 376 1175 Domino,
405 1140 435 1168 et
463 1135 550 1178 quod
571 1135 604 1167 in
632 1134 865 1178 temporalibus
890 1138 963 1166 sunt

219 1188 336 1232 adepti,
359 1199 424 1222 non
451 1194 582 1222 careant
601 1187 632 1221 in
660 1187 881 1232 spiritualibus
908 1186 959 1218 in—

220 1248 396 1275 cremento.

265 1296 281 1337 g
302 1295 332 1328 1.
357 1295 439 1328 Hinc
461 1301 518 1335 est,
542 1296 629 1339 quod
651 1306 709 1328 nos
729 1305 765 1328 ex
786 1294 881 1327 certis
906 1304 960 1326 ran

220 1348 395 1382 tionalibus
422 1349 524 1382 causis
555 1349 700 1382 animum
726 1354 872 1381 nostrum
895 1357 964 1380 mo-

221 1402 369 1435 ventibus
391 1429 398 1441 ‚
446 1402 556 1434 habita
588 1402 678 1446 prius
714 1402 852 1444 desuper
890 1411 963 1433 cum

221 1455 458 1488 venerabilibus
498 1455 652 1488 fratribus
683 1454 800 1488 nostris
839 1460 963 1486 matura

221 1507 463 1548 deliberatione,
480 1508 519 1541 de
539 1508 668 1541 illorum
679 1508 813 1541 consilio
838 1513 868 1540 et
888 1517 965 1550 apo-

221 1561 352 1595 stolicae
370 1561 536 1605 potestatis
567 1561 769 1605 plenitudine
790 1562 829 1594 ad
849 1560 961 1594 Omni-

221 1615 360 1659 potentis
379 1615 434 1648 Dei
460 1615 589 1657 laudem
611 1621 642 1648 et
666 1616 802 1657 gloriam
818 1642 825 1655 ,
850 1625 886 1647 ac
907 1625 961 1647 ea-

222 1668 358 1702 tholicae
373 1667 448 1701 fidei
459 1669 684 1702 exaltationem
697 1668 854 1712 oppidum
866 1668 964 1701 Castri

222 1723 339 1763 Plebis,
354 1733 390 1756 ac
410 1728 522 1763 terras,
535 1723 626 1756 villas
638 1728 669 1755 et
682 1728 787 1755 castra
803 1721 965 1763 Plagarssi,

222 1776 389 1816 Panicalis,
412 1776 572 1816 Pacciani,
599 1775 818 1820 Monyconini,
851 1776 966 1808 Taver-

223 1831 394 1871 nellarum‚
417 1830 549 1873 Collegii
570 1830 677 1864 Sancti
700 1829 769 1863 Poli
791 1834 822 1862 et
841 1829 965 1862 Monta-

223 1885 309 1918 lerae
330 1884 362 1917 in
380 1895 458 1927 agro
482 1884 659 1924 Perusino,
688 1894 724 1916 ac
744 1882 883 1923 Lariani,
907 1883 967 1915 Pu-

224 1939 327 1979 steoli,
341 1939 463 1972 Gioelle
476 1944 507 1971 et
519 1938 730 1980 Panigarolae
744 1948 818 1970 cum
833 1936 967 1970 caeteris

224 1992 303 2025 locis
324 1992 356 2024 in
376 1992 525 2025 universo
542 1992 766 2024 marchionatu
787 1990 892 2029 Clusii,
909 2002 968 2023 nec

225 2056 290 2079 non
313 2045 493 2086 Trivinani,
516 2045 630 2078 Montis
661 2045 776 2078 Leonis
797 2050 825 2078 et
857 2044 967 2078 Salieis

226 2099 257 2132 in
278 2099 432 2133 comitatu
449 2104 480 2132 et
496 2099 643 2132 districtu
661 2098 869 2132 Urbevetanis
890 2109 967 2131 con-

226 2152 378 2193 sistentia,
389 2164 425 2185 ae
438 2152 678 2196 Camporsenoli
693 2157 821 2184 nostrae
835 2157 865 2184 et
878 2151 968 2185 Sedis

226 2207 428 2250 Apostolicae
451 2206 622 2250 temporali
644 2205 760 2239 ditioni
783 2205 968 2238 immediate

227 2266 257 2293 et
270 2260 407 2293 mediate
421 2259 597 2303 respective
615 2259 770 2298 subiecta,
787 2263 818 2291 et
834 2258 969 2291 Sanctae

226 2314 338 2347 Florae
351 2313 546 2348 Clusinensis
560 2313 726 2353 dioecesis,
743 2323 816 2345 cum
839 2312 968 2345 illorum

227 2367 408 2406 territoriis,
432 2367 534 2406 Clero,
554 2366 687 2409 populo,
700 2364 847 2409 personis
867 2365 969 2397 eccle-

227 2420 371 2459 siasticis,
396 2419 609 2458 monasteriis,
633 2418 693 2462 piis
714 2418 791 2451 locis
813 2424 843 2451 et
866 2418 967 2451 bene-

228 2473 308 2506 ficiis
328 2472 550 2505 ecclesiasticis
564 2482 637 2505 cum
652 2482 729 2504 cura
749 2477 780 2504 et
793 2471 861 2504 sine
879 2481 967 2510 cura,

228 2526 444 2560 saecularibus
469 2531 499 2558 et
519 2525 705 2569 quorumvis
733 2525 889 2558 Ordinum
915 2535 968 2557 re-

229 2579 406 2622 gularibus,
424 2589 550 2611 necnon
566 2578 825 2621 quibuscumque
847 2576 971 2609 iuribus

231 2637 262 2665 et
282 2632 474 2672 actionibus,
495 2642 577 2676 quae
597 2642 656 2676 pro
671 2637 815 2675 tempore
833 2630 971 2664 existens

269 2694 346 2722 Bull.
366 2695 447 2722 Rom.
469 2694 529 2722 Vol.
550 2694 584 2721 X.
878 2692 913 2721 7ss

1635 212 1694 248 601

991 277 1161 321 episcopus
1174 275 1377 315 Clusinensis,
1401 275 1524 308 ratione
1538 273 1731 307 iurisdictio-

992 330 1039 362 nis
1060 336 1091 363 et
1112 330 1189 373 legis
1210 331 1432 369 dioecesanae,
1458 329 1489 361 in
1511 328 1572 360 illis
1591 327 1732 360 habetet

992 384 1137 427 percipit,
1158 395 1195 417 ac
1214 385 1333 417 habere
1354 389 1384 417 et
1412 382 1579 426 percipere
1599 391 1733 414 consue-

993 437 1045 477 vit,
1069 438 1108 469 ab
1130 438 1265 470 ecelesia
1294 436 1470 471 Clusinensi
1503 436 1543 468 ad
1580 445 1733 478 praesens

992 501 1050 534 per
1085 491 1208 524 obitum
1234 492 1338 523 bonae
1375 489 1551 523 memoriae
1581 487 1733 522 Ludovici

994 543 1135 587 episcopi
1149 544 1353 584 Clusinensis,
1374 549 1461 576 extra
1478 544 1654 576 Romanam
1677 541 1735 575 Cu-

995 597 1074 629 riam
1102 597 1256 638 defuncti,
1277 603 1405 641 pastore
1427 602 1567 635 carente,
1593 607 1628 628 ex
1650 595 1735 628 dicta

995 650 1155 691 dioecesi,
1188 651 1364 695 apostolica
1385 650 1574 683 auctoritate
1589 677 1596 687 ,
1624 656 1735 682 tenore

994 704 1211 747 praesentium
1227 732 1234 745 ,
1266 710 1422 748 perpetuo
1443 704 1616 737 dividimus
1636 708 1667 735 et
1686 713 1736 736 se-

995 768 1162 801 paramus:
1197 758 1306 801 sicque
1338 758 1438 790 divisa
1469 763 1499 790 et
1525 762 1672 800 separata
1696 755 1736 788 ab

995 812 1083 844 omni
1109 812 1329 845 iurisdictione
1350 818 1381 845 ct
1397 812 1633 855 superioritate,
1659 811 1735 844 visi-

996 865 1126 905 tatione,
1139 865 1351 905 correctione,
1368 865 1512 898 dominio
1531 869 1562 897 et
1581 869 1738 907 potestate

996 919 1095 962 ipsius
1120 919 1262 963 episcopi
1283 919 1479 953 Clusinensis
1506 929 1564 962 pro
1592 924 1738 961 tempore

997 972 1169 1013 existentis,
1193 973 1326 1017 eiusque
1347 972 1455 1005 vicarii
1477 977 1508 1005 et
1528 971 1684 1011 officialis,
1702 981 1738 1003 ac

997 1026 1157 1059 solutione
1178 1037 1460 1070 quorumcumque
1482 1025 1601 1058 iurium
1633 1025 1661 1057 ei
1682 1034 1739 1067 per

997 1079 1131 1120 clerum,
1148 1081 1317 1124 populum,
1335 1086 1361 1112 et
1378 1090 1531 1123 personas
1551 1077 1738 1111 huiusmodi

998 1133 1122 1166 ratione
1140 1133 1385 1177 superioritatis,
1408 1133 1608 1171 visitationis,
1630 1142 1739 1165 corre-

998 1186 1123 1227 ctionis,
1147 1186 1282 1219 dominii
1305 1192 1332 1219 et
1361 1186 1526 1229 potestatis
1554 1185 1737 1229 praedicta-

999 1251 1070 1273 rum
1092 1240 1338 1283 quomodolibet
1369 1240 1575 1280 debitorum,
1599 1239 1740 1272 auctori-

998 1298 1061 1326 tate
1082 1299 1114 1326 et
1134 1299 1245 1327 tenore
1273 1294 1436 1338 praefatis,
1460 1293 1557 1326 etiam
1582 1298 1740 1336 perpetuo

999 1347 1167 1381 eximimus
1188 1354 1219 1382 et
1239 1348 1426 1387 liberamus,
1444 1348 1631 1391 dictumque
1651 1346 1742 1390 oppi-

999 1401 1074 1434 dum
1096 1401 1195 1435 Castri
1215 1401 1320 1434 Plebis
1333 1401 1364 1433 in
1379 1401 1540 1434 civitatem
1554 1400 1652 1433 Castri
1671 1400 1741 1433 Ple-

999 1454 1046 1487 bis
1071 1455 1345 1498 nuncupandam,
1374 1465 1411 1486 ac
1434 1454 1519 1486 illius
1542 1454 1741 1486 saecularem

999 1514 1030 1541 et
1050 1509 1253 1551 collegiatam
1274 1508 1444 1541 ecclesiam
1473 1508 1519 1540 Ss.
1550 1506 1690 1540 Gervasii
1712 1512 1742 1539 et

999 1562 1134 1595 Protasii
1155 1562 1186 1594 in
1205 1562 1421 1595 cathedralem
1440 1561 1498 1594 suh
1520 1561 1632 1593 eadem
1655 1560 1743 1593 invo-

1000 1616 1125 1649 catione
1156 1627 1228 1649 cum
1262 1616 1439 1658 dignitate,
1471 1614 1693 1648 iurisdictione
1714 1620 1744 1648 et

1001 1681 1111 1703 mensa
1129 1670 1378 1714 episcopalibus,
1407 1669 1543 1713 aliisque
1569 1669 1739 1702 cathedra-

1001 1724 1083 1757 libus
1105 1723 1294 1766 insignibus,
1317 1734 1443 1757 necnon
1465 1722 1739 1767 praeeminentiis,

1001 1777 1179 1810 honoribus
1216 1783 1247 1810 et
1276 1777 1474 1821 privilegiis,
1515 1777 1631 1820 quibus
1662 1775 1743 1808 aliae

1001 1831 1200 1863 cathedrales
1214 1830 1384 1867 ecclesiae,
1402 1831 1440 1863 de
1461 1829 1530 1862 iure
1544 1830 1592 1862 vel
1612 1840 1745 1862 consue-

1001 1884 1134 1925 tudine,
1158 1889 1307 1925 utuntur,
1336 1883 1505 1927 potiuntur
1525 1888 1556 1916 et
1581 1884 1741 1925 gaudent,

1001 1949 1037 1971 ac
1061 1938 1118 1978 uti,
1141 1937 1237 1982 potiri
1251 1937 1432 1980 etgaudere
1446 1943 1579 1981 possunt
1600 1942 1629 1969 et
1648 1943 1742 1980 pote-

1002 1996 1077 2024 runt
1098 1991 1344 2035 quomodolibet
1366 1991 1398 2023 in
1425 1991 1580 2031 futurum,
1604 2001 1663 2034 pro
1680 2001 1745 2024 uno

1002 2045 1154 2089 episcopo
1175 2045 1274 2079 Castri
1303 2044 1407 2078 Plebis
1433 2045 1664 2088 nuncupando,
1690 2044 1745 2088 qui

1003 2098 1106 2131 eidem
1129 2098 1282 2131 ecclesiae
1295 2097 1394 2131 Castri
1409 2098 1513 2131 Plebis
1527 2097 1657 2142 praesit,
1679 2097 1743 2130 eis-

1003 2153 1075 2186 dem
1097 2152 1286 2185 auctoritate
1305 2157 1335 2184 et
1356 2157 1478 2191 tenore,
1499 2151 1648 2185 similiter
1666 2162 1743 2195 per-

1003 2212 1100 2250 petuo
1122 2205 1275 2248 erigimus
1293 2211 1324 2238 et
1341 2205 1546 2238 instituimus.

1049 2261 1064 2301 ξ
1086 2259 1116 2292 9.
1137 2260 1181 2292 Ae
1201 2259 1260 2303 ipsi
1281 2258 1435 2292 ecclcsiae
1456 2259 1500 2291 sic
1521 2259 1551 2290 in
1573 2258 1743 2291 cathedra-

1004 2311 1066 2343 lem
1088 2315 1214 2343 erectae
1235 2310 1395 2342 civitatem
1413 2309 1511 2342 Castri
1533 2309 1647 2348 Plebis,
1664 2309 1747 2342 eius-

1005 2374 1067 2407 que
1097 2363 1217 2396 incolas
1249 2369 1280 2395 et
1306 2363 1504 2396 habitatores
1524 2373 1583 2406 pro
1606 2363 1744 2404 civitate,

1006 2423 1036 2449 et
1053 2416 1185 2455 civibus,
1206 2416 1268 2449 alia
1287 2427 1363 2449 vero
1382 2422 1497 2455 castra,
1516 2421 1626 2456 terras,
1655 2416 1747 2449 villas

1006 2474 1036 2501 et
1057 2468 1126 2500 lora
1140 2467 1239 2501 divisa
1253 2473 1283 2500 et
1296 2473 1443 2511 separata
1458 2467 1599 2510 praefata
1612 2478 1670 2510 pro
1680 2467 1748 2500 eius

1007 2520 1158 2561 dioecesi,
1190 2531 1226 2553 ae
1254 2520 1485 2553 ecclesiasticas
1506 2530 1564 2563 pro
1586 2521 1672 2553 clero
1687 2547 1694 2561 ,
1718 2525 1749 2553 et

1007 2575 1186 2608 saeculares
1207 2585 1360 2618 personas
1382 2574 1412 2607 in
1433 2573 1555 2607 eisdem
1577 2573 1704 2607 civitate
1719 2579 1750 2607 et

1007 2628 1145 2662 dioecesi
1176 2628 1274 2661 Castri
1306 2627 1410 2661 Plebis
1433 2637 1492 2671 pro
1522 2632 1668 2671 tempore
1693 2627 1749 2660 de-

1746 224 1798 250 An.
1814 222 1842 250 C.
1860 220 1929 250 1600

1829 2256 1948 2282 ,usignauo

1762 2284 1868 2304 dioecesis
1884 2286 1905 2303 et
1917 2284 1947 2304 iu-

1762 2310 1897 2331 risdicnonn.
