2253 3195
237 245 285 272 An,
308 244 335 271 C.
356 244 421 272 160³.

250 307 420 333 autina-nnn„
435 292 698 329 Ordinariortuu,
722 296 775 322 aut
795 288 1007 322 correctionis
1027 298 1177 325 suorum,

237 337 254 356 si
265 336 393 361 provolalui·
401 340 420 353 tn

238 370 245 383 1
251 365 365 384 isuatiune.

468 233 532 267 882

437 347 544 390 quoad
565 345 714 378 effectum
737 343 955 376 devolutivum
976 348 1110 381 tantum,
1127 352 1180 385 ap-

437 400 627 444 pellationes
640 398 864 436 admittantur,
875 397 934 429 nisi
945 397 983 429 de
997 395 1182 439 gravamine

438 463 496 497 per
528 451 728 485 definitivam
753 450 964 494 irreparabile
985 455 1110 491 agatur,
1135 448 1182 481 vel

438 517 510 539 eum
533 505 687 543 visitator,
705 504 800 538 etiam
822 510 913 548 parte
931 503 1027 536 citata
1047 509 1077 536 et
1091 501 1182 535 adbi-

438 560 504 592 bita
525 570 639 593 causae
660 559 857 600 cognitione,
886 557 1081 590 iudicialiter
1105 566 1183 600 pro-

1021 239 1204 264 BULLARIUM
1221 239 1375 263 ROMANUM

1217 287 1301 320 clare
1332 291 1509 330 appareat,
1543 286 1692 330 superior
1720 286 1956 319 absolutionem

1218 341 1405 384 impendat;
1429 341 1454 373 si
1479 346 1586 373 autem
1608 339 1774 373 dubitetur
1793 339 1958 372 honestius

1217 405 1286 427 esse
1325 400 1359 427 ut
1390 394 1430 427 ad
1469 392 1839 427 excommunicationem
1877 392 1961 424 intra

1217 448 1347 481 brevem
1366 447 1507 491 aliquem
1527 451 1766 491 competentem
1784 445 1959 478 terminum

1218 500 1322 534 eidem
1345 500 1590 544 praeligendum
1617 499 1831 533 absolvendus
1851 498 1961 531 remit-

1219 559 1318 595 tatur;
1339 554 1414 587 lieet
1434 554 1529 587 etiam
1556 553 1705 597 superior
1726 552 1755 585 id
1782 552 1886 596 ipsum
1904 562 1962 595 per

1218 618 1251 641 se
1271 613 1436 651 praestare
1457 607 1525 640 iure
1546 606 1656 650 possit.

1971 236 2022 264 An.
2042 236 2070 266 C.
2088 237 2153 267 ¹603

439 613 534 651 cedit,
561 620 625 645 tuni
650 613 734 645 enim
757 611 968 656 appellationi
989 611 1078 643 locus
1103 609 1180 650 erit,

439 667 534 700 etiam
557 667 662 710 quoad
685 666 834 699 effectum
853 665 1091 709 suspensivum.

486 723 501 763 ἓ
523 720 575 753 Μ.
599 720 741 758 Decimo,
759 720 846 764 quod
862 729 934 752 cum
950 729 968 751 a
988 717 1184 760 gravamine,

1264 662 1280 702 ξ
1308 660 1358 693 15.
1382 660 1513 694 Decimo
1538 665 1664 704 quarto,
1686 646 1962 704 quod‘ahsoluilo
2036 671 2122 696 Quando
2136 673 2158 694 οι

1977 698 2082 725 quomodo
2097 698 2157 720 ahso-

1219 714 1258 747 ad
1284 715 1443 747 cautelam
1463 724 1529 747 non
1555 714 1615 747 nisi
1636 718 1727 757 parte
1751 713 1846 746 citata
1867 718 1898 746 et
1919 712 1962 745 vi-
1978 725 2157 774 {¹¹”0d2ddg'm'

1985 758 2018 773 am
2055 758 2068 774 n
2097 767 2104 774 ο

254 788 343 813 Quando
351 787 424 807 admit.

241 816 304 836 tenua
319 817 345 834 sit
356 821 368 834 a
379 819 425 838 ρω-

243 842 323 872 v-nuine
332 841 425 867 appell-t·

258 1214 383 1235 can-eratus
393 1220 429 1240 ap-

244 1243 324 1271 pellans
362 1247 429 1261 rema·

244 1271 293 1289 neat
302 1275 322 1289 in
333 1274 428 1289 carcere.

280 1749 367 1773 Qnanvln
383 1751 432 1768 acta

247 1777 273 1797 mi
291 1778 382 1796 iii-ticeni
395 1782 430 1800 ‹ip-

247 1804 369 1829 pcllalmnis
391 1811 399 1819 s

248 1830 414 1850 turisindi-enda.

264 2176 434 2197 Exi-ommunica-

252 2206 283 2223 ln«
299 2205 409 2228 appellati·
423 2211 433 2222 ,ι

251 2236 293 2249 tw>
315 2234 339 2249 -ιΙ
365 2231 433 2250 aluwi-

441 774 527 818 quod
550 785 606 818 per
626 773 824 807 definitivam
860 772 1004 817 reparari
1025 771 1187 815 nequive-

440 828 493 867 rit,
516 834 549 860 ut
569 827 731 860 indebitae
757 825 989 866 carcerationis
1009 825 1057 858 vel
1084 830 1185 857 tortu—

441 892 506 920 rae,
528 887 582 914 aut
602 879 957 918 excommunicationis,
981 878 1076 912 etiam
1099 888 1187 911 com-

442 935 594 975 minatae,
618 935 811 979 appellatur,
835 944 899 967 non
922 933 981 966 nisi
1003 932 1077 966 visis
1094 931 1184 972 actis,

441 999 479 1022 ex
504 989 621 1033 quibus
646 989 813 1022 evidenter
840 993 996 1031 appareat
1017 987 1055 1020 de
1076 996 1188 1028 grava-

443 1042 540 1081 mine,
563 1042 737 1086 appellatio
755 1041 945 1075 admittatur
965 1045 1019 1073 aut
1038 1039 1187 1072 inhibitio

442 1096 490 1129 vel
512 1095 653 1140 provisio
674 1095 782 1139 aliqua
803 1095 1012 1128 coucedatur.

489 1152 505 1192 ἕ
527 1149 578 1183 12.
603 1150 793 1189 Undecimo,
817 1149 904 1193 quod
926 1158 1022 1181 causa
1046 1148 1188 1192 appella-

445 1200 542 1236 tionis
554 1203 726 1247 pendente,
744 1202 910 1246 appellans
929 1202 959 1234 in
980 1201 1106 1241 codem,
1124 1211 1189 1244 quo

444 1257 618 1301 reperitur,
639 1267 768 1290 carcere
788 1255 1003 1299 permanebit,
1020 1254 1127 1298 quoad
1142 1254 1189 1287 iu-

445 1311 515 1351 dex,
539 1311 578 1343 ad
600 1320 695 1354 quem
717 1310 914 1353 appellatum
936 1314 993 1349 est,
1018 1308 1091 1341 visis
1112 1307 1190 1340 actis

444 1370 472 1398 et
493 1375 588 1397 causa
607 1363 746 1406 cognita,
768 1363 860 1396 aliter
874 1362 1190 1400 decreve1·it,ettunc

444 1418 470 1451 si
491 1429 508 1450 a
530 1418 657 1457 iudice,
689 1417 727 1450 ad
750 1427 845 1460 quem
874 1417 1080 1449 decretorum
1111 1414 1189 1447 defi-

443 1472 561 1505 nitivae
575 1471 749 1511 habentur,
768 1470 863 1503 suerit
880 1469 1090 1513 appellatum,
1107 1468 1187 1501 nibil

445 1525 600 1558 mandare
620 1531 673 1558 aut
696 1534 754 1568 pro
767 1523 814 1557 sui
834 1523 954 1556 decreti
973 1522 1188 1566 exequutione

445 1585 602 1613 attentare
623 1578 751 1622 poterit,
775 1577 878 1610 donee
899 1587 957 1621 per
979 1576 1118 1609 iudicem
1137 1587 1190 1609 su-

444 1633 607 1677 periorem
629 1631 716 1665 aliud
739 1631 830 1663 l'uerit
850 1630 1046 1664 ordinatum.

491 1685 572 1728 3213.
597 1685 807 1724 Duodecimn,
824 1683 911 1727 quod
929 1689 999 1716 acta
1020 1683 1190 1725 originalia

447 1750 656 1784 processuum
678 1737 981 1783 primaeinstantiae
992 1737 1030 1770 ad
1050 1737 1189 1770 iudicem

426 1806 429 1820 =
448 1793 672 1838 appellationis
694 1792 837 1825 notarius
858 1792 985 1825 mittere
1011 1803 1074 1825 non
1097 1803 1190 1834 coga-

449 1854 510 1886 tur,
524 1847 582 1880 nisi
606 1846 782 1890 probabilis
803 1845 910 1889 aliqua
933 1846 1078 1879 salsitatis
1096 1857 1192 1879 causa

449 1907 478 1934 ct
499 1900 639 1944 suspicio
653 1900 790 1940 incedat,
805 1911 886 1944 quae
901 1899 1094 1933 iudicialiter
1112 1900 1192 1933 obii-

449 1955 573 1995 ciatur,
603 1960 698 1993 tunc,
731 1954 902 1987 terminata
933 1964 1045 1989 causa.
1078 1953 1190 1986 reinit-

451 2010 545 2042 tenda
570 2009 694 2041 suntad
717 2007 930 2047 ordinarium,
955 2013 987 2039 ut
1010 2007 1040 2040 in
1062 2018 1120 2040 suo
1141 2018 1192 2039 ar-

450 2063 554 2095 eliivio
576 2068 817 2095 conserventur.

494 2118 510 2158 ἓ
537 2115 588 2148 ili.
613 2116 743 2149 Decimo
763 2115 866 2153 tertio,
888 2114 974 2158 quod
996 2124 1194 2147 (¹0nsttt·tlec-

450 2170 748 2203 clesiasticacontra
769 2169 986 2212 appellantem
1007 2168 1130 2211 prolata
1147 2178 1194 2199 re-

452 2224 549 2257 laxari
583 2229 637 2256 aut
665 2223 752 2255 nulla
784 2222 941 2255 dei-larari
975 2233 1031 2264 per
1056 2221 1193 2253 indii-ein

450 2276 677 2320 appellationis
698 2287 760 2308 non
778 2275 887 2319 possit,
905 2275 963 2307 nisi
986 2275 1102 2307 auditis
1117 2286 1192 2318 par—

453 2331 535 2362 tibus
548 2336 577 2363 et
591 2341 685 2362 ‹zausa
700 2329 840 2369 cognita,
861 2339 1000 2372 rumque
1016 2328 1195 2360 eonstiterit,

452 2396 520 2416 eain
555 2385 668 2417 iustam
697 2395 760 2417 nou
787 2395 874 2421 esse,

453 2438 766 2477 ext-oininnuit-abit,
795 2437 961 2480 appellans
984 2435 1196 2468 remittendus

453 2498 518 2528 est,
553 2492 644 2523 titali
671 2491 758 2534 ipso,
792 2491 875 2523 iuxta
900 2500 1008 2522 sat-ros
1035 2499 1193 2525 canones,

454 2545 646 2577 lienelirinni
688 2544 926 2581 absolutionis,

454 2597 591 2640 petii-rit,
609 2597 817 2640 debitamque
831 2596 1091 2629 enwmlationein
1109 2606 1198 2639 piae-

905 2384 942 2415 ntl
976 2382 1112 2415 iutliiteni
1141 2381 1194 2425 qui

453 2650 583 2691 stiterit,
613 2650 772 2683 obtineat:
807 2651 830 2683 si
860 2662 932 2683 vero
959 2650 1107 2682 iniustam
1132 2660 1199 2680 esi-e

969 2543 994 2575 si
1034 2542 1215 2575 humiliter*

1219 769 1261 802 sis
1281 769 1377 808 actis,
1401 779 1474 802 eum
1504 768 1672 801 dubitetur
1703 768 1742 801 de
1774 766 1963 801 necessitate

1221 822 1565 856 excommunicationis
1593 822 1632 854 ab
1653 821 1786 854 homine
1804 821 1961 864 prolatae,

1220 877 1269 909 vel
1290 887 1308 909 a
1328 876 1409 916 iure,
1442 876 1467 909 si
1489 875 1629 909 occurrit
1649 875 1783 908 dubium
1807 874 1893 915 sacti,
1916 874 1965 907 vel

1222 930 1388 974 probabile
1410 930 1543 964 dubium
1562 929 1654 970 iuris,
1670 929 1878 962 concedenda
1891 927 1962 969 erit,

1222 990 1362 1028 tuncque
1387 984 1427 1017 ad
1461 989 1586 1027 tempus
1612 983 1708 1016 breve
1736 993 1809 1016 cum
1841 981 1963 1015 reinci-

1223 1038 1342 1078 ‹lentia,
1358 1044 1387 1071 et
1406 1037 1558 1081 praestita
1576 1047 1633 1081 per
1650 1035 1965 1070 excommunicatum

1223 1090 1373 1124 cautione
1394 1091 1433 1123 de
1447 1090 1591 1134 parendo
1606 1089 1668 1122 iuri
1686 1095 1717 1122 et
1737 1088 1898 1122 mandatis
1916 1098 1966 1122 ec-

1224 1145 1348 1183 clesiae,
1366 1149 1487 1177 tantum
1503 1144 1542 1177 de
1563 1155 1595 1177 se
1610 1143 1696 1176 iuxta
1711 1143 1847 1176 formam
1869 1142 1967 1175 aiure

1224 1198 1454 1243 praescriptam
1480 1197 1649 1242 apparebit
1670 1196 1811 1240 aliquem
1833 1196 1875 1229 ob
1898 1205 1967 1228 ma-

1224 1252 1372 1286 nifestam
1388 1251 1543 1285 offensam
1562 1250 1878 1284 excommunicatum
1893 1249 1967 1283 suis-

1224 1318 1267 1346 se,
1292 1306 1431 1339 debitam
1457 1305 1707 1338 satisfactionem
1735 1309 1911 1348 praestare.
1936 1302 1967 1337 Si

1225 1370 1299 1392 vero
1320 1358 1556 1392 contumaciam
1578 1358 1791 1398 manifestam,
1813 1367 1969 1401 expensas

1225 1423 1355 1457 quoque
1382 1412 1515 1446 reticere
1535 1440 1542 1453 ,
1578 1423 1614 1445 ac
1642 1411 1774 1456 insuper
1794 1421 1905 1445 cavere
1929 1410 1968 1444 de

1225 1467 1345 1500 iudicio
1356 1466 1425 1500 sisti
1442 1476 1550 1500 coram
1569 1465 1885 1499 excommunicatore
1898 1463 1970 1508 quis

1226 1527 1383 1561 teneatur,
1411 1520 1600 1564 priusquam
1626 1519 1665 1553 ad
1685 1519 1843 1552 cautelam
1865 1517 1970 1551 absol-

1225 1581 1326 1608 vatur.
1539 1587 1541 1591 ’

2226 1604 2228 1616 i

1270 1630 1286 1671 ξ
1308 1628 1360 1661 16.
1384 1628 1460 1661 Cum
1483 1633 1602 1668 autem,
1626 1627 1709 1660 sicut
1728 1635 1787 1670 pro
1808 1631 1898 1670 parte
1918 1635 1969 1658 ve·
1985 1627 2194 1690 epggtgffiigfflgf
2226 1617 2240 1650 3⁸

1225 1682 1377 1716 nerabilis
1403 1682 1507 1715 l'ratris
1532 1680 1709 1725 Alphonsi,
1738 1679 1879 1724 episcopi
1910 1679 2183 1716 Co-‹11ctav⁰ffl⁰⁰⁹·‹

1985 1713 2070 1734 firmari.

1226 1735 1438 1775 limlnieusis,
1462 1735 1554 1768 nobis
1575 1745 1679 1778 nuper
1698 1733 1877 1778 expositum
1899 1732 1968 1773 suit,

1228 1790 1326 1834 ipsius
1346 1789 1453 1822 curiae
1483 1787 1674 1832 episcopalis
1704 1787 1841 1820 maxime
1873 1786 1971 1820 inter-

1226 1843 1265 1876 sit
1292 1849 1326 1876 ut
1355 1842 1540 1887 supradicta
1562 1842 1665 1875 sorina
1686 1841 1717 1874 in
1738 1839 1842 1873 causis
1862 1839 1973 1884 appel-

1229 1897 1384 1930 lationum
1407 1896 1447 1928 ad
1479 1895 1548 1928 eius
1569 1893 1855 1938 metropolitanum
1892 1892 1969 1925 Bra-

1228 1951 1440 1987 cliarcnsein,
1476 1948 1506 1981 in
1540 1948 1658 1992 quibus
1687 1948 1842 1980 hactenus
1868 1945 1972 1980 causis

1228 2004 1333 2037 cidem
1359 2003 1424 2036 sive
1446 2002 1556 2035 euriae
1579 2001 1752 2045 episcopali
1771 2000 1879 2044 aliqua
1900 2010 1973 2043 gra-

1229 2057 1353 2091 vamina
1376 2057 1460 2090 illata
1495 2056 1588 2089 fuisse
1614 2055 1724 2089 asserit
1746 2083 1753 2095 ,
1777 2055 1815 2088 de
1844 2059 1973 2089 caetero

1229 2111 1392 2145 observari
1412 2110 1536 2148 debeat,
1556 2121 1591 2142 ae
1612 2115 1783 2153 propterea
1803 2107 1895 2142 nobis
1915 2107 1975 2140 bu-

1230 2163 1533 2207 militersupplicari
1556 2162 1667 2195 fecerit
1686 2168 1721 2194 ut
1742 2161 1771 2194 in
1791 2159 1974 2205 praemissis

1229 2224 1412 2263 opportune
1427 2217 1607 2262 providere,
1625 2216 1663 2249 (le
1684 2214 1881 2257 benignitate
1895 2224 1973 2258 apo-

1229 2273 1359 2313 stoliea,
1384 2271 1603 2313 dignarentur.

1275 2329 1291 2369 g
1319 2326 1364 2360 t7.
1387 2326 1448 2358 Nos
1470 2325 1568 2369 ipsius

1230 2380 1285 2412 stis
1307 2379 1514 2423 petitionibus
1536 2382 1736 2412 annuentes.
1766 2375 1970 2419 supradicto-

1233 2540 1406 2585 ‹·pis‹·‹›pali
1417 2538 1640 2572 (lolimbriensi
1653 2538 1692 2570 ad
1708 2537 1775 2570 eius
1787 2534 1974 2580 metropoli-

1235 2601 1343 2627 tanuin
1360 2593 1559 2637 praedictum
1573 2592 1724 2634 deinceps
1739 2590 1769 2622 in
1783 2594 1974 2634 perpetuum

1234 2647 1423 2680 servandum
1446 2658 1525 2682 esse,
1554 2645 1724 2689 ipsumque
1746 2641 1970 2687 inctrupnliluu-

1594 2324 1626 2356 ΛΙ
1645 2322 1746 2355 ilionsi
1769 2334 1785 2354 e
1802 2322 1876 2354 »iseo
1891 2320 1910 2353 ii
1931 2321 1975 2354 iu-
2010 2310 2194 2346 Conssrmssffli'

1633 2336 1639 2367 Ι
1790 2334 1796 2366 1
1881 2333 1889 2365 l
1989 2356 2053 2388 inient.
2059 2355 2125 2377 nuqua
2133 2348 2171 2397 ff·

1989 2377 2171 2430 llfltffcln'lssllw-

1233 2445 1302 2467 rnin
1325 2434 1527 2465 ‹tvi-rotonam
1550 2434 1685 2463 tonnam
1709 2430 1739 2462 iu
1761 2429 1973 2473 quiliuseum-
1989 2426 2170 2459 1¹⁰¹³r⁸⁰¹¹¹f⁰¹¹4

1214 2498 1294 2536 ¹qne
1315 2486 1419 2519 causis
1439 2484 1694 2529 appellationum
1717 2483 1756 2516 ali
1787 2483 1855 2526 ipsa
1883 2481 1973 2515 curia
