2253 3195
230 214 281 242 An.
302 214 333 242 c.
349 214 418 243 ¹596
463 204 529 239 314

271 1169 331 1191 Facti
350 1170 417 1190 series

232 1197 348 1223 exponitur.

432 263 665 298 lucarnationis
681 262 868 296 Dominicae
888 262 1061 295 millesimo
1083 261 1177 306 quin-

432 317 609 361 gentesimo
638 315 848 358 nonagesimo
879 315 1015 359 quinto,
1049 315 1175 349 decimo

432 371 545 415 quinto
563 369 715 402 kalendas
729 368 881 408 octobris,
897 367 1105 412 pontificatus
1117 378 1175 401 no-

432 424 472 457 tri
493 433 577 457 anno
594 433 637 457 1v.

467 485 525 512 Dat.
546 485 591 512 die
610 485 642 511 17
663 483 827 520 septembris
847 483 927 519 1595,
948 485 1025 519 pont.
1045 492 1091 511 an.
1112 490 1148 510 tv.

430 601 587 645 Sequitur
604 600 783 643 ratificatio
795 600 933 635 Henrici
947 601 1044 644 reqis,
1061 605 1090 634 et
1098 610 1175 644 pro-

474 664 586 697 missio
606 663 644 696 de
663 663 874 707 adimplendo
891 674 929 697 ea
945 663 1067 704 omnia,
1091 673 1175 706 quae

473 727 511 759 in
539 726 729 770 praerelata
761 726 992 759 constitutione
1018 725 1083 758 sibi
1116 725 1171 758 in-

473 789 672 833 iunquntur.

431 877 651 912 nauticum&
667 877 775 913 gratia,
785 878 965 906 Francorum
980 880 1011 905 ot
1024 877 1175 905 Navarrae

465 940 529 967 rex,
549 932 702 960 universis
723 936 755 960 et
775 932 903 967 singulis
923 937 1102 967 praesentes
1121 938 1174 958 no-

467 989 547 1014 stras
562 989 704 1020 patentes
717 986 838 1014 litteras
848 985 960 1013 visuris
972 988 1004 1013 et
1013 984 1174 1016 audituris,

467 1041 607 1068 salutem.
642 1025 649 1029 ,

476 1120 566 1161 Cum,
589 1120 672 1154 sicut
690 1120 786 1154 nobis
810 1119 961 1161 innotuit,
983 1118 1176 1153 venerabilis

432 1174 466 1207 P.
487 1174 522 1208 D.
535 1174 671 1208 lacobus
689 1174 775 1219 Davy
794 1173 928 1207 Perroni
949 1173 1112 1213 dominus,
1140 1183 1176 1205 ac

431 1233 541 1261 noster
560 1227 593 1260 in
613 1227 747 1260 consilio
775 1232 875 1260 status
899 1225 1112 1266 consiliarius,
1140 1235 1177 1259 ac

431 1281 557 1325 primus
586 1281 869 1326 eleemosynarius,
891 1291 977 1314 nunc
1006 1279 1177 1324 episcopus

431 1333 698 1374 Ebroicensis,ac
723 1334 800 1367 Ven.
829 1334 862 1367 P.
886 1334 920 1368 D.
951 1334 1111 1367 Arnaldus
1138 1333 1177 1367 de

431 1386 554 1428 Ossato,
570 1387 711 1422 decanus
724 1387 851 1428 Vareni,
861 1387 1076 1421 Ruthenensis
1089 1387 1178 1420 dioe-

432 1441 523 1482 cesis,
544 1451 630 1474 nunc
651 1441 832 1485 episcopus,
855 1451 911 1474 seu
933 1440 1117 1474 nominatus
1137 1440 1177 1473 ad

430 1493 604 1528 Ecclesiam
624 1494 862 1535 Redonemem,
878 1500 1107 1538 procuratores
1120 1504 1177 1528 no-

431 1548 499 1588 stri,
522 1554 633 1582 nostro
653 1548 786 1582 nomine
799 1548 1043 1592 comparuerint
1067 1558 1175 1582 coram

430 1601 637 1636 Sanctissimo
667 1602 699 1635 in
723 1597 848 1636 Christo
871 1602 964 1636 Patre
984 1607 1015 1635 et
1040 1602 1176 1636 Domino

429 1655 464 1689 D.
487 1655 650 1690 Clemente
663 1656 750 1700 Papa
766 1655 844 1696 vlu,
860 1661 891 1689 et
907 1655 989 1690 Suae
1009 1655 1175 1690 Sanctitati

429 1708 691 1743 benedictionem
723 1715 755 1743 et
785 1720 971 1754 supremam
1001 1709 1178 1743 absolutio-

430 1773 505 1796 nem
526 1774 544 1796 a
561 1763 716 1803 censuris,
737 1763 816 1797 alias
836 1774 895 1807 per
914 1774 972 1797 nos
992 1763 1128 1797 incursis
1147 1769 1176 1796 et

431 1822 544 1850 contra
572 1826 630 1849 nos
655 1816 843 1857 declaratis,
868 1817 1119 1860 postulaverint,
1147 1823 1177 1850 et

431 1869 570 1914 desuper
600 1880 659 1914 per
687 1869 783 1903 Suam
816 1869 1024 1903 Sanctitatem
1052 1875 1176 1903 certum

1017 214 1204 238 BULLARIUM
1223 213 1379 238 ROMANUM

1209 262 1319 302 fectis,
1348 272 1486 306 quarum
1507 267 1601 296 tenor
1630 263 1777 307 sequitur
1796 264 1836 297 de
1855 263 1955 298 verbo

1210 315 1251 349 ad
1269 316 1423 356 verbum,
1444 322 1475 349 et
1501 316 1572 350 talis
1596 322 1658 358 est,
1680 316 1847 351 videlicet:
1879 317 1951 352 Cle-

1210 379 1300 402 mens
1319 370 1508 414 Episcopus,
1522 374 1579 403 etc.
1599 370 1794 404 Charissimo
1814 371 1847 404 in
1867 371 1956 405 Chri-

1208 428 1257 456 sto
1277 423 1346 456 filio
1370 423 1510 457 Henrico
1527 424 1727 457 Francorum
1748 430 1780 457 et
1795 424 1954 459 Navarrae

1209 476 1276 519 regi
1297 476 1564 510 christianissimo
1593 477 1730 510 salutem
1751 482 1782 511 et
1801 478 1954 521 apostoli-

1209 540 1279 562 cam
1300 530 1572 564 benedictionem.
1596 530 1728 564 Divinae
1745 531 1878 574 gratiae,
1894 535 1951 564 etc.

1252 583 1296 616 Ne
1314 582 1353 617 de
1375 584 1527 617 mandato
1541 583 1783 628 praedictorum
1800 594 1956 628 procura—

1208 641 1315 670 torum
1336 636 1368 670 in
1390 637 1586 681 praemissis,
1604 643 1635 671 et
1648 638 1732 671 circa
1751 648 1789 671 ea
1806 637 1955 672 dubitare

1208 690 1383 732 contingat,
1407 691 1462 724 sed
1482 696 1517 724 ut
1538 691 1703 735 perpetuis
1731 691 1847 725 suturis
1871 697 1954 725 tem-

1209 743 1344 786 poribus
1364 743 1492 778 firmius
1513 749 1544 778 et
1564 745 1684 778 clarius
1705 745 1745 778 de
1765 750 1884 786 mente,
1907 745 1956 779 in-

1209 796 1353 830 tentione
1373 803 1404 830 et
1423 797 1582 831 catholica
1599 797 1663 831 fide
1676 804 1788 832 nostra
1807 804 1955 832 constare

1210 850 1310 892 possit
1329 855 1360 883 et
1391 856 1537 891 constet;
1566 857 1741 896 propterea
1765 862 1825 886 nos
1845 862 1954 886 coram

1209 902 1424 938 illustrissimo
1447 910 1478 938 et
1495 905 1763 939 reverendissimo
1780 905 1816 939 D.
1832 906 1867 939 D.
1883 906 1956 940 Ale-

1209 957 1331 990 xandro
1351 957 1479 991 Medicis
1498 957 1522 992 I.
1539 958 1574 992 U.
1590 959 1625 992 D.
1650 959 1733 992 tituli
1746 959 1776 992 S.
1791 958 1954 1000 Praxedis,

1210 1010 1417 1055 praesbytero
1441 1011 1597 1045 cardinali
1622 1012 1793 1056 praelibati
1818 1011 1958 1046 Sanctis-

1210 1063 1282 1097 simi
1299 1065 1428 1098 Domini
1447 1065 1553 1099 Nostri
1571 1066 1687 1110 Papae,
1704 1071 1735 1099 et
1754 1065 1889 1099 Sanctae
1901 1065 1958 1100 Se-

1211 1116 1259 1150 dis
1271 1118 1475 1161 Apostolicae
1488 1119 1606 1162 legato,
1617 1119 1831 1159 declaramus,
1848 1119 1959 1153 omnia

1211 1175 1242 1204 et
1262 1171 1388 1214 singula
1410 1172 1442 1205 in
1462 1173 1673 1216 praeinsertis
1694 1173 1810 1207 litteris
1830 1177 1959 1218 aposto-

1211 1224 1332 1258 stolicis
1363 1231 1515 1260 contenta
1548 1226 1642 1260 nobis
1677 1227 1760 1260 bene
1791 1232 1869 1260 nota
1900 1237 1960 1271 per

1212 1279 1394 1322 praedictos
1425 1285 1655 1323 procuratores
1679 1285 1807 1314 nostros
1835 1280 1955 1324 petita,

1211 1331 1329 1372 oblata,
1353 1333 1524 1376 promissa,
1539 1333 1636 1375 dicta,
1660 1334 1754 1375 sacta,
1771 1333 1887 1375 iurata,
1902 1333 1959 1367 ab·

1212 1385 1337 1427 iurata,
1361 1393 1547 1431 acceptata,
1575 1388 1709 1421 obtenta
1727 1393 1759 1421 et
1785 1387 1818 1421 in
1849 1387 1959 1422 huius-

1213 1440 1299 1474 modi
1311 1441 1447 1484 negocio
1461 1441 1709 1485 quomodolibet
1721 1447 1896 1486 procurata
1908 1452 1959 1475 re-

1211 1493 1351 1537 spective
1371 1494 1468 1528 fuisse
1489 1499 1520 1528 et
1545 1505 1626 1536 esse,
1650 1495 1690 1529 de
1709 1500 1821 1529 nostra
1839 1495 1956 1529 volun-

1213 1552 1274 1581 tate
1295 1553 1325 1580 et
1345 1548 1509 1588 mandato,
1534 1547 1577 1581 ita
1596 1547 1708 1592 petita,
1732 1548 1854 1589 oblata,
1876 1558 1956 1593 pro-

1212 1599 1318 1641 missa,
1343 1599 1438 1641 dicta,
1463 1601 1556 1642 sacta,
1580 1601 1697 1642 iurata,
1721 1601 1885 1643 abiurata,
1907 1612 1960 1636 ac-

1211 1659 1348 1698 ceptata,
1371 1654 1503 1688 obtenta
1527 1659 1559 1688 et
1584 1660 1758 1699 procurata
1783 1652 1959 1700 respective

1212 1708 1243 1740 in
1261 1708 1414 1742 omnibus
1431 1714 1461 1742 et
1482 1719 1541 1753 per
1561 1709 1681 1751 omnia,
1701 1715 1799 1754 prout
1815 1709 1847 1743 in
1866 1719 1960 1754 prae-

1212 1761 1339 1796 insertis
1359 1762 1475 1796 litteris
1495 1762 1681 1806 apostolicis
1706 1763 1899 1797 continetur.
1923 1762 1960 1797 Et

1212 1815 1251 1848 ad
1272 1816 1429 1850 maiorem
1456 1816 1614 1850 cautelam
1629 1844 1636 1857 ‚
1660 1816 1934 1861 comparisionem
1947 1844 1955 1859 ,

1212 1869 1401 1913 petitionem
1423 1875 1454 1903 et
1474 1869 1673 1903 oblationem
1694 1880 1753 1914 per
1776 1870 1960 1914 praedictos

1971 214 2020 242 An.
2040 214 2097 244 c.1
2116 221 2158 250 '52'-

1995 597 2118 621 Ratiticatio
2130 610 2131 617 κ

1969 629 2012 651 qua
2027 624 2048 646 in
2061 624 2100 647 rub
2111 624 2133 630 ''

430 1923 594 1957 decretum
609 1922 680 1956 fieri
698 1929 729 1956 et
746 1923 943 1967 promulgari
962 1923 1174 1963 obtinuerint,
1212 1929 1439 1966 procuratores
1459 1928 1586 1957 nostros
1604 1924 1714 1964 saetas,
1727 1923 1959 1968 decretumque

430 1982 461 2010 et
486 1977 517 2010 in
544 1977 795 2021 exequutionem
823 1982 853 2010 et
886 1976 1175 2021 adimplementum
1212 1986 1229 2008 a
1250 1976 1428 2020 praelibato
1449 1976 1658 2010 Sanctissimo
1678 1977 1713 2011 D.
1737 1976 1853 2010 Nostro
1873 1976 1960 2021 Papa

429 2030 505 2064 dicti
527 2030 648 2064 decreti
667 2030 814 2064 haereses
832 2035 863 2063 et
880 2040 1009 2064 errores
1022 2040 1134 2064 omnes
1146 2031 1176 2064 in
1212 2030 1352 2074 desuper
1371 2030 1471 2064 latum
1487 2058 1494 2071 ‚
1519 2030 1825 2075 abiurationemque
1844 2035 1878 2065 et
1896 2030 1955 2065 de-

428 2083 558 2128 scriptis
575 2083 718 2125 legitime
731 2083 951 2116 abiurarerint
971 2094 1007 2117 ac
1028 2084 1175 2118 detestati
1194 2114 1195 2128 ,
1213 2083 1415 2118 testationem
1440 2083 1627 2128 quorumvis
1655 2083 1824 2118 haeresum
1848 2088 1880 2118 et
1902 2093 1955 2117 er-

429 2137 560 2178 t'uerint,
575 2137 809 2181 professionem
821 2143 948 2170 sanctae
970 2137 1045 2170 fidei
1067 2138 1177 2172 catho-
1213 2149 1335 2179 rorum,
1359 2148 1396 2171 ac
1415 2143 1543 2172 sanctae
1573 2137 1750 2172 catholicae
1776 2136 1851 2171 fidei
1881 2145 1958 2181 pro-

429 2189 510 2224 licae
530 2190 712 2230 emiserint;
733 2196 764 2223 et
784 2190 964 2224 successive
986 2190 1070 2224 idem
1092 2191 1173 2225 San-
1211 2192 1380 2225 sessionem
1411 2202 1470 2236 per
1500 2192 1631 2225 eosdem
1657 2195 1884 2235 procuratores
1904 2190 1954 2223 sa-

430 2244 591 2277 ctissimus
621 2244 656 2278 D.
687 2243 801 2277 Noster
827 2244 912 2288 Papa
932 2250 1034 2278 certas
1059 2245 1173 2289 poeni·
1211 2252 1293 2286 ctas,
1317 2256 1353 2279 ac
1372 2245 1555 2279 iuramenta
1575 2254 1800 2289 quaecumque
1820 2243 1959 2288 desuper

431 2297 546 2330 tentias
575 2303 605 2331 et
637 2298 788 2331 mandata
809 2297 902 2330 nobis
923 2297 1117 2338 iniunxerit,
1141 2299 1177 2331 il-
1192 2272 1195 2312 ἡ
1211 2298 1382 2343 praestita,
1406 2308 1532 2332 necnon
1554 2298 1705 2331 mandata
1725 2302 1757 2331 et
1781 2295 1954 2341 poeniten-

430 2349 540 2394 lasque
561 2356 594 2384 et
610 2350 664 2383 illa
685 2350 782 2384 iidem
815 2355 1044 2395 procuratores
1075 2351 1174 2385 nostri
1213 2352 1270 2385 tias
1300 2362 1358 2396 per
1378 2352 1528 2386 eumdem
1559 2351 1612 2385 SS.
1635 2350 1670 2385 D.
1694 2350 1729 2384 N.
1754 2350 1872 2394 Papam
1893 2359 1954 2384 no-

430 2404 686 2448 acceptaverint,
721 2410 752 2437 et
783 2405 867 2438 bona
899 2405 962 2438 fide
992 2416 1120 2439 servare
1147 2411 1177 2439 et
1211 2405 1259 2439 bis
1280 2405 1439 2439 iniunctas
1463 2411 1493 2439 et
1520 2404 1682 2445 iniuncta,
1708 2403 1904 2447 illorumque
1925 2407 1957 2437 et

430 2457 628 2501 adimplere,
652 2464 682 2491 et
713 2459 801 2503 quod
832 2469 889 2492 nos
914 2466 1002 2501 gesta
1034 2465 1064 2493 et
1094 2469 1172 2504 pro·
1211 2459 1339 2493 illarum
1354 2459 1612 2504 acceptationem
1634 2464 1665 2492 et
1685 2458 1954 2499 observationem,

432 2510 527 2543 missa
548 2522 605 2555 per
625 2522 679 2544 eos
701 2512 936 2546 ratificaremus
956 2519 987 2547 et
1007 2513 1172 2557 approba·
1211 2513 1459 2556 promissionem
1481 2518 1512 2547 et
1533 2513 1714 2546 iuramenta
1731 2520 1957 2557 quaecumque

433 2573 551 2601 remuS.
575 2564 795 2607 promiserint,
816 2571 913 2609 prout
944 2565 1038 2599 latius
1067 2565 1171 2599 conti·
1209 2567 1347 2611 desuper
1360 2566 1511 2611 praestita
1524 2576 1623 2610 super
1636 2565 1764 2600 ittorum
1778 2570 1809 2599 et
1823 2564 1952 2598 illarum

432 2621 527 2651 netur
547 2616 578 2650 in
600 2617 713 2651 litteris
732 2619 915 2662 apostolicis
936 2619 1076 2664 desuper
1095 2629 1172 2653 con·
1188 2591 1193 2663 Ι
1208 2620 1452 2659 observatione.
1475 2619 1779 2663 absolutionemque
1803 2617 1878 2653 inde
1899 2627 1951 2652 se-
