2253 3195
254 229 305 255 An.
323 228 352 255 C.
371 228 434 256 1601

284 1087 307 1108 Et
325 1087 441 1108 Parorhias

258 1115 328 1140 erigit.

485 218 549 252 744

452 287 512 321 pro
533 287 598 310 uno
619 276 861 312 archidiacono.
875 275 928 319 qui
950 280 1046 319 caput
1068 275 1198 319 capituli

453 330 598 363 eiusdem
624 329 778 362 ecclesiae
798 328 898 362 Castri
930 328 1034 361 Plebis
1063 328 1218 377 existat,l

453 389 482 417 et
513 383 590 416 inibi
624 383 762 426 praesit,
786 393 822 415 ac
848 388 912 415 tres
940 381 1149 415 canonicatus
1169 381 1217 415 eti

453 437 586 470 totidem
607 447 658 479 Pl
649 436 811 469 aebendas
825 445 884 479 pro
899 440 928 467 tr
932 435 1003 467 ibus
1018 433 1195 471 canonicis,

450 490 536 522 ultra
550 489 694 533 quinque
712 489 792 522 alios
806 488 980 521 canonicos
999 487 1118 521 ibidem
1134 487 1200 519 exi-

452 548 582 583 stentes,
607 541 661 585 qui
683 551 796 574 omnes
817 541 946 574 insimul
969 551 1032 573 una
1058 551 1130 573 cmn
1153 526 1218 573 ‹ti-¹

453 602 503 629 cto
535 595 764 629 archidiacono
797 595 974 639 capitulum
1012 594 1199 627 huiusmodi

453 649 659 687 constituant,
680 655 711 683 et
731 649 815 694 apud
838 649 938 693 ipsam
960 649 1128 682 ecclesiam
1142 648 1218 682 Ca-

453 703 509 736 stri
531 703 636 737 Plebis
657 703 873 747 personaliter
900 702 1072 736 residendo
1104 702 1218 736 boras·

455 756 627 790 canonicas
644 762 707 789 tam
729 756 862 790 diurnas
886 767 984 800 quam
1007 761 1197 795 nocturnas,

455 810 583 853 aliaque
596 809 704 842 diviua
724 809 828 843 officia
845 815 968 843 servata
986 809 1201 843 ecclesiastica

456 863 626 908 disciplina
647 864 812 897 celebrare
834 870 861 897 et
890 864 1043 905 recitare,
1067 874 1103 896 ac
1124 863 1202 897 alias

456 918 502 950 illi
523 917 554 950 in
577 918 692 951 [lirinis
712 918 920 952 landabiliter
952 918 1112 951 deservire
1141 918 1198 951 de-

456 971 564 1004 beant.

501 1025 562 1067 38.
576 1025 745 1059 Praeterea
759 1025 1060 1058 confraternitatum
1074 1030 1203 1058 sanctae

456 1079 574 1112 Mariae
599 1079 754 1112 Alborum
776 1084 1050 1123 nuncupatorum,
1074 1085 1101 1112 et
1124 1089 1200 1112 san-

457 1132 590 1166 ctissimi
618 1133 765 1166 Nominis
791 1134 879 1170 Iesu,
904 1143 1031 1166 necnon
1060 1133 1090 1166 S.
1119 1132 1202 1165 Petri

457 1186 619 1227 ecclesias,
642 1185 738 1219 ctiam
760 1186 859 1220 Castri
881 1186 998 1223 Plebis,
1015 1186 1053 1219 de
1068 1186 1203 1219 dilecto-

457 1250 530 1273 rum
557 1240 699 1273 liliorum
722 1240 955 1273 modert'lorum
979 1239 1105 1272 illarum
1128 1249 1205 1272 con-

458 1293 593 1326 fratrum
623 1299 803 1329 consensu.
827 1292 921 1325 salvis
951 1298 1057 1326 tamen
1090 1303 1203 1325 cortun

459 1346 594 1385 iuribus,
619 1346 649 1379 in
670 1346 872 1390 parochiales
893 1346 1043 1380 ecclesias
1068 1356 1128 1390 pro
1147 1345 1223 1379 tri-i

459 1400 518 1433 bus
544 1400 671 1433 illarum
694 1399 808 1433 suturis
830 1399 1204 1440 rectorilms‚necn0nin

459 1454 605 1498 prioratu
633 1465 688 1487 seu
710 1454 843 1488 eeclesia
872 1456 918 1487 ss.
951 1454 1036 1488 Petri
1064 1460 1094 1487 et
1115 1454 1204 1488 Pauli

457 1507 644 1541 huiusmodi
684 1518 780 1541 unam
817 1508 968 1541 vicariam
985 1535 992 1546 ,
1024 1508 1204 1552 prioratum

458 1561 732 1605 nuncupandam,
762 1571 822 1606 pro
852 1571 917 1594 uno
946 1561 1066 1595 vicario
1098 1560 1206 1605 priore

458 1615 695 1659 nuncupando,
719 1621 748 1648 et
771 1626 867 1648 unam
890 1615 1102 1659 capellaniam
1131 1625 1205 1659 pet-

459 1673 571 1711 petuas
593 1679 652 1712 pro
673 1678 738 1702 uno
759 1669 928 1712 capellano
949 1668 1126 1712 perpetuis,
1150 1668 1205 1712 qui

459 1732 572 1756 omnes
593 1722 655 1755 sint
677 1722 707 1755 in
729 1722 968 1767 presbyteratus
993 1722 1126 1763 ordine,
1150 1732 1206 1756 seu

460 1775 514 1808 tali
536 1781 639 1809 aetate
659 1776 836 1817 constituti,
861 1782 895 1809 ut
915 1776 954 1809 ad
977 1775 1066 1809 illum
1092 1775 1204 1820 proxi-

460 1829 520 1862 mis
541 1829 615 1863 inde
638 1829 838 1877 temporibus
858 1839 875 1862 a
897 1828 965 1862 iure
985 1829 1113 1862 statutis
1133 1839 1207 1873 pro-

460 1882 582 1915 moveri
605 1882 742 1926 possint,
764 1893 800 1915 ac
827 1887 968 1916 rectores
997 1882 1157 1919 videlicet.
1179 1888 1206 1915 et

460 1935 598 1969 vicarius
618 1936 684 1969 suis
703 1935 880 1980 respective
909 1935 1065 1969 ecclesiiis
1095 1936 1208 1969 huius-

461 1989 549 2023 modi
571 2000 678 2034 perse
701 1988 785 2033 ipsos
808 1988 838 2021 iu
861 1988 975 2021 divinis
996 1989 1157 2022 ‹lescrrirc
1179 1994 1206 2022 et

462 2054 571 2077 curaui
600 2043 782 2076 animarum
805 2054 914 2076 varum
935 2042 1207 2087 parochianorum

462 2108 520 2141 pro
539 2103 684 2141 ternpore
705 2096 907 2130 existentium
923 2107 1084 2135 exercere,
1098 2107 1134 2130 ac
1149 2096 1210 2130 illis

462 2151 677 2185 ecclesiastica
695 2157 896 2185 sacramenta
915 2150 1206 2188 111311is1=·a1·0,-ca0-

464 2210 596 2248 teraque
626 2204 823 2249 parochialia
855 2214 952 2237 onera
974 2209 1002 2236 ct
1025 2203 1131 2236 ollicia
1151 2214 1207 2236 su-

464 2257 544 2296 bire,
568 2258 753 2302 capellanus
776 2268 850 2290 vcro
873 2257 976 2301 ipsum
1000 2256 1155 2289 vic-arium
1179 2256 1208 2288 iu

464 2311 625 2355 prioratus
646 2323 701 2345 seu
723 2311 878 2345 ecclesias·
895 2312 941 2344 Ss.
964 2312 1047 2345 I'etri
1071 2317 1098 2344 et
1122 2311 1209 2345 l'auli

464 2366 648 2399 buius-molli
677 2365 829 2402 servitio,
853 2377 888 2397 ac
911 2376 1006 2398 curae
1027 2365 1210 2399 attimar-um

465 2419 548 2451 illius
562 2418 835 2463 parochianorum
853 2418 1004 2452 exercitio
1018 2418 1208 2452 missarum-

463 2483 525 2515 que
551 2472 768 2505 celebratione
799 2471 1009 2509 sonaim-nrm
1033 2473 1212 2505 confratres

465 2530 571 2557 autem
594 2525 748 2569 praedio-ti
765 2525 794 2558 iu
812 2525 887 2569 ipsis
908 2525 1148 2570 parochialibus
1161 2536 1212 2555 ec-

465 2577 580 2615 etesiis,
607 2578 636 2610 in
659 2578 775 2621 quibus
793 2589 906 2611 eorum
933 2577 1213 2611 ‹·onl't·at‹.·rttitates

465 2637 536 2663 sttut
561 2631 735 2667 institutae,
759 2643 915 2674 cipi-usas
936 2643 994 2675 pru
1015 2631 1160 2665 custodia
1182 2626 1231 2665 etl

1037 227 1221 251 animumn
1243 227 1396 251 noufflun

1216 276 1218 290 ³
1235 275 1324 308 cultu
1344 274 1396 308 SS.
1417 273 1617 308 Sacramenti
1637 272 1833 307 necessarias
1854 274 1976 314 facere,

1215 493 1396 556 2piaestare
1418 493 1447 520 et
1465 487 1713 520 subministrare
1735 492 1923 527 teneantur,
1944 497 1980 520 o-

1233 327 1436 371 singulisque
1468 327 1594 360 illarum
1634 326 1816 360 rectoribus
1854 332 1978 360 tantum

1233 387 1389 425 quantum
1411 392 1469 425 pro
1490 381 1606 422 missis,
1627 386 1655 414 ct
1677 380 1748 414 aliis
1768 380 1883 414 divinis
1902 380 1976 413 offi—

1234 434 1290 468 ciis
1311 434 1512 477 celebrandis
1540 444 1702 478 exponere
1729 433 1952 467 consueverint
1969 461 1976 474 ,

1234 541 1358 574 mnium
1386 553 1462 576 vero
1487 542 1736 576 canonicatuum
1759 547 1790 576 et
1813 542 1976 600 praeben·
2126 577 2134 584 μ

1235 595 1361 635 darum,
1385 606 1420 629 ac
1441 595 1676 640 parochialium
1699 595 1908 629 ecclesiarum
1928 594 1978 626 vi·
2047 603 2135 641 Quo,

1217 649 1340 682 cariae
1361 655 1389 682 et
1411 649 1609 693 capellaniae
1629 648 1826 690 huiusmodi,
1850 648 1980 681 illorum
1994 631 2120 689 iffiiissay·

1234 703 1399 736 vacatione
1419 713 1478 746 pto
1499 708 1645 747 tempore
1665 708 1869 743 occurrente
1883 702 1982 736 colla·
1995 684 2107 707 munnam

1237 755 1291 796 tio,
1314 755 1456 800 provisio
1477 761 1507 789 et
1528 756 1717 790 omnimoda
1743 755 1913 800 dispositio
1940 748 1981 788 ad

1236 809 1357 843 dictum
1379 809 1566 853 episcopum
1588 809 1688 844 Castri
1706 809 1812 843 Plebis
1829 819 1888 853 pro
1902 816 1982 842 tent-

1235 873 1315 907 porc
1340 863 1547 903 existentem,
1568 863 1767 897 cessantibus
1792 862 1983 897 reservatio-

1236 917 1331 950 nibus
1351 917 1554 960 apostolicis,
1579 917 1686 961 quoad
1706 915 1912 961 parochiales
1929 927 1982 950 ec-

1237 970 1350 1004 clesias
1369 970 1534 1012 videlicet,
1559 976 1590 1004 et
1609 970 1762 1004 ricarium
1796 969 1982 1004 huiusmodi

1239 1025 1268 1057 in
1289 1035 1466 1065 concursu,
1487 1030 1610 1057 serrata
1632 1024 1734 1057 forma
1755 1023 1886 1058 Concilii
1907 1022 1980 1056 Tri-

1238 1077 1372 1116 demini,
1389 1077 1559 1121 pertineat.

1283 1133 1299 1173 ἓ
1321 1131 1351 1165 9.
1364 1132 1536 1165 Praeterea
1556 1142 1656 1176 prope.
1675 1131 1793 1165 dictam
1815 1131 1983 1165 ecclesiam
1998 1135 2128 1186 ..anull-⁵2⁶0}

1238 1186 1336 1220 Castri
1358 1186 1475 1226 Plebis,
1499 1187 1546 1220 vel
1580 1186 1611 1219 in
1640 1186 1749 1230 aliquo
1781 1184 1984 1220 convenienti
1998 1191 2092 1214 umnau.
2113 1180 2134 1197 ³

1238 1241 1310 1274 loco
1331 1241 1371 1274 ad
1393 1240 1423 1273 id
1445 1251 1462 1273 a
1490 1240 1597 1274 futuro
1627 1239 1713 1273 illius
1744 1239 1894 1283 praesule
1911 1238 1981 1279 Veli-

1239 1294 1359 1337 gendo.
1383 1304 1483 1327 unum
1505 1293 1713 1327 seminarium
1733 1292 2002 1326 ecclesiasticum‘

1239 1357 1416 1391 puerorum
1435 1346 1570 1380 civitatis
1590 1351 1621 1379 et
1635 1345 1791 1380 dioecesis
1803 1345 1903 1380 Castri
1915 1345 1986 1378 Pte-

1239 1400 1287 1434 bis
1312 1399 1497 1433 buiusmodi
1519 1399 1550 1432 in
1572 1410 1621 1437 eo,
1646 1399 1731 1433 iuxta
1751 1399 1886 1433 sormam
1908 1398 1984 1432 dicti

1239 1453 1372 1489 Concilii
1386 1453 1576 1489 Tridentini.
1590 1453 1914 1493 introducendorum,
1930 1462 1987 1485 au-

1240 1507 1386 1540 ctoritate
1411 1512 1439 1540 ct
1472 1512 1584 1540 tenore
1617 1505 1811 1550 praedictis,
1838 1504 1987 1539 similiter

1240 1566 1397 1605 perpetuo
1418 1559 1571 1602 erigimus
1592 1565 1623 1593 et
1643 1559 1850 1593 instituimus.

1286 1615 1302 1656 g
1324 1612 1377 1646 10.
1394 1614 1524 1646 Necnon
1537 1613 1576 1646 ab
1595 1612 1730 1646 ccclesia
1746 1612 1845 1646 Castri
1864 1611 1982 1654 Plebis,
1999 1647 2032 1667 m
2011 1617 2132 1667 ‘mangi-

1241 1679 1276 1702 ac
1299 1668 1401 1701 tribus
1430 1667 1515 1701 illius
1536 1667 1700 1701 canonicis
1720 1672 1752 1701 et
1771 1667 1898 1700 duobus
1926 1677 1982 1700 ca·
1999 1671 2098 1720 'ellffisft
2110 1673 2136 1703 ’ς

1241 1721 1377 1766 pellanis
1390 1733 1436 1766 pr
1431 1721 1541 1755 aesatis
1555 1721 1776 1755 omnimodam
1789 1731 1848 1754 cur
1849 1731 1900 1754 atn
1915 1719 1987 1754 ani—

1243 1786 1369 1808 marum
1390 1774 1681 1819 parochianormn‚
1703 1774 1858 1818 iuraque,
1881 1773 1988 1808 officia

1242 1835 1271 1863 et
1291 1829 1442 1862 exercitia
1455 1828 1652 1873 parochialia
1670 1827 1819 1862 universa
1836 1837 1900 1861 una
1913 1837 1987 1862 cum

1244 1882 1320 1927 ipsis
1352 1873 1576 1926 parochianis,
1608 1887 1636 1915 et
1665 1882 1773 1925 quoad
1803 1891 1860 1915 ccc
1885 1881 1994 1915 'staria

1243 1936 1333 1978 grani
1365 1946 1523 1969 summam
1557 1946 1596 1969 Lx
1627 1935 1818 1969 ducatorum
1842 1934 1914 1968 auri
1949 1934 1990 1968 de

1243 1991 1386 2028 Camcra,
1398 1990 1446 2022 rel
1460 1989 1555 2025 riri-a.
1568 1988 1797 2022 constituentia
1806 1987 1986 2028 annuatim,

1244 2049 1278 2076 ut
1311 2043 1405 2076 ctiam
1443 2042 1647 2087 accepimus,
1672 2041 1824 2076 omnibus
1855 2041 1991 2076 decimis

1246 2108 1302 2141 per
1325 2097 1446 2130 incolas
1467 2102 1493 2129 ct
1518 2095 1716 2129 habitatores
1737 2095 1872 2129 civitatis
1891 2094 1990 2130 Castri
2006 2115 2013 2123 ·

1245 2150 1349 2184 Plebis
1363 2149 1548 2183 huiusmodi
1559 2155 1586 2183 et
1604 2149 1688 2182 illius
1703 2148 1855 2182 territorii
1869 2147 1990 2183 eisdem

1247 2204 1348 2237 tribus
1379 2203 1560 2243 canonicis,
1585 2210 1615 2236 ct
1640 2194 1767 2236 duobus
1791 2201 1987 2246 capellanis,

1247 2258 1370 2292 ratione
1392 2257 1533 2300 exercitii
1555 2267 1651 2290 rurae
1671 2256 1852 2290 animarum
1874 2255 1989 2290 huius-

1247 2312 1347 2349 modi.
1368 2311 1446 2345 son-i
1467 2311 1569 2344 solitis
1586 2309 1784 2349 sondemus,
1801 2309 1991 2344 auctoritate

1246 2372 1273 2399 et
1299 2371 1410 2399 tenore
1431 2364 1601 2405 similibus,
1622 2363 1743 2408 pariter
1760 2361 1916 2408 perpetuo
1936 2362 2008 2396 ab·-

1246 2418 1404 2457 dinanius,
1429 2428 1604 2461 curzuuque
1624 2416 1819 2456 animarum,
1843 2427 1878 2449 ac
1899 2415 1989 2457 iura,

1246 2471 1352 2505 officia
1373 2477 1401 2504 ct
1424 2470 1572 2504 exercitia
1601 2469 1798 2514 parochialia
1825 2469 1869 2503 sic
1898 2467 1991 2503 abdi-

1246 2530 1316 2558 cata
1348 2535 1420 2557 rum
1454 2523 1574 2557 eisdem
1612 2522 1758 2567 personis
1789 2522 1828 2556 ad
1856 2522 1991 2555 Sanctae

1246 2577 1362 2612 Mariae
1385 2577 1553 2615 :llboruun
1576 2581 1604 2609 et
1626 2574 1824 2609 Sanctissimi
1845 2572 1991 2608 Nominis

1248 2630 1339 2670 lesu,
1375 2640 1498 2663 necnon
1531 2629 1630 2663 sancti
1661 2627 1745 2662 Petri
1779 2626 1928 2661 ecclesias
1959 2626 1990 2660 in

1991 224 2044 251 An.
2060 224 2090 252 c.
2105 226 2138 267 ι]
2163 256 2166 257 ⁷
2195 206 2197 233 ³
