<?xml version="1.0" encoding="UTF-8"?>
<!DOCTYPE html PUBLIC "-//W3C//DTD XHTML 1.0 Transitional//EN"
    "http://www.w3.org/TR/xhtml1/DTD/xhtml1-transitional.dtd">
<html xmlns="http://www.w3.org/1999/xhtml" xml:lang="en" lang="en">
 <head>
  <title>
</title>
<meta http-equiv="Content-Type" content="text/html;charset=utf-8" />
  <meta name='ocr-system' content='tesseract 3.04.00' />
  <meta name='ocr-capabilities' content='ocr_page ocr_carea ocr_par ocr_line ocrx_word'/>
</head>
<body>
  <div class='ocr_page' id='page_1' title='image "./bullarumdiplomat10cath_0438.png"; bbox 0 0 2253 3195; ppageno 0'>
   <div class='ocr_carea' id='block_1_1' title="bbox 257 236 553 273">
    <p class='ocr_par' dir='ltr' id='par_1_1' title="bbox 257 236 553 273">
     <span class='ocr_line' id='line_1_1' title="bbox 257 236 553 273; baseline -0.003 -3"><span class='ocrx_word' id='word_1_1' title='bbox 257 244 307 271; x_wconf 72' lang='lat' dir='ltr'>An.</span> <span class='ocrx_word' id='word_1_2' title='bbox 324 243 353 272; x_wconf 92' lang='lat' dir='ltr'>c.</span> <span class='ocrx_word' id='word_1_3' title='bbox 375 245 443 273; x_wconf 80' lang='lat'>¹597</span> <span class='ocrx_word' id='word_1_4' title='bbox 489 236 553 270; x_wconf 77' lang='lat'>394</span> 
     </span>
    </p>
   </div>
   <div class='ocr_carea' id='block_1_2' title="bbox 256 942 440 1043">
    <p class='ocr_par' dir='ltr' id='par_1_2' title="bbox 256 942 440 1043">
     <span class='ocr_line' id='line_1_2' title="bbox 315 942 439 968; baseline -0.008 -5"><span class='ocrx_word' id='word_1_5' title='bbox 315 942 439 968; x_wconf 53' lang='lat' dir='ltr'>expeditum</span> 
     </span>
     <span class='ocr_line' id='line_1_3' title="bbox 257 970 440 990; baseline 0.005 -1"><span class='ocrx_word' id='word_1_6' title='bbox 257 970 332 990; x_wconf 73' lang='lat' dir='ltr'>demde</span> <span class='ocrx_word' id='word_1_7' title='bbox 354 970 440 990; x_wconf 76' lang='lat' dir='ltr'>manda-</span> 
     </span>
     <span class='ocr_line' id='line_1_4' title="bbox 257 996 439 1016; baseline 0 0"><span class='ocrx_word' id='word_1_8' title='bbox 257 1000 298 1016; x_wconf 74' lang='lat' dir='ltr'>tum</span> <span class='ocrx_word' id='word_1_9' title='bbox 309 996 334 1016; x_wconf 75' lang='lat' dir='ltr'>de</span> <span class='ocrx_word' id='word_1_10' title='bbox 343 996 439 1016; x_wconf 72' lang='lat' dir='ltr'>intiman-</span> 
     </span>
     <span class='ocr_line' id='line_1_5' title="bbox 256 1024 345 1043; baseline -0.011 0"><span class='ocrx_word' id='word_1_11' title='bbox 256 1024 294 1043; x_wconf 82' lang='lat' dir='ltr'>do.</span> <span class='ocrx_word' id='word_1_12' title='bbox 311 1026 345 1042; x_wconf 69' lang='lat' dir='ltr'>rte.</span> 
     </span>
    </p>
   </div>
   <div class='ocr_carea' id='block_1_3' title="bbox 455 290 1202 918">
    <p class='ocr_par' dir='ltr' id='par_1_3' title="bbox 455 290 1202 866">
     <span class='ocr_line' id='line_1_6' title="bbox 456 290 1198 334; baseline -0.005 -7"><span class='ocrx_word' id='word_1_13' title='bbox 456 305 493 327; x_wconf 89' lang='lat' dir='ltr'>ac</span> <span class='ocrx_word' id='word_1_14' title='bbox 510 295 628 327; x_wconf 86' lang='lat' dir='ltr'>dictam</span> <span class='ocrx_word' id='word_1_15' title='bbox 649 293 764 326; x_wconf 85' lang='lat' dir='ltr'>Sedem</span> <span class='ocrx_word' id='word_1_16' title='bbox 785 299 813 324; x_wconf 91' lang='lat' dir='ltr'>et</span> <span class='ocrx_word' id='word_1_17' title='bbox 840 292 1004 324; x_wconf 87' lang='lat' dir='ltr'>Cameram</span> <span class='ocrx_word' id='word_1_18' title='bbox 1037 290 1198 334; x_wconf 83' lang='lat' dir='ltr'>Apostoli-</span> 
     </span>
     <span class='ocr_line' id='line_1_7' title="bbox 457 345 1200 390; baseline -0.005 -9"><span class='ocrx_word' id='word_1_19' title='bbox 457 359 538 386; x_wconf 87' lang='lat' dir='ltr'>cam‚</span> <span class='ocrx_word' id='word_1_20' title='bbox 559 354 589 380; x_wconf 91' lang='lat' dir='ltr'>et</span> <span class='ocrx_word' id='word_1_21' title='bbox 613 357 673 390; x_wconf 86' lang='lat' dir='ltr'>pro</span> <span class='ocrx_word' id='word_1_22' title='bbox 693 346 739 379; x_wconf 88' lang='lat' dir='ltr'>eis</span> <span class='ocrx_word' id='word_1_23' title='bbox 760 346 863 378; x_wconf 88' lang='lat' dir='ltr'>dictos</span> <span class='ocrx_word' id='word_1_24' title='bbox 883 345 1143 378; x_wconf 79' lang='lat' dir='ltr'>commissarium</span> <span class='ocrx_word' id='word_1_25' title='bbox 1169 350 1200 377; x_wconf 92' lang='lat' dir='ltr'>et</span> 
     </span>
     <span class='ocr_line' id='line_1_8' title="bbox 456 398 1196 445; baseline -0.004 -11"><span class='ocrx_word' id='word_1_26' title='bbox 456 406 699 445; x_wconf 84' lang='lat' dir='ltr'>procuratorem</span> <span class='ocrx_word' id='word_1_27' title='bbox 725 399 889 436; x_wconf 83' lang='lat' dir='ltr'>fiscalem,</span> <span class='ocrx_word' id='word_1_28' title='bbox 913 399 961 432; x_wconf 85' lang='lat' dir='ltr'>vel</span> <span class='ocrx_word' id='word_1_29' title='bbox 988 399 1027 431; x_wconf 92' lang='lat' dir='ltr'>ab</span> <span class='ocrx_word' id='word_1_30' title='bbox 1053 398 1098 432; x_wconf 89' lang='lat' dir='ltr'>eis</span> <span class='ocrx_word' id='word_1_31' title='bbox 1117 398 1196 431; x_wconf 89' lang='lat' dir='ltr'>sub-</span> 
     </span>
     <span class='ocr_line' id='line_1_9' title="bbox 456 450 1199 495; baseline -0.004 -9"><span class='ocrx_word' id='word_1_32' title='bbox 456 453 582 486; x_wconf 87' lang='lat' dir='ltr'>stitutos</span> <span class='ocrx_word' id='word_1_33' title='bbox 612 453 660 486; x_wconf 82' lang='lat' dir='ltr'>vel</span> <span class='ocrx_word' id='word_1_34' title='bbox 690 452 932 485; x_wconf 73' lang='lat' dir='ltr'>substituendos</span> <span class='ocrx_word' id='word_1_35' title='bbox 961 451 1143 495; x_wconf 87' lang='lat' dir='ltr'>praedictos</span> <span class='ocrx_word' id='word_1_36' title='bbox 1168 450 1199 483; x_wconf 88' lang='lat' dir='ltr'>in</span> 
     </span>
     <span class='ocr_line' id='line_1_10' title="bbox 455 503 1196 548; baseline -0.003 -11"><span class='ocrx_word' id='word_1_37' title='bbox 455 505 689 548; x_wconf 86' lang='lat' dir='ltr'>possessionem</span> <span class='ocrx_word' id='word_1_38' title='bbox 712 505 897 538; x_wconf 89' lang='lat' dir='ltr'>huiusmodi</span> <span class='ocrx_word' id='word_1_39' title='bbox 919 504 1060 542; x_wconf 79' lang='lat' dir='ltr'>immitti,</span> <span class='ocrx_word' id='word_1_40' title='bbox 1078 503 1196 543; x_wconf 88' lang='lat' dir='ltr'>induci,</span> 
     </span>
     <span class='ocr_line' id='line_1_11' title="bbox 456 557 1196 598; baseline 0.001 -9"><span class='ocrx_word' id='word_1_41' title='bbox 456 569 511 590; x_wconf 88' lang='lat' dir='ltr'>seu</span> <span class='ocrx_word' id='word_1_42' title='bbox 536 558 700 598; x_wconf 86' lang='lat' dir='ltr'>associari,</span> <span class='ocrx_word' id='word_1_43' title='bbox 724 568 761 590; x_wconf 88' lang='lat' dir='ltr'>ac</span> <span class='ocrx_word' id='word_1_44' title='bbox 782 558 943 590; x_wconf 87' lang='lat' dir='ltr'>immissos</span> <span class='ocrx_word' id='word_1_45' title='bbox 969 564 1000 590; x_wconf 92' lang='lat' dir='ltr'>et</span> <span class='ocrx_word' id='word_1_46' title='bbox 1026 557 1196 596; x_wconf 80' lang='lat' dir='ltr'>inductos,</span> 
     </span>
     <span class='ocr_line' id='line_1_12' title="bbox 455 604 1201 651; baseline -0.001 -8"><span class='ocrx_word' id='word_1_47' title='bbox 455 621 512 643; x_wconf 86' lang='lat' dir='ltr'>seu</span> <span class='ocrx_word' id='word_1_48' title='bbox 531 611 704 644; x_wconf 74' lang='lat' dir='ltr'>associatos</span> <span class='ocrx_word' id='word_1_49' title='bbox 729 611 858 644; x_wconf 80' lang='lat' dir='ltr'>defendi</span> <span class='ocrx_word' id='word_1_50' title='bbox 886 616 917 643; x_wconf 93' lang='lat' dir='ltr'>et</span> <span class='ocrx_word' id='word_1_51' title='bbox 942 604 1147 651; x_wconf 83' lang='lat' dir='ltr'>conservari,</span> <span class='ocrx_word' id='word_1_52' title='bbox 1170 615 1201 642; x_wconf 90' lang='lat' dir='ltr'>et</span> 
     </span>
     <span class='ocr_line' id='line_1_13' title="bbox 455 663 1202 707; baseline -0.001 -11"><span class='ocrx_word' id='word_1_53' title='bbox 455 664 678 707; x_wconf 87' lang='lat' dir='ltr'>supradictum</span> <span class='ocrx_word' id='word_1_54' title='bbox 698 664 864 697; x_wconf 84' lang='lat' dir='ltr'>Caesarem</span> <span class='ocrx_word' id='word_1_55' title='bbox 891 664 1056 703; x_wconf 90' lang='lat' dir='ltr'>amoveri,</span> <span class='ocrx_word' id='word_1_56' title='bbox 1077 663 1148 696; x_wconf 86' lang='lat' dir='ltr'>eiici</span> <span class='ocrx_word' id='word_1_57' title='bbox 1171 668 1202 695; x_wconf 88' lang='lat' dir='ltr'>et</span> 
     </span>
     <span class='ocr_line' id='line_1_14' title="bbox 456 717 1197 761; baseline -0.001 -11"><span class='ocrx_word' id='word_1_58' title='bbox 456 717 570 760; x_wconf 83' lang='lat' dir='ltr'>expelli</span> <span class='ocrx_word' id='word_1_59' title='bbox 601 718 776 761; x_wconf 79' lang='lat' dir='ltr'>respective</span> <span class='ocrx_word' id='word_1_60' title='bbox 806 718 925 751; x_wconf 82' lang='lat' dir='ltr'>faceret</span> <span class='ocrx_word' id='word_1_61' title='bbox 952 723 984 750; x_wconf 89' lang='lat' dir='ltr'>et</span> <span class='ocrx_word' id='word_1_62' title='bbox 1008 717 1197 755; x_wconf 72' lang='lat' dir='ltr'>mandaret,</span> 
     </span>
     <span class='ocr_line' id='line_1_15' title="bbox 455 770 1201 814; baseline -0.003 -11"><span class='ocrx_word' id='word_1_63' title='bbox 455 776 552 814; x_wconf 90' lang='lat' dir='ltr'>prout</span> <span class='ocrx_word' id='word_1_64' title='bbox 578 771 609 803; x_wconf 90' lang='lat' dir='ltr'>in</span> <span class='ocrx_word' id='word_1_65' title='bbox 642 771 712 803; x_wconf 89' lang='lat' dir='ltr'>aliis</span> <span class='ocrx_word' id='word_1_66' title='bbox 743 771 882 809; x_wconf 86' lang='lat' dir='ltr'>nostris,</span> <span class='ocrx_word' id='word_1_67' title='bbox 906 770 1003 803; x_wconf 87' lang='lat' dir='ltr'>etiam</span> <span class='ocrx_word' id='word_1_68' title='bbox 1035 770 1067 802; x_wconf 93' lang='lat' dir='ltr'>in</span> <span class='ocrx_word' id='word_1_69' title='bbox 1097 770 1201 802; x_wconf 86' lang='lat' dir='ltr'>forma</span> 
     </span>
     <span class='ocr_line' id='line_1_16' title="bbox 456 822 1196 866; baseline 0 -12"><span class='ocrx_word' id='word_1_70' title='bbox 456 822 571 861; x_wconf 88' lang='lat' dir='ltr'>brevis,</span> <span class='ocrx_word' id='word_1_71' title='bbox 588 823 639 856; x_wconf 88' lang='lat' dir='ltr'>die</span> <span class='ocrx_word' id='word_1_72' title='bbox 652 833 675 856; x_wconf 92' lang='lat'>11</span> <span class='ocrx_word' id='word_1_73' title='bbox 694 822 875 856; x_wconf 84' lang='lat' dir='ltr'>decembris</span> <span class='ocrx_word' id='word_1_74' title='bbox 895 822 1052 866; x_wconf 78' lang='lat' dir='ltr'>expeditis</span> <span class='ocrx_word' id='word_1_75' title='bbox 1071 822 1196 855; x_wconf 87' lang='lat' dir='ltr'>litteris.</span> 
     </span>
    </p>

    <p class='ocr_par' dir='ltr' id='par_1_4' title="bbox 501 875 1201 918">
     <span class='ocr_line' id='line_1_17' title="bbox 501 875 1201 918; baseline -0.003 -9"><span class='ocrx_word' id='word_1_76' title='bbox 501 877 517 918; x_wconf 66' lang='grc' dir='ltr'>ἓ</span> <span class='ocrx_word' id='word_1_77' title='bbox 535 875 566 909; x_wconf 91' lang='grc'>8.</span> <span class='ocrx_word' id='word_1_78' title='bbox 590 876 625 909; x_wconf 88' lang='lat' dir='ltr'>Et</span> <span class='ocrx_word' id='word_1_79' title='bbox 646 876 824 909; x_wconf 83' lang='lat' dir='ltr'>successive</span> <span class='ocrx_word' id='word_1_80' title='bbox 845 876 970 909; x_wconf 88' lang='lat' dir='ltr'>dilectis</span> <span class='ocrx_word' id='word_1_81' title='bbox 997 875 1093 908; x_wconf 87' lang='lat' dir='ltr'>etiam</span> <span class='ocrx_word' id='word_1_82' title='bbox 1127 875 1201 907; x_wconf 83' lang='lat' dir='ltr'>titiis</span> 
     </span>
    </p>
   </div>
   <div class='ocr_carea' id='block_1_4' title="bbox 456 926 1219 973">
    <p class='ocr_par' dir='ltr' id='par_1_5' title="bbox 456 926 1219 973">
     <span class='ocr_line' id='line_1_18' title="bbox 456 926 1219 973; baseline -0.001 -11"><span class='ocrx_word' id='word_1_83' title='bbox 456 929 610 972; x_wconf 82' lang='lat' dir='ltr'>magistro</span> <span class='ocrx_word' id='word_1_84' title='bbox 627 929 769 962; x_wconf 87' lang='lat' dir='ltr'>Fabritio</span> <span class='ocrx_word' id='word_1_85' title='bbox 790 929 956 973; x_wconf 77' lang='lat' dir='ltr'>Vemspio,</span> <span class='ocrx_word' id='word_1_86' title='bbox 967 926 1141 972; x_wconf 69' lang='lat' dir='ltr'>&#39;utriusque</span> <span class='ocrx_word' id='word_1_87' title='bbox 1157 928 1200 961; x_wconf 90' lang='lat' dir='ltr'>si-</span> <span class='ocrx_word' id='word_1_88' title='bbox 1217 950 1219 961; x_wconf 63' lang='lat'>1</span> 
     </span>
    </p>
   </div>
   <div class='ocr_carea' id='block_1_5' title="bbox 453 983 1202 1345">
    <p class='ocr_par' dir='ltr' id='par_1_6' title="bbox 453 983 1202 1345">
     <span class='ocr_line' id='line_1_19' title="bbox 455 983 1200 1025; baseline 0 -10"><span class='ocrx_word' id='word_1_89' title='bbox 455 988 610 1025; x_wconf 83' lang='lat' dir='ltr'>gnaturae</span> <span class='ocrx_word' id='word_1_90' title='bbox 631 989 759 1016; x_wconf 86' lang='lat' dir='ltr'>nostrae</span> <span class='ocrx_word' id='word_1_91' title='bbox 779 983 1012 1021; x_wconf 81' lang='lat' dir='ltr'>referendario,</span> <span class='ocrx_word' id='word_1_92' title='bbox 1027 988 1057 1016; x_wconf 87' lang='lat' dir='ltr'>et</span> <span class='ocrx_word' id='word_1_93' title='bbox 1077 983 1200 1016; x_wconf 88' lang='lat' dir='ltr'>littera-</span> 
     </span>
     <span class='ocr_line' id='line_1_20' title="bbox 453 1036 1201 1070; baseline -0.001 0"><span class='ocrx_word' id='word_1_94' title='bbox 453 1047 525 1070; x_wconf 82' lang='lat' dir='ltr'>rum</span> <span class='ocrx_word' id='word_1_95' title='bbox 537 1036 864 1070; x_wconf 76' lang='lat' dir='ltr'>&#39;contradictoriarum</span> <span class='ocrx_word' id='word_1_96' title='bbox 875 1036 1058 1069; x_wconf 78' lang='lat' dir='ltr'>audientiae</span> <span class='ocrx_word' id='word_1_97' title='bbox 1072 1042 1201 1069; x_wconf 89' lang='lat' dir='ltr'>nostrae</span> 
     </span>
     <span class='ocr_line' id='line_1_21' title="bbox 454 1089 1197 1133; baseline -0.001 -10"><span class='ocrx_word' id='word_1_98' title='bbox 454 1089 594 1123; x_wconf 86' lang='lat' dir='ltr'>auditori</span> <span class='ocrx_word' id='word_1_99' title='bbox 610 1116 617 1129; x_wconf 92' lang='lat'>,</span> <span class='ocrx_word' id='word_1_100' title='bbox 637 1099 764 1123; x_wconf 83' lang='lat' dir='ltr'>necnon</span> <span class='ocrx_word' id='word_1_101' title='bbox 793 1089 966 1122; x_wconf 88' lang='lat' dir='ltr'>abbatibus</span> <span class='ocrx_word' id='word_1_102' title='bbox 981 1117 988 1129; x_wconf 98' lang='lat'>,</span> <span class='ocrx_word' id='word_1_103' title='bbox 1011 1089 1176 1133; x_wconf 84' lang='lat' dir='ltr'>prioribus</span> <span class='ocrx_word' id='word_1_104' title='bbox 1190 1117 1197 1127; x_wconf 81' lang='lat'>,</span> 
     </span>
     <span class='ocr_line' id='line_1_22' title="bbox 453 1142 1200 1187; baseline 0 -12"><span class='ocrx_word' id='word_1_105' title='bbox 453 1143 656 1187; x_wconf 84' lang='lat' dir='ltr'>praepositis,</span> <span class='ocrx_word' id='word_1_106' title='bbox 674 1143 815 1180; x_wconf 77' lang='lat' dir='ltr'>decanis,</span> <span class='ocrx_word' id='word_1_107' title='bbox 836 1142 1082 1181; x_wconf 86' lang='lat' dir='ltr'>archidiaconis,</span> <span class='ocrx_word' id='word_1_108' title='bbox 1107 1143 1200 1175; x_wconf 85' lang='lat' dir='ltr'>scho-</span> 
     </span>
     <span class='ocr_line' id='line_1_23' title="bbox 454 1195 1201 1239; baseline 0.001 -12"><span class='ocrx_word' id='word_1_109' title='bbox 454 1195 591 1232; x_wconf 88' lang='lat' dir='ltr'>lasticis,</span> <span class='ocrx_word' id='word_1_110' title='bbox 612 1195 797 1228; x_wconf 87' lang='lat' dir='ltr'>cantoribus</span> <span class='ocrx_word' id='word_1_111' title='bbox 821 1196 906 1238; x_wconf 89' lang='lat' dir='ltr'>(tam</span> <span class='ocrx_word' id='word_1_112' title='bbox 933 1195 1201 1239; x_wconf 85' lang='lat' dir='ltr'>metropolitanae.</span> 
     </span>
     <span class='ocr_line' id='line_1_24' title="bbox 453 1248 1202 1292; baseline 0.003 -12"><span class='ocrx_word' id='word_1_113' title='bbox 453 1253 485 1280; x_wconf 86' lang='lat' dir='ltr'>et</span> <span class='ocrx_word' id='word_1_114' title='bbox 501 1248 746 1289; x_wconf 83' lang='lat' dir='ltr'>cathedralium,</span> <span class='ocrx_word' id='word_1_115' title='bbox 764 1259 861 1292; x_wconf 90' lang='lat' dir='ltr'>quam</span> <span class='ocrx_word' id='word_1_116' title='bbox 879 1249 1138 1291; x_wconf 78' lang='lat' dir='ltr'>collegiatarum)</span> <span class='ocrx_word' id='word_1_117' title='bbox 1151 1260 1202 1282; x_wconf 88' lang='lat' dir='ltr'>ca—</span> 
     </span>
     <span class='ocr_line' id='line_1_25' title="bbox 457 1301 1197 1345; baseline 0 -11"><span class='ocrx_word' id='word_1_118' title='bbox 457 1301 593 1341; x_wconf 88' lang='lat' dir='ltr'>nonicis,</span> <span class='ocrx_word' id='word_1_119' title='bbox 606 1301 910 1345; x_wconf 79' lang='lat' dir='ltr'>parocliialiumque</span> <span class='ocrx_word' id='word_1_120' title='bbox 921 1301 1131 1335; x_wconf 84' lang='lat' dir='ltr'>ecclesiarum</span> <span class='ocrx_word' id='word_1_121' title='bbox 1145 1313 1197 1335; x_wconf 90' lang='lat' dir='ltr'>re-</span> 
     </span>
    </p>
   </div>
   <div class='ocr_carea' id='block_1_6' title="bbox 1036 243 1393 268">
    <p class='ocr_par' dir='ltr' id='par_1_7' title="bbox 1036 243 1393 268">
     <span class='ocr_line' id='line_1_26' title="bbox 1036 243 1393 268; baseline 0.003 -1"><span class='ocrx_word' id='word_1_122' title='bbox 1036 244 1219 268; x_wconf 72' lang='lat' dir='ltr'><strong>BL&#39;LLARIUM</strong></span> <span class='ocrx_word' id='word_1_123' title='bbox 1238 243 1393 268; x_wconf 74' lang='lat' dir='ltr'>ROMANUM</span> 
     </span>
    </p>
   </div>
   <div class='ocr_carea' id='block_1_7' title="bbox 1233 292 1978 496">
    <p class='ocr_par' dir='ltr' id='par_1_8' title="bbox 1233 292 1978 496">
     <span class='ocr_line' id='line_1_27' title="bbox 1233 292 1975 327; baseline 0.003 -4"><span class='ocrx_word' id='word_1_124' title='bbox 1233 297 1283 323; x_wconf 89' lang='lat' dir='ltr'>cta</span> <span class='ocrx_word' id='word_1_125' title='bbox 1303 296 1412 324; x_wconf 89' lang='lat' dir='ltr'>nostra</span> <span class='ocrx_word' id='word_1_126' title='bbox 1431 292 1597 325; x_wconf 87' lang='lat' dir='ltr'>audientia</span> <span class='ocrx_word' id='word_1_127' title='bbox 1612 293 1791 327; x_wconf 85' lang='lat' dir='ltr'>litterarum</span> <span class='ocrx_word' id='word_1_128' title='bbox 1812 293 1975 327; x_wconf 88' lang='lat' dir='ltr'>contradi-</span> 
     </span>
     <span class='ocr_line' id='line_1_28' title="bbox 1234 344 1976 390; baseline 0.004 -13"><span class='ocrx_word' id='word_1_129' title='bbox 1234 344 1421 384; x_wconf 81' lang='lat' dir='ltr'>ctoriarum,</span> <span class='ocrx_word' id='word_1_130' title='bbox 1439 345 1535 378; x_wconf 86' lang='lat' dir='ltr'>etiam</span> <span class='ocrx_word' id='word_1_131' title='bbox 1550 355 1641 378; x_wconf 88' lang='lat' dir='ltr'>more</span> <span class='ocrx_word' id='word_1_132' title='bbox 1654 346 1750 379; x_wconf 89' lang='lat' dir='ltr'>solito</span> <span class='ocrx_word' id='word_1_133' title='bbox 1762 347 1910 390; x_wconf 85' lang='lat' dir='ltr'>legendo,</span> <span class='ocrx_word' id='word_1_134' title='bbox 1928 346 1976 379; x_wconf 93' lang='lat' dir='ltr'>in-</span> 
     </span>
     <span class='ocr_line' id='line_1_29' title="bbox 1235 396 1978 437; baseline 0.003 -7"><span class='ocrx_word' id='word_1_135' title='bbox 1235 397 1388 430; x_wconf 89' lang='lat' dir='ltr'>timarent</span> <span class='ocrx_word' id='word_1_136' title='bbox 1407 403 1439 431; x_wconf 88' lang='lat' dir='ltr'>et</span> <span class='ocrx_word' id='word_1_137' title='bbox 1458 396 1673 437; x_wconf 86' lang='lat' dir='ltr'>notificarent,</span> <span class='ocrx_word' id='word_1_138' title='bbox 1690 409 1727 432; x_wconf 90' lang='lat' dir='ltr'>ac</span> <span class='ocrx_word' id='word_1_139' title='bbox 1747 400 1786 432; x_wconf 91' lang='lat' dir='ltr'>ad</span> <span class='ocrx_word' id='word_1_140' title='bbox 1804 400 1934 433; x_wconf 88' lang='lat' dir='ltr'>illorum</span> <span class='ocrx_word' id='word_1_141' title='bbox 1945 405 1978 433; x_wconf 88' lang='lat' dir='ltr'>et</span> 
     </span>
     <span class='ocr_line' id='line_1_30' title="bbox 1234 451 1978 496; baseline 0.004 -13"><span class='ocrx_word' id='word_1_142' title='bbox 1234 451 1489 495; x_wconf 84' lang='lat' dir='ltr'>uniuscuiusque</span> <span class='ocrx_word' id='word_1_143' title='bbox 1512 451 1655 496; x_wconf 89' lang='lat' dir='ltr'>ipsorum</span> <span class='ocrx_word' id='word_1_144' title='bbox 1673 453 1821 486; x_wconf 78' lang='lat' dir='ltr'>notitiam</span> <span class='ocrx_word' id='word_1_145' title='bbox 1839 453 1978 486; x_wconf 87' lang='lat' dir='ltr'>deduce-</span> 
     </span>
    </p>
   </div>
   <div class='ocr_carea' id='block_1_8' title="bbox 1216 505 1974 545">
    <p class='ocr_par' dir='ltr' id='par_1_9' title="bbox 1216 505 1974 545">
     <span class='ocr_line' id='line_1_31' title="bbox 1216 505 1974 545; baseline 0.004 -10"><span class='ocrx_word' id='word_1_146' title='bbox 1216 510 1321 541; x_wconf 45' lang='lat' dir='ltr'>¹rent,</span> <span class='ocrx_word' id='word_1_147' title='bbox 1349 510 1380 537; x_wconf 84' lang='lat' dir='ltr'>et</span> <span class='ocrx_word' id='word_1_148' title='bbox 1399 505 1514 538; x_wconf 90' lang='lat' dir='ltr'>deduci</span> <span class='ocrx_word' id='word_1_149' title='bbox 1536 505 1677 539; x_wconf 82' lang='lat' dir='ltr'>facerent</span> <span class='ocrx_word' id='word_1_150' title='bbox 1702 511 1733 539; x_wconf 88' lang='lat' dir='ltr'>et</span> <span class='ocrx_word' id='word_1_151' title='bbox 1761 505 1974 545; x_wconf 85' lang='lat' dir='ltr'>mandarent,</span> 
     </span>
    </p>
   </div>
   <div class='ocr_carea' id='block_1_9' title="bbox 1234 558 1982 1347">
    <p class='ocr_par' dir='ltr' id='par_1_10' title="bbox 1234 558 1982 1347">
     <span class='ocr_line' id='line_1_32' title="bbox 1234 558 1978 601; baseline 0.001 -11"><span class='ocrx_word' id='word_1_152' title='bbox 1234 563 1328 600; x_wconf 89' lang='lat' dir='ltr'>prout</span> <span class='ocrx_word' id='word_1_153' title='bbox 1354 568 1413 590; x_wconf 91' lang='lat' dir='ltr'>nos</span> <span class='ocrx_word' id='word_1_154' title='bbox 1436 558 1635 601; x_wconf 84' lang='lat' dir='ltr'>praedictam</span> <span class='ocrx_word' id='word_1_155' title='bbox 1660 558 1850 592; x_wconf 89' lang='lat' dir='ltr'>sententiam</span> <span class='ocrx_word' id='word_1_156' title='bbox 1866 585 1873 599; x_wconf 93' lang='lat'>,</span> <span class='ocrx_word' id='word_1_157' title='bbox 1897 564 1928 591; x_wconf 89' lang='lat' dir='ltr'>et</span> <span class='ocrx_word' id='word_1_158' title='bbox 1947 559 1978 591; x_wconf 93' lang='lat' dir='ltr'>in</span> 
     </span>
     <span class='ocr_line' id='line_1_33' title="bbox 1235 610 1979 654; baseline 0.003 -12"><span class='ocrx_word' id='word_1_159' title='bbox 1235 619 1273 642; x_wconf 92' lang='lat' dir='ltr'>ea</span> <span class='ocrx_word' id='word_1_160' title='bbox 1292 610 1454 654; x_wconf 84' lang='lat' dir='ltr'>descripta</span> <span class='ocrx_word' id='word_1_161' title='bbox 1473 611 1583 644; x_wconf 84' lang='lat' dir='ltr'>omnia</span> <span class='ocrx_word' id='word_1_162' title='bbox 1603 617 1634 644; x_wconf 89' lang='lat' dir='ltr'>et</span> <span class='ocrx_word' id='word_1_163' title='bbox 1652 611 1778 654; x_wconf 79' lang='lat' dir='ltr'>singula</span> <span class='ocrx_word' id='word_1_164' title='bbox 1798 611 1884 645; x_wconf 91' lang='lat' dir='ltr'>dicto</span> <span class='ocrx_word' id='word_1_165' title='bbox 1903 611 1979 645; x_wconf 88' lang='lat' dir='ltr'>Cae-</span> 
     </span>
     <span class='ocr_line' id='line_1_34' title="bbox 1235 663 1980 708; baseline 0.004 -13"><span class='ocrx_word' id='word_1_166' title='bbox 1235 663 1309 700; x_wconf 85' lang='lat' dir='ltr'>sari,</span> <span class='ocrx_word' id='word_1_167' title='bbox 1333 674 1370 696; x_wconf 90' lang='lat' dir='ltr'>ac</span> <span class='ocrx_word' id='word_1_168' title='bbox 1389 664 1540 698; x_wconf 90' lang='lat' dir='ltr'>omnibus</span> <span class='ocrx_word' id='word_1_169' title='bbox 1560 670 1592 698; x_wconf 89' lang='lat' dir='ltr'>et</span> <span class='ocrx_word' id='word_1_170' title='bbox 1608 665 1742 708; x_wconf 81' lang='lat' dir='ltr'>singulis</span> <span class='ocrx_word' id='word_1_171' title='bbox 1762 664 1833 698; x_wconf 88' lang='lat' dir='ltr'>aliis</span> <span class='ocrx_word' id='word_1_172' title='bbox 1852 665 1980 708; x_wconf 88' lang='lat' dir='ltr'>praedi-</span> 
     </span>
     <span class='ocr_line' id='line_1_35' title="bbox 1235 711 1976 758; baseline 0.004 -10"><span class='ocrx_word' id='word_1_173' title='bbox 1235 716 1293 752; x_wconf 81' lang='lat' dir='ltr'>ctis</span> <span class='ocrx_word' id='word_1_174' title='bbox 1313 711 1542 758; x_wconf 61' lang='lat' dir='ltr'>intimavimus}</span> <span class='ocrx_word' id='word_1_175' title='bbox 1566 718 1798 751; x_wconf 81' lang='lat' dir='ltr'>insinuavimus</span> <span class='ocrx_word' id='word_1_176' title='bbox 1818 723 1849 751; x_wconf 91' lang='lat' dir='ltr'>et</span> <span class='ocrx_word' id='word_1_177' title='bbox 1865 717 1976 751; x_wconf 85' lang='lat' dir='ltr'>notifi-</span> 
     </span>
     <span class='ocr_line' id='line_1_36' title="bbox 1236 770 1979 816; baseline 0.005 -15"><span class='ocrx_word' id='word_1_178' title='bbox 1236 770 1387 811; x_wconf 82' lang='lat' dir='ltr'>cavimus,</span> <span class='ocrx_word' id='word_1_179' title='bbox 1412 781 1448 803; x_wconf 91' lang='lat' dir='ltr'>ac</span> <span class='ocrx_word' id='word_1_180' title='bbox 1465 771 1505 804; x_wconf 88' lang='lat' dir='ltr'>ad</span> <span class='ocrx_word' id='word_1_181' title='bbox 1526 781 1638 804; x_wconf 89' lang='lat' dir='ltr'>eorum</span> <span class='ocrx_word' id='word_1_182' title='bbox 1658 777 1687 805; x_wconf 89' lang='lat' dir='ltr'>et</span> <span class='ocrx_word' id='word_1_183' title='bbox 1709 771 1880 805; x_wconf 88' lang='lat' dir='ltr'>cuiuslibet</span> <span class='ocrx_word' id='word_1_184' title='bbox 1892 772 1979 816; x_wconf 87' lang='lat' dir='ltr'>ipso-</span> 
     </span>
     <span class='ocr_line' id='line_1_37' title="bbox 1235 823 1979 863; baseline 0.004 -8"><span class='ocrx_word' id='word_1_185' title='bbox 1235 833 1308 855; x_wconf 91' lang='lat' dir='ltr'>rum</span> <span class='ocrx_word' id='word_1_186' title='bbox 1329 823 1475 856; x_wconf 82' lang='lat' dir='ltr'>notitiam</span> <span class='ocrx_word' id='word_1_187' title='bbox 1497 824 1708 863; x_wconf 83' lang='lat' dir='ltr'>deduximus,</span> <span class='ocrx_word' id='word_1_188' title='bbox 1733 830 1763 858; x_wconf 86' lang='lat' dir='ltr'>et</span> <span class='ocrx_word' id='word_1_189' title='bbox 1787 825 1903 858; x_wconf 88' lang='lat' dir='ltr'>deduci</span> <span class='ocrx_word' id='word_1_190' title='bbox 1924 834 1979 857; x_wconf 91' lang='lat' dir='ltr'>vo-</span> 
     </span>
     <span class='ocr_line' id='line_1_38' title="bbox 1236 876 1979 911; baseline 0.004 -3"><span class='ocrx_word' id='word_1_191' title='bbox 1236 876 1355 909; x_wconf 89' lang='lat' dir='ltr'>luimus</span> <span class='ocrx_word' id='word_1_192' title='bbox 1375 882 1402 909; x_wconf 91' lang='lat' dir='ltr'>et</span> <span class='ocrx_word' id='word_1_193' title='bbox 1425 877 1658 910; x_wconf 85' lang='lat' dir='ltr'>mandavimus.</span> <span class='ocrx_word' id='word_1_194' title='bbox 1682 878 1896 911; x_wconf 88' lang='lat' dir='ltr'>Decernentes</span> <span class='ocrx_word' id='word_1_195' title='bbox 1919 878 1979 911; x_wconf 90' lang='lat' dir='ltr'>hu-</span> 
     </span>
     <span class='ocr_line' id='line_1_39' title="bbox 1237 929 1982 968; baseline 0.004 -7"><span class='ocrx_word' id='word_1_196' title='bbox 1237 929 1375 963; x_wconf 87' lang='lat' dir='ltr'>iusmodi</span> <span class='ocrx_word' id='word_1_197' title='bbox 1396 929 1631 963; x_wconf 84' lang='lat' dir='ltr'>intimationem</span> <span class='ocrx_word' id='word_1_198' title='bbox 1646 958 1653 968; x_wconf 93' lang='lat'>,</span> <span class='ocrx_word' id='word_1_199' title='bbox 1678 930 1928 964; x_wconf 88' lang='lat' dir='ltr'>insinuationem</span> <span class='ocrx_word' id='word_1_200' title='bbox 1950 936 1982 964; x_wconf 89' lang='lat' dir='ltr'>et</span> 
     </span>
     <span class='ocr_line' id='line_1_40' title="bbox 1236 982 1977 1028; baseline 0.003 -14"><span class='ocrx_word' id='word_1_201' title='bbox 1236 982 1510 1020; x_wconf 83' lang='lat' dir='ltr'>notificationem,</span> <span class='ocrx_word' id='word_1_202' title='bbox 1534 994 1571 1017; x_wconf 91' lang='lat' dir='ltr'>ac</span> <span class='ocrx_word' id='word_1_203' title='bbox 1590 983 1842 1028; x_wconf 87' lang='lat' dir='ltr'>publicationem</span> <span class='ocrx_word' id='word_1_204' title='bbox 1856 1011 1863 1023; x_wconf 87' lang='lat'>,</span> <span class='ocrx_word' id='word_1_205' title='bbox 1884 994 1977 1017; x_wconf 89' lang='lat' dir='ltr'>eum-</span> 
     </span>
     <span class='ocr_line' id='line_1_41' title="bbox 1236 1036 1981 1081; baseline 0.001 -12"><span class='ocrx_word' id='word_1_206' title='bbox 1236 1036 1309 1068; x_wconf 87' lang='lat' dir='ltr'>dem</span> <span class='ocrx_word' id='word_1_207' title='bbox 1323 1036 1490 1070; x_wconf 85' lang='lat' dir='ltr'>Caesarem</span> <span class='ocrx_word' id='word_1_208' title='bbox 1504 1042 1536 1070; x_wconf 89' lang='lat' dir='ltr'>et</span> <span class='ocrx_word' id='word_1_209' title='bbox 1548 1037 1628 1070; x_wconf 86' lang='lat' dir='ltr'>alios</span> <span class='ocrx_word' id='word_1_210' title='bbox 1644 1037 1828 1081; x_wconf 86' lang='lat' dir='ltr'>praedictos</span> <span class='ocrx_word' id='word_1_211' title='bbox 1847 1037 1981 1081; x_wconf 91' lang='lat' dir='ltr'>perinde</span> 
     </span>
     <span class='ocr_line' id='line_1_42' title="bbox 1235 1089 1982 1133; baseline 0 -11"><span class='ocrx_word' id='word_1_212' title='bbox 1235 1095 1370 1129; x_wconf 86' lang='lat' dir='ltr'>arctare,</span> <span class='ocrx_word' id='word_1_213' title='bbox 1391 1089 1518 1123; x_wconf 86' lang='lat' dir='ltr'>afficere</span> <span class='ocrx_word' id='word_1_214' title='bbox 1539 1095 1570 1124; x_wconf 92' lang='lat' dir='ltr'>et</span> <span class='ocrx_word' id='word_1_215' title='bbox 1585 1090 1740 1133; x_wconf 82' lang='lat' dir='ltr'>obligare,</span> <span class='ocrx_word' id='word_1_216' title='bbox 1764 1101 1801 1123; x_wconf 92' lang='lat' dir='ltr'>ac</span> <span class='ocrx_word' id='word_1_217' title='bbox 1825 1090 1850 1122; x_wconf 90' lang='lat' dir='ltr'>si</span> <span class='ocrx_word' id='word_1_218' title='bbox 1869 1089 1932 1123; x_wconf 89' lang='lat' dir='ltr'>illis</span> <span class='ocrx_word' id='word_1_219' title='bbox 1951 1095 1982 1123; x_wconf 92' lang='lat' dir='ltr'>et</span> 
     </span>
     <span class='ocr_line' id='line_1_43' title="bbox 1236 1143 1982 1187; baseline 0.001 -12"><span class='ocrx_word' id='word_1_220' title='bbox 1236 1143 1368 1176; x_wconf 86' lang='lat' dir='ltr'>cuilibet</span> <span class='ocrx_word' id='word_1_221' title='bbox 1378 1153 1490 1176; x_wconf 88' lang='lat' dir='ltr'>eorum</span> <span class='ocrx_word' id='word_1_222' title='bbox 1503 1143 1718 1187; x_wconf 84' lang='lat' dir='ltr'>personaliter</span> <span class='ocrx_word' id='word_1_223' title='bbox 1728 1143 1893 1182; x_wconf 86' lang='lat' dir='ltr'>intimatae</span> <span class='ocrx_word' id='word_1_224' title='bbox 1906 1143 1982 1176; x_wconf 80' lang='lat' dir='ltr'>fuis-</span> 
     </span>
     <span class='ocr_line' id='line_1_44' title="bbox 1235 1196 1982 1240; baseline 0.003 -12"><span class='ocrx_word' id='word_1_225' title='bbox 1235 1201 1316 1233; x_wconf 82' lang='lat' dir='ltr'>sent,</span> <span class='ocrx_word' id='word_1_226' title='bbox 1337 1201 1434 1240; x_wconf 89' lang='lat' dir='ltr'>prout</span> <span class='ocrx_word' id='word_1_227' title='bbox 1459 1197 1488 1229; x_wconf 91' lang='lat' dir='ltr'>in</span> <span class='ocrx_word' id='word_1_228' title='bbox 1507 1196 1588 1234; x_wconf 85' lang='lat' dir='ltr'>aliis,</span> <span class='ocrx_word' id='word_1_229' title='bbox 1612 1196 1708 1229; x_wconf 90' lang='lat' dir='ltr'>etiam</span> <span class='ocrx_word' id='word_1_230' title='bbox 1734 1196 1765 1229; x_wconf 91' lang='lat' dir='ltr'>in</span> <span class='ocrx_word' id='word_1_231' title='bbox 1786 1196 1891 1230; x_wconf 81' lang='lat' dir='ltr'>forma</span> <span class='ocrx_word' id='word_1_232' title='bbox 1909 1196 1982 1230; x_wconf 87' lang='lat' dir='ltr'>bre-</span> 
     </span>
     <span class='ocr_line' id='line_1_45' title="bbox 1236 1249 1979 1290; baseline 0.003 -9"><span class='ocrx_word' id='word_1_233' title='bbox 1236 1249 1291 1287; x_wconf 85' lang='lat' dir='ltr'>vis,</span> <span class='ocrx_word' id='word_1_234' title='bbox 1319 1249 1371 1282; x_wconf 88' lang='lat' dir='ltr'>die</span> <span class='ocrx_word' id='word_1_235' title='bbox 1400 1260 1436 1283; x_wconf 86' lang='lat'>111</span> <span class='ocrx_word' id='word_1_236' title='bbox 1462 1249 1606 1283; x_wconf 84' lang='lat' dir='ltr'>eiusdem</span> <span class='ocrx_word' id='word_1_237' title='bbox 1633 1249 1752 1283; x_wconf 88' lang='lat' dir='ltr'>mensis</span> <span class='ocrx_word' id='word_1_238' title='bbox 1785 1249 1979 1290; x_wconf 84' lang='lat' dir='ltr'>decembris,</span> 
     </span>
     <span class='ocr_line' id='line_1_46' title="bbox 1236 1302 1891 1347; baseline 0.002 -12"><span class='ocrx_word' id='word_1_239' title='bbox 1236 1302 1390 1346; x_wconf 83' lang='lat' dir='ltr'>expeditis</span> <span class='ocrx_word' id='word_1_240' title='bbox 1411 1303 1525 1336; x_wconf 88' lang='lat' dir='ltr'>litteris</span> <span class='ocrx_word' id='word_1_241' title='bbox 1545 1303 1672 1347; x_wconf 87' lang='lat' dir='ltr'>plenius</span> <span class='ocrx_word' id='word_1_242' title='bbox 1696 1303 1891 1336; x_wconf 86' lang='lat' dir='ltr'>continetur.</span> 
     </span>
    </p>
   </div>
   <div class='ocr_carea' id='block_1_10' title="bbox 1990 227 2246 274">
    <p class='ocr_par' dir='ltr' id='par_1_11' title="bbox 1990 227 2246 274">
     <span class='ocr_line' id='line_1_47' title="bbox 1990 227 2246 274; baseline 0.012 -3"><span class='ocrx_word' id='word_1_243' title='bbox 1990 245 2038 273; x_wconf 76' lang='lat' dir='ltr'>An.</span> <span class='ocrx_word' id='word_1_244' title='bbox 2056 245 2085 273; x_wconf 89' lang='lat' dir='ltr'>c.</span> <span class='ocrx_word' id='word_1_245' title='bbox 2107 246 2174 274; x_wconf 74' lang='lat'>159⁷</span> <span class='ocrx_word' id='word_1_246' title='bbox 2208 238 2213 243; x_wconf 88' lang='lat'>&#39;</span> <span class='ocrx_word' id='word_1_247' title='bbox 2235 227 2246 258; x_wconf 43' lang='lat'>*³</span> 
     </span>
    </p>
   </div>
   <div class='ocr_carea' id='block_1_11' title="bbox 453 1354 1202 1668">
    <p class='ocr_par' dir='ltr' id='par_1_12' title="bbox 453 1354 1202 1668">
     <span class='ocr_line' id='line_1_48' title="bbox 455 1354 1198 1399; baseline 0.003 -13"><span class='ocrx_word' id='word_1_248' title='bbox 455 1354 609 1394; x_wconf 60' lang='lat' dir='ltr'>moribus,</span> <span class='ocrx_word' id='word_1_249' title='bbox 626 1355 827 1399; x_wconf 86' lang='lat' dir='ltr'>caeterisque</span> <span class='ocrx_word' id='word_1_250' title='bbox 841 1355 1046 1399; x_wconf 68' lang='lat' dir='ltr'>presbyteris,</span> <span class='ocrx_word' id='word_1_251' title='bbox 1063 1355 1198 1396; x_wconf 83' lang='lat' dir='ltr'>clericis,</span> 
     </span>
     <span class='ocr_line' id='line_1_49' title="bbox 455 1408 1202 1451; baseline 0.001 -11"><span class='ocrx_word' id='word_1_252' title='bbox 455 1408 590 1441; x_wconf 83' lang='lat' dir='ltr'>notariis</span> <span class='ocrx_word' id='word_1_253' title='bbox 610 1414 638 1440; x_wconf 88' lang='lat' dir='ltr'>et</span> <span class='ocrx_word' id='word_1_254' title='bbox 662 1408 890 1441; x_wconf 87' lang='lat' dir='ltr'>tabellionibus</span> <span class='ocrx_word' id='word_1_255' title='bbox 908 1408 1055 1451; x_wconf 86' lang='lat' dir='ltr'>publicis,</span> <span class='ocrx_word' id='word_1_256' title='bbox 1079 1414 1109 1441; x_wconf 86' lang='lat' dir='ltr'>et</span> <span class='ocrx_word' id='word_1_257' title='bbox 1130 1420 1202 1442; x_wconf 86' lang='lat' dir='ltr'>cur-</span> 
     </span>
     <span class='ocr_line' id='line_1_50' title="bbox 454 1461 1201 1505; baseline 0.001 -12"><span class='ocrx_word' id='word_1_258' title='bbox 454 1461 580 1494; x_wconf 87' lang='lat' dir='ltr'>soribus</span> <span class='ocrx_word' id='word_1_259' title='bbox 593 1461 711 1494; x_wconf 89' lang='lat' dir='ltr'>nostris</span> <span class='ocrx_word' id='word_1_260' title='bbox 723 1461 984 1505; x_wconf 85' lang='lat' dir='ltr'>quibuscumque</span> <span class='ocrx_word' id='word_1_261' title='bbox 998 1461 1029 1494; x_wconf 93' lang='lat' dir='ltr'>in</span> <span class='ocrx_word' id='word_1_262' title='bbox 1044 1461 1103 1494; x_wconf 86' lang='lat' dir='ltr'>bac</span> <span class='ocrx_word' id='word_1_263' title='bbox 1116 1462 1201 1494; x_wconf 89' lang='lat' dir='ltr'>alma</span> 
     </span>
     <span class='ocr_line' id='line_1_51' title="bbox 453 1515 1201 1559; baseline 0.001 -11"><span class='ocrx_word' id='word_1_264' title='bbox 453 1515 549 1552; x_wconf 77' lang='lat' dir='ltr'>Urbe,</span> <span class='ocrx_word' id='word_1_265' title='bbox 579 1527 615 1549; x_wconf 86' lang='lat' dir='ltr'>ac</span> <span class='ocrx_word' id='word_1_266' title='bbox 635 1526 694 1559; x_wconf 85' lang='lat' dir='ltr'>per</span> <span class='ocrx_word' id='word_1_267' title='bbox 713 1515 856 1549; x_wconf 82' lang='lat' dir='ltr'>civitates</span> <span class='ocrx_word' id='word_1_268' title='bbox 877 1522 906 1549; x_wconf 88' lang='lat' dir='ltr'>et</span> <span class='ocrx_word' id='word_1_269' title='bbox 925 1516 1080 1550; x_wconf 83' lang='lat' dir='ltr'>dioecesis</span> <span class='ocrx_word' id='word_1_270' title='bbox 1097 1517 1201 1549; x_wconf 91' lang='lat' dir='ltr'>Bono-</span> 
     </span>
     <span class='ocr_line' id='line_1_52' title="bbox 453 1569 1201 1614; baseline 0.003 -13"><span class='ocrx_word' id='word_1_271' title='bbox 453 1569 572 1602; x_wconf 84' lang='lat' dir='ltr'>niensis</span> <span class='ocrx_word' id='word_1_272' title='bbox 589 1575 619 1602; x_wconf 91' lang='lat' dir='ltr'>et</span> <span class='ocrx_word' id='word_1_273' title='bbox 639 1569 826 1609; x_wconf 80' lang='lat' dir='ltr'>Cervicusis,</span> <span class='ocrx_word' id='word_1_274' title='bbox 850 1580 886 1602; x_wconf 92' lang='lat' dir='ltr'>ac</span> <span class='ocrx_word' id='word_1_275' title='bbox 904 1569 981 1602; x_wconf 87' lang='lat' dir='ltr'>alias</span> <span class='ocrx_word' id='word_1_276' title='bbox 1003 1569 1201 1614; x_wconf 86' lang='lat' dir='ltr'>ubicumque</span> 
     </span>
     <span class='ocr_line' id='line_1_53' title="bbox 453 1622 1198 1668; baseline 0.004 -14"><span class='ocrx_word' id='word_1_277' title='bbox 453 1622 651 1662; x_wconf 86' lang='lat' dir='ltr'>constitutis,</span> <span class='ocrx_word' id='word_1_278' title='bbox 676 1628 707 1656; x_wconf 86' lang='lat' dir='ltr'>et</span> <span class='ocrx_word' id='word_1_279' title='bbox 727 1623 859 1656; x_wconf 83' lang='lat' dir='ltr'>cuilibet</span> <span class='ocrx_word' id='word_1_280' title='bbox 886 1633 999 1656; x_wconf 90' lang='lat' dir='ltr'>eorum</span> <span class='ocrx_word' id='word_1_281' title='bbox 1029 1624 1198 1668; x_wconf 86' lang='lat' dir='ltr'>praecepi-</span> 
     </span>
    </p>
   </div>
   <div class='ocr_carea' id='block_1_12' title="bbox 1217 1356 2241 1666">
    <p class='ocr_par' dir='ltr' id='par_1_13' title="bbox 1217 1356 2241 1666">
     <span class='ocr_line' id='line_1_54' title="bbox 1280 1356 2181 1413; baseline -0.002 -25"><span class='ocrx_word' id='word_1_282' title='bbox 1280 1356 1295 1398; x_wconf 63' lang='grc' dir='ltr'>ξ</span> <span class='ocrx_word' id='word_1_283' title='bbox 1315 1356 1345 1389; x_wconf 79' lang='grc'>9,</span> <span class='ocrx_word' id='word_1_284' title='bbox 1362 1356 1438 1389; x_wconf 90' lang='lat' dir='ltr'>Cum</span> <span class='ocrx_word' id='word_1_285' title='bbox 1462 1361 1569 1389; x_wconf 91' lang='lat' dir='ltr'>autem</span> <span class='ocrx_word' id='word_1_286' title='bbox 1590 1356 1774 1400; x_wconf 81' lang='lat' dir='ltr'>praedictus</span> <span class='ocrx_word' id='word_1_287' title='bbox 1787 1356 1901 1390; x_wconf 88' lang='lat' dir='ltr'>Caesar</span> <span class='ocrx_word' id='word_1_288' title='bbox 1914 1366 1982 1389; x_wconf 90' lang='lat' dir='ltr'>mo-</span> <span class='ocrx_word' id='word_1_289' title='bbox 1996 1391 2017 1413; x_wconf 46' lang='grc' dir='ltr'>ι,</span> <span class='ocrx_word' id='word_1_290' title='bbox 2030 1364 2110 1396; x_wconf 61' lang='lat' dir='ltr'>eaesaq</span> <span class='ocrx_word' id='word_1_291' title='bbox 2124 1371 2181 1391; x_wconf 71' lang='lat' dir='ltr'>vom,</span> 
     </span>
     <span class='ocr_line' id='line_1_55' title="bbox 1236 1392 2182 1452; baseline -0.002 -11"><span class='ocrx_word' id='word_1_292' title='bbox 1236 1409 1367 1449; x_wconf 90' lang='lat' dir='ltr'>nitioni‚</span> <span class='ocrx_word' id='word_1_293' title='bbox 1393 1408 1618 1452; x_wconf 90' lang='lat' dir='ltr'>requisitioni,</span> <span class='ocrx_word' id='word_1_294' title='bbox 1641 1409 1786 1442; x_wconf 85' lang='lat' dir='ltr'>citationi</span> <span class='ocrx_word' id='word_1_295' title='bbox 1811 1415 1843 1443; x_wconf 90' lang='lat' dir='ltr'>et</span> <span class='ocrx_word' id='word_1_296' title='bbox 1863 1404 1981 1443; x_wconf 87' lang='lat' dir='ltr'>inhibi-</span> <span class='ocrx_word' id='word_1_297' title='bbox 1996 1392 2182 1448; x_wconf 54' lang='grc' dir='ltr'>εἷὲῗιιῗῖἷῗῗῖῗιίοῗῖἰ</span> 
     </span>
     <span class='ocr_line' id='line_1_56' title="bbox 1237 1446 2182 1506; baseline 0 -11"><span class='ocrx_word' id='word_1_298' title='bbox 1237 1462 1314 1495; x_wconf 91' lang='lat' dir='ltr'>tioni</span> <span class='ocrx_word' id='word_1_299' title='bbox 1333 1462 1449 1495; x_wconf 87' lang='lat' dir='ltr'>nostris</span> <span class='ocrx_word' id='word_1_300' title='bbox 1465 1462 1658 1506; x_wconf 88' lang='lat' dir='ltr'>supradictis</span> <span class='ocrx_word' id='word_1_301' title='bbox 1678 1473 1803 1506; x_wconf 89' lang='lat' dir='ltr'>parere,</span> <span class='ocrx_word' id='word_1_302' title='bbox 1819 1473 1857 1496; x_wconf 90' lang='lat' dir='ltr'>ac</span> <span class='ocrx_word' id='word_1_303' title='bbox 1873 1463 1982 1496; x_wconf 90' lang='lat' dir='ltr'>civita·</span> <span class='ocrx_word' id='word_1_304' title='bbox 1996 1446 2182 1502; x_wconf 50' lang='lat' dir='ltr'>ffiiiiiiiionssimziiiff</span> 
     </span>
     <span class='ocr_line' id='line_1_57' title="bbox 1236 1500 2241 1560; baseline 0.002 -11"><span class='ocrx_word' id='word_1_305' title='bbox 1236 1522 1299 1549; x_wconf 90' lang='lat' dir='ltr'>tem</span> <span class='ocrx_word' id='word_1_306' title='bbox 1321 1521 1349 1549; x_wconf 87' lang='lat' dir='ltr'>et</span> <span class='ocrx_word' id='word_1_307' title='bbox 1371 1516 1523 1549; x_wconf 88' lang='lat' dir='ltr'>ducatum</span> <span class='ocrx_word' id='word_1_308' title='bbox 1544 1515 1722 1556; x_wconf 84' lang='lat' dir='ltr'>Ferrariae,</span> <span class='ocrx_word' id='word_1_309' title='bbox 1743 1515 1886 1560; x_wconf 87' lang='lat' dir='ltr'>aliasque</span> <span class='ocrx_word' id='word_1_310' title='bbox 1907 1500 2181 1554; x_wconf 59' lang='lat' dir='ltr'>01v1-t‘2⁴}{‚&#39;‚¹.?5.1u¹s¹¹;„‡2{</span> <span class='ocrx_word' id='word_1_311' title='bbox 2231 1543 2241 1546; x_wconf 72' lang='lat'>.</span> 
     </span>
     <span class='ocr_line' id='line_1_58' title="bbox 1236 1553 2221 1624; baseline -0.001 -22"><span class='ocrx_word' id='word_1_312' title='bbox 1236 1575 1325 1607; x_wconf 87' lang='lat' dir='ltr'>tates,</span> <span class='ocrx_word' id='word_1_313' title='bbox 1343 1574 1454 1609; x_wconf 90' lang='lat' dir='ltr'>terras,</span> <span class='ocrx_word' id='word_1_314' title='bbox 1471 1574 1585 1607; x_wconf 80' lang='lat' dir='ltr'>castra,</span> <span class='ocrx_word' id='word_1_315' title='bbox 1602 1568 1683 1609; x_wconf 86' lang='lat' dir='ltr'>loca,</span> <span class='ocrx_word' id='word_1_316' title='bbox 1700 1569 1862 1609; x_wconf 86' lang='lat' dir='ltr'>fortalitia,</span> <span class='ocrx_word' id='word_1_317' title='bbox 1877 1579 1980 1602; x_wconf 87' lang='lat' dir='ltr'>mem·</span> <span class='ocrx_word' id='word_1_318' title='bbox 1995 1553 2182 1624; x_wconf 48' lang='grc' dir='ltr'>ῗιᾙξᾟῗιέοῗξῖ</span> <span class='ocrx_word' id='word_1_319' title='bbox 2215 1573 2221 1577; x_wconf 84' lang='grc'><em>“</em></span> 
     </span>
     <span class='ocr_line' id='line_1_59' title="bbox 1217 1609 2232 1666; baseline -0.003 -11"><span class='ocrx_word' id='word_1_320' title='bbox 1217 1633 1219 1638; x_wconf 61' lang='lat'><strong><em>⁴</em></strong></span> <span class='ocrx_word' id='word_1_321' title='bbox 1236 1623 1304 1662; x_wconf 86' lang='lat' dir='ltr'>bra,</span> <span class='ocrx_word' id='word_1_322' title='bbox 1321 1621 1568 1662; x_wconf 89' lang='lat' dir='ltr'>iurisdictiones,</span> <span class='ocrx_word' id='word_1_323' title='bbox 1586 1627 1776 1666; x_wconf 85' lang='lat' dir='ltr'>caeteraque</span> <span class='ocrx_word' id='word_1_324' title='bbox 1797 1621 1981 1666; x_wconf 85' lang='lat' dir='ltr'>supradicta</span> <span class='ocrx_word' id='word_1_325' title='bbox 1996 1609 2080 1660; x_wconf 53' lang='lat' dir='ltr'>bmuiiiiic*</span> <span class='ocrx_word' id='word_1_326' title='bbox 2091 1609 2182 1652; x_wconf 50' lang='lat' dir='ltr'>&#39;‘c&#39;iffnix&#39;i</span> <span class='ocrx_word' id='word_1_327' title='bbox 2226 1650 2232 1658; x_wconf 83' lang='grc'>,</span> 
     </span>
    </p>
   </div>
   <div class='ocr_carea' id='block_1_13' title="bbox 1215 297 1221 1663">
    <p class='ocr_par' dir='ltr' id='par_1_14' title="bbox 1215 297 1221 1663">
     <span class='ocr_line' id='line_1_60' title="bbox 1215 297 1221 1663; baseline 0 0"><span class='ocrx_word' id='word_1_328' title='bbox 1215 297 1221 1663; x_wconf 95' lang='lat' dir='ltr'> </span> 
     </span>
    </p>
   </div>
   <div class='ocr_carea' id='block_1_14' title="bbox 1996 1656 2060 1678">
    <p class='ocr_par' dir='ltr' id='par_1_15' title="bbox 1996 1656 2060 1678">
     <span class='ocr_line' id='line_1_61' title="bbox 1996 1656 2060 1678; baseline 0.016 -1"><span class='ocrx_word' id='word_1_329' title='bbox 1996 1656 2060 1678; x_wconf 80' lang='lat' dir='ltr'>subu.</span> 
     </span>
    </p>
   </div>
   <div class='ocr_carea' id='block_1_15' title="bbox 453 1676 1202 2624">
    <p class='ocr_par' dir='ltr' id='par_1_16' title="bbox 453 1676 1202 2624">
     <span class='ocr_line' id='line_1_62' title="bbox 454 1676 1201 1721; baseline 0.003 -13"><span class='ocrx_word' id='word_1_330' title='bbox 454 1686 525 1708; x_wconf 86' lang='lat' dir='ltr'>mus</span> <span class='ocrx_word' id='word_1_331' title='bbox 533 1682 564 1709; x_wconf 91' lang='lat' dir='ltr'>et</span> <span class='ocrx_word' id='word_1_332' title='bbox 575 1676 808 1716; x_wconf 60' lang='lat' dir='ltr'>n&#39;iandavimlis,</span> <span class='ocrx_word' id='word_1_333' title='bbox 819 1682 977 1720; x_wconf 86' lang='lat' dir='ltr'>quatenus</span> <span class='ocrx_word' id='word_1_334' title='bbox 988 1677 1094 1710; x_wconf 84' lang='lat' dir='ltr'>statim</span> <span class='ocrx_word' id='word_1_335' title='bbox 1106 1683 1201 1721; x_wconf 85' lang='lat' dir='ltr'>atque</span> 
     </span>
     <span class='ocr_line' id='line_1_63' title="bbox 453 1728 1201 1773; baseline 0.004 -13"><span class='ocrx_word' id='word_1_336' title='bbox 453 1728 560 1761; x_wconf 78' lang='lat' dir='ltr'>forent</span> <span class='ocrx_word' id='word_1_337' title='bbox 582 1729 739 1772; x_wconf 82' lang='lat' dir='ltr'>requisiti,</span> <span class='ocrx_word' id='word_1_338' title='bbox 763 1740 819 1762; x_wconf 85' lang='lat' dir='ltr'>seu</span> <span class='ocrx_word' id='word_1_339' title='bbox 845 1729 962 1773; x_wconf 84' lang='lat' dir='ltr'>aliquis</span> <span class='ocrx_word' id='word_1_340' title='bbox 983 1740 1097 1763; x_wconf 88' lang='lat' dir='ltr'>eorum</span> <span class='ocrx_word' id='word_1_341' title='bbox 1120 1731 1201 1763; x_wconf 81' lang='lat' dir='ltr'>soret</span> 
     </span>
     <span class='ocr_line' id='line_1_64' title="bbox 453 1783 1198 1827; baseline 0.003 -12"><span class='ocrx_word' id='word_1_342' title='bbox 453 1783 636 1826; x_wconf 73' lang='lat' dir='ltr'>requisitus,</span> <span class='ocrx_word' id='word_1_343' title='bbox 658 1794 692 1815; x_wconf 82' lang='lat' dir='ltr'>ex</span> <span class='ocrx_word' id='word_1_344' title='bbox 714 1789 804 1827; x_wconf 85' lang='lat' dir='ltr'>parte</span> <span class='ocrx_word' id='word_1_345' title='bbox 818 1789 847 1816; x_wconf 85' lang='lat' dir='ltr'>et</span> <span class='ocrx_word' id='word_1_346' title='bbox 868 1783 1058 1816; x_wconf 76' lang='lat' dir='ltr'>auctoritato</span> <span class='ocrx_word' id='word_1_347' title='bbox 1079 1790 1198 1824; x_wconf 78' lang='lat' dir='ltr'>nostra,</span> 
     </span>
     <span class='ocr_line' id='line_1_65' title="bbox 454 1836 1199 1880; baseline 0.001 -12"><span class='ocrx_word' id='word_1_348' title='bbox 454 1836 644 1868; x_wconf 81' lang='lat' dir='ltr'>sententiam</span> <span class='ocrx_word' id='word_1_349' title='bbox 664 1847 722 1879; x_wconf 82' lang='lat' dir='ltr'>per</span> <span class='ocrx_word' id='word_1_350' title='bbox 742 1847 810 1873; x_wconf 78' lang='lat' dir='ltr'>nos,</span> <span class='ocrx_word' id='word_1_351' title='bbox 835 1843 867 1869; x_wconf 91' lang='lat' dir='ltr'>ut</span> <span class='ocrx_word' id='word_1_352' title='bbox 887 1838 1079 1880; x_wconf 74' lang='lat' dir='ltr'>praefertur,</span> <span class='ocrx_word' id='word_1_353' title='bbox 1103 1837 1199 1870; x_wconf 89' lang='lat' dir='ltr'>latam</span> 
     </span>
     <span class='ocr_line' id='line_1_66' title="bbox 455 1889 1200 1932; baseline 0.001 -11"><span class='ocrx_word' id='word_1_354' title='bbox 455 1896 482 1921; x_wconf 75' lang='lat' dir='ltr'>et</span> <span class='ocrx_word' id='word_1_355' title='bbox 511 1889 758 1932; x_wconf 73' lang='lat' dir='ltr'>promulgatam,</span> <span class='ocrx_word' id='word_1_356' title='bbox 782 1900 817 1922; x_wconf 83' lang='lat' dir='ltr'>ac</span> <span class='ocrx_word' id='word_1_357' title='bbox 843 1890 952 1922; x_wconf 87' lang='lat' dir='ltr'>omnia</span> <span class='ocrx_word' id='word_1_358' title='bbox 973 1896 1000 1922; x_wconf 72' lang='lat' dir='ltr'>et</span> <span class='ocrx_word' id='word_1_359' title='bbox 1023 1890 1148 1932; x_wconf 65' lang='lat' dir='ltr'>singula</span> <span class='ocrx_word' id='word_1_360' title='bbox 1170 1890 1200 1923; x_wconf 91' lang='lat' dir='ltr'>in</span> 
     </span>
     <span class='ocr_line' id='line_1_67' title="bbox 455 1942 1201 1986; baseline 0.003 -13"><span class='ocrx_word' id='word_1_361' title='bbox 455 1954 491 1974; x_wconf 73' lang='lat' dir='ltr'>ca</span> <span class='ocrx_word' id='word_1_362' title='bbox 523 1948 673 1975; x_wconf 80' lang='lat' dir='ltr'>contenta</span> <span class='ocrx_word' id='word_1_363' title='bbox 694 1942 780 1975; x_wconf 86' lang='lat' dir='ltr'>dicto</span> <span class='ocrx_word' id='word_1_364' title='bbox 805 1942 930 1975; x_wconf 75' lang='lat' dir='ltr'>Caesari</span> <span class='ocrx_word' id='word_1_365' title='bbox 946 1970 953 1979; x_wconf 78' lang='grc'>,</span> <span class='ocrx_word' id='word_1_366' title='bbox 986 1943 1201 1986; x_wconf 78' lang='lat' dir='ltr'>omnibusque</span> 
     </span>
     <span class='ocr_line' id='line_1_68' title="bbox 455 1994 1198 2039; baseline 0.001 -12"><span class='ocrx_word' id='word_1_367' title='bbox 455 1995 525 2028; x_wconf 89' lang='lat' dir='ltr'>aliis</span> <span class='ocrx_word' id='word_1_368' title='bbox 551 2001 580 2028; x_wconf 89' lang='lat' dir='ltr'>et</span> <span class='ocrx_word' id='word_1_369' title='bbox 601 1994 735 2037; x_wconf 66' lang='lat' dir='ltr'>singulis</span> <span class='ocrx_word' id='word_1_370' title='bbox 760 2006 817 2028; x_wconf 86' lang='lat' dir='ltr'>sua</span> <span class='ocrx_word' id='word_1_371' title='bbox 837 1996 1083 2039; x_wconf 73' lang='lat' dir='ltr'>quomodolibet</span> <span class='ocrx_word' id='word_1_372' title='bbox 1116 1996 1198 2028; x_wconf 88' lang='lat' dir='ltr'>intc-</span> 
     </span>
     <span class='ocr_line' id='line_1_69' title="bbox 456 2048 1201 2093; baseline 0.003 -13"><span class='ocrx_word' id='word_1_373' title='bbox 456 2059 540 2081; x_wconf 80' lang='lat' dir='ltr'>rcsse</span> <span class='ocrx_word' id='word_1_374' title='bbox 561 2048 759 2092; x_wconf 81' lang='lat' dir='ltr'>putantibus,</span> <span class='ocrx_word' id='word_1_375' title='bbox 783 2054 908 2082; x_wconf 76' lang='lat' dir='ltr'>nostras</span> <span class='ocrx_word' id='word_1_376' title='bbox 929 2049 1050 2082; x_wconf 78' lang='lat' dir='ltr'>litteras</span> <span class='ocrx_word' id='word_1_377' title='bbox 1065 2049 1201 2093; x_wconf 73' lang='lat' dir='ltr'>perodi-</span> 
     </span>
     <span class='ocr_line' id='line_1_70' title="bbox 455 2102 1201 2135; baseline 0.001 -1"><span class='ocrx_word' id='word_1_378' title='bbox 455 2108 541 2134; x_wconf 82' lang='lat' dir='ltr'>ctum</span> <span class='ocrx_word' id='word_1_379' title='bbox 557 2102 587 2134; x_wconf 89' lang='lat' dir='ltr'>in</span> <span class='ocrx_word' id='word_1_380' title='bbox 603 2102 661 2134; x_wconf 85' lang='lat' dir='ltr'>bac</span> <span class='ocrx_word' id='word_1_381' title='bbox 683 2102 767 2134; x_wconf 80' lang='lat' dir='ltr'>aliua</span> <span class='ocrx_word' id='word_1_382' title='bbox 788 2102 871 2135; x_wconf 83' lang='lat' dir='ltr'>Urbe</span> <span class='ocrx_word' id='word_1_383' title='bbox 891 2108 999 2135; x_wconf 72' lang='lat' dir='ltr'>nostra</span> <span class='ocrx_word' id='word_1_384' title='bbox 1022 2102 1051 2134; x_wconf 89' lang='lat' dir='ltr'>iu</span> <span class='ocrx_word' id='word_1_385' title='bbox 1073 2103 1201 2135; x_wconf 72' lang='lat' dir='ltr'>Late-ra-</span> 
     </span>
     <span class='ocr_line' id='line_1_71' title="bbox 455 2154 1201 2198; baseline 0 -11"><span class='ocrx_word' id='word_1_386' title='bbox 455 2154 562 2187; x_wconf 64' lang='lat' dir='ltr'>nensis</span> <span class='ocrx_word' id='word_1_387' title='bbox 582 2160 611 2187; x_wconf 76' lang='lat' dir='ltr'>et</span> <span class='ocrx_word' id='word_1_388' title='bbox 632 2154 788 2198; x_wconf 75' lang='lat' dir='ltr'>Principis</span> <span class='ocrx_word' id='word_1_389' title='bbox 805 2155 1032 2198; x_wconf 75' lang='lat' dir='ltr'>Apostolorum</span> <span class='ocrx_word' id='word_1_390' title='bbox 1053 2154 1201 2187; x_wconf 65' lang='lat' dir='ltr'>basilica-</span> 
     </span>
     <span class='ocr_line' id='line_1_72' title="bbox 456 2208 1198 2251; baseline 0.001 -11"><span class='ocrx_word' id='word_1_391' title='bbox 456 2219 547 2245; x_wconf 79' lang='lat' dir='ltr'>rum,</span> <span class='ocrx_word' id='word_1_392' title='bbox 571 2214 601 2241; x_wconf 88' lang='lat' dir='ltr'>ct</span> <span class='ocrx_word' id='word_1_393' title='bbox 621 2208 836 2241; x_wconf 66' lang='lat' dir='ltr'>Cam-ottaviae</span> <span class='ocrx_word' id='word_1_394' title='bbox 857 2208 1058 2251; x_wconf 75' lang='lat' dir='ltr'>Apostolicae</span> <span class='ocrx_word' id='word_1_395' title='bbox 1080 2208 1176 2241; x_wconf 76' lang='lat' dir='ltr'>valvis</span> <span class='ocrx_word' id='word_1_396' title='bbox 1191 2235 1198 2248; x_wconf 88' lang='lat'><em>‚</em></span> 
     </span>
     <span class='ocr_line' id='line_1_73' title="bbox 455 2261 1202 2305; baseline 0.004 -14"><span class='ocrx_word' id='word_1_397' title='bbox 455 2267 485 2293; x_wconf 71' lang='lat' dir='ltr'>ct</span> <span class='ocrx_word' id='word_1_398' title='bbox 502 2262 531 2293; x_wconf 90' lang='lat' dir='ltr'>iu</span> <span class='ocrx_word' id='word_1_399' title='bbox 547 2261 613 2293; x_wconf 80' lang='lat' dir='ltr'>acic</span> <span class='ocrx_word' id='word_1_400' title='bbox 627 2261 915 2305; x_wconf 70' lang='lat' dir='ltr'>‹jampit³t0rao,a‹-</span> <span class='ocrx_word' id='word_1_401' title='bbox 929 2261 1024 2294; x_wconf 80' lang='lat' dir='ltr'>ctiam</span> <span class='ocrx_word' id='word_1_402' title='bbox 1041 2261 1070 2294; x_wconf 88' lang='lat' dir='ltr'>iu</span> <span class='ocrx_word' id='word_1_403' title='bbox 1085 2267 1202 2294; x_wconf 68' lang='lat' dir='ltr'>tuat-tro-</span> 
     </span>
     <span class='ocr_line' id='line_1_74' title="bbox 457 2314 1202 2356; baseline 0.003 -11"><span class='ocrx_word' id='word_1_404' title='bbox 457 2314 617 2356; x_wconf 85' lang='lat' dir='ltr'>politanac</span> <span class='ocrx_word' id='word_1_405' title='bbox 638 2314 849 2347; x_wconf 72' lang='lat' dir='ltr'>ttononionsis</span> <span class='ocrx_word' id='word_1_406' title='bbox 869 2320 897 2346; x_wconf 77' lang='lat' dir='ltr'>ct</span> <span class='ocrx_word' id='word_1_407' title='bbox 922 2314 1202 2347; x_wconf 73' lang='lat' dir='ltr'>ratlwdralistlcr-</span> 
     </span>
     <span class='ocr_line' id='line_1_75' title="bbox 457 2367 1201 2411; baseline 0 -13"><span class='ocrx_word' id='word_1_408' title='bbox 457 2367 570 2399; x_wconf 73' lang='lat' dir='ltr'>vivusis</span> <span class='ocrx_word' id='word_1_409' title='bbox 585 2367 794 2399; x_wconf 69' lang='lat' dir='ltr'>cccli-siarum</span> <span class='ocrx_word' id='word_1_410' title='bbox 806 2367 901 2400; x_wconf 81' lang='lat' dir='ltr'>valvis</span> <span class='ocrx_word' id='word_1_411' title='bbox 913 2368 1099 2411; x_wconf 62' lang='lat' dir='ltr'>respon-tivo,</span> <span class='ocrx_word' id='word_1_412' title='bbox 1113 2378 1201 2400; x_wconf 75' lang='lat' dir='ltr'>umrc</span> 
     </span>
     <span class='ocr_line' id='line_1_76' title="bbox 455 2421 1200 2465; baseline 0.003 -14"><span class='ocrx_word' id='word_1_413' title='bbox 455 2421 549 2452; x_wconf 78' lang='lat' dir='ltr'>solito</span> <span class='ocrx_word' id='word_1_414' title='bbox 570 2421 706 2461; x_wconf 59' lang='lat' dir='ltr'>lugendo</span> <span class='ocrx_word' id='word_1_415' title='bbox 731 2427 758 2454; x_wconf 71' lang='lat' dir='ltr'>ct</span> <span class='ocrx_word' id='word_1_416' title='bbox 789 2421 998 2465; x_wconf 65' lang='lat' dir='ltr'>public-audo,</span> <span class='ocrx_word' id='word_1_417' title='bbox 1022 2432 1057 2453; x_wconf 77' lang='lat' dir='ltr'>ac</span> <span class='ocrx_word' id='word_1_418' title='bbox 1080 2421 1200 2454; x_wconf 67' lang='lat' dir='ltr'>ibidem</span> 
     </span>
     <span class='ocr_line' id='line_1_77' title="bbox 456 2474 1201 2518; baseline 0.001 -13"><span class='ocrx_word' id='word_1_419' title='bbox 456 2474 635 2513; x_wconf 58' lang='lat' dir='ltr'>attica-mlo,</span> <span class='ocrx_word' id='word_1_420' title='bbox 660 2480 689 2506; x_wconf 77' lang='lat' dir='ltr'>ct</span> <span class='ocrx_word' id='word_1_421' title='bbox 710 2485 767 2518; x_wconf 70' lang='lat' dir='ltr'>per</span> <span class='ocrx_word' id='word_1_422' title='bbox 784 2474 914 2517; x_wconf 84' lang='lat' dir='ltr'>aliquod</span> <span class='ocrx_word' id='word_1_423' title='bbox 947 2475 1100 2517; x_wconf 72' lang='lat' dir='ltr'>tetiiporis</span> <span class='ocrx_word' id='word_1_424' title='bbox 1128 2485 1201 2518; x_wconf 84' lang='lat' dir='ltr'>spa-</span> 
     </span>
     <span class='ocr_line' id='line_1_78' title="bbox 457 2527 1201 2571; baseline 0 -11"><span class='ocrx_word' id='word_1_425' title='bbox 457 2527 533 2560; x_wconf 83' lang='lat' dir='ltr'>tium</span> <span class='ocrx_word' id='word_1_426' title='bbox 567 2528 674 2560; x_wconf 70' lang='lat' dir='ltr'>allixas</span> <span class='ocrx_word' id='word_1_427' title='bbox 700 2528 911 2565; x_wconf 83' lang='lat' dir='ltr'>dimittendo,</span> <span class='ocrx_word' id='word_1_428' title='bbox 937 2527 1062 2571; x_wconf 66' lang='lat' dir='ltr'>illisque¹</span> <span class='ocrx_word' id='word_1_429' title='bbox 1092 2533 1201 2571; x_wconf 80' lang='lat' dir='ltr'>postca</span> 
     </span>
     <span class='ocr_line' id='line_1_79' title="bbox 457 2580 1197 2624; baseline 0.003 -13"><span class='ocrx_word' id='word_1_430' title='bbox 457 2580 530 2611; x_wconf 70' lang='lat' dir='ltr'>iud-e</span> <span class='ocrx_word' id='word_1_431' title='bbox 544 2580 706 2618; x_wconf 65' lang='lat' dir='ltr'>detractis,</span> <span class='ocrx_word' id='word_1_432' title='bbox 724 2591 834 2613; x_wconf 70' lang='lat' dir='ltr'>varum</span> <span class='ocrx_word' id='word_1_433' title='bbox 857 2581 1003 2624; x_wconf 68' lang='lat' dir='ltr'>cxciiipla</span> <span class='ocrx_word' id='word_1_434' title='bbox 1025 2581 1055 2613; x_wconf 90' lang='lat' dir='ltr'>iu</span> <span class='ocrx_word' id='word_1_435' title='bbox 1077 2580 1197 2613; x_wconf 83' lang='lat' dir='ltr'>eisdem</span> 
     </span>
    </p>
   </div>
   <div class='ocr_carea' id='block_1_16' title="bbox 1215 297 1223 2387">
    <p class='ocr_par' dir='ltr' id='par_1_17' title="bbox 1215 297 1223 2387">
     <span class='ocr_line' id='line_1_80' title="bbox 1215 297 1223 2387; baseline 0 0"><span class='ocrx_word' id='word_1_436' title='bbox 1215 297 1223 2387; x_wconf 95' lang='lat' dir='ltr'> </span> 
     </span>
    </p>
   </div>
   <div class='ocr_carea' id='block_1_17' title="bbox 1236 1674 2001 2618">
    <p class='ocr_par' dir='ltr' id='par_1_18' title="bbox 1236 1674 2001 2618">
     <span class='ocr_line' id='line_1_81' title="bbox 1236 1674 1978 1718; baseline -0.001 -10"><span class='ocrx_word' id='word_1_437' title='bbox 1236 1675 1275 1708; x_wconf 87' lang='lat' dir='ltr'>ab</span> <span class='ocrx_word' id='word_1_438' title='bbox 1296 1674 1365 1718; x_wconf 85' lang='lat' dir='ltr'>ipso</span> <span class='ocrx_word' id='word_1_439' title='bbox 1385 1674 1424 1707; x_wconf 90' lang='lat' dir='ltr'>de</span> <span class='ocrx_word' id='word_1_440' title='bbox 1445 1675 1528 1707; x_wconf 85' lang='lat' dir='ltr'>sacto</span> <span class='ocrx_word' id='word_1_441' title='bbox 1547 1680 1723 1718; x_wconf 84' lang='lat' dir='ltr'>occupata,</span> <span class='ocrx_word' id='word_1_442' title='bbox 1747 1674 1841 1707; x_wconf 90' lang='lat' dir='ltr'>nobis</span> <span class='ocrx_word' id='word_1_443' title='bbox 1861 1680 1893 1707; x_wconf 88' lang='lat' dir='ltr'>et</span> <span class='ocrx_word' id='word_1_444' title='bbox 1912 1674 1978 1708; x_wconf 78' lang='lat' dir='ltr'>uo-</span> 
     </span>
     <span class='ocr_line' id='line_1_82' title="bbox 1237 1727 1982 1772; baseline 0.003 -12"><span class='ocrx_word' id='word_1_445' title='bbox 1237 1738 1349 1761; x_wconf 87' lang='lat' dir='ltr'>manae</span> <span class='ocrx_word' id='word_1_446' title='bbox 1366 1727 1538 1768; x_wconf 85' lang='lat' dir='ltr'>Ecclesiae,</span> <span class='ocrx_word' id='word_1_447' title='bbox 1555 1733 1585 1761; x_wconf 90' lang='lat' dir='ltr'>et</span> <span class='ocrx_word' id='word_1_448' title='bbox 1597 1727 1671 1761; x_wconf 88' lang='lat' dir='ltr'>Sedi</span> <span class='ocrx_word' id='word_1_449' title='bbox 1685 1733 1714 1761; x_wconf 89' lang='lat' dir='ltr'>et</span> <span class='ocrx_word' id='word_1_450' title='bbox 1727 1727 1879 1762; x_wconf 83' lang='lat' dir='ltr'>Gamerae</span> <span class='ocrx_word' id='word_1_451' title='bbox 1890 1738 1982 1772; x_wconf 88' lang='lat' dir='ltr'>prae-</span> 
     </span>
     <span class='ocr_line' id='line_1_83' title="bbox 1236 1781 1982 1815; baseline -0.001 0"><span class='ocrx_word' id='word_1_452' title='bbox 1236 1782 1328 1815; x_wconf 86' lang='lat' dir='ltr'>dictis</span> <span class='ocrx_word' id='word_1_453' title='bbox 1345 1781 1447 1815; x_wconf 86' lang='lat' dir='ltr'>libera</span> <span class='ocrx_word' id='word_1_454' title='bbox 1469 1781 1637 1814; x_wconf 82' lang='lat' dir='ltr'>restituere</span> <span class='ocrx_word' id='word_1_455' title='bbox 1657 1787 1688 1814; x_wconf 88' lang='lat' dir='ltr'>et</span> <span class='ocrx_word' id='word_1_456' title='bbox 1708 1781 1869 1814; x_wconf 84' lang='lat' dir='ltr'>dimittere</span> <span class='ocrx_word' id='word_1_457' title='bbox 1882 1781 1982 1814; x_wconf 91' lang='lat' dir='ltr'>distu-</span> 
     </span>
     <span class='ocr_line' id='line_1_84' title="bbox 1237 1833 1979 1877; baseline 0 -10"><span class='ocrx_word' id='word_1_458' title='bbox 1237 1835 1319 1873; x_wconf 86' lang='lat' dir='ltr'>lerit,</span> <span class='ocrx_word' id='word_1_459' title='bbox 1340 1834 1520 1877; x_wconf 87' lang='lat' dir='ltr'>quinimmo</span> <span class='ocrx_word' id='word_1_460' title='bbox 1541 1833 1694 1874; x_wconf 81' lang='lat' dir='ltr'>civitates,</span> <span class='ocrx_word' id='word_1_461' title='bbox 1718 1839 1832 1873; x_wconf 87' lang='lat' dir='ltr'>terras,</span> <span class='ocrx_word' id='word_1_462' title='bbox 1855 1839 1979 1874; x_wconf 86' lang='lat' dir='ltr'>castra,</span> 
     </span>
     <span class='ocr_line' id='line_1_85' title="bbox 1237 1886 2001 1930; baseline 0.001 -11"><span class='ocrx_word' id='word_1_463' title='bbox 1237 1888 1316 1925; x_wconf 82' lang='lat' dir='ltr'>loca,</span> <span class='ocrx_word' id='word_1_464' title='bbox 1345 1886 1483 1927; x_wconf 85' lang='lat' dir='ltr'>l&#39;ortalia,</span> <span class='ocrx_word' id='word_1_465' title='bbox 1507 1892 1537 1920; x_wconf 88' lang='lat' dir='ltr'>ct</span> <span class='ocrx_word' id='word_1_466' title='bbox 1562 1886 1624 1919; x_wconf 89' lang='lat' dir='ltr'>alia</span> <span class='ocrx_word' id='word_1_467' title='bbox 1645 1887 1788 1930; x_wconf 80' lang='lat' dir='ltr'>praefata</span> <span class='ocrx_word' id='word_1_468' title='bbox 1809 1886 1978 1926; x_wconf 89' lang='lat' dir='ltr'>militibus,</span> <span class='ocrx_word' id='word_1_469' title='bbox 1998 1888 2001 1889; x_wconf 48' lang='lat'><em>⁷</em></span> 
     </span>
     <span class='ocr_line' id='line_1_86' title="bbox 1236 1939 1984 1983; baseline -0.001 -10"><span class='ocrx_word' id='word_1_470' title='bbox 1236 1946 1330 1983; x_wconf 88' lang='lat' dir='ltr'>atque</span> <span class='ocrx_word' id='word_1_471' title='bbox 1352 1939 1450 1972; x_wconf 82' lang='lat' dir='ltr'>armis</span> <span class='ocrx_word' id='word_1_472' title='bbox 1468 1939 1654 1981; x_wconf 71' lang='lat' dir='ltr'>diligentius</span> <span class='ocrx_word' id='word_1_473' title='bbox 1675 1939 1871 1979; x_wconf 84' lang='lat' dir='ltr'>instruxerit,</span> <span class='ocrx_word' id='word_1_474' title='bbox 1895 1950 1984 1974; x_wconf 82' lang='lat' dir='ltr'>com-</span> 
     </span>
     <span class='ocr_line' id='line_1_87' title="bbox 1237 1993 1982 2037; baseline 0 -11"><span class='ocrx_word' id='word_1_475' title='bbox 1237 1999 1377 2027; x_wconf 84' lang='lat' dir='ltr'>meatum</span> <span class='ocrx_word' id='word_1_476' title='bbox 1399 1993 1669 2037; x_wconf 77' lang='lat' dir='ltr'>comportaverit,</span> <span class='ocrx_word' id='word_1_477' title='bbox 1693 1993 1906 2028; x_wconf 84' lang='lat' dir='ltr'>Ferrariensis</span> <span class='ocrx_word' id='word_1_478' title='bbox 1932 1993 1982 2027; x_wconf 91' lang='lat' dir='ltr'>di-</span> 
     </span>
     <span class='ocr_line' id='line_1_88' title="bbox 1238 2047 1981 2090; baseline 0 -10"><span class='ocrx_word' id='word_1_479' title='bbox 1238 2047 1332 2081; x_wconf 83' lang='lat' dir='ltr'>tionis</span> <span class='ocrx_word' id='word_1_480' title='bbox 1347 2048 1436 2085; x_wconf 81' lang='lat' dir='ltr'>lincs,</span> <span class='ocrx_word' id='word_1_481' title='bbox 1453 2058 1517 2090; x_wconf 87' lang='lat' dir='ltr'>qua</span> <span class='ocrx_word' id='word_1_482' title='bbox 1531 2047 1669 2080; x_wconf 77' lang='lat' dir='ltr'>maxime</span> <span class='ocrx_word' id='word_1_483' title='bbox 1689 2049 1812 2080; x_wconf 77' lang='lat' dir='ltr'>Statum</span> <span class='ocrx_word' id='word_1_484' title='bbox 1834 2052 1981 2080; x_wconf 90' lang='lat' dir='ltr'>nostrum</span> 
     </span>
     <span class='ocr_line' id='line_1_89' title="bbox 1237 2100 1983 2140; baseline 0.003 -8"><span class='ocrx_word' id='word_1_485' title='bbox 1237 2100 1446 2140; x_wconf 82' lang='lat' dir='ltr'>(immediate</span> <span class='ocrx_word' id='word_1_486' title='bbox 1477 2100 1587 2137; x_wconf 79' lang='lat' dir='ltr'>uobis,</span> <span class='ocrx_word' id='word_1_487' title='bbox 1616 2106 1646 2133; x_wconf 88' lang='lat' dir='ltr'>et</span> <span class='ocrx_word' id='word_1_488' title='bbox 1673 2100 1746 2134; x_wconf 81' lang='lat' dir='ltr'>Sodi</span> <span class='ocrx_word' id='word_1_489' title='bbox 1772 2111 1807 2134; x_wconf 83' lang='lat' dir='ltr'>ac</span> <span class='ocrx_word' id='word_1_490' title='bbox 1833 2101 1983 2134; x_wconf 85' lang='lat' dir='ltr'>Gamerae</span> 
     </span>
     <span class='ocr_line' id='line_1_90' title="bbox 1237 2152 1984 2197; baseline 0.001 -13"><span class='ocrx_word' id='word_1_491' title='bbox 1237 2153 1420 2196; x_wconf 78' lang='lat' dir='ltr'>praedictae</span> <span class='ocrx_word' id='word_1_492' title='bbox 1434 2153 1633 2195; x_wconf 87' lang='lat' dir='ltr'>subiectum)</span> <span class='ocrx_word' id='word_1_493' title='bbox 1649 2153 1848 2197; x_wconf 81' lang='lat' dir='ltr'>pertingunt,</span> <span class='ocrx_word' id='word_1_494' title='bbox 1864 2152 1984 2197; x_wconf 84' lang='lat' dir='ltr'>praesi-</span> 
     </span>
     <span class='ocr_line' id='line_1_91' title="bbox 1237 2207 1983 2251; baseline 0.001 -12"><span class='ocrx_word' id='word_1_495' title='bbox 1237 2208 1296 2240; x_wconf 83' lang='lat' dir='ltr'>diis</span> <span class='ocrx_word' id='word_1_496' title='bbox 1318 2207 1504 2245; x_wconf 80' lang='lat' dir='ltr'>firmaverit,</span> <span class='ocrx_word' id='word_1_497' title='bbox 1525 2213 1621 2251; x_wconf 90' lang='lat' dir='ltr'>atque</span> <span class='ocrx_word' id='word_1_498' title='bbox 1642 2207 1737 2241; x_wconf 87' lang='lat' dir='ltr'>etiam</span> <span class='ocrx_word' id='word_1_499' title='bbox 1759 2207 1931 2250; x_wconf 73' lang='lat' dir='ltr'>aggeribus</span> <span class='ocrx_word' id='word_1_500' title='bbox 1951 2212 1983 2240; x_wconf 87' lang='lat' dir='ltr'>et</span> 
     </span>
     <span class='ocr_line' id='line_1_92' title="bbox 1237 2260 1981 2304; baseline 0 -11"><span class='ocrx_word' id='word_1_501' title='bbox 1237 2261 1318 2293; x_wconf 86' lang='lat' dir='ltr'>vallo</span> <span class='ocrx_word' id='word_1_502' title='bbox 1351 2261 1390 2293; x_wconf 79' lang='lat' dir='ltr'>do</span> <span class='ocrx_word' id='word_1_503' title='bbox 1421 2271 1504 2294; x_wconf 88' lang='lat' dir='ltr'>novo</span> <span class='ocrx_word' id='word_1_504' title='bbox 1530 2260 1800 2299; x_wconf 75' lang='lat' dir='ltr'>conununiverit;</span> <span class='ocrx_word' id='word_1_505' title='bbox 1830 2260 1917 2304; x_wconf 87' lang='lat' dir='ltr'>quod</span> <span class='ocrx_word' id='word_1_506' title='bbox 1945 2270 1981 2293; x_wconf 84' lang='lat' dir='ltr'>cx</span> 
     </span>
     <span class='ocr_line' id='line_1_93' title="bbox 1237 2312 1983 2347; baseline -0.003 0"><span class='ocrx_word' id='word_1_507' title='bbox 1237 2316 1338 2347; x_wconf 76' lang='lat' dir='ltr'>{orma</span> <span class='ocrx_word' id='word_1_508' title='bbox 1360 2319 1388 2346; x_wconf 91' lang='lat' dir='ltr'>et</span> <span class='ocrx_word' id='word_1_509' title='bbox 1410 2319 1521 2346; x_wconf 82' lang='lat' dir='ltr'>tenore</span> <span class='ocrx_word' id='word_1_510' title='bbox 1541 2313 1801 2347; x_wconf 86' lang='lat' dir='ltr'>investiturarum</span> <span class='ocrx_word' id='word_1_511' title='bbox 1821 2312 1917 2345; x_wconf 86' lang='lat' dir='ltr'>etiam</span> <span class='ocrx_word' id='word_1_512' title='bbox 1939 2312 1983 2346; x_wconf 87' lang='lat' dir='ltr'>le-</span> 
     </span>
     <span class='ocr_line' id='line_1_94' title="bbox 1236 2365 1979 2407; baseline -0.003 -7"><span class='ocrx_word' id='word_1_513' title='bbox 1236 2367 1355 2407; x_wconf 65' lang='lat' dir='ltr'>munus</span> <span class='ocrx_word' id='word_1_514' title='bbox 1370 2367 1494 2400; x_wconf 84' lang='lat' dir='ltr'>etveris</span> <span class='ocrx_word' id='word_1_515' title='bbox 1515 2366 1652 2400; x_wconf 78' lang='lat' dir='ltr'>ducibus</span> <span class='ocrx_word' id='word_1_516' title='bbox 1673 2366 1804 2399; x_wconf 89' lang='lat' dir='ltr'>minime.</span> <span class='ocrx_word' id='word_1_517' title='bbox 1826 2365 1979 2402; x_wconf 85' lang='lat' dir='ltr'>licuisset;</span> 
     </span>
     <span class='ocr_line' id='line_1_95' title="bbox 1237 2418 1981 2464; baseline 0 -12"><span class='ocrx_word' id='word_1_518' title='bbox 1237 2427 1404 2464; x_wconf 85' lang='lat' dir='ltr'>praetcrea</span> <span class='ocrx_word' id='word_1_519' title='bbox 1436 2431 1492 2464; x_wconf 87' lang='lat' dir='ltr'>per</span> <span class='ocrx_word' id='word_1_520' title='bbox 1521 2419 1769 2464; x_wconf 73' lang='lat' dir='ltr'>productionem</span> <span class='ocrx_word' id='word_1_521' title='bbox 1798 2425 1829 2452; x_wconf 84' lang='lat' dir='ltr'>ct</span> <span class='ocrx_word' id='word_1_522' title='bbox 1858 2418 1981 2452; x_wconf 79' lang='lat' dir='ltr'>exhibi-</span> 
     </span>
     <span class='ocr_line' id='line_1_96' title="bbox 1238 2472 1978 2516; baseline 0 -11"><span class='ocrx_word' id='word_1_523' title='bbox 1238 2474 1357 2506; x_wconf 77' lang='lat' dir='ltr'>tinucm</span> <span class='ocrx_word' id='word_1_524' title='bbox 1384 2473 1549 2506; x_wconf 77' lang='lat' dir='ltr'>cuiusdam</span> <span class='ocrx_word' id='word_1_525' title='bbox 1567 2472 1746 2516; x_wconf 83' lang='lat' dir='ltr'>scripturae</span> <span class='ocrx_word' id='word_1_526' title='bbox 1768 2472 1799 2505; x_wconf 91' lang='lat' dir='ltr'>iu</span> <span class='ocrx_word' id='word_1_527' title='bbox 1821 2482 1978 2516; x_wconf 80' lang='lat' dir='ltr'>procura-</span> 
     </span>
     <span class='ocr_line' id='line_1_97' title="bbox 1239 2526 1981 2570; baseline 0.001 -13"><span class='ocrx_word' id='word_1_528' title='bbox 1239 2527 1320 2559; x_wconf 81' lang='lat' dir='ltr'>torio</span> <span class='ocrx_word' id='word_1_529' title='bbox 1336 2527 1487 2560; x_wconf 86' lang='lat' dir='ltr'>maudato</span> <span class='ocrx_word' id='word_1_530' title='bbox 1498 2526 1647 2570; x_wconf 79' lang='lat' dir='ltr'>superius</span> <span class='ocrx_word' id='word_1_531' title='bbox 1657 2526 1744 2559; x_wconf 86' lang='lat' dir='ltr'>dicto</span> <span class='ocrx_word' id='word_1_532' title='bbox 1756 2526 1905 2565; x_wconf 82' lang='lat' dir='ltr'>insertae,</span> <span class='ocrx_word' id='word_1_533' title='bbox 1922 2534 1981 2568; x_wconf 88' lang='lat' dir='ltr'>pro</span> 
     </span>
     <span class='ocr_line' id='line_1_98' title="bbox 1237 2577 1980 2618; baseline -0.001 -7"><span class='ocrx_word' id='word_1_534' title='bbox 1237 2581 1454 2613; x_wconf 78' lang='lat' dir='ltr'>declinatione</span> <span class='ocrx_word' id='word_1_535' title='bbox 1479 2580 1627 2614; x_wconf 77' lang='lat' dir='ltr'>videlieet</span> <span class='ocrx_word' id='word_1_536' title='bbox 1658 2579 1766 2613; x_wconf 89' lang='lat' dir='ltr'>iudicii</span> <span class='ocrx_word' id='word_1_537' title='bbox 1798 2578 1920 2618; x_wconf 88' lang='lat' dir='ltr'>nostri,</span> <span class='ocrx_word' id='word_1_538' title='bbox 1949 2577 1980 2610; x_wconf 90' lang='lat' dir='ltr'>in</span> 
     </span>
    </p>
   </div>
   <div class='ocr_carea' id='block_1_18' title="bbox 456 2630 1976 2678">
    <p class='ocr_par' dir='ltr' id='par_1_19' title="bbox 456 2630 1976 2678">
     <span class='ocr_line' id='line_1_99' title="bbox 456 2630 1976 2678; baseline -0.001 -12"><span class='ocrx_word' id='word_1_539' title='bbox 456 2633 533 2666; x_wconf 62' lang='lat' dir='ltr'>loci&gt;</span> <span class='ocrx_word' id='word_1_540' title='bbox 555 2634 674 2676; x_wconf 72' lang='lat' dir='ltr'>pariter</span> <span class='ocrx_word' id='word_1_541' title='bbox 694 2635 785 2666; x_wconf 67' lang='lat' dir='ltr'>affixa</span> <span class='ocrx_word' id='word_1_542' title='bbox 807 2634 1030 2678; x_wconf 74' lang='lat' dir='ltr'>relinqucudo,</span> <span class='ocrx_word' id='word_1_543' title='bbox 1055 2640 1084 2667; x_wconf 67' lang='lat' dir='ltr'>ct</span> <span class='ocrx_word' id='word_1_544' title='bbox 1103 2634 1132 2666; x_wconf 86' lang='lat' dir='ltr'>iu</span> <span class='ocrx_word' id='word_1_545' title='bbox 1155 2633 1201 2666; x_wconf 92' lang='lat' dir='ltr'>di·</span> <span class='ocrx_word' id='word_1_546' title='bbox 1238 2633 1420 2666; x_wconf 78' lang='lat' dir='ltr'>huiusmodi</span> <span class='ocrx_word' id='word_1_547' title='bbox 1447 2643 1541 2666; x_wconf 80' lang='lat' dir='ltr'>causa</span> <span class='ocrx_word' id='word_1_548' title='bbox 1564 2633 1646 2666; x_wconf 83' lang='lat' dir='ltr'>iuter</span> <span class='ocrx_word' id='word_1_549' title='bbox 1666 2632 1727 2665; x_wconf 86' lang='lat' dir='ltr'>alia</span> <span class='ocrx_word' id='word_1_550' title='bbox 1745 2631 1870 2676; x_wconf 82' lang='lat' dir='ltr'>aliquos</span> <span class='ocrx_word' id='word_1_551' title='bbox 1891 2630 1976 2665; x_wconf 81' lang='lat' dir='ltr'>iudi-</span> 
     </span>
    </p>
   </div>
   <div class='ocr_carea' id='block_1_19' title="bbox 2185 0 2253 3195">
    <p class='ocr_par' dir='ltr' id='par_1_20' title="bbox 2185 0 2253 3195">
     <span class='ocr_line' id='line_1_100' title="bbox 2185 0 2253 3195; baseline 0 0"><span class='ocrx_word' id='word_1_552' title='bbox 2185 0 2253 3195; x_wconf 95' lang='lat' dir='ltr'> </span> 
     </span>
    </p>
   </div>
  </div>
 </body>
</html>
