2253 3195
10 279 12 285 ’
49 272 98 299 An.
115 271 143 298 C.
166 271 232 298 1602

72 389 100 410 De
112 389 232 409 excessibus

58 416 231 436 beneficiatorum

9 438 12 460 i
58 444 79 463 etv
88 443 218 463 clericorum.

860 275 1007 299 CLEMENS
1027 275 1084 299 vui
1106 276 1156 299 1³1¹.
1673 265 1735 300 867

247 321 428 354 excessibus
448 323 628 355 commissis
649 334 706 366 per
730 322 939 356 beneficiatos
960 329 989 356 et
1023 323 1264 363 committente,
1296 324 1413 357 vicario
1442 324 1608 368 praedicto
1636 325 1766 358 nomine

248 375 381 407 clericos
412 375 513 408 dictae
544 376 696 409 ecclesiae
726 376 810 409 intus
842 377 988 409 eamdem
1004 412 1006 430 ¹
1024 377 1098 409 dicti
1126 377 1280 419 delegati,
1304 383 1400 422 prout
1421 378 1452 410 in
1475 378 1687 411 instrumento
1708 390 1766 422 pu-

247 429 416 462 ecclcsiam
438 435 468 462 et
488 429 560 467 eius,
573 430 730 463 ambitum
754 440 809 463 seu
835 430 985 470 claustra,
1004 449 1006 489 1
1024 430 1124 468 blico,
1148 432 1205 463 sub
1232 431 1283 463 die
1308 431 1443 475 septima
1469 431 1586 465 mensis
1612 432 1765 465 februarii

247 487 278 515 et
299 482 329 514 in
349 483 608 527 quibuscumque
628 483 989 527 fn'ocessionibus,quae
1005 494 1006 528 ζ
1023 483 1097 515 anni
1110 484 1236 516 Domini
1253 484 1643 518 millesimisexcentesimi
1655 485 1762 529 primi,

247 534 328 568 fiunt
348 535 431 568 intra
460 536 507 568 vel
537 541 625 569 extra
652 536 835 576 ecclesiam,
860 531 1767 583 possent}incivitateBarchinonensicelebrato‚dicitur

248 588 343 621 iidem
363 589 544 622 beneficiati
562 595 592 621 et
611 589 717 622 clerici
736 600 792 633 per
813 590 988 632 capitulum
1004 591 1009 634 ᾗ
1025 590 1193 623 contineri.

247 652 301 675 seu
327 643 394 675 eius
426 643 578 676 officiales
599 643 637 675 ad
665 643 695 676 id
724 644 892 686 deputatos
918 635 1007 690 pri-l
1069 646 1085 686 ξ
1107 644 1136 676 si.
1161 645 1263 683 Quare
1284 655 1343 688 pro
1364 651 1452 689 parte
1481 646 1666 689 lldepbonsi
1693 646 1762 690 epi-

247 696 312 729 rari
334 697 615 730 distributionibus
640 697 853 740 quotidianis,
878 703 908 729 et
933 698 1111 745 peiffscopi
1139 709 1173 731 ac
1196 698 1326 741 capituli
1352 704 1380 731 et
1406 698 1636 731 canonicorum
1666 710 1762 742 prae-

246 750 349 783 solum
372 750 558 794 episcopum
581 760 636 782 seu
657 750 726 782 cius
751 750 904 783 officiales
933 762 990 793 pu-
1006 751 1007 783 3
1025 751 1201 791 dictorum,
1226 752 1292 796 qui,
1317 758 1350 785 ut
1379 758 1535 792 asserunt,
1568 764 1600 785 sc
1630 763 1764 786 concor-

246 803 307 836 niri
329 803 499 845 condigne,
524 803 609 836 iuxta
630 813 814 836 mensuram
836 809 865 835 et
886 803 989 846 quali—
1006 788 1008 821 i
1025 804 1130 845 diam,
1166 805 1412 838 conventionem
1444 812 1474 839 ct
1516 806 1768 840 transactionem·

247 862 342 890 tatem
365 856 491 894 delicti;
520 856 646 900 punitio
671 867 746 889 vero
775 856 986 896 delictorum,
1006 833 1007 889 i
1025 856 1234 897 huiusmodi,
1264 858 1437 902 omniaque
1469 865 1499 892 et
1530 859 1655 901 singula
1682 859 1766 894 illius

246 921 327 954 quae
349 910 434 943 intus
455 910 572 943 dictam
595 910 760 943 ecclesiam
783 915 814 942 et
835 910 902 942 eius
923 921 991 942 am-
1006 910 1007 951 ᾖ
1025 911 1129 954 capita
1150 911 1320 944 observare
1342 917 1370 944 et
1393 912 1559 945 attendere
1585 912 1664 945 velle
1690 923 1766 956 pro-

246 964 348 997 bitum
368 975 424 997 seu
445 965 584 997 claustra
601 964 760 997 committi
788 963 1007 1006 contingeret*
1025 964 1181 997 miserunt
1198 993 1203 1003 ,
1234 966 1388 1009 nulloque
1418 976 1572 1009 umquam
1600 972 1763 1010 tempore,

244 1029 302 1062 per
330 1018 429 1051 laicos
461 1024 490 1051 et
522 1018 600 1051 alias
626 1028 796 1061 personas,
821 1028 903 1061 quae
924 1028 989 1051 non
1006 1002 1007 1049 l
1025 1018 1132 1062 aliqua
1156 1018 1282 1052 ratione
1307 1020 1354 1052 vel
1373 1030 1467 1052 causa
1487 1019 1611 1053 variare
1631 1021 1765 1064 promit-

245 1073 391 1105 cruntde
406 1072 477 1117 foro
495 1071 722 1111 ecclesiastico,
744 1072 783 1104 ad
802 1071 987 1114 episcopum
1006 1064 1007 1078 ¹
1025 1078 1105 1112 tunt,
1130 1078 1159 1105 et
1181 1073 1220 1105 ad
1242 1072 1272 1105 id
1294 1073 1352 1105 sub
1373 1073 1582 1116 amplissimis
1614 1074 1765 1107 clausulis

247 1131 369 1159 tantum
395 1126 460 1159 sive
491 1125 560 1158 elus
590 1125 742 1158 officiales
768 1131 796 1157 et
828 1124 1006 1157 ministros
1025 1125 1159 1159 invicem
1178 1137 1246 1159 sese
1272 1126 1476 1168 obligarunt,
1505 1127 1598 1159 nobis
1627 1127 1685 1160 suit
1705 1127 1765 1160 hu-

245 1179 399 1223 privative
432 1179 539 1222 quoad
570 1178 744 1222 capitulun‘i
778 1184 937 1222 spectaret
959 1184 987 1210 et
1005 1212 1007 1231 l
1024 1179 1143 1212 militer
1159 1180 1375 1222 supplicatum
1399 1185 1557 1223 quatenus
1571 1181 1764 1214 concordiae

246 1233 441 1277 pertineret,
476 1232 519 1265 ita
548 1238 583 1265 ut
613 1231 734 1264 similes
766 1231 989 1275 delinquentes
1005 1273 1006 1277 Ἰ
1025 1244 1060 1265 ac
1082 1232 1300 1272 transactioni,
1318 1238 1346 1265 et
1369 1233 1400 1265 in
1422 1244 1457 1266 ea
1479 1233 1638 1267 contentis
1658 1234 1764 1268 huius-

246 1288 317 1321 laici
331 1288 361 1320 in
383 1286 530 1330 flagranti
545 1286 679 1319 crimine
701 1286 831 1329 reperti,
848 1296 906 1329 per
922 1296 1006 1319 n.o-,

245 1342 364 1375 nachos
388 1346 591 1384 nuncupatos
611 1351 666 1373 seu
687 1339 765 1372 alios
786 1339 916 1383 capituli
931 1331 1007 1388 nii-J

245 1395 362 1428 nistros
399 1394 468 1438 capi
499 1400 530 1427 et
557 1394 657 1437 cippis
687 1404 723 1426 ac
755 1393 985 1436 compedibus,

1025 1286 1112 1318 modi
1135 1296 1192 1329 pro
1212 1286 1340 1318 illorum
1353 1286 1558 1319 subsistentia
1577 1287 1675 1319 robur
1688 1298 1763 1331 apo-

1023 1340 1153 1373 stolicae
1176 1340 1432 1373 confirmationis
1449 1341 1598 1381 adiicere,
1622 1341 1764 1385 aliasque

1005 1394 1055 1426 =in
1086 1393 1271 1438 praemissis
1307 1400 1487 1437 opportune
1525 1395 1695 1438 providere
1726 1396 1765 1429 dc

1023 1447 1219 1490 benignitate
1240 1447 1415 1491 apostolica
1443 1448 1662 1490 dignaremur.

245 1460 302 1482 seu
320 1448 396 1481 alibi
415 1448 500 1481 intus
520 1447 638 1481 dictam
660 1447 827 1480 ecclesiam
850 1458 921 1479 cum
945 1443 1006 1494 'a’i

245 1513 319 1536 men
340 1502 505 1542 custodia,
530 1508 560 1534 et
584 1512 649 1534 non
679 1500 756 1534 alias
777 1501 934 1541 detineri,
959 1500 1006 1562 et}
1068 1503 1084 1543 ξ
1117 1500 1146 1533 5.
1175 1501 1238 1534 Nos
1270 1500 1387 1542 igitur,
1418 1501 1472 1544 qui
1501 1501 1583 1534 inter
1611 1512 1764 1545 personas

245 1556 358 1590 exinde
383 1556 489 1589 statim
511 1567 566 1589 seu
586 1556 683 1599 paulo
704 1560 776 1598 post
796 1555 938 1591 libcrari,
952 1565 1005 1600 ac¹¹
1023 1553 1763 1599 quaslibet,praesertimecclesiasticas,pacem

245 1620 317 1643 cum
343 1610 458 1643 effectu
477 1609 641 1653 episcopo,
669 1619 725 1642 seu
751 1608 818 1641 eius
843 1606 1052 1656 officiali-iet
1073 1608 1280 1641 concordiam
1312 1608 1430 1641 nostris
1458 1609 1661 1652 potissimum
1684 1615 1763 1643 tem-

244 1664 314 1704 bus,
338 1664 385 1696 vel
407 1673 483 1696 suae
504 1662 612 1695 curiae
635 1659 788 1695 ministris
805 1662 988 1705 petentibus
1003 1660 1005 1698 ξ’
1022 1662 1155 1705 poribus
1182 1662 1289 1704 vigere
1320 1661 1452 1694 sinceris
1477 1669 1664 1705 exoptamus
1689 1663 1764 1697 asse—

244 1716 324 1750 tradi
352 1717 517 1749 deberent.
546 1716 679 1748 Demum
707 1715 794 1759 quod
818 1715 987 1759 episcopus
1003 1707 1005 1773 l
1022 1715 1136 1755 ctibus,
1161 1715 1282 1759 quique
1314 1715 1410 1748 bodie
1431 1715 1561 1755 habita,
1586 1715 1680 1748 etiam
1703 1727 1759 1763 eo-

243 1771 274 1804 in
296 1776 362 1804 tota
383 1782 438 1803 sua
469 1770 649 1803 visitatione
670 1770 814 1813 quolibet
837 1781 922 1803 anno
945 1770 1004 1803 sat-¹
1024 1770 1171 1802 rumdem
1199 1769 1356 1802 Dominici
1382 1775 1413 1802 et
1436 1769 1584 1802 Flaminii
1609 1770 1760 1803 cardina—

243 1825 356 1859 cienda
376 1835 434 1869 per
458 1835 491 1857 se
517 1824 621 1867 ipsum
644 1829 699 1857 aut
718 1823 872 1857 vicarium
894 1835 987 1868 prae-
1003 1835 1004 1867 3
1022 1823 1116 1863 lium,
1153 1823 1269 1867 quibus
1296 1823 1482 1856 universum
1508 1823 1569 1856 boe
1597 1824 1761 1866 negotium

243 1878 363 1911 dictum
385 1888 443 1922 pro
463 1877 619 1910 visitanda
641 1877 785 1918 ccclesia,
808 1877 983 1917 canonicis,
1002 1870 1004 1895 ²
1022 1877 1270 1909 examinandum
1288 1877 1657 1917 demandaveramus,de
1670 1888 1763 1921 prae-

242 1931 462 1974 dignitatibus,
485 1931 697 1971 beneficiatis,
722 1931 847 1964 clericis
869 1937 899 1964 et
916 1931 1003 1965 aliis'
1023 1930 1125 1963 missis
1146 1930 1297 1963 omnibus
1315 1936 1344 1963 et
1364 1930 1520 1972 singulis,
1541 1930 1711 1974 litiumque
1732 1939 1763 1964 et

241 1985 413 2029 praedictis
451 1990 614 2018 teneretur
650 1996 766 2017 munus
798 1985 1003 2038 visitationis¹

242 2038 428 2072 huiusmodi
450 2038 540 2071 obire
566 2049 638 2072 cuni
669 2039 795 2071 duobus
823 2039 1003 2087 canonicis¹

242 2092 463 2126 assistentibus
485 2103 501 2125 a
527 2092 668 2136 capitulo
689 2092 906 2133 nominandis,
931 2093 985 2136 qui

242 2152 348 2179 tamen
367 2157 431 2179 non
447 2152 552 2179 essent
565 2146 816 2187 convisitatores,
829 2147 884 2180 sed
899 2157 985 2180 mere

241 2200 423 2233 assistentes
433 2200 500 2233 sine
511 2199 645 2233 consilio
656 2205 687 2233 et
696 2211 851 2233 consensu
865 2212 870 2239 ;
888 2202 987 2244 quod-

222 2254 223 2257 ’
241 2264 303 2296 que
324 2253 428 2286 edicta
442 2259 472 2286 et
487 2253 680 2286 monitiones
700 2264 755 2286 seu
781 2254 931 2287 cartellae
952 2264 987 2299 οῖ

242 2317 346 2346 mnes,
370 2317 453 2350 quae
485 2307 666 2344 faciendae,
691 2307 905 2350 publicandae
930 2318 986 2340 seu

240 2359 455 2393 notificandae
486 2361 590 2393 sorcnt
621 2361 705 2393 intus
735 2360 851 2393 dictam
886 2361 986 2393 ecclc-

241 2413 332 2454 siam,
358 2419 420 2446 tam
440 2424 499 2458 pro
517 2413 697 2447 visitatione
723 2413 790 2457 ipsa
809 2413 986 2447 intimanda

201 2482 203 2487 ¹
241 2472 271 2500 et
296 2467 503 2508 notificanda,
536 2478 632 2511 quam
666 2478 723 2511 pro
752 2467 822 2500 aliis
855 2468 987 2511 quibus-

241 2531 380 2563 cumque
405 2521 444 2553 ad
466 2521 582 2553 dictam
604 2521 818 2554 visitationem
841 2527 987 2564 spectan-

240 2573 324 2606 tibus
345 2579 375 2607 et
395 2574 594 2615 necessariis,
618 2581 725 2618 posset
739 2575 908 2618 episcopus
929 2584 986 2606 suo

1021 1996 1190 2019 causarum
1209 1997 1245 2019 ac
1266 1985 1558 2019 controversiarum
1577 1986 1758 2029 praedicta-

1021 2051 1091 2073 rum
1127 2046 1209 2073 statu
1241 2046 1269 2072 et
1298 2039 1420 2072 meritis
1449 2040 1543 2082 plena
1583 2039 1758 2080 relatione,

1002 2094 1132 2127 lcausas
1165 2094 1202 2126 ad
1235 2104 1293 2126 nos
1318 2092 1540 2133 avocarimus‚
1567 2092 1702 2136 litesque
1732 2099 1763 2126 et

1021 2147 1255 2180 controversias
1268 2145 1454 2179 huiusmodi
1467 2145 1668 2185 extinximus,
1686 2157 1761 2190 pro-

1001 2205 1003 2207 ’
1020 2207 1055 2234 ut
1073 2201 1102 2233 in
1125 2200 1359 2244 supplicatione
1377 2200 1514 2243 desuper
1535 2210 1630 2232 manu
1653 2206 1762 2233 nostra

1020 2253 1269 2296 signatam-nius
1290 2253 1389 2285 solani
1421 2252 1630 2294 signaturan‘n
1654 2255 1761 2296 quoad

1021 2307 1051 2339 id
1072 2308 1218 2339 sufficere
1232 2306 1402 2345 voluimus,
1419 2305 1544 2349 plenius
1565 2306 1757 2347 continetur,

1020 2360 1247 2403 lldeplionsum
1286 2359 1472 2402 episcopum
1509 2370 1545 2391 ac
1582 2359 1761 2401 singulares

1021 2423 1173 2457 personas
1195 2413 1325 2456 capituli
1350 2412 1532 2445 huiusmodi
1558 2424 1574 2445 a
1596 2413 1760 2456 quibusvis

1021 2465 1383 2505 exconnminicationis,
1416 2466 1637 2509 suspensionis
1662 2471 1692 2499 et
1714 2467 1759 2499 in-

1021 2520 1157 2557 terdicti,
1182 2519 1315 2562 aliisque
1339 2518 1561 2552 ecclesiasticis
1578 2520 1756 2559 sententiis,

1021 2573 1163 2607 censuris
1185 2578 1214 2605 ct
1234 2573 1345 2615 poenis
1367 2584 1383 2604 a
1409 2572 1477 2605 iure
1499 2573 1544 2605 vel
1567 2573 1606 2605 ab
1627 2573 1758 2608 bomine

240 2627 372 2660 nomine
395 2632 517 2660 tantum
541 2627 571 2659 in
593 2627 677 2660 dicta
704 2628 837 2661 eeclesia
871 2628 983 2667 facere,
1021 2626 1131 2670 quavis
1142 2625 1310 2658 occasione
1325 2626 1371 2657 rcl
1390 2636 1485 2658 causa
1500 2625 1581 2663 latis,
1596 2626 1620 2658 si
1642 2626 1759 2669 quibus

241 2680 359 2724 illaque
388 2681 571 2724 publicare,
596 2687 650 2714 aut
675 2691 712 2714 eo
744 2682 911 2723 delegante
931 2691 986 2713 seu
1021 2679 1263 2722 quomodolibet
1287 2678 1428 2712 innodati
1451 2679 1599 2719 existunt,
1624 2680 1663 2713 ad
1684 2680 1759 2713 effe-

1782 276 1831 303 An.
1855 276 1881 303 C.
1901 275 1967 304 1602

1799 658 1919 680 Contirinari
1929 664 1964 684 pe-

1781 688 1830 708 titur
1839 688 1965 708 auctoritate

1781 714 1906 740 apostolica.

1806 1512 1950 1535 Confirmatur.
