2253 3195
236 231 285 258 An.
306 231 336 260 C.
354 231 423 259 1595
467 221 531 257 2:38
1018 226 1203 253 nummum
1218 224 1374 249 Romnum
1964 220 2015 247 An.
2035 219 2064 248 c.
2081 219 2150 249 ¹595
2169 236 2175 242 .,

1255 274 1273 315 g
1293 272 1325 305 4.
1348 272 1490 316 Ideoque
1507 270 1657 305 omnibus
1677 276 1708 304 et
1727 270 1861 313 singulis
1871 280 1950 314 qua·
1994 282 2020 303 m
2029 282 2100 309 quoad
2109 282 2149 304 im.

1211 335 1425 368 rumcumque
1433 324 1609 363 civitatum,
1619 323 1870 367 provinciarum,
1885 329 1950 357 ter·
1963 310 2042 356 23¹3?
2077 310 2157 362 ⁶⁵⁰1ssss-

1212 388 1333 418 rarum,
1355 387 1532 420 regnorum
1552 382 1584 410 et
1602 376 1823 409 dominiorum
1840 376 1948 417 curiis,
1965 363 2149 416 {g‘g{⁶{p}g¹gg¹¹¹‚¹3}⁰
2161 366 2165 373 ¹

1213 430 1436 471 tribunatibus,
1456 429 1708 473 magistratibus,
1731 439 1873 462 necnon
1892 427 1952 472 guss

479 486 522 519 ad
542 485 682 518 iudicem
711 482 983 522 ecclesiasticum,
1017 484 1047 514 et
1066 483 1178 512 contra
1211 483 1450 524 bernatoribus,
1472 482 1695 527 potestatibus,
1719 481 1909 515 officialibus
1922 487 1966 515 ρι’

480 549 602 581 milites
625 547 774 590 aliasque
792 554 947 589 personas
963 546 1137 576 conventus
1149 545 1178 574 et
1214 536 1378 578 ministris,
1401 536 1602 580 caeterisque
1625 535 1772 579 personis
1791 545 1952 579 quacum-

1213 601 1276 634 que
1301 590 1397 623 etiam
1422 590 1534 633 regali,
1569 588 1730 633 imperiali
1760 593 1791 621 et
1810 588 1874 621 alia
1892 598 1953 621 au·-

1213 643 1361 677 ctoritate
1385 648 1417 676 et
1435 648 1593 687 potestate
1613 641 1820 685 fungentibus
1837 647 1868 674 et
1879 641 1953 674 fun-

1214 697 1325 738 cturis,
1339 697 1528 730 auctoritate
1537 696 1725 741 apostolica,
1740 701 1851 729 tenore
1864 705 1958 739 prae-

1215 750 1365 790 sentium,
1393 750 1536 783 districte
1556 749 1768 794 prohibemus
1794 754 1889 792 atque
1910 748 1958 781 in-

1217 804 1419 844 terdicimus,
1456 814 1497 836 ne
1527 803 1586 836 sub
1617 801 1958 836 excommunicationis

1218 856 1348 890 maioris
1365 857 1448 890 latae
1468 855 1646 890 sententiae
1667 856 1698 899 (a
1713 865 1777 899 qua
1789 865 1855 888 non
1866 854 1926 888 nisi
1940 864 1959 888 a

1216 912 1362 944 Romano
1373 910 1541 950 Pontifice,
1557 914 1785 954 praeterquam
1799 908 1830 941 in
1845 908 1959 942 mortis

1217 965 1353 998 articulo
1370 963 1546 1004 constituti,
1566 962 1687 996 absolvi
1707 962 1851 1007 queant),
1873 961 1960 996 aliis-

1217 1029 1280 1062 que
1311 1017 1424 1062 poenis
1454 1022 1566 1050 nostro
1593 1021 1623 1049 et
1651 1025 1872 1050 successorum
1893 1025 1956 1048 no-

1217 1078 1357 1106 strorum
1393 1081 1452 1115 pro
1477 1076 1624 1114 tempore
1653 1069 1855 1103 existentium
1876 1068 1961 1102 arbi-

1218 1126 1279 1160 trio
1300 1125 1493 1168 infligendis,
1516 1130 1548 1158 et
1566 1134 1625 1168 per
1644 1133 1883 1167 quemcumque
1907 1133 1962 1157 eo-

1219 1190 1302 1219 rum,
1326 1179 1395 1223 ipso
1417 1179 1499 1212 sacto
1517 1183 1547 1211 et
1567 1177 1637 1221 ipso
1661 1177 1743 1217 iure,
1765 1176 1834 1209 sine
1853 1176 1962 1219 aliqua

1219 1232 1437 1266 declaratione
1469 1230 1695 1270 incurrendis,
1734 1229 1874 1262 audeant
1912 1228 1962 1262 vel

1219 1296 1351 1330 quoquo
1371 1285 1469 1319 modo
1490 1288 1714 1328 praesumant,
1742 1293 1779 1316 ex
1807 1292 1893 1316 nunc
1922 1282 1962 1316 de

753 278 853 313 cxxt.

438 362 529 402 Quod
548 362 585 394 in
603 360 742 393 crimine
774 357 947 391 assassim'i
965 359 1079 388 contra
1095 364 1174 398 per-

478 434 573 456 sonas
597 420 828 455 ecclesiasticas
853 418 1031 451 declaratio
1061 420 1178 460 spectet

481 609 654 654 hospitalis
673 608 706 642 S.
734 607 872 642 Ioannis
882 603 1180 648 Hierosolymitani

478 673 642 717 pertineat
662 670 705 704 ad
724 680 836 703 eorum
850 668 1043 712 superiores,
1059 657 1180 699 adiun-

481 739 529 768 cto
544 736 687 778 episcopo
702 732 774 773 loci,
790 735 968 774 antequam
980 729 1102 762 iudices
1113 737 1180 760 sae-

484 797 611 832 culares
621 797 772 840 aliquam
784 793 1037 827 declaratoriam
1047 791 1182 834 desuper

481 850 601 903 serant,
616 858 665 892 vel
677 857 720 890 ad
736 866 920 901 poenarum
935 854 1182 899 exequutionem

483 922 655 956 deveniant
667 920 687 954 “.

642 1002 777 1030 clemens
797 1000 876 1032 Papa
894 999 981 1031 v111,

568 1057 605 1084 ad
624 1058 800 1090 perpetuam
813 1053 856 1082 rei
876 1051 1058 1080 memoriam.

486 1130 503 1171 S
531 1127 561 1161 1.
594 1128 705 1170 Aequa
732 1131 764 1159 et
786 1125 1023 1167 circumspecta
1047 1120 1183 1155 Romani

256 1192 427 1213 semin—ossan·
442 1181 607 1215 Pontificis
619 1179 833 1224 providentia,
848 1178 932 1210 inter
951 1181 1089 1215 caetera,
1101 1185 1184 1218 quae

243 1220 326 1240 cutam
345 1220 364 1239 in
381 1225 428 1245 per-

244 1252 307 1266 ,οω
326 1247 428 1266 cci-tesia·
443 1235 471 1268 ei
486 1234 637 1268 divinitus
650 1233 851 1271 incumbunt,
868 1241 979 1269 onera,
997 1230 1075 1262 illud
1088 1229 1183 1262 etiam

243 1273 321 1295 sticas,
337 1274 390 1293 ultra
407 1272 427 1292 id

244 1299 428 1324 ‹lumime-rma-
443 1288 579 1322 sollicite
607 1286 792 1331 prospicere
817 1291 847 1318 et
871 1294 983 1318 cavere
1009 1283 1115 1324 debet,
1146 1291 1185 1314 ne

279 1775 348 1801 thue
357 1777 432 1796 milite·

247 1803 340 1830 roligiosi
370 1809 431 1828 prin·

249 1830 310 1853 iruwi
326 1835 369 1849 suis
386 1835 432 1855 {it-¹-

250 1856 353 1879 truantur-3

244 1331 282 1346 Μ
305 1325 429 1350 ‘mmuh
444 1341 625 1375 saeculares
646 1340 768 1373 iudices
797 1339 828 1372 in
854 1348 1008 1383 personas
1033 1336 1185 1370 ecclesia-

444 1396 550 1436 sticas,
571 1401 600 1428 et
619 1394 806 1437 pracsertim
824 1391 991 1436 hospitalis
1005 1391 1035 1424 S.
1058 1389 1186 1423 loannis

444 1449 738 1495 Hierosolymitani,
762 1458 822 1492 pro
839 1446 913 1480 fidei
935 1444 1112 1479 catholicae
1125 1443 1183 1476 ad-

445 1515 554 1538 versus
583 1502 747 1536 christiani
772 1499 913 1534 nominis
942 1499 1050 1531 hostes
1071 1497 1185 1530 desen-

445 1557 535 1591 sione
556 1557 682 1590 assidue
704 1556 906 1593 laborantes,
940 1552 999 1586 sub
1020 1556 1187 1596 praetextu

447 1610 590 1644 criminis
617 1608 798 1648 assassinii,
827 1607 910 1640 ultra
936 1615 1032 1650 quam
1063 1605 1185 1643 deceat,

448 1674 561 1697 manus
582 1662 765 1696 extendant.

492 1718 507 1761 g
527 1716 557 1750 2.
583 1717 758 1760 Propterea
777 1724 835 1747 nos
860 1723 918 1757 pro
939 1711 1108 1756 pastoralis
1121 1709 1190 1744 osti-

449 1771 488 1804 cii
511 1770 610 1804 nostri
632 1778 786 1807 munere,
820 1767 870 1799 bis
891 1765 984 1798 matis
1008 1771 1104 1808 atque
1140 1764 1188 1797 in-

449 1823 640 1861 commodis,
665 1832 746 1865 quae
766 1821 805 1853 de
831 1825 958 1853 caetero
971 1818 1098 1851 evenire
1118 1827 1190 1861 pos-

448 1882 529 1915 sent,
549 1881 733 1920 opportuna
754 1874 877 1907 ratione
886 1872 1015 1905 obviare
1032 1871 1186 1907 volentes,

449 1937 479 1964 et
497 1935 529 1963 ut
557 1929 674 1962 milites
695 1927 856 1969 religiosi,
895 1936 932 1959 ac
957 1934 1112 1969 personae
1134 1923 1190 1956 lio-

449 1983 571 2028 spitalis
590 1981 756 2026 praedicti,
787 1980 818 2013 in
839 1979 904 2012 suis
934 1977 1190 2011 immunitatibus

449 2043 479 2071 et
500 2035 692 2080 privilegiis,
725 2039 759 2067 ut
783 2043 841 2077 par
871 2038 929 2071 est,
961 2036 1191 2065 conserventur

451 2090 563 2128 illaesi,
587 2095 675 2121 motu
697 2087 830 2131 proprio
856 2096 919 2119 non
946 2085 984 2118 ad
1007 2084 1106 2128 ipsius
1134 2094 1186 2116 rc-

451 2143 589 2183 timonis,
617 2148 669 2174 aut
691 2140 826 2173 alit-uitis
844 2150 902 2183 pro
928 2150 964 2171 ea
986 2137 1078 2171 notits
1095 2147 1192 2181 super

452 2198 511 2229 ltoc
533 2196 658 2229 oblatae
678 2193 840 2238 petitionis
860 2191 1055 2229 instantiam,
1079 2191 1134 2223 scd
1157 2202 1191 2223 ex
1209 2193 1211 2231 ζ

452 2256 536 2283 «terta
557 2249 700 2286 scientia,
721 2253 751 2281 et
772 2246 811 2280 de
832 2246 1026 2290 apostolicae
1052 2238 1212 2295 potesta-2:

453 2304 491 2336 tis
517 2302 726 2347 plenitudine.

498 2357 512 2397 ξ
533 2356 562 2388 3.
589 2356 651 2388 ttae
671 2361 777 2388 nostra
798 2353 961 2398 perpetuis
982 2353 1095 2385 suturis
1117 2358 1195 2385 tem-

1220 1345 1347 1372 caetero
1361 1338 1392 1371 in
1407 1343 1598 1382 perpetuum
1613 1341 1726 1370 contra
1746 1335 1872 1380 aliquos
1885 1334 1963 1369 dicti

1221 1391 1387 1436 hospitalis
1414 1391 1538 1430 fratres,
1572 1390 1690 1423 milites
1717 1399 1754 1422 ac
1782 1388 1960 1431 religiosos,

1221 1445 1366 1484 donatos,
1391 1444 1577 1482 familiares,
1600 1442 1781 1482 servitores,
1816 1452 1875 1475 nec
1897 1451 1962 1475 non

1222 1498 1425 1542 presbyteros
1461 1496 1644 1530 saeculares
1678 1504 1791 1528 corum
1823 1493 1964 1528 ecclesiis

1223 1551 1440 1591 inservientes,
1464 1551 1540 1583 dum
1561 1549 1607 1582 eis
1625 1548 1812 1588 inserviunt,
1836 1553 1868 1581 et
1886 1547 1965 1581 alias

1222 1604 1349 1649 quasvis
1369 1613 1522 1648 personas
1547 1602 1622 1637 dicti
1647 1601 1837 1646 Hospitalis,
1860 1601 1966 1635 decla-

1223 1658 1375 1692 ratoriam
1390 1657 1531 1701 aliquam
1545 1657 1737 1691 sententiam
1757 1656 1852 1697 serre,
1876 1655 1964 1700 quod

1222 1711 1382 1745 assassinii
1404 1711 1526 1744 crimen
1540 1710 1773 1750 commiserint,
1796 1719 1902 1753 neque
1922 1709 1963 1756 ad

1224 1775 1401 1809 poenarum
1432 1764 1679 1808 exequutionem
1711 1762 1881 1802 devenire,
1905 1761 1966 1796 nisi

1224 1819 1311 1863 prius
1347 1828 1404 1862 per
1434 1817 1616 1861 superiores
1647 1827 1783 1857 eornm,
1811 1816 1966 1850 adiuncto

1223 1872 1282 1905 sibi
1305 1871 1365 1905 loci
1387 1871 1550 1915 episcopo,
1572 1871 1769 1904 declaratum
1795 1869 1889 1903 suerit
1913 1878 1968 1902 eos

1225 1925 1285 1958 tale
1316 1924 1520 1957 assassinium
1553 1923 1775 1962 commisisse,
1811 1932 1876 1956 non
1907 1922 1967 1956 ob-

1224 1984 1324 2011 stante
1343 1977 1466 2022 quavis,
1489 1977 1585 2011 etiam
1608 1975 1831 2020 antiquissima
1852 1981 1883 2009 et
1903 1975 1966 2008 im-

1225 2030 1438 2069 memorabili,
1461 2030 1694 2064 consuetudine
1715 2029 1746 2062 in
1771 2029 1968 2063 contrarium

1226 2087 1329 2117 t'orsan
1351 2083 1597 2127 quomodolibet
1617 2083 1752 2125 vigente.

1271 2142 1286 2178 ξ
1309 2137 1339 2170 5.
1364 2138 1578 2171 Decerncntes
1605 2147 1733 2180 quoque
1758 2135 1804 2169 sic
1825 2135 1856 2169 in
1879 2145 1971 2179 prae-

1228 2191 1331 2225 missis
1353 2191 1504 2224 oinnilius
1525 2201 1583 2235 per
1600 2199 1823 2233 quoscumque
1848 2188 1969 2222 iudices

1227 2252 1257 2279 et
1277 2245 1517 2279 commissarios
1541 2243 1773 2278 ecclesiasticos
1798 2248 1830 2276 et
1856 2252 1969 2276 saecu-

1210 2300 1322 2338 ¹l.u·cs,
1346 2298 1457 2343 qum-is
1476 2298 1572 2333 etiam
1593 2296 1762 2340 imperiali,
1785 2295 1885 2337 regia,
1910 2295 1969 2329 du-

1229 2352 1301 2390 cali,
1325 2358 1377 2385 aut
1398 2352 1459 2384 alia
1479 2350 1668 2384 auctoritate
1682 2355 1710 2382 ct
1730 2354 1885 2392 potestate
1900 2348 1972 2381 t'un-

2014 2135 2113 2158 ciuusut·
2120 2130 2170 2156 σὺ·
2179 2140 2182 2145 ·

1985 2165 2035 2186 tntu.
2165 2179 2172 2191 ,

265 2410 439 2456 ¹'“”''¹'''..'.'.''.'',i
457 2410 586 2453 poribus
599 2409 730 2440 valitura
744 2406 971 2440 constitutione
979 2405 1182 2439 decernimus

263 2444 286 2457 tt·
296 2443 372 2457 stul-t

1231 2411 1341 2445 gentes
1361 2411 1388 2438 et
1413 2405 1588 2442 suncturoS,
1603 2402 1727 2436 sublata
1745 2401 1790 2434 cis
1808 2406 1838 2434 ct
1858 2410 1972 2434 eorum

372 2465 439 2509 ζζζζζῥ
457 2463 704 2494 declarationem
731 2460 875 2493 criminis
901 2459 1058 2492 assassinii
1085 2459 1124 2492 a‹t
1151 2458 1197 2491 iu·
1231 2458 1360 2491 cuilibet
1383 2458 1494 2502 quavis
1520 2457 1613 2490 aliter
1643 2454 1804 2488 iudicandi
1823 2461 1853 2488 et
1875 2454 1974 2488 inter·

256 2444 261 2458 t

258 2470 263 2484 Δ
379 2491 383 2509 Ι
421 2503 424 2507 ,

256 2521 360 2564 ζ’·’ᾁ-Μ*
379 2519 441 2542 ⁸¹⁰¹·
458 2515 560 2547 ‹iit-cm
587 2514 836 2547 ecclesiasticum
868 2513 1002 2546 omniuo
1022 2512 1193 2556 pertinere.
1215 2511 1377 2555 ¹pretandi
1404 2511 1552 2544 tlicultate
1572 2515 1600 2543 ct
1616 2508 1816 2547 auctoritate.
1838 2506 1972 2540 iudicari

496 2588 504 2612 1
523 2586 633 2611 (ku-tvm
649 2586 680 2611 ‹i··
699 2586 870 2623 itur-inilitin
893 2584 951 2611 title
972 2584 996 2610 iu
1013 2584 1140 2611 constitut
1166 2589 1198 2610 xv
1215 2557 1262 2604 1⁰¹
1288 2564 1415 2597 definiri
1438 2563 1557 2597 debere
1571 2590 1578 2601 ν
1612 2573 1648 2595 ac
1672 2561 1796 2595 irritum
1822 2566 1852 2594 et
1880 2559 1974 2593 inane

464 2632 594 2656 Antinum
616 2630 655 2656 ιν
676 2631 868 2662 ctuiatc'unuc,
891 2634 953 2655 ωιιι.
972 2635 998 2660 ιι,
1017 2637 1076 2663 ρης.
1097 2628 1159 2655 018.
1216 2605 1390 2662 {quicquid
1422 2627 1513 2650 secus
1539 2625 1636 2660 super
1660 2614 1710 2648 liis
1741 2624 1758 2648 a
1787 2622 1970 2658 quoquam,
