2253 3195
262 266 312 293 An.
333 267 364 293 c.
381 266 449 294 1602
460 230 471 238 Ο
494 255 558 289 838

465 314 504 347 (18
523 314 656 354 Corella,
680 313 843 357 quondam
865 312 1033 346 dominum
1056 313 1204 346 locorum

463 367 614 407 Nox-elda,
637 367 737 410 Aspe,
763 366 869 399 Petrei
889 371 920 399 et
939 366 1073 407 Salinas,
1097 377 1135 399 ex
1161 367 1206 399 al-

465 427 532 454 tera
551 421 591 453 de
614 430 700 452 anno
720 419 893 452 millesimo
918 419 1203 464 quadringentesi-

464 483 516 506 mo
536 472 747 515 nonagesimo
779 478 915 516 quarto,
944 483 1041 516 super
1070 472 1206 506 decimis

464 526 571 566 initae,
594 536 653 569 per
669 535 767 569 quam
788 525 940 558 dominus
949 525 1112 569 praefatus
1123 525 1205 559 obli-

463 584 556 621 gatur
579 578 620 611 ad
639 578 904 612 sustentationem
925 577 1106 622 presbyteri
1137 578 1205 611 ani-

464 642 591 664 marum
604 642 715 665 curam
730 631 870 674 regentis
881 631 911 664 in
927 631 1047 675 oppido
1059 632 1099 665 de
1110 632 1204 676 Aspe,

463 685 678 718 instrumento
694 690 825 728 recepto
835 695 894 728 per
906 685 1100 718 Matthaeum
1113 685 1205 718 Steve

462 739 624 772 notarium
638 739 897 772 Valentinensem
913 739 964 772 die
984 749 1045 772 xxx
1064 739 1200 782 augusti:

462 793 652 827 universitas
671 804 748 827 vero
768 793 808 826 de
827 794 911 837 Aspe
930 793 1042 836 viginti
1060 793 1204 837 quinque

463 847 560 880 libras
591 847 745 887 solvebat,
776 847 901 880 ratione
929 847 1147 891 primitiarum
1168 857 1204 881 ex

462 910 500 933 eo
535 901 623 944 quod
659 894 730 933 illas
763 900 795 933 in
827 901 934 934 fructu
965 910 1031 934 non
1058 900 1204 934 tribuunt

462 953 616 997 parocho.
627 954 664 986 Et
677 953 830 997 quoniam
849 954 941 988 valde
951 959 1203 987 consentaneum

462 1012 509 1040 est
540 1007 627 1050 quod
655 1007 808 1052 neophyti
837 1007 870 1040 in
891 1007 956 1041 fide
975 1008 1134 1041 catholiea
1153 1008 1203 1041 in-

461 1060 606 1094 struendi
622 1060 791 1105 proprium
805 1066 969 1105 pastorem
983 1061 1133 1102 habeant,
1149 1062 1203 1105 qui

461 1114 573 1157 lupum
594 1123 660 1147 non
682 1114 802 1155 timeat,
814 1115 870 1147 sed
893 1125 952 1158 pro
972 1114 1084 1148 ovibus
1106 1115 1202 1148 vitam

461 1173 611 1211 exponam
643 1173 771 1211 oportet
796 1168 883 1212 quod
903 1168 936 1200 in
954 1168 1089 1202 ecelesia
1109 1179 1204 1212 paro-

461 1220 556 1253 chiali
576 1221 720 1264 praefata
729 1231 812 1254 unus
826 1226 944 1262 rector,
967 1231 1022 1254 seu
1042 1221 1203 1264 parochus

460 1279 639 1317 perpetuus
667 1275 903 1318 constituatur,
938 1274 993 1318 qui
1022 1274 1110 1307 illam
1145 1285 1204 1318 per

461 1337 666 1367 concursum,
688 1327 920 1360 institutionem
942 1333 972 1360 et
995 1327 1202 1361 collationem

461 1380 616 1423 obtineat,
629 1380 679 1413 cui
699 1380 730 1413 in
748 1386 874 1424 partem
889 1380 972 1414 dotis
986 1381 1199 1424 applicentur,

461 1439 491 1466 et
503 1439 654 1466 maneant
667 1433 847 1477 applicatae
859 1433 891 1466 in
903 1439 1095 1478 perpetuum
1110 1445 1203 1478 prae-

460 1487 541 1519 fatae
562 1485 739 1528 nonaginta
759 1492 899 1529 quatuor
920 1487 1031 1520 librae.
1055 1488 1092 1520 Et
1115 1488 1203 1531 quod

461 1539 500 1572 ad
521 1539 798 1583 complementum
829 1546 957 1573 centum
979 1540 1148 1581 librarum,
1172 1547 1203 1575 et

460 1603 519 1637 pro
540 1593 658 1626 salario
676 1592 772 1626 unius
785 1593 906 1633 vicarii,
927 1593 981 1637 qui
1000 1594 1039 1627 ad
1058 1595 1199 1628 admini-

459 1647 589 1679 stranda
602 1651 804 1679 sacramenta
824 1651 930 1679 tantae
948 1647 1034 1690 plebi
1054 1657 1202 1681 neeessa-

461 1699 527 1732 rius
558 1705 620 1739 est,
647 1706 827 1742 augeantur
856 1699 937 1733 aliae
969 1700 1203 1745 quinquaginta

459 1764 512 1787 sex
534 1753 652 1786 librae:
687 1764 800 1787 omnes
817 1759 947 1787 centum
969 1754 1203 1799 quinquaginta

459 1812 564 1846 erunt,
588 1806 650 1840 hoc
670 1807 816 1840 videlicet
842 1807 955 1840 modo:
979 1808 1067 1852 quod
1099 1808 1203 1841 domi-

460 1871 519 1894 nus
545 1861 732 1905 temporalis
763 1862 936 1905 praefatus,
959 1861 1084 1895 ratione
1104 1873 1200 1906 prae-

460 1913 555 1954 dicta,
569 1914 669 1947 solvat
684 1914 801 1947 rectori
818 1915 949 1956 triginta
962 1925 1059 1947 unam
1074 1915 1200 1956 libram,

461 1974 491 1999 et
512 1978 585 2000 cum
608 1967 670 2000 illis
683 1967 846 2010 sexaginta
864 1978 991 2008 novem,
1015 1979 1094 2012 quas
1111 1975 1204 2002 antea

459 2020 613 2060 solvebat,
638 2021 797 2064 persolvet
817 2026 946 2054 rentum
968 2021 1066 2054 libras
1087 2022 1118 2054 in
1140 2023 1201 2055 do—

462 2080 524 2107 tem
555 2074 712 2107 rectoriae
741 2080 771 2107 et
794 2075 946 2115 rectoris,
970 2080 1001 2108 et
1025 2075 1112 2118 quod
1133 2075 1202 2110 uni-

461 2127 593 2160 versitas
605 2128 748 2171 praefata
769 2128 869 2161 solvat
889 2128 966 2162 alias
980 2128 1090 2170 viginti
1111 2129 1204 2172 quin-

461 2192 523 2224 que
554 2181 650 2214 libras
682 2181 805 2214 ratione
835 2182 1077 2225 primitiarum,
1101 2188 1132 2215 et
1159 2182 1205 2215 sic

461 2234 561 2267 solvet
580 2234 815 2278 quinquaginta
837 2234 935 2267 libras
955 2245 1015 2278 pro
1032 2234 1149 2268 salario
1161 2235 1204 2267 ri-

462 2287 550 2326 carii,
567 2298 646 2331 quas
671 2298 774 2331 nuper
798 2287 977 2321 voluntarie
995 2298 1029 2320 se
1051 2287 1204 2329 obligavit

465 2340 493 2372 in
516 2346 707 2384 perpetuum
734 2341 810 2373 dare
828 2340 1001 2384 quotannis
1021 2342 1128 2374 futuro
1153 2352 1203 2373 ru·-

462 2394 553 2433 ‹·t‹n·i‚
575 2394 788 2429 instrumento
808 2399 939 2437 recepto
960 2405 1017 2437 per
1043 2395 1202 2427 notarium

463 2447 605 2479 eiusdem
628 2447 850 2481 universitatis.
878 2448 910 2481 tii
933 2448 1086 2492 quoniam
1108 2449 1205 2482 eccle-

463 2499 527 2537 sia,
553 2500 583 2532 in
615 2511 677 2543 qua
704 2512 788 2534 nunc
808 2502 947 2545 populus
974 2502 1146 2541 convenit,
1174 2508 1200 2534 ct

464 2552 568 2585 ‹lixina
583 2553 687 2585 ollii-ia
708 2554 924 2595 celebrantur„
945 2555 1021 2587 oliui
1043 2556 1205 2588 eratMau-

465 2616 574 2638 rmum
603 2607 783 2649 mesquita,
821 2614 853 2640 nt
879 2620 914 2640 cx
945 2608 1012 2641 eius
1042 2614 1202 2641 structura

463 2665 607 2702 apparet,
630 2659 834 2704 minaturque
860 2661 985 2694 ruinam
1020 2673 1095 2705 prae
1118 2667 1203 2695 retu-

1046 265 1232 289 BULLAmuu
1248 264 1404 289 Romnum

1221 313 1330 354 'state‚
1353 312 1386 345 in
1407 313 1522 346 eodem
1547 313 1610 346 situ
1627 313 1816 348 aedificetur
1829 325 1911 348 nova
1927 326 1978 349 ec-

1241 365 1346 407 clesia,
1370 365 1457 399 iuxta
1477 366 1614 399 formam
1635 366 1845 409 designatam,
1862 378 1978 412 expen-

1240 419 1281 452 sis
1311 419 1549 460 universitatis,
1575 430 1659 463 quae
1683 426 1855 464 postquam
1884 421 1977 454 suerit

1239 472 1418 512 aedificata,
1441 478 1531 506 vetus
1551 472 1696 513 ecclesia,
1714 473 1791 505 olim
1807 474 1975 517 mesquita‚

1239 525 1366 569 penitus
1391 525 1556 566 diruatur,
1586 536 1647 558 nec
1675 526 1844 568 vestigium
1873 537 1978 560 rema·

1238 584 1322 612 neat.
1345 579 1478 613 Reditus
1490 589 1565 612 vero
1585 584 1617 612 et
1634 584 1821 623 proventus,
1838 579 1975 623 quisue-

1239 639 1311 666 rant
1336 633 1414 666 olim
1447 633 1626 677 mesquitae
1644 660 1651 673 ,
1684 643 1786 666 novae
1823 633 1979 667 ecclesiae

1237 687 1398 729 praefatae
1433 687 1585 731 applicati
1606 692 1768 727 maneant,
1791 693 1823 719 et
1841 686 1979 719 admini-

1237 745 1380 773 strentur
1396 751 1454 784 per
1471 750 1677 774 oeconomum
1699 745 1730 773 et
1743 745 1904 773 rectorem
1925 750 1978 773 ee-

1238 793 1365 827 clesiae.

1529 863 1684 898 Novelda.

1290 955 1453 1002 Oppidum
1485 954 1632 988 Novelda
1664 960 1790 988 constat
1829 947 1979 988 domibus

1238 1008 1422 1053 quingentis
1437 1035 1444 1049 ,
1479 1013 1609 1041 centum
1649 1008 1799 1042 videlicet
1832 1013 1978 1041 veterum

1238 1062 1506 1103 christianorum,
1532 1067 1562 1095 et
1589 1061 1835 1106 quadringentis
1854 1061 1980 1095 noviter

1238 1115 1278 1148 ad
1297 1115 1396 1148 fidem
1410 1125 1652 1148 conversorum:
1677 1115 1708 1148 in
1729 1125 1767 1149 eo
1781 1114 1978 1159 parochialis

1238 1174 1284 1202 est
1320 1168 1452 1212 antiqua
1487 1168 1545 1201 sub
1574 1167 1777 1202 invocatione
1803 1167 1980 1202 Nativitatis

1236 1221 1374 1264 Virginis
1393 1221 1528 1263 Mariae,
1556 1232 1640 1265 quae
1666 1221 1744 1254 olim
1772 1221 1831 1254 fuit
1854 1221 1979 1254 Mauro-

1238 1285 1308 1308 rum
1331 1275 1506 1319 mesquita‚
1530 1280 1565 1308 ut
1589 1285 1626 1308 ex
1650 1280 1810 1308 structura
1829 1280 1861 1308 et
1880 1274 1979 1317 signis

1237 1333 1382 1371 apparet.
1410 1328 1492 1361 Cura
1524 1327 1704 1360 animarum
1723 1337 1781 1371 per
1805 1328 1886 1361 duos
1906 1337 1978 1371 pre-

1236 1381 1380 1425 sbyteros
1398 1380 1617 1414 mercenarios
1637 1380 1772 1423 regitur,
1788 1380 1828 1413 ab
1842 1380 1979 1414 Ordina-

1237 1434 1286 1467 rio
1306 1434 1514 1476 designatos,
1542 1444 1601 1478 pro
1628 1443 1771 1478 quorum
1792 1433 1918 1470 salario
1946 1439 1978 1467 et

1236 1487 1467 1521 sustentatione
1487 1487 1637 1521 dominus
1657 1486 1846 1530 temporalis
1866 1486 1978 1530 oppidi

1236 1541 1370 1585 praefati
1397 1541 1542 1574 marchio
1568 1541 1607 1574 de
1624 1541 1722 1574 Terra
1741 1540 1828 1574 Nova
1847 1545 1978 1574 centum

1237 1595 1335 1628 libras
1357 1601 1505 1628 monetae
1525 1595 1713 1628 Valentinae
1747 1595 1871 1628 solvere
1902 1605 1980 1628 eon-

1236 1648 1349 1688 suevit‚
1377 1649 1500 1682 ratione
1521 1648 1668 1682 omnium
1698 1648 1861 1682 fructuum
1891 1648 1979 1682 deei-

1238 1702 1382 1743 matium,
1407 1713 1488 1746 quos
1508 1702 1630 1745 colligit
1649 1712 1685 1735 ex
1707 1703 1820 1736 eodem
1843 1702 1976 1747 oppido,

1237 1755 1292 1799 qui
1322 1755 1438 1788 valoris
1463 1761 1538 1789 sunt
1573 1754 1846 1797 noningentarum
1876 1765 1979 1788 nona-

1237 1809 1326 1852 ginta
1358 1809 1514 1842 librarum
1544 1814 1574 1841 et
1595 1814 1668 1842 octo
1688 1808 1896 1841 denariorum
1912 1835 1919 1849 ‚
1949 1813 1980 1841 et

1238 1862 1362 1895 ratione
1387 1862 1554 1896 cuiusdam
1583 1861 1776 1895 concordiae
1801 1861 1886 1894 inter
1910 1861 1979 1905 epi-

1237 1925 1370 1959 scopum
1400 1920 1431 1948 et
1457 1915 1634 1958 capitulum
1666 1914 1820 1948 ecclesiae
1849 1914 1980 1948 Cartha-

1238 1968 1380 2011 ginensis
1400 1979 1436 2002 ex
1456 1979 1540 2009 una,
1569 1973 1596 2001 et
1625 1968 1659 2001 D.
1683 1968 1812 2012 Petrum
1834 1967 1920 2000 Maca
1941 1968 1980 2001 de

1238 2022 1364 2062 Licana,
1382 2021 1550 2055 dominum
1570 2021 1673 2055 dietae
1693 2020 1793 2054 Villae
1811 2021 1850 2054 de
1867 2020 1981 2053 Novel-

1239 2076 1289 2115 da,
1313 2082 1342 2108 ct
1363 2075 1530 2120 syndicum
1553 2074 1768 2108 universitatis
1785 2075 1824 2107 dc
1844 2074 1979 2107 Monno-

1239 2140 1292 2162 ver
1313 2140 1348 2162 cx
1377 2130 1487 2169 altera,
1515 2139 1612 2173 super
1632 2127 1764 2161 decimis
1785 2127 1883 2160 initae
1899 2154 1906 2167 ,
1929 2127 1979 2160 in-

1238 2188 1416 2215 strumento
1437 2188 1566 2226 recepto
1580 2192 1637 2225 per
1658 2181 1809 2214 loannem
1829 2180 1980 2214 Martinez

1240 2235 1400 2268 notarium
1421 2235 1451 2268 in
1462 2235 1540 2267 Villa
1556 2235 1595 2267 (18
1608 2235 1748 2268 Norelda
1768 2233 1819 2266 die
1836 2243 1877 2267 xx
1889 2243 1980 2266 men-

1239 2289 1280 2322 sis
1301 2289 1367 2321 iulii
1400 2298 1598 2328 ncucxcvtn,
1622 2298 1680 2331 per
1699 2297 1795 2331 quain
1818 2287 1981 2331 praefatus

1239 2343 1272 2376 Ι).
1298 2343 1408 2375 Petrus
1426 2343 1511 2375 Mara
1531 2353 1564 2374 se
1584 2340 1737 2382 obligavit
1758 2340 1797 2373 ad
1817 2345 1980 2373 sustenta·

1240 2395 1358 2428 tionem
1392 2393 1567 2438 presbyteri
1593 2404 1702 2427 ruram
1728 2392 1910 2426 animarum
1931 2402 1981 2425 re-
2008 2388 2010 2390 ’

1238 2448 1341 2490 gentis
1364 2448 1394 2480 in
1420 2447 1499 2480 Villa
1520 2447 1558 2480 ‹le
1588 2447 1738 2480 Nereida.
1767 2446 1801 2479 Et
1824 2445 1978 2489 quoniam

1239 2502 1329 2534 valde
1366 2505 1618 2534 consentaneum
1656 2505 1703 2532 ost
1729 2499 1815 2542 quod
1855 2494 1981 2531 noviter

1238 2555 1381 2588 convvi-si
1404 2554 1432 2587 in
1449 2554 1511 2586 tide
1529 2552 1687 2586 catholica
1707 2551 1885 2585 instruendi
1901 2560 1977 2594 pro-

1239 2607 1343 2651 prium
1359 2613 1520 2651 pastorem
1542 2611 1727 2647 agnoscant,
1750 2604 1804 2648 qui
1827 2613 1883 2647 pro
1904 2602 1975 2636 ovi-

1239 2662 1296 2693 bus
1314 2661 1408 2693 vitani
1432 2660 1607 2704 inipendat;
1630 2664 1756 2702 oportet
1777 2657 1863 2701 quod
1882 2655 1912 2688 in
1925 2666 1977 2688 ec-

1988 267 2038 295 An.
2059 268 2088 296 c.
2099 261 2183 304 ‘isim
