<?xml version="1.0" encoding="UTF-8"?>
<!DOCTYPE html PUBLIC "-//W3C//DTD XHTML 1.0 Transitional//EN"
    "http://www.w3.org/TR/xhtml1/DTD/xhtml1-transitional.dtd">
<html xmlns="http://www.w3.org/1999/xhtml" xml:lang="en" lang="en">
 <head>
  <title>
</title>
<meta http-equiv="Content-Type" content="text/html;charset=utf-8" />
  <meta name='ocr-system' content='tesseract 3.04.00' />
  <meta name='ocr-capabilities' content='ocr_page ocr_carea ocr_par ocr_line ocrx_word'/>
</head>
<body>
  <div class='ocr_page' id='page_1' title='image "./bullarumdiplomat10cath_0409.png"; bbox 0 0 2253 3195; ppageno 0'>
   <div class='ocr_carea' id='block_1_1' title="bbox 58 251 244 279">
    <p class='ocr_par' dir='ltr' id='par_1_1' title="bbox 58 251 244 279">
     <span class='ocr_line' id='line_1_1' title="bbox 58 251 244 279; baseline -0.011 0"><span class='ocrx_word' id='word_1_1' title='bbox 58 253 107 279; x_wconf 80' lang='lat' dir='ltr'>An.</span> <span class='ocrx_word' id='word_1_2' title='bbox 125 251 153 278; x_wconf 80' lang='lat' dir='ltr'>G.</span> <span class='ocrx_word' id='word_1_3' title='bbox 178 251 244 277; x_wconf 73' lang='lat'>1507</span> 
     </span>
    </p>
   </div>
   <div class='ocr_carea' id='block_1_2' title="bbox 66 2267 248 2316">
    <p class='ocr_par' dir='ltr' id='par_1_2' title="bbox 66 2267 248 2316">
     <span class='ocr_line' id='line_1_2' title="bbox 67 2267 248 2297; baseline -0.011 -9"><span class='ocrx_word' id='word_1_4' title='bbox 67 2293 71 2297; x_wconf 48' lang='grc'>,</span> <span class='ocrx_word' id='word_1_5' title='bbox 91 2267 154 2292; x_wconf 82' lang='lat' dir='ltr'>Unio,</span> <span class='ocrx_word' id='word_1_6' title='bbox 165 2267 190 2288; x_wconf 75' lang='lat' dir='ltr'>de</span> <span class='ocrx_word' id='word_1_7' title='bbox 206 2273 248 2294; x_wconf 76' lang='lat' dir='ltr'>qua</span> 
     </span>
     <span class='ocr_line' id='line_1_3' title="bbox 66 2295 190 2316; baseline 0.016 -2"><span class='ocrx_word' id='word_1_8' title='bbox 66 2299 86 2314; x_wconf 83' lang='lat' dir='ltr'>in</span> <span class='ocrx_word' id='word_1_9' title='bbox 100 2295 190 2316; x_wconf 80' lang='lat' dir='ltr'>rubrica.</span> 
     </span>
    </p>
   </div>
   <div class='ocr_carea' id='block_1_3' title="bbox 872 251 1167 276">
    <p class='ocr_par' dir='ltr' id='par_1_3' title="bbox 872 251 1167 276">
     <span class='ocr_line' id='line_1_4' title="bbox 872 251 1167 276; baseline -0.007 0"><span class='ocrx_word' id='word_1_10' title='bbox 872 251 1020 276; x_wconf 84' lang='lat' dir='ltr'>CLEMENS</span> <span class='ocrx_word' id='word_1_11' title='bbox 1039 252 1097 275; x_wconf 86' lang='lat' dir='ltr'>VIII</span> <span class='ocrx_word' id='word_1_12' title='bbox 1118 252 1167 275; x_wconf 77' lang='lat' dir='ltr'>Pr.</span> 
     </span>
    </p>
   </div>
   <div class='ocr_carea' id='block_1_4' title="bbox 255 300 1010 2685">
    <p class='ocr_par' dir='ltr' id='par_1_4' title="bbox 255 300 1006 2207">
     <span class='ocr_line' id='line_1_5' title="bbox 256 300 998 344; baseline 0.001 -13"><span class='ocrx_word' id='word_1_13' title='bbox 256 300 332 332; x_wconf 90' lang='lat' dir='ltr'>dum</span> <span class='ocrx_word' id='word_1_14' title='bbox 363 309 449 332; x_wconf 88' lang='lat' dir='ltr'>nunc</span> <span class='ocrx_word' id='word_1_15' title='bbox 481 300 602 333; x_wconf 76' lang='lat' dir='ltr'>fructus</span> <span class='ocrx_word' id='word_1_16' title='bbox 632 300 804 344; x_wconf 74' lang='lat' dir='ltr'>percipiat,</span> <span class='ocrx_word' id='word_1_17' title='bbox 830 311 902 333; x_wconf 88' lang='lat' dir='ltr'>cum</span> <span class='ocrx_word' id='word_1_18' title='bbox 930 300 998 333; x_wconf 89' lang='lat' dir='ltr'>eius</span> 
     </span>
     <span class='ocr_line' id='line_1_6' title="bbox 256 352 999 396; baseline 0.001 -12"><span class='ocrx_word' id='word_1_19' title='bbox 256 352 339 385; x_wconf 89' lang='lat' dir='ltr'>bona</span> <span class='ocrx_word' id='word_1_20' title='bbox 368 363 428 395; x_wconf 87' lang='lat' dir='ltr'>pro</span> <span class='ocrx_word' id='word_1_21' title='bbox 449 353 561 385; x_wconf 87' lang='lat' dir='ltr'>maiori</span> <span class='ocrx_word' id='word_1_22' title='bbox 581 358 673 396; x_wconf 87' lang='lat' dir='ltr'>parte.</span> <span class='ocrx_word' id='word_1_23' title='bbox 694 353 732 385; x_wconf 86' lang='lat' dir='ltr'>ab</span> <span class='ocrx_word' id='word_1_24' title='bbox 754 353 823 386; x_wconf 87' lang='lat' dir='ltr'>aliis</span> <span class='ocrx_word' id='word_1_25' title='bbox 844 359 999 396; x_wconf 86' lang='lat' dir='ltr'>occupata</span> 
     </span>
     <span class='ocr_line' id='line_1_7' title="bbox 256 405 999 449; baseline -0.001 -11"><span class='ocrx_word' id='word_1_26' title='bbox 256 405 480 449; x_wconf 75' lang='lat' dir='ltr'>reperiantur,</span> <span class='ocrx_word' id='word_1_27' title='bbox 512 412 543 439; x_wconf 87' lang='lat' dir='ltr'>et</span> <span class='ocrx_word' id='word_1_28' title='bbox 571 407 610 439; x_wconf 91' lang='lat' dir='ltr'>ad</span> <span class='ocrx_word' id='word_1_29' title='bbox 642 406 727 439; x_wconf 90' lang='lat' dir='ltr'>illius</span> <span class='ocrx_word' id='word_1_30' title='bbox 752 406 908 449; x_wconf 82' lang='lat' dir='ltr'>praesulis</span> <span class='ocrx_word' id='word_1_31' title='bbox 940 416 999 448; x_wconf 84' lang='lat' dir='ltr'>pro</span> 
     </span>
     <span class='ocr_line' id='line_1_8' title="bbox 256 459 1000 502; baseline -0.003 -10"><span class='ocrx_word' id='word_1_32' title='bbox 256 465 401 502; x_wconf 87' lang='lat' dir='ltr'>tempore</span> <span class='ocrx_word' id='word_1_33' title='bbox 432 459 595 492; x_wconf 87' lang='lat' dir='ltr'>existentis</span> <span class='ocrx_word' id='word_1_34' title='bbox 628 459 913 497; x_wconf 75' lang='lat' dir='ltr'>sustentationem,</span> <span class='ocrx_word' id='word_1_35' title='bbox 944 469 1000 491; x_wconf 76' lang='lat' dir='ltr'>scu</span> 
     </span>
     <span class='ocr_line' id='line_1_9' title="bbox 255 511 999 556; baseline -0.003 -12"><span class='ocrx_word' id='word_1_36' title='bbox 255 512 502 546; x_wconf 77' lang='lat' dir='ltr'>subventionem</span> <span class='ocrx_word' id='word_1_37' title='bbox 523 513 664 556; x_wconf 89' lang='lat' dir='ltr'>aliquam</span> <span class='ocrx_word' id='word_1_38' title='bbox 683 512 766 545; x_wconf 86' lang='lat' dir='ltr'>inter</span> <span class='ocrx_word' id='word_1_39' title='bbox 782 511 999 545; x_wconf 85' lang='lat' dir='ltr'>venerabilem</span> 
     </span>
     <span class='ocr_line' id='line_1_10' title="bbox 256 564 1000 607; baseline -0.001 -10"><span class='ocrx_word' id='word_1_40' title='bbox 256 565 388 598; x_wconf 84' lang='lat' dir='ltr'>fratrem</span> <span class='ocrx_word' id='word_1_41' title='bbox 409 566 577 599; x_wconf 90' lang='lat' dir='ltr'>Ernestum</span> <span class='ocrx_word' id='word_1_42' title='bbox 599 566 791 598; x_wconf 88' lang='lat' dir='ltr'>modernum</span> <span class='ocrx_word' id='word_1_43' title='bbox 813 564 1000 607; x_wconf 89' lang='lat' dir='ltr'>episcopum</span> 
     </span>
     <span class='ocr_line' id='line_1_11' title="bbox 256 617 1000 660; baseline -0.004 -8"><span class='ocrx_word' id='word_1_44' title='bbox 256 619 578 659; x_wconf 82' lang='lat' dir='ltr'>Hildeslieimensem,</span> <span class='ocrx_word' id='word_1_45' title='bbox 603 624 632 652; x_wconf 90' lang='lat' dir='ltr'>et</span> <span class='ocrx_word' id='word_1_46' title='bbox 655 619 788 652; x_wconf 89' lang='lat' dir='ltr'>dilectos</span> <span class='ocrx_word' id='word_1_47' title='bbox 806 618 890 651; x_wconf 81' lang='lat' dir='ltr'>filios</span> <span class='ocrx_word' id='word_1_48' title='bbox 912 617 1000 660; x_wconf 88' lang='lat' dir='ltr'>capi-</span> 
     </span>
     <span class='ocr_line' id='line_1_12' title="bbox 257 671 998 705; baseline -0.001 -1"><span class='ocrx_word' id='word_1_49' title='bbox 257 672 358 704; x_wconf 89' lang='lat' dir='ltr'>tulum</span> <span class='ocrx_word' id='word_1_50' title='bbox 371 672 524 705; x_wconf 86' lang='lat' dir='ltr'>ecclesiae</span> <span class='ocrx_word' id='word_1_51' title='bbox 544 671 847 705; x_wconf 77' lang='lat' dir='ltr'>Hildesclieimensis</span> <span class='ocrx_word' id='word_1_52' title='bbox 860 671 919 703; x_wconf 88' lang='lat' dir='ltr'>sub</span> <span class='ocrx_word' id='word_1_53' title='bbox 937 680 998 703; x_wconf 90' lang='lat' dir='ltr'>no-</span> 
     </span>
     <span class='ocr_line' id='line_1_13' title="bbox 257 724 1001 769; baseline -0.003 -12"><span class='ocrx_word' id='word_1_54' title='bbox 257 730 322 758; x_wconf 90' lang='lat' dir='ltr'>stro</span> <span class='ocrx_word' id='word_1_55' title='bbox 336 730 367 758; x_wconf 86' lang='lat' dir='ltr'>et</span> <span class='ocrx_word' id='word_1_56' title='bbox 386 725 477 758; x_wconf 88' lang='lat' dir='ltr'>Sedis</span> <span class='ocrx_word' id='word_1_57' title='bbox 490 725 693 769; x_wconf 81' lang='lat' dir='ltr'>Apostolicae</span> <span class='ocrx_word' id='word_1_58' title='bbox 703 724 909 768; x_wconf 82' lang='lat' dir='ltr'>beneplacito</span> <span class='ocrx_word' id='word_1_59' title='bbox 923 734 1001 756; x_wconf 85' lang='lat' dir='ltr'>con-</span> 
     </span>
     <span class='ocr_line' id='line_1_14' title="bbox 257 777 1000 822; baseline -0.003 -13"><span class='ocrx_word' id='word_1_60' title='bbox 257 782 386 810; x_wconf 88' lang='lat' dir='ltr'>ventum</span> <span class='ocrx_word' id='word_1_61' title='bbox 406 778 518 819; x_wconf 83' lang='lat' dir='ltr'>suerit,</span> <span class='ocrx_word' id='word_1_62' title='bbox 541 779 628 822; x_wconf 88' lang='lat' dir='ltr'>quod</span> <span class='ocrx_word' id='word_1_63' title='bbox 661 778 815 811; x_wconf 82' lang='lat' dir='ltr'>medietas</span> <span class='ocrx_word' id='word_1_64' title='bbox 839 777 1000 809; x_wconf 86' lang='lat' dir='ltr'>fructuum</span> 
     </span>
     <span class='ocr_line' id='line_1_15' title="bbox 257 831 1002 875; baseline -0.004 -11"><span class='ocrx_word' id='word_1_65' title='bbox 257 831 502 875; x_wconf 77' lang='lat' dir='ltr'>praepositurae</span> <span class='ocrx_word' id='word_1_66' title='bbox 533 832 676 864; x_wconf 90' lang='lat' dir='ltr'>eiusdem</span> <span class='ocrx_word' id='word_1_67' title='bbox 694 831 883 871; x_wconf 61' lang='lat' dir='ltr'>ccclesiae,</span> <span class='ocrx_word' id='word_1_68' title='bbox 920 840 1002 873; x_wconf 85' lang='lat' dir='ltr'>quae</span> 
     </span>
     <span class='ocr_line' id='line_1_16' title="bbox 257 884 1004 929; baseline -0.003 -12"><span class='ocrx_word' id='word_1_69' title='bbox 257 884 337 917; x_wconf 90' lang='lat' dir='ltr'>inibi</span> <span class='ocrx_word' id='word_1_70' title='bbox 369 884 507 927; x_wconf 76' lang='lat' dir='ltr'>dignitas</span> <span class='ocrx_word' id='word_1_71' title='bbox 542 891 615 929; x_wconf 89' lang='lat' dir='ltr'>post</span> <span class='ocrx_word' id='word_1_72' title='bbox 644 884 864 928; x_wconf 85' lang='lat' dir='ltr'>pontificalem</span> <span class='ocrx_word' id='word_1_73' title='bbox 900 884 1004 916; x_wconf 78' lang='lat' dir='ltr'>maior</span> 
     </span>
     <span class='ocr_line' id='line_1_17' title="bbox 257 937 1002 982; baseline -0.003 -11"><span class='ocrx_word' id='word_1_74' title='bbox 257 938 381 978; x_wconf 76' lang='lat' dir='ltr'>existit,</span> <span class='ocrx_word' id='word_1_75' title='bbox 414 944 445 971; x_wconf 89' lang='lat' dir='ltr'>et</span> <span class='ocrx_word' id='word_1_76' title='bbox 477 949 574 982; x_wconf 89' lang='lat' dir='ltr'>quam</span> <span class='ocrx_word' id='word_1_77' title='bbox 604 938 784 981; x_wconf 82' lang='lat' dir='ltr'>Capitulum</span> <span class='ocrx_word' id='word_1_78' title='bbox 815 937 1002 970; x_wconf 88' lang='lat' dir='ltr'>huiusmodi</span> 
     </span>
     <span class='ocr_line' id='line_1_18' title="bbox 259 990 1003 1033; baseline -0.001 -9"><span class='ocrx_word' id='word_1_79' title='bbox 259 991 425 1024; x_wconf 87' lang='lat' dir='ltr'>electivam</span> <span class='ocrx_word' id='word_1_80' title='bbox 446 1002 514 1024; x_wconf 89' lang='lat' dir='ltr'>esse</span> <span class='ocrx_word' id='word_1_81' title='bbox 532 996 689 1031; x_wconf 88' lang='lat' dir='ltr'>asserunt,</span> <span class='ocrx_word' id='word_1_82' title='bbox 706 1001 778 1023; x_wconf 87' lang='lat' dir='ltr'>cum</span> <span class='ocrx_word' id='word_1_83' title='bbox 793 990 934 1033; x_wconf 88' lang='lat' dir='ltr'>primum</span> <span class='ocrx_word' id='word_1_84' title='bbox 946 1001 1003 1033; x_wconf 83' lang='lat' dir='ltr'>per</span> 
     </span>
     <span class='ocr_line' id='line_1_19' title="bbox 259 1042 999 1086; baseline -0.004 -9"><span class='ocrx_word' id='word_1_85' title='bbox 259 1054 383 1077; x_wconf 87' lang='lat' dir='ltr'>cessum</span> <span class='ocrx_word' id='word_1_86' title='bbox 394 1044 443 1077; x_wconf 90' lang='lat' dir='ltr'>vel</span> <span class='ocrx_word' id='word_1_87' title='bbox 461 1045 628 1077; x_wconf 83' lang='lat' dir='ltr'>decessum</span> <span class='ocrx_word' id='word_1_88' title='bbox 647 1043 795 1076; x_wconf 86' lang='lat' dir='ltr'>moderni</span> <span class='ocrx_word' id='word_1_89' title='bbox 815 1042 999 1086; x_wconf 85' lang='lat' dir='ltr'>praepositi,</span> 
     </span>
     <span class='ocr_line' id='line_1_20' title="bbox 257 1096 1000 1140; baseline -0.003 -10"><span class='ocrx_word' id='word_1_90' title='bbox 257 1103 312 1138; x_wconf 89' lang='lat' dir='ltr'>aut</span> <span class='ocrx_word' id='word_1_91' title='bbox 331 1097 426 1130; x_wconf 88' lang='lat' dir='ltr'>aliam</span> <span class='ocrx_word' id='word_1_92' title='bbox 453 1107 691 1140; x_wconf 84' lang='lat' dir='ltr'>quamcumque</span> <span class='ocrx_word' id='word_1_93' title='bbox 722 1096 806 1129; x_wconf 89' lang='lat' dir='ltr'>illius</span> <span class='ocrx_word' id='word_1_94' title='bbox 837 1096 1000 1128; x_wconf 88' lang='lat' dir='ltr'>dimissio—</span> 
     </span>
     <span class='ocr_line' id='line_1_21' title="bbox 256 1149 999 1192; baseline -0.001 -9"><span class='ocrx_word' id='word_1_95' title='bbox 256 1161 330 1184; x_wconf 89' lang='lat' dir='ltr'>nem</span> <span class='ocrx_word' id='word_1_96' title='bbox 359 1151 407 1183; x_wconf 92' lang='lat' dir='ltr'>vel</span> <span class='ocrx_word' id='word_1_97' title='bbox 428 1150 635 1183; x_wconf 89' lang='lat' dir='ltr'>amissionem</span> <span class='ocrx_word' id='word_1_98' title='bbox 655 1160 768 1182; x_wconf 84' lang='lat' dir='ltr'>vacare</span> <span class='ocrx_word' id='word_1_99' title='bbox 788 1149 999 1192; x_wconf 80' lang='lat' dir='ltr'>contingeret,</span> 
     </span>
     <span class='ocr_line' id='line_1_22' title="bbox 257 1203 1003 1246; baseline -0.001 -10"><span class='ocrx_word' id='word_1_100' title='bbox 257 1203 363 1236; x_wconf 90' lang='lat' dir='ltr'>eidem</span> <span class='ocrx_word' id='word_1_101' title='bbox 384 1213 526 1245; x_wconf 83' lang='lat' dir='ltr'>mensae,</span> <span class='ocrx_word' id='word_1_102' title='bbox 548 1204 652 1236; x_wconf 87' lang='lat' dir='ltr'>donee</span> <span class='ocrx_word' id='word_1_103' title='bbox 672 1203 758 1236; x_wconf 86' lang='lat' dir='ltr'>bona</span> <span class='ocrx_word' id='word_1_104' title='bbox 778 1208 934 1246; x_wconf 86' lang='lat' dir='ltr'>occupata</span> <span class='ocrx_word' id='word_1_105' title='bbox 954 1213 1003 1235; x_wconf 86' lang='lat' dir='ltr'>re-</span> 
     </span>
     <span class='ocr_line' id='line_1_23' title="bbox 258 1256 1002 1300; baseline -0.001 -11"><span class='ocrx_word' id='word_1_106' title='bbox 258 1262 504 1300; x_wconf 85' lang='lat' dir='ltr'>cuperarentur‚</span> <span class='ocrx_word' id='word_1_107' title='bbox 527 1256 684 1300; x_wconf 89' lang='lat' dir='ltr'>applicari</span> <span class='ocrx_word' id='word_1_108' title='bbox 708 1256 863 1296; x_wconf 87' lang='lat' dir='ltr'>debeant,</span> <span class='ocrx_word' id='word_1_109' title='bbox 886 1256 1002 1299; x_wconf 89' lang='lat' dir='ltr'>reliqui</span> 
     </span>
     <span class='ocr_line' id='line_1_24' title="bbox 257 1309 1003 1353; baseline 0 -11"><span class='ocrx_word' id='word_1_110' title='bbox 257 1320 332 1342; x_wconf 88' lang='lat' dir='ltr'>vero</span> <span class='ocrx_word' id='word_1_111' title='bbox 354 1310 476 1343; x_wconf 87' lang='lat' dir='ltr'>fructus</span> <span class='ocrx_word' id='word_1_112' title='bbox 502 1310 659 1353; x_wconf 83' lang='lat' dir='ltr'>praedicti</span> <span class='ocrx_word' id='word_1_113' title='bbox 680 1310 786 1343; x_wconf 86' lang='lat' dir='ltr'>futuro</span> <span class='ocrx_word' id='word_1_114' title='bbox 817 1309 1003 1353; x_wconf 88' lang='lat' dir='ltr'>praeposito</span> 
     </span>
     <span class='ocr_line' id='line_1_25' title="bbox 257 1363 1003 1407; baseline -0.001 -11"><span class='ocrx_word' id='word_1_115' title='bbox 257 1363 351 1396; x_wconf 90' lang='lat' dir='ltr'>liberi</span> <span class='ocrx_word' id='word_1_116' title='bbox 376 1369 580 1404; x_wconf 78' lang='lat' dir='ltr'>remaneant3</span> <span class='ocrx_word' id='word_1_117' title='bbox 604 1363 663 1407; x_wconf 89' lang='lat' dir='ltr'>ipsi</span> <span class='ocrx_word' id='word_1_118' title='bbox 684 1373 759 1396; x_wconf 87' lang='lat' dir='ltr'>vero</span> <span class='ocrx_word' id='word_1_119' title='bbox 783 1363 928 1407; x_wconf 87' lang='lat' dir='ltr'>Capitulo</span> <span class='ocrx_word' id='word_1_120' title='bbox 955 1363 1003 1396; x_wconf 91' lang='lat' dir='ltr'>ius</span> 
     </span>
     <span class='ocr_line' id='line_1_26' title="bbox 259 1416 1003 1460; baseline -0.001 -10"><span class='ocrx_word' id='word_1_121' title='bbox 259 1422 314 1450; x_wconf 87' lang='lat' dir='ltr'>aut</span> <span class='ocrx_word' id='word_1_122' title='bbox 332 1417 531 1450; x_wconf 86' lang='lat' dir='ltr'>consuetudo</span> <span class='ocrx_word' id='word_1_123' title='bbox 553 1417 692 1459; x_wconf 78' lang='lat' dir='ltr'>eligendi</span> <span class='ocrx_word' id='word_1_124' title='bbox 719 1416 939 1460; x_wconf 89' lang='lat' dir='ltr'>praepositum</span> <span class='ocrx_word' id='word_1_125' title='bbox 965 1417 1003 1449; x_wconf 88' lang='lat' dir='ltr'>de</span> 
     </span>
     <span class='ocr_line' id='line_1_27' title="bbox 259 1467 1004 1513; baseline 0 -12"><span class='ocrx_word' id='word_1_126' title='bbox 259 1469 383 1511; x_wconf 83' lang='lat' dir='ltr'>gremio</span> <span class='ocrx_word' id='word_1_127' title='bbox 400 1469 537 1512; x_wconf 84' lang='lat' dir='ltr'>Capituli</span> <span class='ocrx_word' id='word_1_128' title='bbox 557 1467 714 1513; x_wconf 87' lang='lat' dir='ltr'>praedicti</span> <span class='ocrx_word' id='word_1_129' title='bbox 735 1469 804 1513; x_wconf 91' lang='lat' dir='ltr'>(qui</span> <span class='ocrx_word' id='word_1_130' title='bbox 824 1474 931 1502; x_wconf 84' lang='lat' dir='ltr'>tamen</span> <span class='ocrx_word' id='word_1_131' title='bbox 944 1479 1004 1513; x_wconf 92' lang='lat' dir='ltr'>pro</span> 
     </span>
     <span class='ocr_line' id='line_1_28' title="bbox 261 1522 1004 1566; baseline 0 -11"><span class='ocrx_word' id='word_1_132' title='bbox 261 1528 406 1565; x_wconf 88' lang='lat' dir='ltr'>tempore</span> <span class='ocrx_word' id='word_1_133' title='bbox 427 1523 547 1555; x_wconf 90' lang='lat' dir='ltr'>electus</span> <span class='ocrx_word' id='word_1_134' title='bbox 563 1522 807 1566; x_wconf 80' lang='lat' dir='ltr'>praepositurae</span> <span class='ocrx_word' id='word_1_135' title='bbox 820 1522 1004 1565; x_wconf 82' lang='lat' dir='ltr'>praedictae</span> 
     </span>
     <span class='ocr_line' id='line_1_29' title="bbox 259 1575 1003 1619; baseline 0.001 -11"><span class='ocrx_word' id='word_1_136' title='bbox 259 1575 477 1619; x_wconf 84' lang='lat' dir='ltr'>provisionem</span> <span class='ocrx_word' id='word_1_137' title='bbox 497 1586 515 1608; x_wconf 88' lang='lat' dir='ltr'>a</span> <span class='ocrx_word' id='word_1_138' title='bbox 533 1575 614 1609; x_wconf 89' lang='lat' dir='ltr'>Sede</span> <span class='ocrx_word' id='word_1_139' title='bbox 631 1575 815 1619; x_wconf 82' lang='lat' dir='ltr'>Apostolica</span> <span class='ocrx_word' id='word_1_140' title='bbox 830 1575 1003 1618; x_wconf 87' lang='lat' dir='ltr'>impetrare</span> 
     </span>
     <span class='ocr_line' id='line_1_30' title="bbox 261 1629 1003 1672; baseline -0.001 -10"><span class='ocrx_word' id='word_1_141' title='bbox 261 1629 419 1672; x_wconf 84' lang='lat' dir='ltr'>teneatur)</span> <span class='ocrx_word' id='word_1_142' title='bbox 441 1629 481 1662; x_wconf 87' lang='lat' dir='ltr'>ab</span> <span class='ocrx_word' id='word_1_143' title='bbox 508 1629 620 1662; x_wconf 90' lang='lat' dir='ltr'>eadem</span> <span class='ocrx_word' id='word_1_144' title='bbox 648 1629 729 1662; x_wconf 88' lang='lat' dir='ltr'>Sede</span> <span class='ocrx_word' id='word_1_145' title='bbox 755 1629 925 1662; x_wconf 86' lang='lat' dir='ltr'>innovetur</span> <span class='ocrx_word' id='word_1_146' title='bbox 949 1640 1003 1662; x_wconf 89' lang='lat' dir='ltr'>seu</span> 
     </span>
     <span class='ocr_line' id='line_1_31' title="bbox 260 1683 1004 1726; baseline 0 -10"><span class='ocrx_word' id='word_1_147' title='bbox 260 1684 299 1716; x_wconf 92' lang='lat' dir='ltr'>de</span> <span class='ocrx_word' id='word_1_148' title='bbox 315 1693 399 1716; x_wconf 91' lang='lat' dir='ltr'>novo</span> <span class='ocrx_word' id='word_1_149' title='bbox 413 1683 620 1716; x_wconf 87' lang='lat' dir='ltr'>concedatur.</span> <span class='ocrx_word' id='word_1_150' title='bbox 638 1683 681 1715; x_wconf 82' lang='lat' dir='ltr'>Ex</span> <span class='ocrx_word' id='word_1_151' title='bbox 694 1683 812 1726; x_wconf 90' lang='lat' dir='ltr'>quibus</span> <span class='ocrx_word' id='word_1_152' title='bbox 824 1688 892 1715; x_wconf 88' lang='lat' dir='ltr'>tum</span> <span class='ocrx_word' id='word_1_153' title='bbox 906 1683 1004 1726; x_wconf 87' lang='lat' dir='ltr'>ipsius</span> 
     </span>
     <span class='ocr_line' id='line_1_32' title="bbox 259 1736 1003 1780; baseline 0 -12"><span class='ocrx_word' id='word_1_154' title='bbox 259 1736 417 1780; x_wconf 83' lang='lat' dir='ltr'>praesulis</span> <span class='ocrx_word' id='word_1_155' title='bbox 446 1736 651 1769; x_wconf 86' lang='lat' dir='ltr'>subventioni</span> <span class='ocrx_word' id='word_1_156' title='bbox 672 1736 912 1776; x_wconf 76' lang='lat' dir='ltr'>consuleretur,</span> <span class='ocrx_word' id='word_1_157' title='bbox 936 1742 1003 1769; x_wconf 91' lang='lat' dir='ltr'>tum</span> 
     </span>
     <span class='ocr_line' id='line_1_33' title="bbox 260 1789 1004 1833; baseline -0.001 -11"><span class='ocrx_word' id='word_1_158' title='bbox 260 1789 357 1823; x_wconf 89' lang='lat' dir='ltr'>etiam</span> <span class='ocrx_word' id='word_1_159' title='bbox 371 1789 611 1833; x_wconf 86' lang='lat' dir='ltr'>prospiceretur</span> <span class='ocrx_word' id='word_1_160' title='bbox 624 1794 659 1822; x_wconf 90' lang='lat' dir='ltr'>ut</span> <span class='ocrx_word' id='word_1_161' title='bbox 674 1789 899 1833; x_wconf 87' lang='lat' dir='ltr'>praepositura</span> <span class='ocrx_word' id='word_1_162' title='bbox 911 1800 1004 1832; x_wconf 90' lang='lat' dir='ltr'>prae-</span> 
     </span>
     <span class='ocr_line' id='line_1_34' title="bbox 260 1844 1004 1888; baseline -0.001 -10"><span class='ocrx_word' id='word_1_163' title='bbox 260 1845 344 1879; x_wconf 88' lang='lat' dir='ltr'>dicta</span> <span class='ocrx_word' id='word_1_164' title='bbox 378 1855 536 1888; x_wconf 84' lang='lat' dir='ltr'>personae</span> <span class='ocrx_word' id='word_1_165' title='bbox 565 1844 759 1885; x_wconf 87' lang='lat' dir='ltr'>catholicae,</span> <span class='ocrx_word' id='word_1_166' title='bbox 789 1855 826 1877; x_wconf 87' lang='lat' dir='ltr'>ac</span> <span class='ocrx_word' id='word_1_167' title='bbox 852 1845 891 1877; x_wconf 88' lang='lat' dir='ltr'>de</span> <span class='ocrx_word' id='word_1_168' title='bbox 921 1850 1004 1877; x_wconf 86' lang='lat' dir='ltr'>statu</span> 
     </span>
     <span class='ocr_line' id='line_1_35' title="bbox 260 1898 1004 1943; baseline 0 -13"><span class='ocrx_word' id='word_1_169' title='bbox 260 1898 360 1943; x_wconf 89' lang='lat' dir='ltr'>ipsius</span> <span class='ocrx_word' id='word_1_170' title='bbox 392 1898 586 1931; x_wconf 83' lang='lat' dir='ltr'>informatae</span> <span class='ocrx_word' id='word_1_171' title='bbox 618 1898 838 1937; x_wconf 89' lang='lat' dir='ltr'>conferretur;</span> <span class='ocrx_word' id='word_1_172' title='bbox 866 1908 1004 1941; x_wconf 88' lang='lat' dir='ltr'>cumque</span> 
     </span>
     <span class='ocr_line' id='line_1_36' title="bbox 261 1950 1004 1995; baseline 0 -12"><span class='ocrx_word' id='word_1_173' title='bbox 261 1956 325 1983; x_wconf 89' lang='lat' dir='ltr'>tam</span> <span class='ocrx_word' id='word_1_174' title='bbox 347 1951 516 1995; x_wconf 89' lang='lat' dir='ltr'>episcopus</span> <span class='ocrx_word' id='word_1_175' title='bbox 536 1962 632 1995; x_wconf 87' lang='lat' dir='ltr'>quam</span> <span class='ocrx_word' id='word_1_176' title='bbox 646 1951 828 1995; x_wconf 85' lang='lat' dir='ltr'>Capitulum</span> <span class='ocrx_word' id='word_1_177' title='bbox 848 1950 1004 1994; x_wconf 88' lang='lat' dir='ltr'>praedicti</span> 
     </span>
     <span class='ocr_line' id='line_1_37' title="bbox 261 2003 1004 2048; baseline 0.001 -12"><span class='ocrx_word' id='word_1_178' title='bbox 261 2004 353 2037; x_wconf 91' lang='lat' dir='ltr'>nobis</span> <span class='ocrx_word' id='word_1_179' title='bbox 373 2004 538 2037; x_wconf 88' lang='lat' dir='ltr'>humiliter</span> <span class='ocrx_word' id='word_1_180' title='bbox 556 2003 730 2048; x_wconf 84' lang='lat' dir='ltr'>supplicari</span> <span class='ocrx_word' id='word_1_181' title='bbox 749 2003 892 2044; x_wconf 81' lang='lat' dir='ltr'>fecerint,</span> <span class='ocrx_word' id='word_1_182' title='bbox 917 2009 952 2037; x_wconf 89' lang='lat' dir='ltr'>ut</span> <span class='ocrx_word' id='word_1_183' title='bbox 972 2004 1004 2037; x_wconf 93' lang='lat' dir='ltr'>in</span> 
     </span>
     <span class='ocr_line' id='line_1_38' title="bbox 260 2057 1002 2102; baseline 0 -12"><span class='ocrx_word' id='word_1_184' title='bbox 260 2057 445 2101; x_wconf 83' lang='lat' dir='ltr'>praemissis</span> <span class='ocrx_word' id='word_1_185' title='bbox 471 2057 615 2090; x_wconf 87' lang='lat' dir='ltr'>eiusdem</span> <span class='ocrx_word' id='word_1_186' title='bbox 642 2057 796 2090; x_wconf 89' lang='lat' dir='ltr'>ecclesiae</span> <span class='ocrx_word' id='word_1_187' title='bbox 815 2058 910 2090; x_wconf 87' lang='lat' dir='ltr'>statui</span> <span class='ocrx_word' id='word_1_188' title='bbox 942 2068 1002 2102; x_wconf 89' lang='lat' dir='ltr'>op-</span> 
     </span>
     <span class='ocr_line' id='line_1_39' title="bbox 260 2107 1006 2155; baseline 0.001 -11"><span class='ocrx_word' id='word_1_189' title='bbox 260 2117 398 2155; x_wconf 87' lang='lat' dir='ltr'>portune</span> <span class='ocrx_word' id='word_1_190' title='bbox 418 2107 588 2154; x_wconf 90' lang='lat' dir='ltr'>providere</span> <span class='ocrx_word' id='word_1_191' title='bbox 605 2111 644 2143; x_wconf 90' lang='lat' dir='ltr'>de</span> <span class='ocrx_word' id='word_1_192' title='bbox 664 2111 862 2153; x_wconf 73' lang='lat' dir='ltr'>benignitate</span> <span class='ocrx_word' id='word_1_193' title='bbox 879 2117 1006 2155; x_wconf 87' lang='lat' dir='ltr'>aposto-</span> 
     </span>
     <span class='ocr_line' id='line_1_40' title="bbox 262 2165 564 2207; baseline 0 -11"><span class='ocrx_word' id='word_1_194' title='bbox 262 2165 323 2197; x_wconf 90' lang='lat' dir='ltr'>lica</span> <span class='ocrx_word' id='word_1_195' title='bbox 343 2165 564 2207; x_wconf 77' lang='lat' dir='ltr'>dignaremur.</span> 
     </span>
    </p>

    <p class='ocr_par' dir='ltr' id='par_1_5' title="bbox 261 2217 1010 2685">
     <span class='ocr_line' id='line_1_41' title="bbox 306 2217 1004 2261; baseline 0.001 -12"><span class='ocrx_word' id='word_1_196' title='bbox 306 2217 322 2261; x_wconf 62' lang='lat' dir='ltr'>g</span> <span class='ocrx_word' id='word_1_197' title='bbox 341 2217 372 2249; x_wconf 70' lang='lat'>⁶2.</span> <span class='ocrx_word' id='word_1_198' title='bbox 397 2217 470 2257; x_wconf 79' lang='lat' dir='ltr'>Nos,</span> <span class='ocrx_word' id='word_1_199' title='bbox 492 2217 547 2260; x_wconf 90' lang='lat' dir='ltr'>qui</span> <span class='ocrx_word' id='word_1_200' title='bbox 567 2217 606 2249; x_wconf 90' lang='lat' dir='ltr'>de</span> <span class='ocrx_word' id='word_1_201' title='bbox 634 2222 824 2249; x_wconf 87' lang='lat' dir='ltr'>cunctarum</span> <span class='ocrx_word' id='word_1_202' title='bbox 850 2217 1004 2250; x_wconf 84' lang='lat' dir='ltr'>ecclesia-</span> 
     </span>
     <span class='ocr_line' id='line_1_42' title="bbox 261 2269 1006 2311; baseline 0 -9"><span class='ocrx_word' id='word_1_203' title='bbox 261 2280 334 2303; x_wconf 88' lang='lat' dir='ltr'>rum</span> <span class='ocrx_word' id='word_1_204' title='bbox 348 2270 432 2303; x_wconf 87' lang='lat' dir='ltr'>aede</span> <span class='ocrx_word' id='word_1_205' title='bbox 441 2270 675 2303; x_wconf 85' lang='lat' dir='ltr'>cathedralium</span> <span class='ocrx_word' id='word_1_206' title='bbox 689 2269 875 2311; x_wconf 76' lang='lat' dir='ltr'>insignium,</span> <span class='ocrx_word' id='word_1_207' title='bbox 895 2279 1006 2302; x_wconf 85' lang='lat' dir='ltr'>earum</span> 
     </span>
     <span class='ocr_line' id='line_1_43' title="bbox 262 2322 1006 2367; baseline -0.001 -11"><span class='ocrx_word' id='word_1_208' title='bbox 262 2323 436 2367; x_wconf 84' lang='lat' dir='ltr'>praecipue</span> <span class='ocrx_word' id='word_1_209' title='bbox 469 2334 552 2367; x_wconf 89' lang='lat' dir='ltr'>quae</span> <span class='ocrx_word' id='word_1_210' title='bbox 589 2322 733 2355; x_wconf 89' lang='lat' dir='ltr'>saucibus</span> <span class='ocrx_word' id='word_1_211' title='bbox 770 2322 1006 2355; x_wconf 77' lang='lat' dir='ltr'>haereticorum</span> 
     </span>
     <span class='ocr_line' id='line_1_44' title="bbox 263 2376 1005 2420; baseline -0.001 -11"><span class='ocrx_word' id='word_1_212' title='bbox 263 2376 425 2419; x_wconf 84' lang='lat' dir='ltr'>expositae</span> <span class='ocrx_word' id='word_1_213' title='bbox 445 2382 529 2417; x_wconf 88' lang='lat' dir='ltr'>sunt,</span> <span class='ocrx_word' id='word_1_214' title='bbox 545 2381 629 2409; x_wconf 91' lang='lat' dir='ltr'>statu</span> <span class='ocrx_word' id='word_1_215' title='bbox 650 2386 803 2420; x_wconf 85' lang='lat' dir='ltr'>prospere</span> <span class='ocrx_word' id='word_1_216' title='bbox 824 2376 1005 2417; x_wconf 76' lang='lat' dir='ltr'>dirigendo,</span> 
     </span>
     <span class='ocr_line' id='line_1_45' title="bbox 262 2429 1006 2473; baseline -0.001 -11"><span class='ocrx_word' id='word_1_217' title='bbox 262 2429 408 2462; x_wconf 87' lang='lat' dir='ltr'>sollicitis</span> <span class='ocrx_word' id='word_1_218' title='bbox 428 2429 541 2463; x_wconf 89' lang='lat' dir='ltr'>studiis</span> <span class='ocrx_word' id='word_1_219' title='bbox 569 2429 696 2463; x_wconf 89' lang='lat' dir='ltr'>assidue</span> <span class='ocrx_word' id='word_1_220' title='bbox 717 2429 906 2471; x_wconf 79' lang='lat' dir='ltr'>cogitamus,</span> <span class='ocrx_word' id='word_1_221' title='bbox 932 2429 1006 2473; x_wconf 89' lang='lat' dir='ltr'>qui-</span> 
     </span>
     <span class='ocr_line' id='line_1_46' title="bbox 263 2482 1010 2526; baseline 0 -11"><span class='ocrx_word' id='word_1_222' title='bbox 263 2493 336 2526; x_wconf 87' lang='lat' dir='ltr'>que,</span> <span class='ocrx_word' id='word_1_223' title='bbox 361 2482 446 2516; x_wconf 88' lang='lat' dir='ltr'>inter</span> <span class='ocrx_word' id='word_1_224' title='bbox 465 2483 544 2522; x_wconf 83' lang='lat' dir='ltr'>alia,</span> <span class='ocrx_word' id='word_1_225' title='bbox 568 2483 728 2516; x_wconf 87' lang='lat' dir='ltr'>voluimus</span> <span class='ocrx_word' id='word_1_226' title='bbox 749 2483 836 2526; x_wconf 87' lang='lat' dir='ltr'>quod</span> <span class='ocrx_word' id='word_1_227' title='bbox 865 2488 1010 2526; x_wconf 86' lang='lat' dir='ltr'>petentes</span> 
     </span>
     <span class='ocr_line' id='line_1_47' title="bbox 262 2536 1009 2569; baseline 0 -1"><span class='ocrx_word' id='word_1_228' title='bbox 262 2536 421 2568; x_wconf 80' lang='lat' dir='ltr'>beneficia</span> <span class='ocrx_word' id='word_1_229' title='bbox 441 2536 656 2569; x_wconf 88' lang='lat' dir='ltr'>ecclesiastica</span> <span class='ocrx_word' id='word_1_230' title='bbox 670 2536 740 2569; x_wconf 87' lang='lat' dir='ltr'>aliis</span> <span class='ocrx_word' id='word_1_231' title='bbox 753 2536 837 2568; x_wconf 87' lang='lat' dir='ltr'>uniri</span> <span class='ocrx_word' id='word_1_232' title='bbox 860 2541 1009 2569; x_wconf 84' lang='lat' dir='ltr'>teneren-</span> 
     </span>
     <span class='ocr_line' id='line_1_48' title="bbox 264 2589 1008 2633; baseline 0.001 -12"><span class='ocrx_word' id='word_1_233' title='bbox 264 2594 317 2622; x_wconf 86' lang='lat' dir='ltr'>tur</span> <span class='ocrx_word' id='word_1_234' title='bbox 343 2589 523 2633; x_wconf 86' lang='lat' dir='ltr'>exprimere</span> <span class='ocrx_word' id='word_1_235' title='bbox 554 2600 665 2623; x_wconf 86' lang='lat' dir='ltr'>verum</span> <span class='ocrx_word' id='word_1_236' title='bbox 693 2600 835 2623; x_wconf 88' lang='lat' dir='ltr'>annuum</span> <span class='ocrx_word' id='word_1_237' title='bbox 868 2590 1008 2623; x_wconf 86' lang='lat' dir='ltr'>valorem</span> 
     </span>
     <span class='ocr_line' id='line_1_49' title="bbox 264 2642 1010 2685; baseline 0 -9"><span class='ocrx_word' id='word_1_238' title='bbox 264 2642 361 2676; x_wconf 86' lang='lat' dir='ltr'>etiam</span> <span class='ocrx_word' id='word_1_239' title='bbox 381 2643 512 2677; x_wconf 89' lang='lat' dir='ltr'>alterius</span> <span class='ocrx_word' id='word_1_240' title='bbox 540 2643 713 2685; x_wconf 84' lang='lat' dir='ltr'>beneficii,</span> <span class='ocrx_word' id='word_1_241' title='bbox 737 2643 787 2677; x_wconf 92' lang='lat' dir='ltr'>cui</span> <span class='ocrx_word' id='word_1_242' title='bbox 817 2643 904 2677; x_wconf 86' lang='lat' dir='ltr'>aliud</span> <span class='ocrx_word' id='word_1_243' title='bbox 925 2643 1010 2676; x_wconf 90' lang='lat' dir='ltr'>uniri</span> 
     </span>
    </p>
   </div>
   <div class='ocr_carea' id='block_1_5' title="bbox 1032 296 1788 2687">
    <p class='ocr_par' dir='ltr' id='par_1_6' title="bbox 1032 296 1788 2687">
     <span class='ocr_line' id='line_1_50' title="bbox 1032 296 1780 343; baseline -0.007 -10"><span class='ocrx_word' id='word_1_244' title='bbox 1032 305 1211 343; x_wconf 86' lang='lat' dir='ltr'>peteretur,</span> <span class='ocrx_word' id='word_1_245' title='bbox 1233 298 1377 342; x_wconf 87' lang='lat' dir='ltr'>alioquin</span> <span class='ocrx_word' id='word_1_246' title='bbox 1397 298 1474 330; x_wconf 90' lang='lat' dir='ltr'>unio</span> <span class='ocrx_word' id='word_1_247' title='bbox 1501 307 1566 330; x_wconf 90' lang='lat' dir='ltr'>non</span> <span class='ocrx_word' id='word_1_248' title='bbox 1592 296 1723 336; x_wconf 87' lang='lat' dir='ltr'>valeret,</span> <span class='ocrx_word' id='word_1_249' title='bbox 1749 302 1780 329; x_wconf 92' lang='lat' dir='ltr'>et</span> 
     </span>
     <span class='ocr_line' id='line_1_51' title="bbox 1033 349 1780 396; baseline -0.005 -11"><span class='ocrx_word' id='word_1_250' title='bbox 1033 363 1160 396; x_wconf 84' lang='lat' dir='ltr'>semper</span> <span class='ocrx_word' id='word_1_251' title='bbox 1181 352 1212 384; x_wconf 91' lang='lat' dir='ltr'>in</span> <span class='ocrx_word' id='word_1_252' title='bbox 1233 351 1408 384; x_wconf 81' lang='lat' dir='ltr'>unionibus</span> <span class='ocrx_word' id='word_1_253' title='bbox 1425 349 1609 383; x_wconf 88' lang='lat' dir='ltr'>commissio</span> <span class='ocrx_word' id='word_1_254' title='bbox 1629 349 1721 382; x_wconf 87' lang='lat' dir='ltr'>fieret</span> <span class='ocrx_word' id='word_1_255' title='bbox 1741 349 1780 381; x_wconf 88' lang='lat' dir='ltr'>ad</span> 
     </span>
     <span class='ocr_line' id='line_1_52' title="bbox 1033 404 1781 448; baseline -0.003 -10"><span class='ocrx_word' id='word_1_256' title='bbox 1033 412 1162 448; x_wconf 88' lang='lat' dir='ltr'>partes,</span> <span class='ocrx_word' id='word_1_257' title='bbox 1187 405 1305 438; x_wconf 85' lang='lat' dir='ltr'>vocatis</span> <span class='ocrx_word' id='word_1_258' title='bbox 1336 415 1476 448; x_wconf 84' lang='lat' dir='ltr'>quorum</span> <span class='ocrx_word' id='word_1_259' title='bbox 1503 404 1692 443; x_wconf 78' lang='lat' dir='ltr'>interesset3</span> <span class='ocrx_word' id='word_1_260' title='bbox 1727 413 1781 436; x_wconf 89' lang='lat' dir='ltr'>eo-</span> 
     </span>
     <span class='ocr_line' id='line_1_53' title="bbox 1034 457 1781 501; baseline -0.003 -11"><span class='ocrx_word' id='word_1_261' title='bbox 1034 459 1182 491; x_wconf 86' lang='lat' dir='ltr'>rumdem</span> <span class='ocrx_word' id='word_1_262' title='bbox 1203 458 1346 501; x_wconf 86' lang='lat' dir='ltr'>episcopi</span> <span class='ocrx_word' id='word_1_263' title='bbox 1368 463 1397 490; x_wconf 87' lang='lat' dir='ltr'>et</span> <span class='ocrx_word' id='word_1_264' title='bbox 1413 457 1549 501; x_wconf 87' lang='lat' dir='ltr'>Capituli</span> <span class='ocrx_word' id='word_1_265' title='bbox 1569 457 1662 497; x_wconf 84' lang='lat' dir='ltr'>votis,</span> <span class='ocrx_word' id='word_1_266' title='bbox 1679 460 1781 500; x_wconf 86' lang='lat' dir='ltr'>quan-</span> 
     </span>
     <span class='ocr_line' id='line_1_54' title="bbox 1036 510 1782 554; baseline -0.001 -11"><span class='ocrx_word' id='word_1_267' title='bbox 1036 517 1100 544; x_wconf 88' lang='lat' dir='ltr'>tum</span> <span class='ocrx_word' id='word_1_268' title='bbox 1123 522 1196 544; x_wconf 84' lang='lat' dir='ltr'>cum</span> <span class='ocrx_word' id='word_1_269' title='bbox 1214 511 1350 544; x_wconf 91' lang='lat' dir='ltr'>Domino</span> <span class='ocrx_word' id='word_1_270' title='bbox 1369 521 1552 554; x_wconf 85' lang='lat' dir='ltr'>possumus,</span> <span class='ocrx_word' id='word_1_271' title='bbox 1566 510 1705 552; x_wconf 79' lang='lat' dir='ltr'>benigne</span> <span class='ocrx_word' id='word_1_272' title='bbox 1726 520 1782 542; x_wconf 86' lang='lat' dir='ltr'>an-</span> 
     </span>
     <span class='ocr_line' id='line_1_55' title="bbox 1035 563 1782 607; baseline 0 -11"><span class='ocrx_word' id='word_1_273' title='bbox 1035 575 1150 605; x_wconf 90' lang='lat' dir='ltr'>nuere,</span> <span class='ocrx_word' id='word_1_274' title='bbox 1179 574 1299 607; x_wconf 86' lang='lat' dir='ltr'>eosque</span> <span class='ocrx_word' id='word_1_275' title='bbox 1330 564 1524 607; x_wconf 84' lang='lat' dir='ltr'>specialibus</span> <span class='ocrx_word' id='word_1_276' title='bbox 1557 563 1719 596; x_wconf 80' lang='lat' dir='ltr'>favoribus</span> <span class='ocrx_word' id='word_1_277' title='bbox 1751 569 1782 596; x_wconf 88' lang='lat' dir='ltr'>et</span> 
     </span>
     <span class='ocr_line' id='line_1_56' title="bbox 1036 616 1779 660; baseline -0.001 -11"><span class='ocrx_word' id='word_1_278' title='bbox 1036 617 1146 659; x_wconf 78' lang='lat' dir='ltr'>gratiis</span> <span class='ocrx_word' id='word_1_279' title='bbox 1163 617 1316 660; x_wconf 84' lang='lat' dir='ltr'>prosequi</span> <span class='ocrx_word' id='word_1_280' title='bbox 1339 618 1492 655; x_wconf 86' lang='lat' dir='ltr'>volentes,</span> <span class='ocrx_word' id='word_1_281' title='bbox 1516 617 1687 660; x_wconf 85' lang='lat' dir='ltr'>ipsumque</span> <span class='ocrx_word' id='word_1_282' title='bbox 1708 616 1779 659; x_wconf 91' lang='lat' dir='ltr'>epi-</span> 
     </span>
     <span class='ocr_line' id='line_1_57' title="bbox 1036 669 1782 714; baseline -0.001 -11"><span class='ocrx_word' id='word_1_283' title='bbox 1036 681 1170 714; x_wconf 77' lang='lat' dir='ltr'>scopum</span> <span class='ocrx_word' id='word_1_284' title='bbox 1193 681 1229 702; x_wconf 87' lang='lat' dir='ltr'>ac</span> <span class='ocrx_word' id='word_1_285' title='bbox 1242 669 1377 713; x_wconf 87' lang='lat' dir='ltr'>Capituli</span> <span class='ocrx_word' id='word_1_286' title='bbox 1399 669 1584 702; x_wconf 88' lang='lat' dir='ltr'>huiusmodi</span> <span class='ocrx_word' id='word_1_287' title='bbox 1605 669 1782 711; x_wconf 77' lang='lat' dir='ltr'>singulares</span> 
     </span>
     <span class='ocr_line' id='line_1_58' title="bbox 1036 722 1779 768; baseline -0.001 -12"><span class='ocrx_word' id='word_1_288' title='bbox 1036 733 1189 768; x_wconf 88' lang='lat' dir='ltr'>personas</span> <span class='ocrx_word' id='word_1_289' title='bbox 1209 734 1227 755; x_wconf 89' lang='lat' dir='ltr'>a</span> <span class='ocrx_word' id='word_1_290' title='bbox 1247 722 1412 766; x_wconf 76' lang='lat' dir='ltr'>quibusvis</span> <span class='ocrx_word' id='word_1_291' title='bbox 1426 722 1779 763; x_wconf 85' lang='lat' dir='ltr'>excommunicationis,</span> 
     </span>
     <span class='ocr_line' id='line_1_59' title="bbox 1036 775 1780 820; baseline -0.003 -10"><span class='ocrx_word' id='word_1_292' title='bbox 1036 776 1254 820; x_wconf 83' lang='lat' dir='ltr'>suspensionis</span> <span class='ocrx_word' id='word_1_293' title='bbox 1275 781 1306 809; x_wconf 89' lang='lat' dir='ltr'>et</span> <span class='ocrx_word' id='word_1_294' title='bbox 1325 775 1496 814; x_wconf 84' lang='lat' dir='ltr'>interdicti,</span> <span class='ocrx_word' id='word_1_295' title='bbox 1520 775 1655 819; x_wconf 89' lang='lat' dir='ltr'>aliisque</span> <span class='ocrx_word' id='word_1_296' title='bbox 1675 776 1780 808; x_wconf 93' lang='lat' dir='ltr'>eccle-</span> 
     </span>
     <span class='ocr_line' id='line_1_60' title="bbox 1037 828 1783 872; baseline -0.001 -10"><span class='ocrx_word' id='word_1_297' title='bbox 1037 830 1170 863; x_wconf 84' lang='lat' dir='ltr'>siasticis</span> <span class='ocrx_word' id='word_1_298' title='bbox 1194 829 1382 869; x_wconf 69' lang='lat' dir='ltr'>sententiis,</span> <span class='ocrx_word' id='word_1_299' title='bbox 1407 828 1550 861; x_wconf 88' lang='lat' dir='ltr'>censuris</span> <span class='ocrx_word' id='word_1_300' title='bbox 1578 834 1609 861; x_wconf 90' lang='lat' dir='ltr'>et</span> <span class='ocrx_word' id='word_1_301' title='bbox 1634 828 1746 872; x_wconf 88' lang='lat' dir='ltr'>poenis</span> <span class='ocrx_word' id='word_1_302' title='bbox 1766 840 1783 861; x_wconf 83' lang='lat' dir='ltr'>a</span> 
     </span>
     <span class='ocr_line' id='line_1_61' title="bbox 1038 882 1783 926; baseline -0.003 -10"><span class='ocrx_word' id='word_1_303' title='bbox 1038 884 1106 916; x_wconf 84' lang='lat' dir='ltr'>iure</span> <span class='ocrx_word' id='word_1_304' title='bbox 1126 884 1174 916; x_wconf 82' lang='lat' dir='ltr'>vel</span> <span class='ocrx_word' id='word_1_305' title='bbox 1196 884 1235 915; x_wconf 84' lang='lat' dir='ltr'>ab</span> <span class='ocrx_word' id='word_1_306' title='bbox 1256 883 1388 915; x_wconf 85' lang='lat' dir='ltr'>homine</span> <span class='ocrx_word' id='word_1_307' title='bbox 1409 882 1520 926; x_wconf 89' lang='lat' dir='ltr'>quavis</span> <span class='ocrx_word' id='word_1_308' title='bbox 1545 882 1715 915; x_wconf 86' lang='lat' dir='ltr'>occasione</span> <span class='ocrx_word' id='word_1_309' title='bbox 1734 883 1783 915; x_wconf 93' lang='lat' dir='ltr'>vel</span> 
     </span>
     <span class='ocr_line' id='line_1_62' title="bbox 1038 935 1781 980; baseline -0.003 -11"><span class='ocrx_word' id='word_1_310' title='bbox 1038 947 1133 970; x_wconf 77' lang='lat' dir='ltr'>causa</span> <span class='ocrx_word' id='word_1_311' title='bbox 1153 936 1225 969; x_wconf 88' lang='lat' dir='ltr'>latis</span> <span class='ocrx_word' id='word_1_312' title='bbox 1238 964 1245 977; x_wconf 87' lang='lat'>‚</span> <span class='ocrx_word' id='word_1_313' title='bbox 1269 936 1293 968; x_wconf 90' lang='lat' dir='ltr'>si</span> <span class='ocrx_word' id='word_1_314' title='bbox 1314 935 1432 980; x_wconf 89' lang='lat' dir='ltr'>quibus</span> <span class='ocrx_word' id='word_1_315' title='bbox 1463 935 1709 979; x_wconf 83' lang='lat' dir='ltr'>quomodolibet</span> <span class='ocrx_word' id='word_1_316' title='bbox 1729 935 1781 967; x_wconf 92' lang='lat' dir='ltr'>in-</span> 
     </span>
     <span class='ocr_line' id='line_1_63' title="bbox 1038 989 1783 1033; baseline -0.003 -10"><span class='ocrx_word' id='word_1_317' title='bbox 1038 991 1175 1023; x_wconf 86' lang='lat' dir='ltr'>nodatae</span> <span class='ocrx_word' id='word_1_318' title='bbox 1195 991 1356 1030; x_wconf 86' lang='lat' dir='ltr'>existunt,</span> <span class='ocrx_word' id='word_1_319' title='bbox 1380 990 1420 1022; x_wconf 92' lang='lat' dir='ltr'>ad</span> <span class='ocrx_word' id='word_1_320' title='bbox 1451 989 1600 1022; x_wconf 76' lang='lat' dir='ltr'>effectum</span> <span class='ocrx_word' id='word_1_321' title='bbox 1630 999 1783 1033; x_wconf 87' lang='lat' dir='ltr'>praesen-</span> 
     </span>
     <span class='ocr_line' id='line_1_64' title="bbox 1038 1043 1785 1086; baseline -0.003 -10"><span class='ocrx_word' id='word_1_322' title='bbox 1038 1044 1115 1076; x_wconf 90' lang='lat' dir='ltr'>lium</span> <span class='ocrx_word' id='word_1_323' title='bbox 1130 1044 1296 1076; x_wconf 87' lang='lat' dir='ltr'>dumtaxat</span> <span class='ocrx_word' id='word_1_324' title='bbox 1313 1043 1590 1086; x_wconf 87' lang='lat' dir='ltr'>consequendum,</span> <span class='ocrx_word' id='word_1_325' title='bbox 1604 1043 1721 1075; x_wconf 87' lang='lat' dir='ltr'>harum</span> <span class='ocrx_word' id='word_1_326' title='bbox 1736 1053 1785 1075; x_wconf 89' lang='lat' dir='ltr'>se-</span> 
     </span>
     <span class='ocr_line' id='line_1_65' title="bbox 1038 1096 1786 1130; baseline -0.003 0"><span class='ocrx_word' id='word_1_327' title='bbox 1038 1097 1084 1130; x_wconf 87' lang='lat' dir='ltr'>rie</span> <span class='ocrx_word' id='word_1_328' title='bbox 1105 1097 1306 1130; x_wconf 85' lang='lat' dir='ltr'>absolventes</span> <span class='ocrx_word' id='word_1_329' title='bbox 1327 1101 1358 1129; x_wconf 87' lang='lat' dir='ltr'>et</span> <span class='ocrx_word' id='word_1_330' title='bbox 1382 1096 1546 1129; x_wconf 85' lang='lat' dir='ltr'>absolutas</span> <span class='ocrx_word' id='word_1_331' title='bbox 1564 1096 1632 1129; x_wconf 81' lang='lat' dir='ltr'>fore</span> <span class='ocrx_word' id='word_1_332' title='bbox 1653 1106 1786 1128; x_wconf 89' lang='lat' dir='ltr'>censen-</span> 
     </span>
     <span class='ocr_line' id='line_1_66' title="bbox 1039 1148 1781 1192; baseline -0.004 -9"><span class='ocrx_word' id='word_1_333' title='bbox 1039 1156 1095 1190; x_wconf 86' lang='lat' dir='ltr'>tes,</span> <span class='ocrx_word' id='word_1_334' title='bbox 1107 1149 1294 1182; x_wconf 87' lang='lat' dir='ltr'>huiusmodi</span> <span class='ocrx_word' id='word_1_335' title='bbox 1315 1148 1606 1192; x_wconf 86' lang='lat' dir='ltr'>supplicationibus</span> <span class='ocrx_word' id='word_1_336' title='bbox 1623 1148 1781 1185; x_wconf 89' lang='lat' dir='ltr'>inclinati,</span> 
     </span>
     <span class='ocr_line' id='line_1_67' title="bbox 1038 1201 1784 1245; baseline -0.003 -10"><span class='ocrx_word' id='word_1_337' title='bbox 1038 1203 1244 1236; x_wconf 84' lang='lat' dir='ltr'>medietatem</span> <span class='ocrx_word' id='word_1_338' title='bbox 1263 1213 1319 1235; x_wconf 86' lang='lat' dir='ltr'>seu</span> <span class='ocrx_word' id='word_1_339' title='bbox 1340 1202 1436 1234; x_wconf 82' lang='lat' dir='ltr'>aliam</span> <span class='ocrx_word' id='word_1_340' title='bbox 1457 1207 1582 1245; x_wconf 87' lang='lat' dir='ltr'>partem</span> <span class='ocrx_word' id='word_1_341' title='bbox 1611 1201 1695 1234; x_wconf 87' lang='lat' dir='ltr'>inter</span> <span class='ocrx_word' id='word_1_342' title='bbox 1715 1202 1784 1244; x_wconf 83' lang='lat' dir='ltr'>epi-</span> 
     </span>
     <span class='ocr_line' id='line_1_68' title="bbox 1038 1255 1786 1300; baseline -0.004 -10"><span class='ocrx_word' id='word_1_343' title='bbox 1038 1267 1172 1300; x_wconf 89' lang='lat' dir='ltr'>scopum</span> <span class='ocrx_word' id='word_1_344' title='bbox 1190 1261 1222 1288; x_wconf 93' lang='lat' dir='ltr'>et</span> <span class='ocrx_word' id='word_1_345' title='bbox 1238 1255 1420 1299; x_wconf 89' lang='lat' dir='ltr'>Capitulum</span> <span class='ocrx_word' id='word_1_346' title='bbox 1434 1255 1628 1298; x_wconf 89' lang='lat' dir='ltr'>praedictos,</span> <span class='ocrx_word' id='word_1_347' title='bbox 1645 1260 1681 1287; x_wconf 90' lang='lat' dir='ltr'>ut</span> <span class='ocrx_word' id='word_1_348' title='bbox 1693 1265 1786 1298; x_wconf 86' lang='lat' dir='ltr'>prae-</span> 
     </span>
     <span class='ocr_line' id='line_1_69' title="bbox 1038 1308 1782 1351; baseline -0.005 -8"><span class='ocrx_word' id='word_1_349' title='bbox 1038 1311 1157 1349; x_wconf 87' lang='lat' dir='ltr'>fertur,</span> <span class='ocrx_word' id='word_1_350' title='bbox 1181 1314 1371 1342; x_wconf 86' lang='lat' dir='ltr'>conventam</span> <span class='ocrx_word' id='word_1_351' title='bbox 1396 1308 1543 1341; x_wconf 91' lang='lat' dir='ltr'>omnium</span> <span class='ocrx_word' id='word_1_352' title='bbox 1571 1313 1601 1340; x_wconf 91' lang='lat' dir='ltr'>et</span> <span class='ocrx_word' id='word_1_353' title='bbox 1621 1318 1782 1351; x_wconf 87' lang='lat' dir='ltr'>quorum-</span> 
     </span>
     <span class='ocr_line' id='line_1_70' title="bbox 1039 1362 1784 1407; baseline -0.004 -11"><span class='ocrx_word' id='word_1_354' title='bbox 1039 1374 1178 1407; x_wconf 86' lang='lat' dir='ltr'>cumque</span> <span class='ocrx_word' id='word_1_355' title='bbox 1198 1363 1371 1402; x_wconf 80' lang='lat' dir='ltr'>sructuum,</span> <span class='ocrx_word' id='word_1_356' title='bbox 1388 1362 1574 1402; x_wconf 89' lang='lat' dir='ltr'>reddituum</span> <span class='ocrx_word' id='word_1_357' title='bbox 1596 1366 1627 1394; x_wconf 86' lang='lat' dir='ltr'>et</span> <span class='ocrx_word' id='word_1_358' title='bbox 1646 1371 1784 1405; x_wconf 89' lang='lat' dir='ltr'>proven-</span> 
     </span>
     <span class='ocr_line' id='line_1_71' title="bbox 1040 1415 1785 1457; baseline -0.004 -7"><span class='ocrx_word' id='word_1_359' title='bbox 1040 1423 1127 1450; x_wconf 89' lang='lat' dir='ltr'>tuum</span> <span class='ocrx_word' id='word_1_360' title='bbox 1142 1445 1149 1457; x_wconf 85' lang='lat'>,</span> <span class='ocrx_word' id='word_1_361' title='bbox 1174 1416 1312 1456; x_wconf 87' lang='lat' dir='ltr'>iurium,</span> <span class='ocrx_word' id='word_1_362' title='bbox 1336 1415 1569 1448; x_wconf 85' lang='lat' dir='ltr'>obventionum</span> <span class='ocrx_word' id='word_1_363' title='bbox 1599 1420 1630 1448; x_wconf 90' lang='lat' dir='ltr'>et</span> <span class='ocrx_word' id='word_1_364' title='bbox 1661 1415 1785 1447; x_wconf 87' lang='lat' dir='ltr'>emolu·</span> 
     </span>
     <span class='ocr_line' id='line_1_72' title="bbox 1040 1468 1787 1513; baseline -0.004 -10"><span class='ocrx_word' id='word_1_365' title='bbox 1040 1477 1223 1504; x_wconf 88' lang='lat' dir='ltr'>mentorum</span> <span class='ocrx_word' id='word_1_366' title='bbox 1236 1479 1519 1513; x_wconf 88' lang='lat' dir='ltr'>quorumcumque</span> <span class='ocrx_word' id='word_1_367' title='bbox 1531 1468 1636 1501; x_wconf 91' lang='lat' dir='ltr'>dictae</span> <span class='ocrx_word' id='word_1_368' title='bbox 1649 1478 1787 1512; x_wconf 88' lang='lat' dir='ltr'>praepo-</span> 
     </span>
     <span class='ocr_line' id='line_1_73' title="bbox 1039 1523 1784 1568; baseline -0.005 -10"><span class='ocrx_word' id='word_1_369' title='bbox 1039 1525 1168 1565; x_wconf 85' lang='lat' dir='ltr'>siturae,</span> <span class='ocrx_word' id='word_1_370' title='bbox 1181 1524 1247 1568; x_wconf 87' lang='lat' dir='ltr'>qui,</span> <span class='ocrx_word' id='word_1_371' title='bbox 1259 1528 1294 1556; x_wconf 92' lang='lat' dir='ltr'>ut</span> <span class='ocrx_word' id='word_1_372' title='bbox 1313 1528 1471 1563; x_wconf 89' lang='lat' dir='ltr'>asserunt,</span> <span class='ocrx_word' id='word_1_373' title='bbox 1483 1523 1625 1556; x_wconf 89' lang='lat' dir='ltr'>valorem</span> <span class='ocrx_word' id='word_1_374' title='bbox 1641 1533 1784 1555; x_wconf 89' lang='lat' dir='ltr'>annuum</span> 
     </span>
     <span class='ocr_line' id='line_1_74' title="bbox 1039 1576 1782 1621; baseline -0.004 -9"><span class='ocrx_word' id='word_1_375' title='bbox 1039 1579 1314 1621; x_wconf 75' lang='lat' dir='ltr'>noningentorum</span> <span class='ocrx_word' id='word_1_376' title='bbox 1346 1578 1537 1610; x_wconf 87' lang='lat' dir='ltr'>ducatorum</span> <span class='ocrx_word' id='word_1_377' title='bbox 1566 1576 1636 1610; x_wconf 88' lang='lat' dir='ltr'>auri</span> <span class='ocrx_word' id='word_1_378' title='bbox 1664 1577 1703 1609; x_wconf 91' lang='lat' dir='ltr'>de</span> <span class='ocrx_word' id='word_1_379' title='bbox 1723 1576 1782 1610; x_wconf 87' lang='lat' dir='ltr'>Ca-</span> 
     </span>
     <span class='ocr_line' id='line_1_75' title="bbox 1040 1629 1782 1672; baseline -0.004 -7"><span class='ocrx_word' id='word_1_380' title='bbox 1040 1643 1142 1672; x_wconf 82' lang='lat' dir='ltr'>mera,</span> <span class='ocrx_word' id='word_1_381' title='bbox 1167 1631 1345 1664; x_wconf 90' lang='lat' dir='ltr'>secundum</span> <span class='ocrx_word' id='word_1_382' title='bbox 1367 1640 1574 1663; x_wconf 89' lang='lat' dir='ltr'>communem</span> <span class='ocrx_word' id='word_1_383' title='bbox 1598 1629 1782 1663; x_wconf 78' lang='lat' dir='ltr'>extimatio-</span> 
     </span>
     <span class='ocr_line' id='line_1_76' title="bbox 1039 1682 1785 1725; baseline -0.005 -6"><span class='ocrx_word' id='word_1_384' title='bbox 1039 1697 1125 1725; x_wconf 89' lang='lat' dir='ltr'>nem,</span> <span class='ocrx_word' id='word_1_385' title='bbox 1148 1696 1214 1719; x_wconf 92' lang='lat' dir='ltr'>non</span> <span class='ocrx_word' id='word_1_386' title='bbox 1232 1685 1400 1724; x_wconf 84' lang='lat' dir='ltr'>excedunt,</span> <span class='ocrx_word' id='word_1_387' title='bbox 1418 1684 1522 1716; x_wconf 89' lang='lat' dir='ltr'>dictae</span> <span class='ocrx_word' id='word_1_388' title='bbox 1539 1693 1681 1723; x_wconf 86' lang='lat' dir='ltr'>mensae,</span> <span class='ocrx_word' id='word_1_389' title='bbox 1694 1682 1785 1715; x_wconf 88' lang='lat' dir='ltr'>cuius</span> 
     </span>
     <span class='ocr_line' id='line_1_77' title="bbox 1040 1737 1785 1780; baseline -0.005 -8"><span class='ocrx_word' id='word_1_390' title='bbox 1040 1740 1213 1779; x_wconf 86' lang='lat' dir='ltr'>fructuum,</span> <span class='ocrx_word' id='word_1_391' title='bbox 1238 1737 1423 1771; x_wconf 88' lang='lat' dir='ltr'>reddituum</span> <span class='ocrx_word' id='word_1_392' title='bbox 1446 1742 1477 1770; x_wconf 90' lang='lat' dir='ltr'>et</span> <span class='ocrx_word' id='word_1_393' title='bbox 1495 1742 1710 1780; x_wconf 88' lang='lat' dir='ltr'>proventuum</span> <span class='ocrx_word' id='word_1_394' title='bbox 1731 1747 1785 1769; x_wconf 93' lang='lat' dir='ltr'>ve-</span> 
     </span>
     <span class='ocr_line' id='line_1_78' title="bbox 1039 1789 1785 1833; baseline -0.005 -8"><span class='ocrx_word' id='word_1_395' title='bbox 1039 1803 1091 1825; x_wconf 91' lang='lat' dir='ltr'>ros</span> <span class='ocrx_word' id='word_1_396' title='bbox 1112 1802 1236 1824; x_wconf 84' lang='lat' dir='ltr'>annuos</span> <span class='ocrx_word' id='word_1_397' title='bbox 1257 1791 1392 1829; x_wconf 84' lang='lat' dir='ltr'>valeres,</span> <span class='ocrx_word' id='word_1_398' title='bbox 1408 1789 1634 1833; x_wconf 87' lang='lat' dir='ltr'>praesentibus</span> <span class='ocrx_word' id='word_1_399' title='bbox 1651 1799 1711 1832; x_wconf 91' lang='lat' dir='ltr'>pro</span> <span class='ocrx_word' id='word_1_400' title='bbox 1733 1799 1785 1822; x_wconf 86' lang='lat' dir='ltr'>ex-</span> 
     </span>
     <span class='ocr_line' id='line_1_79' title="bbox 1039 1844 1788 1889; baseline -0.005 -11"><span class='ocrx_word' id='word_1_401' title='bbox 1039 1845 1156 1889; x_wconf 88' lang='lat' dir='ltr'>pressis</span> <span class='ocrx_word' id='word_1_402' title='bbox 1185 1844 1297 1877; x_wconf 84' lang='lat' dir='ltr'>haberi</span> <span class='ocrx_word' id='word_1_403' title='bbox 1322 1844 1491 1883; x_wconf 89' lang='lat' dir='ltr'>volumus,</span> <span class='ocrx_word' id='word_1_404' title='bbox 1515 1853 1551 1875; x_wconf 84' lang='lat' dir='ltr'>ex</span> <span class='ocrx_word' id='word_1_405' title='bbox 1578 1852 1665 1874; x_wconf 86' lang='lat' dir='ltr'>nunc</span> <span class='ocrx_word' id='word_1_406' title='bbox 1691 1847 1788 1886; x_wconf 90' lang='lat' dir='ltr'>prout</span> 
     </span>
     <span class='ocr_line' id='line_1_80' title="bbox 1039 1895 1787 1939; baseline -0.004 -8"><span class='ocrx_word' id='word_1_407' title='bbox 1039 1910 1075 1932; x_wconf 87' lang='lat' dir='ltr'>ex</span> <span class='ocrx_word' id='word_1_408' title='bbox 1098 1904 1184 1939; x_wconf 87' lang='lat' dir='ltr'>tunc,</span> <span class='ocrx_word' id='word_1_409' title='bbox 1208 1903 1238 1931; x_wconf 90' lang='lat' dir='ltr'>et</span> <span class='ocrx_word' id='word_1_410' title='bbox 1259 1908 1275 1930; x_wconf 90' lang='lat' dir='ltr'>e</span> <span class='ocrx_word' id='word_1_411' title='bbox 1293 1902 1417 1937; x_wconf 91' lang='lat' dir='ltr'>contra,</span> <span class='ocrx_word' id='word_1_412' title='bbox 1439 1907 1512 1929; x_wconf 89' lang='lat' dir='ltr'>cum</span> <span class='ocrx_word' id='word_1_413' title='bbox 1530 1895 1674 1939; x_wconf 92' lang='lat' dir='ltr'>primum</span> <span class='ocrx_word' id='word_1_414' title='bbox 1694 1906 1787 1939; x_wconf 86' lang='lat' dir='ltr'>prae-</span> 
     </span>
     <span class='ocr_line' id='line_1_81' title="bbox 1039 1949 1787 1996; baseline -0.007 -11"><span class='ocrx_word' id='word_1_415' title='bbox 1039 1951 1217 1996; x_wconf 89' lang='lat' dir='ltr'>posituram</span> <span class='ocrx_word' id='word_1_416' title='bbox 1253 1950 1452 1994; x_wconf 85' lang='lat' dir='ltr'>praedictam</span> <span class='ocrx_word' id='word_1_417' title='bbox 1483 1960 1542 1993; x_wconf 84' lang='lat' dir='ltr'>per</span> <span class='ocrx_word' id='word_1_418' title='bbox 1576 1959 1700 1982; x_wconf 89' lang='lat' dir='ltr'>cessum</span> <span class='ocrx_word' id='word_1_419' title='bbox 1738 1949 1787 1981; x_wconf 90' lang='lat' dir='ltr'>vel</span> 
     </span>
     <span class='ocr_line' id='line_1_82' title="bbox 1040 2002 1787 2047; baseline -0.007 -8"><span class='ocrx_word' id='word_1_420' title='bbox 1040 2006 1218 2045; x_wconf 87' lang='lat' dir='ltr'>decessum,</span> <span class='ocrx_word' id='word_1_421' title='bbox 1234 2009 1288 2037; x_wconf 89' lang='lat' dir='ltr'>aut</span> <span class='ocrx_word' id='word_1_422' title='bbox 1304 2013 1545 2047; x_wconf 85' lang='lat' dir='ltr'>quamcumque</span> <span class='ocrx_word' id='word_1_423' title='bbox 1566 2002 1787 2035; x_wconf 90' lang='lat' dir='ltr'>dimissionem</span> 
     </span>
     <span class='ocr_line' id='line_1_83' title="bbox 1040 2056 1785 2099; baseline -0.004 -8"><span class='ocrx_word' id='word_1_424' title='bbox 1040 2064 1095 2092; x_wconf 87' lang='lat' dir='ltr'>aut</span> <span class='ocrx_word' id='word_1_425' title='bbox 1114 2057 1322 2091; x_wconf 89' lang='lat' dir='ltr'>amissionem</span> <span class='ocrx_word' id='word_1_426' title='bbox 1352 2056 1500 2089; x_wconf 89' lang='lat' dir='ltr'>moderni</span> <span class='ocrx_word' id='word_1_427' title='bbox 1531 2056 1707 2099; x_wconf 88' lang='lat' dir='ltr'>praepositi</span> <span class='ocrx_word' id='word_1_428' title='bbox 1728 2066 1785 2088; x_wconf 92' lang='lat' dir='ltr'>va-</span> 
     </span>
     <span class='ocr_line' id='line_1_84' title="bbox 1041 2108 1788 2153; baseline -0.004 -9"><span class='ocrx_word' id='word_1_429' title='bbox 1041 2122 1114 2145; x_wconf 86' lang='lat' dir='ltr'>care</span> <span class='ocrx_word' id='word_1_430' title='bbox 1135 2110 1317 2152; x_wconf 76' lang='lat' dir='ltr'>contigerit,</span> <span class='ocrx_word' id='word_1_431' title='bbox 1341 2110 1445 2143; x_wconf 89' lang='lat' dir='ltr'>donec</span> <span class='ocrx_word' id='word_1_432' title='bbox 1462 2109 1562 2153; x_wconf 89' lang='lat' dir='ltr'>ipsius</span> <span class='ocrx_word' id='word_1_433' title='bbox 1576 2119 1705 2142; x_wconf 87' lang='lat' dir='ltr'>mensae</span> <span class='ocrx_word' id='word_1_434' title='bbox 1719 2108 1788 2152; x_wconf 92' lang='lat' dir='ltr'>epi-</span> 
     </span>
     <span class='ocr_line' id='line_1_85' title="bbox 1041 2163 1784 2208; baseline -0.004 -10"><span class='ocrx_word' id='word_1_435' title='bbox 1041 2165 1178 2208; x_wconf 88' lang='lat' dir='ltr'>scopalis</span> <span class='ocrx_word' id='word_1_436' title='bbox 1204 2165 1307 2204; x_wconf 83' lang='lat' dir='ltr'>bona,</span> <span class='ocrx_word' id='word_1_437' title='bbox 1331 2169 1367 2196; x_wconf 86' lang='lat' dir='ltr'>ut</span> <span class='ocrx_word' id='word_1_438' title='bbox 1392 2163 1593 2207; x_wconf 84' lang='lat' dir='ltr'>praefertur,</span> <span class='ocrx_word' id='word_1_439' title='bbox 1618 2167 1784 2206; x_wconf 83' lang='lat' dir='ltr'>occupata,</span> 
     </span>
     <span class='ocr_line' id='line_1_86' title="bbox 1041 2215 1782 2260; baseline -0.003 -10"><span class='ocrx_word' id='word_1_440' title='bbox 1041 2223 1096 2250; x_wconf 90' lang='lat' dir='ltr'>aut</span> <span class='ocrx_word' id='word_1_441' title='bbox 1113 2227 1227 2250; x_wconf 88' lang='lat' dir='ltr'>eorum</span> <span class='ocrx_word' id='word_1_442' title='bbox 1245 2216 1350 2249; x_wconf 88' lang='lat' dir='ltr'>maior</span> <span class='ocrx_word' id='word_1_443' title='bbox 1369 2227 1443 2260; x_wconf 88' lang='lat' dir='ltr'>pars</span> <span class='ocrx_word' id='word_1_444' title='bbox 1464 2221 1654 2259; x_wconf 88' lang='lat' dir='ltr'>recuperata</span> <span class='ocrx_word' id='word_1_445' title='bbox 1676 2215 1782 2254; x_wconf 82' lang='lat' dir='ltr'>suerit,</span> 
     </span>
     <span class='ocr_line' id='line_1_87' title="bbox 1042 2270 1784 2314; baseline -0.004 -10"><span class='ocrx_word' id='word_1_446' title='bbox 1042 2272 1085 2304; x_wconf 90' lang='lat' dir='ltr'>ita</span> <span class='ocrx_word' id='word_1_447' title='bbox 1105 2272 1192 2314; x_wconf 89' lang='lat' dir='ltr'>quod</span> <span class='ocrx_word' id='word_1_448' title='bbox 1220 2270 1315 2303; x_wconf 87' lang='lat' dir='ltr'>liceat</span> <span class='ocrx_word' id='word_1_449' title='bbox 1336 2270 1511 2310; x_wconf 87' lang='lat' dir='ltr'>moderno,</span> <span class='ocrx_word' id='word_1_450' title='bbox 1533 2274 1586 2302; x_wconf 85' lang='lat' dir='ltr'>aut</span> <span class='ocrx_word' id='word_1_451' title='bbox 1609 2279 1668 2312; x_wconf 89' lang='lat' dir='ltr'>pro</span> <span class='ocrx_word' id='word_1_452' title='bbox 1702 2275 1784 2302; x_wconf 89' lang='lat' dir='ltr'>tem-</span> 
     </span>
     <span class='ocr_line' id='line_1_88' title="bbox 1043 2321 1788 2368; baseline -0.003 -12"><span class='ocrx_word' id='word_1_453' title='bbox 1043 2335 1120 2368; x_wconf 91' lang='lat' dir='ltr'>pore</span> <span class='ocrx_word' id='word_1_454' title='bbox 1151 2324 1296 2356; x_wconf 88' lang='lat' dir='ltr'>existenti</span> <span class='ocrx_word' id='word_1_455' title='bbox 1333 2323 1485 2366; x_wconf 86' lang='lat' dir='ltr'>episcopo</span> <span class='ocrx_word' id='word_1_456' title='bbox 1520 2321 1788 2355; x_wconf 89' lang='lat' dir='ltr'>IIildcsheimensi</span> 
     </span>
     <span class='ocr_line' id='line_1_89' title="bbox 1043 2375 1788 2420; baseline -0.003 -11"><span class='ocrx_word' id='word_1_457' title='bbox 1043 2388 1115 2410; x_wconf 82' lang='lat' dir='ltr'>cuin</span> <span class='ocrx_word' id='word_1_458' title='bbox 1134 2377 1276 2420; x_wconf 89' lang='lat' dir='ltr'>primum</span> <span class='ocrx_word' id='word_1_459' title='bbox 1295 2376 1379 2409; x_wconf 88' lang='lat' dir='ltr'>dicta</span> <span class='ocrx_word' id='word_1_460' title='bbox 1396 2375 1631 2419; x_wconf 88' lang='lat' dir='ltr'>praepositura,</span> <span class='ocrx_word' id='word_1_461' title='bbox 1649 2381 1683 2408; x_wconf 88' lang='lat' dir='ltr'>ut</span> <span class='ocrx_word' id='word_1_462' title='bbox 1696 2385 1788 2418; x_wconf 88' lang='lat' dir='ltr'>prae-</span> 
     </span>
     <span class='ocr_line' id='line_1_90' title="bbox 1044 2429 1784 2470; baseline -0.004 -6"><span class='ocrx_word' id='word_1_463' title='bbox 1044 2432 1155 2470; x_wconf 86' lang='lat' dir='ltr'>fertur,</span> <span class='ocrx_word' id='word_1_464' title='bbox 1179 2431 1354 2469; x_wconf 81' lang='lat' dir='ltr'>vacaverit,</span> <span class='ocrx_word' id='word_1_465' title='bbox 1378 2430 1560 2469; x_wconf 80' lang='lat' dir='ltr'>fructuum,</span> <span class='ocrx_word' id='word_1_466' title='bbox 1585 2429 1784 2466; x_wconf 89' lang='lat' dir='ltr'>reddituum,</span> 
     </span>
     <span class='ocr_line' id='line_1_91' title="bbox 1044 2482 1788 2528; baseline -0.003 -11"><span class='ocrx_word' id='word_1_467' title='bbox 1044 2490 1270 2528; x_wconf 63' lang='lat' dir='ltr'>proventuum,</span> <span class='ocrx_word' id='word_1_468' title='bbox 1292 2483 1410 2516; x_wconf 87' lang='lat' dir='ltr'>iurium</span> <span class='ocrx_word' id='word_1_469' title='bbox 1433 2488 1464 2516; x_wconf 86' lang='lat' dir='ltr'>et</span> <span class='ocrx_word' id='word_1_470' title='bbox 1483 2482 1726 2522; x_wconf 86' lang='lat' dir='ltr'>obventionum,</span> <span class='ocrx_word' id='word_1_471' title='bbox 1750 2493 1788 2515; x_wconf 91' lang='lat' dir='ltr'>ac</span> 
     </span>
     <span class='ocr_line' id='line_1_92' title="bbox 1045 2535 1784 2581; baseline -0.003 -10"><span class='ocrx_word' id='word_1_472' title='bbox 1045 2539 1339 2572; x_wconf 89' lang='lat' dir='ltr'>emolumentorum</span> <span class='ocrx_word' id='word_1_473' title='bbox 1360 2537 1600 2581; x_wconf 55' lang='lat' dir='ltr'>pineda—,torum</span> <span class='ocrx_word' id='word_1_474' title='bbox 1626 2535 1784 2569; x_wconf 87' lang='lat' dir='ltr'>medicta-</span> 
     </span>
     <span class='ocr_line' id='line_1_93' title="bbox 1045 2587 1786 2633; baseline -0.004 -11"><span class='ocrx_word' id='word_1_475' title='bbox 1045 2595 1128 2629; x_wconf 77' lang='lat' dir='ltr'>tem,</span> <span class='ocrx_word' id='word_1_476' title='bbox 1152 2595 1187 2622; x_wconf 88' lang='lat' dir='ltr'>ut</span> <span class='ocrx_word' id='word_1_477' title='bbox 1207 2590 1409 2633; x_wconf 83' lang='lat' dir='ltr'>praefertur,</span> <span class='ocrx_word' id='word_1_478' title='bbox 1438 2593 1628 2621; x_wconf 79' lang='lat' dir='ltr'>conventam</span> <span class='ocrx_word' id='word_1_479' title='bbox 1657 2587 1786 2631; x_wconf 87' lang='lat' dir='ltr'>propria</span> 
     </span>
     <span class='ocr_line' id='line_1_94' title="bbox 1045 2641 1788 2687; baseline -0.004 -10"><span class='ocrx_word' id='word_1_480' title='bbox 1045 2643 1234 2677; x_wconf 85' lang='lat' dir='ltr'>auctoritate</span> <span class='ocrx_word' id='word_1_481' title='bbox 1265 2643 1366 2676; x_wconf 87' lang='lat' dir='ltr'>libere</span> <span class='ocrx_word' id='word_1_482' title='bbox 1394 2642 1561 2687; x_wconf 89' lang='lat' dir='ltr'>percipere</span> <span class='ocrx_word' id='word_1_483' title='bbox 1576 2669 1583 2683; x_wconf 91' lang='lat'>‚</span> <span class='ocrx_word' id='word_1_484' title='bbox 1607 2641 1734 2685; x_wconf 80' lang='lat' dir='ltr'>exigere</span> <span class='ocrx_word' id='word_1_485' title='bbox 1758 2646 1788 2676; x_wconf 88' lang='lat' dir='ltr'>ct</span> 
     </span>
    </p>
   </div>
   <div class='ocr_carea' id='block_1_6' title="bbox 1680 237 1975 273">
    <p class='ocr_par' dir='ltr' id='par_1_7' title="bbox 1680 237 1975 273">
     <span class='ocr_line' id='line_1_95' title="bbox 1680 237 1975 273; baseline 0.007 -3"><span class='ocrx_word' id='word_1_486' title='bbox 1680 237 1744 270; x_wconf 76' lang='lat'>365</span> <span class='ocrx_word' id='word_1_487' title='bbox 1791 246 1842 273; x_wconf 77' lang='lat' dir='ltr'>An.</span> <span class='ocrx_word' id='word_1_488' title='bbox 1863 245 1891 272; x_wconf 88' lang='lat' dir='ltr'>c.</span> <span class='ocrx_word' id='word_1_489' title='bbox 1909 245 1975 273; x_wconf 74' lang='lat'>1597</span> 
     </span>
    </p>
   </div>
  </div>
 </body>
</html>
