2253 3195
20 497 140 518 <mitiorum
152 496 181 516 bi-

20 527 74 545 aum.

5 867 9 893 l
24 868 87 889 Omna
101 868 180 888 littora·

19 901 44 915 im
52 894 142 914 studium
152 894 180 913 iu-

23 921 115 941 niteatur
123 921 179 940 novi-

19 948 34 968 is
55 949 102 968 aute
122 947 180 967 bien-

39 1556 129 1578 Examen
146 1563 181 1577 nt)-

17 1583 98 1604 tuorum
123 1586 181 1604 sextu

0 1633 4 1638 ,
17 1615 84 1636 noque
111 1616 180 1631 mense

812 224 958 248 CLEMENS
978 224 1035 248 V111
1056 225 1105 248 Pr.

196 272 327 316 plicari:
360 272 415 316 qui
444 283 518 305 vero
551 272 681 306 latinam
710 272 853 314 linguam
875 282 939 305 non

198 325 388 367 intelligent,
413 325 444 358 in
466 326 600 359 fratrum
627 337 800 359 numerum
815 326 939 359 litteras

197 388 263 411 nou
284 378 476 411 discentium
496 384 697 422 cooptentur.

242 433 258 473 ἓ
276 431 329 464 41.
353 432 437 464 Nulli
450 424 655 471 novitiorum,
673 437 737 464 tam
753 442 865 464 eorum
885 432 937 475 qui

198 484 310 517 litteris
333 495 463 528 operam
483 485 589 518 daturi
602 491 686 525 sunt,
708 495 803 528 quam
825 495 937 517 eorum

198 537 252 580 qui
266 538 402 571 Domino
421 538 452 570 in
472 538 678 581 simplicitate
691 538 811 581 absque
824 538 938 571 litteris

197 591 347 631 servient,
378 597 503 633 gestare
527 591 619 624 liceat
646 591 767 634 pileum
798 592 937 634 quadra-

201 649 266 676 tum
283 644 502 688 presbyterale
523 645 629 687 quoad
645 644 677 676 in
691 644 845 677 novitiatu
859 644 937 686 legi-

197 697 309 729 timum
332 703 457 740 tempus
478 697 638 739 exegerit,
666 697 818 730 fratribus
838 697 937 729 sacris

196 750 364 783 ordinibus
384 750 517 783 initiatis
538 751 687 794 exceptis

240 803 254 846 ἓ
279 802 331 835 42.
355 803 579 836 Interdicimus
600 809 765 846 practerea
786 804 937 837 omnibus

195 856 339 895 novitiis,
367 856 421 899 qui
441 856 554 889 studiis
579 861 653 889 sunt
680 856 879 900 applicandi,
903 862 938 889 ut

195 920 291 953 supra
322 910 482 949 diximus,
514 920 643 942 omnem
665 910 845 943 studiorum
869 916 933 942 tra-

196 963 379 1003 ctationem,
404 964 464 997 nisi
493 964 682 997 novitiatum
701 970 774 996 ante
795 974 933 1007 perege-

196 1016 278 1056 rint,
301 1016 356 1059 qui
387 1017 517 1059 quidem
540 1017 736 1050 exercitandi
765 1022 839 1049 suut
872 1028 935 1049 non

195 1070 298 1102 solum
322 1069 352 1101 in
379 1070 598 1102 functionibus
625 1070 857 1113 spiritualibus
881 1071 935 1103 sed

196 1123 292 1155 etiam
314 1122 498 1156 iuilistincte
517 1123 547 1155 in
563 1123 826 1156 nosocomiorum
848 1134 936 1156 exer-

195 1175 410 1216 citationibus,
436 1176 521 1209 iuxta
547 1176 717 1209 consilium
740 1182 771 1209 et
796 1177 935 1209 auctori-

197 1234 293 1262 tatem
315 1240 412 1273 super
443 1230 511 1270 his,
541 1230 595 1273 qui
626 1230 658 1262 in
690 1230 817 1263 novitiis
848 1230 936 1263 insti-

196 1283 321 1316 tuendis
355 1283 515 1327 respicere
547 1289 578 1316 et
605 1284 772 1317 consulere
807 1284 937 1317 debebit

196 1336 407 1370 institutionis
433 1337 604 1370 formulam
639 1337 749 1377 illam,
782 1348 864 1380 quae
896 1338 936 1370 ad

195 1390 332 1423 novitios
363 1390 394 1423 in
421 1390 580 1430 Domino,
610 1396 640 1423 et
671 1390 882 1434 spiritualiter
906 1397 936 1424 et

197 1443 417 1486 corporaliter,
439 1443 624 1485 dirigendos
644 1445 795 1477 tradetur.

242 1498 258 1538 ξ
279 1495 331 1529 43.
347 1496 503 1530 Praefecti
518 1498 690 1530 domorum
701 1499 932 1542 professarum,

197 1559 269 1582 cum
290 1549 354 1582 suis
380 1551 636 1590 consultoribus,
668 1551 744 1584 item
774 1552 935 1584 examina-

198 1608 282 1636 tores
308 1609 337 1635 et
363 1603 507 1645 magistri
536 1604 745 1645 novitiorum,
778 1605 802 1638 si
830 1611 936 1638 tamen

197 1661 301 1695 erunt,
325 1667 397 1689 eum
419 1663 509 1700 patre
523 1662 554 1689 et
576 1658 673 1690 fratre
695 1657 872 1691 infirmario
886 1664 955 1691 su*

196 1709 379 1752 perioribus
399 1715 597 1749 nostrorum,
616 1711 669 1754 qui
688 1711 720 1743 in
742 1712 937 1745 nosocomiis
954 1736 955 1739 η

197 1762 399 1802 cohabitant,
421 1763 468 1796 sin
494 1763 600 1796 minus
625 1764 780 1808 praedicti
803 1765 956 1809 (absque,v

197 1815 289 1848 dictis
314 1822 403 1859 patre
425 1822 455 1848 et
480 1816 577 1849 fratre
604 1817 814 1860 infirmario),
849 1824 955 1862 sexto}

197 1879 327 1912 quoque
353 1880 462 1902 mense
491 1876 740 1912 congregentur,
765 1877 794 1904 et
815 1871 846 1903 in
867 1872 934 1904 siu·
954 1869 955 1909 ἶ

954 1922 1081 1954 'votum
1109 1922 1253 1954 solemne
1279 1921 1520 1963 aegrotantibus
1553 1922 1712 1954 serviendi

197 1922 347 1964 gulorum
379 1922 594 1963 novitiorum,
623 1934 703 1967 quos
725 1924 938 1958 instituendos

974 272 1137 315 publicum
1150 272 1196 305 vel
1211 272 1371 304 oecultum
1383 271 1535 304 delictum
1546 281 1712 314 compere-

975 325 1047 365 rint,
1072 331 1125 357 aut
1139 325 1225 357 aliud
1241 325 1416 368 quodpiam
1428 325 1708 368 impedimentum,

974 390 1037 422 quo
1062 379 1137 412 satis
1168 384 1329 412 constaret
1353 378 1443 411 illum
1465 379 1597 411 mininie
1629 379 1713 412 sutu-

974 442 1044 463 rum
1074 431 1334 474 ad.Rcligionem
1360 432 1524 465 idoneum.
1552 431 1583 465 Si
1605 437 1711 464 tamen

973 484 1101 517 illorum
1124 485 1324 518 examinibus
1342 485 1535 518 intervenire
1557 485 1707 528 superio·
1746 478 1750 482 ⁴

972 548 1021 570 res
1043 538 1174 571 maioris
1198 538 1364 581 potestatis
1385 538 1557 578 voluerint,
1581 538 1643 572 hoc
1664 544 1712 572 est

971 598 1062 634 pater
1082 592 1242 634 generalis
1256 593 1521 635 consultoresque
1532 593 1708 634 generales,

972 645 1027 688 qui
1053 656 1124 677 eum
1147 655 1185 678 eo
1207 645 1261 678 illo
1288 651 1434 689 tempore
1466 645 1708 689 reperirentur,

971 702 1024 729 aut
1049 697 1267 740 provincialis,
1292 704 1346 730 aut
1367 698 1512 731 visitator
1538 698 1708 740 generalis,

971 750 1181 793 praemonitis
1201 756 1274 783 ante
1295 751 1474 794 praesectis,
1492 756 1558 784 tum
1582 751 1711 783 illorum

971 809 1146 836 conventus
1171 809 1377 847 expectetur,
1406 804 1529 837 etiamsi
1558 809 1712 837 semestre

970 857 1107 900 spatium
1119 858 1361 900 prorogandum
1377 864 1469 897 esset,
1485 858 1623 891 maxime
1636 868 1711 891 vero

970 910 994 942 si
1020 909 1203 953 proximum
1222 911 1414 954 professioni
1436 916 1588 944 semestre
1614 911 1645 943 in
1667 911 1708 943 il-

970 964 1075 996 lorum
1105 964 1278 996 adventum
1311 963 1487 1003 incideret,
1517 964 1536 996 ii
1558 964 1711 996 nimirum

970 1016 1153 1059 superiores
1185 1016 1316 1049 maioris
1348 1017 1512 1060 potestatis
1554 1028 1627 1049 eum
1661 1028 1712 1050 su-

970 1069 1123 1111 pradictis
1154 1068 1377 1112 superioribus
1406 1069 1566 1113 deputatis
1591 1080 1709 1103 conve·-

971 1121 1039 1154 nire
1061 1122 1225 1154 debebunt
1256 1122 1295 1154 ad
1316 1122 1469 1164 suffragia
1500 1123 1632 1156 serenda
1648 1150 1655 1163 ‚
1679 1128 1706 1155 et

971 1176 1057 1218 quod
1079 1175 1183 1208 maior
1214 1186 1288 1219 pars
1319 1176 1500 1209 faciendum
1523 1177 1706 1218 censuerit,

971 1229 1003 1262 id
1021 1228 1086 1261 fiat.

1015 1282 1029 1326 ἓ
1050 1281 1102 1314 44.
1132 1282 1249 1315 Omnes
1270 1281 1392 1321 novitii,
1416 1288 1481 1314 tam
1503 1282 1547 1314 illi
1574 1282 1629 1325 qui
1654 1282 1708 1316 lit-

972 1335 1045 1368 teris
1070 1346 1203 1378 operam
1225 1346 1342 1368 navare
1364 1335 1503 1374 debent,
1532 1346 1628 1378 quam
1657 1336 1712 1379 qui

970 1398 1034 1421 non
1056 1389 1184 1429 debent,
1206 1388 1237 1420 in
1258 1388 1454 1421 novitiorum
1479 1388 1630 1421 domibus
1649 1388 1709 1421 ha-

970 1441 1128 1482 bitabunt,
1146 1448 1241 1486 atque
1255 1442 1335 1475 haec
1355 1442 1512 1475 habitatio
1531 1443 1712 1476 communis

970 1495 1031 1528 erit
1048 1496 1215 1539 utriusque
1235 1502 1345 1536 status,
1361 1502 1391 1529 et
1405 1496 1436 1528 in
1457 1496 1610 1529 novitiatu
1626 1507 1712 1530 com-

971 1548 1076 1581 munis
1101 1549 1246 1582 omnium
1276 1549 1336 1582 erit
1365 1560 1441 1582 cura
1462 1555 1493 1582 et
1525 1549 1707 1593 disciplina,

970 1602 1028 1634 sub
1042 1602 1198 1644 regimine
1212 1612 1336 1641 eorum,
1354 1602 1408 1646 qui
1423 1602 1567 1645 magistri
1586 1603 1710 1646 pariter

971 1661 1002 1688 et
1020 1655 1173 1699 praefecti
1195 1662 1223 1689 et
1241 1656 1425 1700 superiores
1446 1656 1572 1689 illarum
1592 1657 1709 1689 domo—

972 1719 1043 1741 rum
1066 1714 1169 1741 erunt.

1017 1763 1032 1803 ἓ
1053 1760 1106 1794 45.
1130 1761 1247 1795 Omnes
1268 1761 1289 1793 ii
1308 1761 1362 1805 qui
1384 1762 1425 1794 ad
1445 1761 1637 1804 religionem
1657 1762 1712 1795 ad-

972 1815 1156 1855 mittentur,
1185 1815 1332 1848 absoluto
1351 1815 1523 1848 novitiatus
1548 1815 1595 1848 sui
1625 1821 1708 1848 tem-

972 1878 1061 1911 pore,
1085 1868 1109 1901 si
1131 1868 1197 1911 apti
1233 1868 1364 1901 iudicati
1397 1868 1538 1908 suerint,
1561 1875 1712 1912 quartum

198 1976 401 2020 acceperint,
434 1977 529 2010 vitam
557 1983 588 2011 et
612 1988 720 2011 mores
746 1979 911 2022 inquirant
927 1991 934 2020 3
953 1973 955 2016 ,l
971 1975 1182 2018 spiritualiter
1199 1981 1226 2008 et
1250 1975 1473 2018 corporaliter,
1498 1980 1646 2018 utsupra
1664 1975 1712 2008 di-

198 2029 314 2062 deinde
335 2030 373 2063 de
393 2031 528 2073 singulis
548 2037 670 2065 secreta
696 2038 768 2065 vota
799 2033 938 2067 decisiva

197 2082 357 2122 ferantur,
388 2089 422 2116 ut
448 2084 492 2116 illi
519 2084 683 2117 dumtaxat
721 2085 752 2117 in
783 2086 937 2119 novitiatu

196 2135 395 2169 retineantur
421 2143 475 2169 aut
506 2137 580 2170 inde
608 2138 831 2177 dimittantur,
857 2150 937 2182 quos

197 2189 383 2223 retinendos
392 2196 446 2223 aut
455 2191 664 2224 dimittendos
676 2198 821 2224 votorum
834 2193 938 2225 maior

197 2252 271 2285 pars
292 2243 323 2275 in
344 2243 479 2276 Domino
493 2244 691 2277 iudicaverit.
710 2245 937 2278 Verumtamen
953 2237 955 2249 ’

198 2296 364 2339 praefectis
397 2297 567 2330 domorum
597 2298 815 2341 professarum
851 2298 937 2332 aliis-

198 2360 260 2392 que
291 2350 422 2383 maioris
453 2351 619 2394 potestatis
648 2352 870 2395 superioribus
899 2352 936 2384 li-

198 2402 311 2435 berum
338 2414 405 2436 esse
426 2405 589 2443 volumus,
611 2410 646 2437 ut
666 2415 682 2437 e
703 2404 857 2437 novitiatu
884 2405 935 2437 di-

199 2461 332 2489 mettere
346 2457 469 2499 possint
489 2467 546 2500 per
566 2457 705 2500 seipsos,
730 2468 810 2500 quos
831 2458 938 2490 dimit-

972 2034 1057 2061 ctum
1077 2034 1134 2068 est,
1158 2028 1342 2061 indistincte
1363 2028 1520 2067 emittant,
1538 2038 1602 2071 quo
1617 2028 1709 2068 facto,

971 2082 1011 2115 ad
1027 2082 1057 2115 id
1078 2082 1325 2125 exequuendum
1347 2091 1415 2114 sese
1430 2082 1609 2123 accingant,
1626 2082 1713 2125 quod

971 2135 1165 2179 superiores,
1184 2135 1237 2178 qui
1260 2136 1366 2168 locum
1388 2135 1442 2168 Dei
1464 2135 1621 2176 obtinent,
1637 2135 1713 2179 ipsis

972 2189 1149 2231 iuiungent.

1016 2245 1032 2285 5
1050 2242 1102 2275 46.
1127 2242 1326 2275 Novitiorum
1349 2248 1535 2275 nostrorum
1550 2243 1665 2276 domus
1680 2243 1711 2276 in

972 2296 1033 2328 illis
1064 2295 1265 2339 potissimum
1299 2295 1502 2336 civitatibus,
1535 2296 1663 2339 oppidis
1683 2302 1713 2330 et

971 2349 1050 2383 locis
1074 2350 1332 2389 constituantur,
1367 2350 1423 2382 ubi
1450 2356 1559 2383 nostra
1588 2350 1712 2393 Religio

973 2403 1179 2436 commodum
1202 2403 1334 2435 habebit
1355 2403 1385 2435 in
1407 2403 1602 2436 nosocomiis
1620 2403 1712 2436 habi-

955 2470 956 2490 t
975 2456 1060 2489 tandi
1082 2457 1207 2495 locum,
1231 2462 1263 2488 ut
1285 2456 1422 2489 infirmis
1441 2457 1640 2489 ministrent:
1664 2467 1713 2489 re-

200 2509 312 2542 tendos
331 2510 526 2549 censuerint,
555 2510 651 2542 nullis
676 2510 761 2543 initis
779 2510 939 2552 suffragiis
974 2510 1151 2553 linquimus
1172 2515 1278 2542 tamen
1310 2510 1394 2553 patri
1422 2510 1563 2552 generali
1587 2516 1618 2544 et
1635 2521 1712 2544 con-

200 2567 413 2603 caeterorum,
433 2562 457 2594 si
479 2563 561 2595 intra
582 2563 749 2605 quodlibet
769 2574 821 2596 sex
844 2573 936 2596 men-
955 2546 957 2618 ι
973 2564 1149 2596 sultoribus
1181 2564 1405 2605 generalibus,
1436 2570 1491 2596 aut
1515 2564 1631 2608 quibus
1653 2564 1713 2608 ipsi

200 2615 282 2647 sium
310 2615 449 2659 spatium
476 2616 506 2649 in
536 2616 643 2660 aliquo
664 2616 783 2649 novitio
809 2616 1219 2660 aliquod!mandaverint,
1249 2617 1384 2650 liberam
1415 2623 1604 2661 potestatem
1636 2618 1710 2651 sun-

1622 212 1686 246 643
1734 223 1780 248 An.
1799 222 1828 248 c.
1844 222 1911 248 ¹600

1750 1288 1859 1318 Hubitatio
1875 1295 1912 1308 nn·

1729 1318 1826 1335 Vitiorum
1857 1321 1912 1336 com-

1728 1348 1802 1362 munis.

1759 1769 1859 1792 Quartum
1877 1775 1911 1788 »n-

1728 1798 1770 1815 tum
1791 1796 1911 1816 indistincte

1729 1822 1864 1842 minuendum
1875 1823 1911 1843 ab·

1728 1850 1795 1869 soluto
1824 1849 1912 1869 novitia·

1729 1878 1760 1895 tus
1776 1879 1877 1901 tempore.

1756 2249 1836 2272 Quibus
1852 2249 1871 2269 in
1883 2249 1912 2269 lo-

1728 2281 1758 2295 cis
1770 2276 1822 2305 erigi
1833 2277 1913 2301 possrnt

1728 2304 1849 2323 nenti-itus.
