2253 3195
232 223 282 250 An.
304 223 333 251 c.
349 223 419 252 1595
464 206 528 248 218

283 334 356 364 Causis
384 334 419 355 hic

234 363 418 414 ffiffissssiasslffff

434 279 469 306 tu
490 273 628 306 maiores
641 278 670 305 et
684 272 847 315 graviores
863 276 1010 314 sumptus
1023 270 1083 303 hoc
1097 276 1177 303 tem-

434 337 514 371 pore
536 327 641 359 facere
661 325 797 367 cogaris,
821 335 917 368 quam
939 324 1093 356 hacteuus
1124 324 1172 356 se-

434 380 525 419 ceris,
542 379 698 422 nobisque
715 383 887 421 propterea
899 377 1130 421 supplicaveris
1142 382 1177 409 ut

434 443 470 465 ex
492 432 679 465 earumdem
705 431 911 464 ecclesiarum
937 430 1075 474 peculio,
1103 440 1176 462 cum

435 485 473 518 de
495 485 623 517 illarum
644 484 819 527 praecipue
840 483 1064 516 incolumitate
1084 488 1177 516 elsa-

434 538 499 570 lute
528 549 615 570 nunc
646 538 747 580 magis
774 543 938 578 tractetur,
959 537 1023 570 tibi
1044 537 1195 580 aliquod}

434 591 806 632 maiorissulwentionis
826 591 979 624 auxilium
998 590 1176 623 concedere

435 644 655 685 dignaremur,
671 654 707 677 ac
727 650 894 687 praeterea
909 654 983 676 cum
996 643 1178 687 quinquen-

434 697 523 730 nium
544 707 603 740 per
622 697 724 730 felicis
741 697 975 731 recordationis
986 696 1175 737 Gregorium

433 750 552 793 Papam
574 749 649 789 xlv,
672 750 787 783 ultimo
799 756 1009 795 prorogatum
1030 760 1086 782 seu
1099 759 1177 782 eon-

434 813 559 835 cessum
584 803 690 836 adhuc
715 803 830 843 duret,
864 813 923 836 nos
951 803 1092 836 volentes
1116 802 1178 835 tuis

435 856 678 889 necessitatibus
691 856 799 900 aliqua
816 867 852 889 ex
865 862 956 900 parte
973 866 1175 895 succurrere,

436 915 532 952 teque
553 909 746 953 specialibus
761 909 922 942 favoribus
933 915 963 942 et
983 909 1092 952 gratiis
1105 919 1180 952 pro-

435 963 537 1006 sequi,
566 963 766 1005 singularum
791 963 971 996 litterarum
992 962 1175 1007 praedicta-

435 1027 507 1048 rum
530 1022 668 1056 tenores,
691 1016 916 1060 praesentibus
936 1026 996 1060 pro
1023 1015 1179 1059 expressis

436 1069 603 1109 habentes,
630 1076 805 1113 utrumque
824 1065 968 1102 annuum
998 1068 1177 1102 subsidium

437 1122 548 1155 decem
581 1122 717 1155 millium
739 1128 903 1156 scutorum
924 1132 1021 1166 super
1045 1122 1179 1155 ducatus

436 1175 627 1215 Sabaudiae,
651 1186 687 1216 ac
708 1175 906 1220 principatus
918 1175 1175 1214 Pedemontium,

437 1239 473 1261 ac
490 1229 673 1272 provinciae
694 1229 808 1262 Niceae
839 1235 1003 1273 statusque
1023 1228 1153 1263 Oneliae
1168 1256 1175 1268 ,

437 1282 574 1314 aliarum
596 1282 772 1322 civitatum,
801 1288 957 1315 terrarum
979 1288 1009 1315 et
1035 1282 1175 1326 oppido-

437 1346 520 1375 rum,
553 1346 590 1368 ac
619 1335 764 1369 locorum
787 1335 901 1368 ditioni
925 1341 996 1368 tuae
1015 1335 1178 1368 subiecto-

438 1398 509 1421 rum
530 1389 758 1428 ecclesiarum,
791 1379 1079 1429 monasteriorum,
1103 1399 1179 1422 con-

438 1447 601 1481 ventuum,
626 1441 839 1485 prioratuum,
864 1442 1175 1485 praepositurarum,

437 1495 749 1538 praeceptoriarum,
779 1495 1054 1535 canonicatuum,
1086 1505 1179 1539 prae-

437 1547 629 1588 bendarum,
645 1548 848 1591 dignitatum,
860 1553 1103 1592 personatuum,
1124 1548 1178 1581 ad-

439 1600 724 1641 ministrationum,
747 1601 941 1641 officiorum,
961 1607 1177 1634 caeterorum-

439 1665 502 1697 que
532 1654 766 1688 beneficiorum
793 1654 1083 1688 ecelesiasticorum
1105 1665 1177 1687 cum

439 1718 515 1739 cura
533 1713 562 1740 et
583 1707 651 1740 sine
673 1718 760 1748 cura,
781 1707 996 1741 saecularium
1023 1718 1059 1740 ac
1078 1718 1177 1750 regu-

440 1760 555 1793 larium
587 1771 683 1804 supra
715 1771 939 1805 expressorum
955 1788 962 1799 ,
1001 1766 1032 1793 et.
1053 1760 1083 1793 in
1104 1760 1179 1794 dicti

439 1813 516 1846 Sixti
550 1814 571 1846 V
602 1814 715 1848 litteris
755 1814 1106 1858 compraeliensorum,
1144 1814 1181 1846 iis

441 1867 607 1900 dumtaxat
627 1867 782 1911 exceptis,
807 1878 889 1911 quae
911 1867 977 1911 ipse
998 1867 1103 1901 Sixtus
1123 1878 1177 1900 ex-

441 1927 533 1964 cepta
564 1932 631 1953 esse
653 1921 762 1961 voluit,
788 1921 954 1960 fructibus,
989 1921 1178 1961 redditibus,

441 1975 660 2018 proventibus,
685 1975 807 2008 iuribus
827 1981 857 2008 et
875 1975 1122 2016 emolumentis,
1146 1985 1181 2007 ac

442 2028 735 2068 distributionibus,
760 2035 791 2061 ut
818 2030 1008 2072 praefertur,
1032 2038 1182 2061 concessa

443 2087 473 2114 et
493 2088 666 2124 prorogata
684 2082 724 2115 ad
751 2081 922 2114 triennium
945 2087 1049 2114 tamen
1071 2081 1179 2125 proxi·
1198 2097 1200 2106 =

443 2146 543 2174 mum,
560 2146 576 2167 a
591 2135 736 2168 kalendis
754 2135 1002 2179 praeteritorum
1024 2135 1181 2167 mensium

444 2189 579 2222 ianuarii
616 2195 644 2221 et
667 2189 740 2222 maii
766 2189 840 2222 anni
863 2189 1040 2233 praesentis
1064 2198 1180 2227 iioxcv,

444 2242 641 2282 inchoatum,
665 2248 695 2276 et
716 2248 747 2275 ut
766 2243 911 2286 sequitur
931 2242 1075 2275 kalendis
1096 2253 1184 2275 men-

444 2295 525 2327 sium
560 2295 696 2328 ianuarii
729 2301 759 2329 et
791 2295 864 2328 maii
892 2296 1071 2328 suturmum
1108 2295 1182 2327 anni

445 2358 587 2381 unxerit:
607 2348 797 2387 finiendum,
814 2348 926 2381 adalia
940 2354 1028 2381 scuta
1041 2348 1184 2392 quinque

447 2401 545 2433 millia
566 2412 671 2434 annua
692 2401 809 2434 similia
830 2407 861 2435 et
881 2412 943 2435 non
966 2402 1050 2434 ultra
1065 2429 1072 2442 ,
1106 2402 1181 2435 itaut

447 2460 618 2498 utrumque
639 2455 817 2488 subsidium
850 2455 1035 2488 huiusmodi
1058 2454 1183 2498 praedi-

446 2514 543 2546 ctum,
568 2508 652 2541 (licto
679 2514 783 2542 tamen
807 2509 946 2542 triennio
966 2509 1122 2548 durante,
1145 2508 1184 2541 sit

446 2566 476 2593 et
496 2572 563 2593 csse
584 2562 697 2594 «lubeat
724 2562 754 2594 in
777 2568 877 2595 totum
903 2568 1067 2595 scutorum
1088 2561 1183 2606 quin-

447 2614 549 2648 decim
583 2614 717 2647 millium
760 2615 912 2648 similium
950 2626 1009 2659 pro
1039 2614 1202 2658 quolibet¹

1016 221 1203 247 BULLARIUM
1221 220 1376 246 ROMANUM

1212 269 1368 310 subsidio,
1391 274 1422 302 et
1440 279 1542 312 usque
1563 268 1602 302 ad
1623 279 1694 302 eam
1713 279 1875 302 summam
1895 280 1954 313 per

1213 323 1314 356 dictos
1335 323 1505 366 deputatos
1524 327 1556 356 et
1567 322 1770 366 deputandos
1789 323 1829 355 ab
1849 323 1954 356 omni-

1210 376 1270 409 bus
1290 381 1319 409 et
1340 375 1473 418 singulis
1493 375 1527 408 in
1546 375 1667 408 eisdem
1685 375 1762 408 Sixti
1775 375 1889 409 litteris
1899 386 1952 408 ex-

1211 429 1327 473 pressis
1346 435 1375 461 et
1394 428 1666 472 compraehensis‚
1683 428 1819 462 durante
1838 430 1952 462 eodem

1211 481 1350 514 triennio
1370 481 1478 523 colligi
1497 486 1528 514 et
1546 480 1670 524 percipi
1689 481 1816 521 debeat,
1845 487 1952 515 aucto-

1211 535 1303 568 ritate
1316 534 1503 578 apostolica,
1527 539 1639 568 tenore
1656 535 1886 578 praesentium,
1902 546 1954 568 ex-

1213 587 1374 620 tendimus
1404 593 1436 620 et
1459 587 1653 630 ampliamus
1667 614 1674 627 ,
1707 597 1744 620 ac
1763 587 1796 619 in
1816 593 1954 631 utroque

1211 640 1354 673 subsidio
1367 640 1534 684 praedicto
1547 646 1756 683 augmentum
1767 640 1953 673 huiusmodi

1211 699 1375 726 scutorum
1397 693 1540 737 quinque
1566 693 1702 726 millium
1720 693 1875 727 similium
1896 693 1953 726 tibi

1212 759 1284 781 cum
1307 749 1428 782 eisdem
1454 748 1706 789 extensionibus,
1730 748 1954 781 declarationi-

1212 803 1282 842 bus,
1306 802 1558 846 exceptionibus,
1582 801 1840 845 exemptionibus
1860 802 1955 835 et'sa-

1213 855 1384 888 cultatibus
1395 855 1454 888 sub
1475 854 1607 888 eiisdem
1619 854 1796 895 sententiis,
1812 855 1956 888 censuris

1213 915 1244 942 et
1265 909 1388 953 poenis,
1416 919 1543 942 necnon
1568 909 1627 941 sub
1641 908 1769 942 ‘eisdem
1789 908 1951 949 clausulis,

1213 973 1249 996 ac
1270 963 1365 996 etiam
1388 962 1588 996 irritantibus
1608 961 1745 995 decretis
1769 967 1800 995 et
1817 961 1889 994 aliis
1919 961 1952 994 in

1214 1016 1306 1050 dictis
1326 1016 1440 1049 litteris
1459 1015 1629 1055 contentis,
1653 1015 1788 1059 perinde
1812 1025 1849 1048 ac
1872 1015 1897 1048 si
1917 1025 1956 1048 ea

1213 1069 1322 1102 omnia
1342 1075 1372 1102 et
1390 1069 1516 1111 singula
1537 1069 1568 1101 in
1589 1068 1695 1112 specie
1730 1068 1955 1112 praesentibus

1214 1123 1490 1167 expressissemus,
1516 1122 1724 1156 concedimus
1747 1127 1779 1155 et
1807 1121 1952 1164 assigna-

1215 1187 1296 1210 mus.

1258 1231 1274 1271 ξ
1294 1229 1325 1262 4.
1348 1230 1382 1263 In
1404 1229 1498 1262 buius
1519 1234 1625 1262 autem
1639 1228 1804 1271 augmenti
1818 1228 1955 1261 exactio-

1213 1293 1264 1323 ne,
1288 1283 1419 1316 modum
1433 1289 1460 1315 et
1482 1283 1620 1315 sormam
1635 1282 1666 1315 in
1680 1281 1853 1326 praedictis
1872 1281 1954 1315 eius-

1213 1336 1285 1369 dem
1306 1336 1380 1369 Sixti
1403 1336 1426 1368 V
1445 1336 1557 1369 litteris
1578 1345 1772 1379 expressam,
1796 1334 1828 1368 in
1849 1345 1954 1368 omm-

1213 1389 1272 1422 bus
1292 1395 1323 1423 et
1342 1400 1399 1433 per
1415 1389 1535 1426 onmia.
1552 1389 1670 1422 servari
1690 1389 1838 1422 volumus
1858 1394 1890 1422 et
1902 1389 1957 1422 de-

1213 1452 1386 1474 cernimus.

1257 1496 1272 1538 ξ
1301 1494 1331 1528 5.
1364 1494 1521 1534 Quocirca
1540 1494 1716 1528 venerabili
1753 1494 1842 1527 fratri
1875 1494 1957 1528 lulio

1213 1548 1337 1582 Caesari
1358 1548 1604 1592 archiepiscopo
1624 1547 1767 1588 Barensi,
1793 1553 1906 1581 nostro
1926 1553 1958 1582 et

1214 1600 1415 1645 Apostolicae
1434 1601 1525 1635 Sedis
1543 1600 1629 1645 apud
1651 1600 1851 1634 nobilitatem
1871 1596 1956 1634 tuam

1214 1654 1327 1687 nuntio
1358 1665 1416 1698 per
1448 1660 1633 1698 praesentes
1668 1653 1900 1687 committimus
1927 1659 1959 1687 et

1215 1707 1417 1748 mandamus,
1441 1713 1600 1752 quatenus
1625 1708 1813 1751 praesentes
1838 1707 1960 1740 litteras

1215 1766 1245 1794 et
1265 1760 1296 1793 in
1311 1760 1356 1794 eis
1379 1766 1530 1794 contenta
1551 1770 1788 1804 quaecumque,
1811 1760 1897 1794 iuxta
1916 1760 1960 1793 fa-

1215 1814 1348 1847 cultates
1368 1824 1387 1847 a
1406 1814 1492 1848 Sixto
1513 1814 1536 1846 V
1557 1824 1654 1857 super
1678 1813 1892 1857 exequutione
1909 1813 1959 1848 di-

1216 1874 1340 1902 ctorum
1361 1867 1580 1901 subsidiorum
1600 1877 1789 1907 concessas,
1817 1867 1960 1912 publicet

1217 1927 1247 1955 et
1266 1927 1452 1965 exequatur,
1476 1931 1512 1954 ac
1532 1921 1750 1954 subsidiorum
1772 1921 1958 1956 huiusmodi

1217 1981 1438 2017 augmentum,
1455 1985 1514 2018 per
1526 1985 1595 2015 nos,
1616 1974 1846 2008 durantedicto
1861 1975 1959 2009 trien-

1218 2028 1270 2061 nio
1297 2034 1418 2061 tantum
1447 2028 1563 2061 sactum
1579 2055 1586 2068 ‚
1614 2027 1710 2061 etiam
1731 2028 1790 2061 sub
1814 2028 1958 2062 censuris

1218 2087 1245 2114 ct
1269 2081 1381 2124 poenis
1402 2081 1432 2113 in
1454 2081 1547 2114 dictis
1565 2081 1677 2114 litteris
1694 2081 1954 2125 expressisexigi,

1217 2134 1388 2178 eidemque
1405 2134 1518 2168 Carolo
1539 2134 1740 2168 Emmanueli
1760 2134 1833 2168 duci
1855 2134 1959 2169 eonsi-

1218 2188 1307 2229 gnari
1329 2193 1417 2221 curet
1431 2194 1462 2221 et
1475 2187 1580 2227 facian
1596 2187 1850 2221 contradictores
1862 2197 1959 2232 quos-

1219 2241 1295 2274 libet
1315 2247 1346 2274 et
1366 2241 1517 2281 rebelles,
1546 2251 1582 2274 ac
1607 2240 1792 2285 praemissis
1815 2251 1879 2274 non
1900 2251 1958 2286 pa-

1218 2300 1334 2335 rentes,
1359 2294 1442 2327 iuxta
1463 2295 1650 2327 earumdem
1676 2293 1854 2328 litterarum
1875 2304 1955 2328 con-

1219 2347 1384 2380 tinentiam
1407 2353 1438 2381 et
1456 2353 1600 2380 tenorem
1617 2373 1624 2387 ‚
1657 2358 1694 2379 ac
1714 2357 1825 2380 carum
1854 2347 1958 2381 forma

1217 2406 1352 2440 servata,
1369 2400 1560 2434 auctoritate
1581 2405 1689 2433 nostra
1707 2400 1954 2444 compescendo.

1261 2455 1278 2496 5
1298 2454 1328 2486 ti.
1353 2453 1421 2487 Non
1443 2453 1643 2486 obstantibus
1669 2453 1819 2487 omnibus
1834 2481 1841 2494 ,
1875 2463 1958 2498 quae

1219 2507 1315 2539 iidem
1338 2507 1600 2550 praedecessores
1621 2506 1651 2539 in
1678 2506 1814 2549 singulis
1844 2516 1956 2541 eorum

1219 2560 1329 2593 litteris
1349 2560 1520 2604 praedictis
1538 2560 1707 2594 voluerunt
1728 2571 1792 2595 non
1816 2560 1954 2602 obstare,

1218 2614 1415 2658 caeterisque
1439 2613 1609 2648 contrariis
1634 2614 1917 2659 quibuscumque„

1931 1335 1936 1341 ,
1970 1315 2036 1337 ditum
2047 1316 2105 1338 iubet
2111 1321 2134 1337 s·
2163 1319 2169 1333 ἰ

2006 1236 2029 1257 ῐιι
2043 1228 2153 1258 exactioni*

1971 1268 2020 1283 vero
2041 1262 2127 1284 snt-niam
2152 1270 2159 1275 '¹

1969 1289 2029 1310 Sixto
2039 1289 2080 1310 PP.
2090 1289 2146 1310 vm
2153 1297 2159 1306 ι

1971 1342 2023 1363 vari.

2010 1501 2092 1529 Nunc*-
2105 1497 2157 1528 ap*

1971 1527 2046 1549 stolieo
2064 1533 2102 1549 exc
2124 1536 2156 1545 ι·-

1971 1555 2050 1576 ticnem
2083 1554 2129 1576 hu·
2153 1563 2162 1584 '.

1972 1581 2028 1602 modi
2038 1579 2141 1602 concessi
2160 1595 2162 1600 .

1972 1607 2004 1628 nis
2019 1607 2137 1630 committit.

1999 2457 2092 2485 Det-ont
2106 2461 2126 2479 ο
2207 2449 2209 2454 ’

1973 2485 2052 2508 inrito.
