2253 3195
0 206 4 252 1
23 215 70 242 An.
88 213 118 240 c.
139 212 208 240 1596

64 2584 165 2606 institutio
175 2590 223 2606 con-

43 2611 168 2636 mutationis
187 2618 223 2638 pro

832 212 979 237 CLEMENS
998 211 1056 236 VIII
1076 213 1126 236 Pr.

218 260 350 304 eiusque
362 260 519 301 districtu,
540 270 635 304 quam
656 260 687 293 in
700 260 849 294 universo
870 261 957 294 Statu

218 319 327 347 nostro
354 314 567 348 ecclesiastico
592 314 771 354 existentes,
795 319 959 347 contracto

218 367 313 400 variis
326 367 365 400 de
383 367 486 400 causis
506 377 580 400 aere
600 367 717 407 alieno,
733 367 852 399 nullam
869 377 960 410 pror-

218 431 271 454 sus
284 420 365 454 inire
378 421 535 454 rationem
550 421 629 454 illud
643 420 849 460 dissolvendi,
860 420 960 452 immo

219 484 278 507 nec
291 484 413 507 annuas
424 474 585 508 fructuum
595 474 829 517 praestationes
841 473 960 506 idcirco

220 527 353 569 debitas,
370 528 510 561 maximo
528 528 724 561 creditorum
738 527 956 564 incommodo,

219 581 422 623 persolvere,
458 580 608 623 ipsosque
639 580 720 613 adeo
759 579 936 612 creditores
950 606 957 618 ‚

220 634 296 666 dum
317 643 428 666 eorum
450 633 571 666 credita
588 643 606 666 a
623 633 714 666 dictis
734 633 911 666 baronibus
931 637 959 665 ct

219 686 399 720 domicellis
411 686 535 729 exigere
549 692 717 727 conantur,
728 697 862 728 magnos
875 696 961 719 sum-

219 744 292 782 ptus
312 739 427 779 facere,
449 744 479 772 et.
495 739 590 773 variis
609 739 718 772 litibus
739 739 908 783 implicari,
933 744 963 772 et

220 791 430 825 nihilominus
450 792 572 825 credita
585 791 654 836 ipsa
671 792 761 825 nullo
775 792 872 825 modo
886 802 962 825 con-

219 845 310 889 sequi
330 855 443 889 posse;
467 841 671 879 fideiussores
689 845 784 878 etiam
798 872 805 886 ‚
829 845 884 889 qui
902 855 962 889 pro

221 897 342 931 eisdem
374 898 550 932 baronibus
576 904 608 932 et
632 899 811 932 domicellis
835 909 904 932 sese
933 905 964 932 et

220 952 306 986 bona
325 963 382 986 sua
402 963 533 997 quoquo
565 954 662 987 modo
694 953 899 996 obligarunt,
924 953 963 986 ab

222 1017 335 1040 eorum
355 1006 607 1050 obligationibus
636 1006 769 1039 minime
798 1016 892 1050 posse
927 1006 964 1038 li-

222 1060 346 1100 berari;
369 1066 552 1104 praeterea,
576 1060 650 1093 licet
679 1060 756 1093 alias
776 1061 817 1093 ad
837 1071 965 1093 eorum-

223 1114 296 1147 dem
313 1113 473 1146 baronum
493 1118 524 1147 et
548 1112 795 1146 domicellorum
820 1123 871 1146 res
901 1113 961 1146 ali-

223 1176 287 1211 quo
307 1172 401 1210 pacto
421 1166 634 1200 sublevandas
646 1193 653 1207 ,
674 1177 693 1199 a
711 1166 876 1200 nonnullis
895 1167 962 1200 Ro-

224 1220 326 1253 manis
345 1220 555 1254 Pontificibus
579 1220 881 1264 praedecessoribus
900 1231 962 1254 no-

223 1273 308 1313 stris,
333 1284 369 1306 ac
389 1274 486 1307 etiam
503 1273 611 1307 forsan
624 1284 643 1306 a
654 1273 759 1314 nobis,
776 1284 813 1307 ex
835 1273 965 1317 speciali

224 1326 342 1369 gratia,
375 1336 526 1360 concessa
554 1326 651 1360 fuerit
685 1326 835 1367 facultas,
863 1337 963 1371 quos-

225 1380 299 1413 dam
316 1381 527 1424 pecuniarum
539 1381 660 1414 Montes
679 1391 776 1425 super
796 1391 909 1414 eorum
923 1380 967 1413 ci-

225 1433 386 1474 vitatibus,
410 1434 513 1475 terris,
531 1434 659 1475 castris,
674 1434 832 1468 casalibus
850 1440 881 1467 et
897 1434 967 1466 aliis

225 1487 319 1520 bonis
350 1487 517 1522 stabilibus
530 1515 537 1529 ‚
575 1488 615 1521 ad
647 1488 788 1522 diversas
825 1498 967 1521 summas

225 1541 449 1583 ascendentes,
477 1541 642 1585 erigendi,
668 1552 742 1575 cum
771 1541 967 1585 obligatione

226 1594 321 1627 etiam
338 1605 397 1638 per
413 1594 499 1639 ipsos
511 1595 651 1629 barones
664 1596 745 1630 facta
759 1596 891 1637 fructus,
907 1596 968 1629 hoc

226 1648 358 1681 nomine
372 1675 380 1689 ‚
403 1648 537 1691 singulis
569 1649 660 1682 annis
692 1655 881 1691 conventos,
904 1650 968 1683 sol-

227 1701 331 1743 vendi,
355 1712 392 1735 ac
418 1702 512 1735 certis
537 1702 635 1736 inodo
662 1708 693 1736 et
722 1703 824 1736 forma
848 1703 970 1736 Montes

227 1760 360 1797 erectos,
375 1755 458 1789 intra
474 1757 711 1801 praescriptum
731 1762 857 1801 tempus
870 1758 970 1791 extin-

226 1808 356 1851 guendi3
379 1818 434 1842 eos
454 1815 561 1843 tamen
576 1837 583 1851 ,
606 1809 661 1853 qui
689 1810 843 1854 pecunias
863 1810 895 1843 in
916 1810 966 1843 di-

227 1861 284 1895 ctis
296 1861 455 1896 Montibus
466 1868 655 1907 posuerunt,
672 1863 827 1897 hactenus
848 1874 971 1897 annuas

229 1915 390 1948 fructuum
419 1916 673 1960 praestationes,
697 1927 715 1949 a
743 1917 907 1950 nonnullis
934 1927 969 1950 ex

229 1967 321 2001 dictis
341 1968 518 2002 baronibus
545 1975 576 2002 et
605 1969 785 2003 domicellis
817 1970 970 2014 consequi

229 2031 293 2054 non
307 2022 461 2065 potuisse,
471 2032 576 2066 neque
590 2023 696 2056 adhuc
709 2033 814 2067 posse,
829 2034 866 2056 ac
879 2034 972 2067 prae-

230 2080 317 2107 terea
341 2074 467 2118 aliquos
484 2075 581 2108 ctiam
601 2075 739 2109 barones
759 2082 790 2109 et
810 2076 968 2110 domicel-

231 2127 295 2169 los,
324 2128 454 2161 eosdem
482 2128 602 2161 Montes
622 2129 671 2162 vel
691 2139 804 2162 eorum
825 2135 948 2173 partem
962 2157 969 2170 ,

232 2181 318 2214 iuxta
334 2191 448 2215 eorum
477 2181 708 2224 obligationem
722 2209 729 2222 ‚
752 2187 872 2216 statuto
893 2187 973 2216 tem-

232 2244 311 2278 pore
330 2244 395 2268 non
422 2234 602 2275 extinxisse,
626 2246 686 2268 nec
713 2235 819 2268 forsan
839 2236 974 2269 ulterius

234 2287 273 2320 de
292 2288 421 2321 illorum
443 2287 635 2322 extinctione
657 2288 810 2331 cogitare,
833 2299 898 2333 quo
916 2289 971 2330 fit,

234 2345 269 2372 ut
286 2340 383 2373 iidem
403 2341 590 2382 creditores,
614 2341 673 2373 sub
690 2341 754 2375 fide
771 2341 900 2385 publica
920 2342 975 2375 ha-

235 2398 346 2427 ctenus
365 2404 483 2437 magno
504 2394 698 2428 detrimento
720 2394 824 2428 affecti
844 2395 972 2436 fuerint,

235 2452 267 2479 et
286 2446 319 2479 in
343 2447 410 2481 dies
430 2447 531 2489 magis
548 2458 584 2481 ac
605 2448 706 2491 magis
727 2447 918 2481 afficiantur.

281 2501 298 2541 ς
319 2498 349 2533 2.
373 2500 436 2534 Nos
455 2500 542 2534 hisce
563 2501 654 2534 malis
681 2511 739 2544 pro
759 2500 856 2534 officii
877 2501 977 2534 nostri

238 2563 372 2587 munere
392 2563 575 2595 occurrere,
591 2559 622 2588 ct
634 2554 761 2588 debitae
779 2554 979 2599 supradicto-

238 2616 311 2640 rum
325 2607 522 2641 creditorum
537 2607 633 2653 (inter
649 2618 729 2652 quos
742 2607 888 2652 plerique
901 2618 980 2652 pau-

1638 200 1696 233 0274

993 315 1080 357 suut)
1100 314 1308 347 satisfactioni
1329 313 1476 357 expedita
1490 313 1598 356 aliqua
1611 312 1735 346 ratione

994 368 1163 410 providere
1183 368 1337 407 volentes,
1361 372 1451 399 motu
1476 366 1620 410 proprio,
1649 371 1679 399 ct
1699 377 1736 400 cx

995 425 1080 452 certa
1100 420 1231 453 scientia
1245 430 1282 453 ac
1294 425 1420 453 matura
1432 419 1663 453 deliberatione
1677 430 1736 453 no-

994 473 1077 511 stris,
1102 474 1205 516 deque
1230 473 1424 517 apostolirae
1449 473 1614 517 potestatis
1633 473 1736 517 pleni-

995 526 1116 565 tudine,
1140 526 1293 559 dilcctum
1315 526 1418 559 silium
1438 532 1583 560 nostrum
1605 527 1738 560 Bartho-

995 579 1156 612 lomaeum
1178 579 1314 612 Sanctae
1333 579 1450 612 Mariae
1471 580 1502 612 in
1523 579 1650 612 Porticu
1670 580 1738 613 dia-

996 642 1113 665 conum
1126 632 1324 666 cardinalem
1337 632 1482 666 Coesium
1497 638 1734 677 nuncupatum,

996 696 1054 720 nec
1074 696 1139 719 non
1164 686 1296 720 dilectos
1321 686 1423 719 filium
1450 686 1611 719 Tiberium
1638 687 1735 720 Cera-

996 739 1250 779 sium,Camerae
1258 739 1461 783 Apostolicae
1479 739 1642 779 clericum,
1659 739 1739 772 Pau-

997 792 1064 825 lum
1087 792 1391 836 Coperchium,fisci
1413 798 1444 826 et
1465 793 1569 826 dictae
1588 793 1739 826 Gamerae

997 845 1203 886 advocatum,
1225 845 1360 879 Paulum
1388 845 1551 879 AEmilium
1573 845 1750 887 Zacchiam

997 899 1139 932 eiusdem
1160 899 1312 932 Gamerae
1325 899 1583 933 commissarium
1604 909 1740 941 genera-

997 953 1076 993 lem,
1097 963 1134 986 ac
1153 952 1361 996 Rodulphum
1381 952 1563 985 Bonfiolum
1577 979 1584 993 ‚
1607 957 1737 986 senato-

998 1016 1066 1039 rem
1086 1005 1333 1045 Bononiensem,
1353 1005 1393 1038 ad
1412 1005 1614 1049 infrascripta
1633 1005 1741 1039 omnia

999 1064 1029 1092 et
1041 1058 1167 1101 singula
1179 1058 1335 1099 facienda,
1348 1059 1524 1102 apostolica
1537 1059 1738 1100 auctoritate,

998 1118 1110 1145 tenore
1128 1111 1362 1155 praesentium,
1386 1111 1611 1145 constituimus
1624 1139 1631 1152 ,
1655 1123 1742 1145 assu-

1000 1165 1117 1199 mimus
1134 1171 1165 1198 et
1182 1166 1386 1209 deputamus,
1403 1176 1439 1198 ac
1452 1165 1573 1198 eisdem
1590 1165 1739 1205 liberam,

999 1219 1141 1263 amplam
1162 1224 1193 1252 et
1211 1220 1342 1263 plenam
1359 1218 1543 1252 facultatem
1557 1224 1589 1252 et
1601 1219 1742 1251 auctori—

1000 1278 1099 1306 tatem
1116 1272 1326 1306 concedimus
1343 1277 1373 1305 et
1390 1271 1606 1316 impartimur,
1621 1277 1657 1304 ut
1667 1282 1744 1305 con-

1000 1325 1134 1359 iunctim
1155 1335 1279 1366 omnes,
1302 1335 1358 1359 seu
1377 1325 1490 1358 saltem
1504 1324 1589 1358 idem
1610 1324 1744 1358 Bartho-

1000 1380 1145 1413 lomaeus
1176 1379 1349 1413 cardinalis
1362 1407 1369 1420 ,
1404 1385 1436 1412 et
1463 1379 1567 1412 maior
1597 1378 1742 1422 ipsorum

1000 1444 1085 1477 pars,
1108 1433 1259 1466 omnibus
1271 1433 1446 1476 etsingulis
1466 1438 1532 1466 tam
1552 1432 1745 1466 instrumen-

1001 1487 1108 1528 tariis,
1138 1486 1202 1520 sive
1226 1486 1484 1531 hypothecariis,
1513 1496 1609 1530 quam
1636 1485 1744 1519 chiro-

1002 1540 1192 1584 graphariis,
1209 1550 1246 1573 ac
1265 1540 1362 1573 etiam
1380 1539 1554 1582 legatariis,
1571 1545 1602 1572 et
1620 1539 1746 1572 ratione

1003 1593 1171 1634 mercedis,
1183 1593 1379 1626 cibariorum
1392 1598 1424 1626 et
1434 1592 1584 1633 vestiarii,
1601 1603 1657 1626 seu
1668 1592 1747 1625 alias

1003 1647 1116 1691 quovis
1135 1647 1234 1680 modo
1251 1646 1469 1691 privilegiatis,
1496 1646 1545 1679 vel
1566 1645 1722 1679 mercium
1737 1673 1744 1686 ,

1003 1702 1067 1735 sive
1088 1701 1224 1734 aliarum
1244 1711 1354 1734 rerum
1374 1700 1554 1740 occasione,
1576 1704 1631 1732 aut
1650 1699 1746 1732 etiam

1004 1766 1041 1789 ex
1060 1765 1155 1789 causa
1175 1754 1419 1788 fideiussionum
1436 1763 1496 1797 pro
1510 1753 1632 1786 eisdem
1652 1752 1748 1786 baro-

1004 1809 1114 1849 nibus,
1138 1819 1195 1842 seu
1220 1807 1419 1848 domicellis,
1444 1817 1480 1840 ac
1511 1816 1570 1850 pro
1603 1806 1747 1850 qualibet

1004 1872 1130 1895 summa
1141 1867 1172 1895 et
1183 1860 1361 1905 quantitate
1369 1870 1651 1904 quorumcumque
1660 1859 1748 1903 prin-

1005 1916 1125 1959 cipum,
1142 1915 1277 1955 ducum,
1294 1914 1520 1947 marchionum
1534 1919 1565 1946 et
1577 1913 1745 1953 comitum,

1005 1969 1209 2012 aliorumque
1220 1968 1378 2001 baronum
1392 1973 1423 2000 et
1435 1966 1682 2000 domicellorum
1692 1976 1750 1999 no-

1005 2028 1157 2062 strorum,
1186 2027 1218 2054 et
1245 2021 1379 2055 Sanctae
1400 2021 1564 2054 Romanae
1590 2019 1749 2053 Ecclesiae

1006 2075 1221 2115 subditorum,
1245 2074 1277 2107 in
1296 2074 1381 2107 Urbe
1399 2073 1532 2117 eiusque
1549 2072 1706 2113 districtu,
1721 2078 1752 2105 et

1007 2128 1038 2161 in
1058 2128 1208 2161 universo
1226 2128 1315 2162 Statu
1328 2132 1439 2161 nostro
1457 2125 1672 2160 ecclesiastico
1686 2125 1751 2158 exi-

1007 2181 1158 2215 stentium
1172 2208 1179 2222 ,
1203 2181 1435 2225 cuiuscumque
1462 2184 1561 2213 status
1575 2206 1582 2219 ,
1609 2179 1727 2222 gradus
1740 2205 1747 2218 ,

1008 2234 1200 2267 conditionis
1220 2239 1251 2267 et
1271 2233 1394 2267 ordinis
1422 2232 1549 2273 fuerint,
1566 2231 1691 2265 etiamsi
1705 2231 1753 2264 di-

1008 2288 1128 2330 gnitate
1156 2297 1362 2331 quacumque
1388 2285 1628 2326 ecclesiastica,
1656 2285 1751 2318 etiam

1009 2341 1225 2374 cardinalatus
1260 2340 1385 2374 honore
1416 2339 1661 2384 praefulgeant,
1696 2344 1752 2371 aut

1010 2395 1154 2439 ipsorum
1171 2400 1354 2439 parentum,
1368 2404 1424 2427 seu
1440 2399 1690 2433 antecessorum,
1704 2392 1752 2426 vel

1010 2453 1179 2481 auctorum
1206 2457 1486 2491 quorumcumque
1512 2445 1750 2485 creditoribus,

1750 211 1799 237 Λη.
1821 212 1848 238 c.
1869 213 1935 239 1596

994 270 1096 304 peres,
1117 260 1300 304 complures
1320 258 1414 293 etiam
1439 258 1552 303 pupilli
1573 264 1604 292 et
1620 259 1734 292 viduae
1750 274 1878 295 esaiani-‚m
1898 283 1933 296 «-.,.

1750 301 1873 331 iuscumqun·
1898 303 1934 323 tm-

1750 334 1807 348 ΙἪΙΙΝ

1751 355 1828 375 citime,

1012 2500 1135 2534 etiamsi
1156 2510 1269 2534 eorum
1287 2500 1413 2534 vassalli
1435 2505 1467 2533 et
1483 2499 1613 2540 subditi,
1628 2503 1683 2532 aut
1699 2497 1753 2531 alii
1789 2530 1793 2535 ,

1012 2553 1209 2598 quicumque
1228 2552 1358 2594 suerint,
1381 2551 1436 2596 qui
1459 2551 1498 2586 de
1517 2552 1663 2596 ipsorum
1683 2561 1753 2585 cre-

1014 2602 1098 2649 ditis,
1123 2618 1160 2642 ex
1180 2607 1290 2652 quavis
1311 2616 1423 2646 causa,
1447 2611 1478 2640 et
1497 2606 1537 2641 ad
1557 2616 1750 2650 quamcum-

1853 330 1934 350 satista-
