2253 3195
228 237 277 264 An.
294 238 324 265 c.
348 238 417 266 1596
461 227 526 263 318

279 773 411 793 Obstanuum

228 800 344 826 derogatio.

425 287 514 327 bem,
535 287 567 321 in
588 298 624 321 ea
645 288 783 327 civitate,
803 288 851 320 vel
877 287 1008 331 oppido,
1032 287 1087 320 ubi
1107 297 1167 330 pa-

427 341 577 374 rochialis
598 341 731 374 ecclesia
751 340 811 373 sita
831 346 877 373 est
891 345 1026 380 tantum,
1039 350 1102 373 non
1115 350 1171 372 au-

427 402 489 427 tem
510 394 627 437 passim
646 404 705 437 per
723 399 823 426 totam
845 393 1018 427 dioecesim
1036 404 1170 427 censen-

426 447 502 479 dum
521 457 599 479 esse.
627 446 744 489 sicque
765 457 824 490 per
842 456 1067 490 quoscumque
1088 446 1170 480 iudi-

427 510 478 533 ces
505 499 688 532 ordinarios
721 505 751 532 et
780 500 954 543 delegatos,
980 500 1106 533 sublata
1125 500 1170 534 eis

426 553 519 585 aliter
539 552 702 585 iudicandi
724 557 754 585 et
774 552 1008 596 interpretandi
1022 553 1169 586 facultate

427 612 457 640 et
477 606 676 646 auctoritale‚
700 606 835 640 iudicari
856 612 887 639 et
907 606 1034 640 definiri
1053 607 1171 641 debere

427 660 638 693 declaramus.

472 714 488 755 5
509 712 539 746 3.
556 713 626 746 Non
644 713 847 746 obstantibus
865 713 1030 757 quibusvis
1047 714 1172 747 statutis

427 772 457 800 et
467 766 766 806 consuetudinibus,
776 767 872 800 etiarn
887 768 1080 809 iuramento,
1097 778 1172 801 con-

426 820 610 853 firmatione
634 820 831 864 apostolica,
857 821 902 853 vel
934 821 1044 865 quavis
1068 821 1171 854 firmi·

428 879 490 906 tate
510 873 572 906 alia
593 874 764 911 roboratis,
785 874 985 918 caeterisque
1003 875 1172 909 contrariis

427 926 699 971 quibuscumque.

470 981 584 1014 Datum
605 981 727 1014 Romae
740 982 825 1025 apud
839 982 869 1015 S.
887 983 1028 1016 Marcum
1043 983 1102 1016 sub
1117 994 1172 1016 an-

427 1035 505 1067 nulo
524 1034 708 1075 Piscatoris,
725 1035 775 1068 die
789 1046 862 1069 xxv¹
883 1036 1024 1070 octobris
1038 1047 1168 1079 nnxcw,

427 1087 632 1131 pontificatus
652 1088 753 1122 nostri
773 1099 858 1122 anno
879 1099 908 1122 v.

463 1149 521 1177 Dat.
542 1150 586 1178 die
601 1151 636 1178 26
651 1151 756 1178 octobr.
778 1152 856 1184 1596,
878 1152 974 1187 pontif.
992 1161 1036 1180 an.
1054 1160 1080 1180 v.

743 1293 857 1347 chvss

429 1411 624 1444 Primicerio
655 1412 844 1454 cotleqiatae
875 1411 1024 1445 ecclesiae
1061 1414 1174 1447 Sancti

473 1476 578 1509 Marci
600 1475 808 1509 Venetiarmn
828 1477 1014 1511 conceditur
1032 1479 1173 1521 facultas

475 1538 586 1571 utendi
615 1539 715 1571 mitra
745 1543 773 1571 e!
802 1539 936 1579 baculo,
966 1540 1174 1574 benedicendi

471 1604 666 1643 paramenta
685 1604 713 1633 el
734 1605 926 1634 ornamenta
946 1602 1170 1644 ecclesiastica,

474 1675 596 1697 necnon
622 1664 873 1698 benedictionem
894 1677 995 1709 supra
1013 1667 1174 1710 populum

475 1727 686 1770 impendendi
707 1728 725 1759 ¹.

431 1806 546 1834 Dilecto
566 1808 627 1835 filio
647 1810 786 1836 moderno
816 1811 847 1836 et.
875 1816 927 1842 pro
958 1812 1090 1843 tempore
1112 1810 1174 1838 exi-

466 1861 561 1888 stenti
582 1862 751 1895 primicerio
772 1862 900 1897 insignis
930 1864 1107 1898 collegiatae
1128 1872 1174 1892 ec-

467 1915 578 1942 clesiae
599 1915 626 1942 S.
645 1915 737 1942 Marci
757 1915 948 1943 Venetinrum

610 1971 765 2002 Clemens
789 1972 882 2013 Papa
903 1973 994 2003 vm.

502 2041 616 2068 Dilecto
633 2041 686 2073 fili.
703 2042 833 2068 salutem
858 2045 889 2069 ot
909 2042 1104 2075 apostolicam

680 2094 930 2122 benedictionem.

477 2157 570 2189 Decet
591 2157 770 2190 Romanum
794 2157 980 2190 Pontificem
1004 2158 1174 2199 insignium

433 2210 639 2242 ecclesiarum
662 2210 825 2250 (levorem,
855 2222 890 2242 m:
911 2222 1122 2255 personarum
1146 2213 1175 2245 in

433 2263 476 2295 cei>⁴
498 2263 669 2303 dignitates
691 2264 861 2307 primarias
881 2265 1095 2298 obtinentium
1117 2276 1173 2298 or-

435 2323 618 2349 namentum
641 2323 668 2349 et
692 2317 895 2357 dignitatem,
920 2324 1074 2361 quantum
1103 2323 1195 2352 euml

435 2370 569 2403 nomino
593 2377 707 2414 potu-st,
731 2382 859 2410 nituere,
885 2378 976 2414 prout
1000 2372 1125 2415 piorum
1148 2359 1195 2405 eti

436 2424 590 2456 nobilium
625 2425 766 2457 vii-orum
806 2431 874 2457 ruta
909 2432 1103 2468 exposcunt,

1142 2437 1177 2457 ἔΙιῖ
1193 2442 1194 2456 t

435 2478 510 2508 :ilias
545 2478 574 2509 in
608 2478 743 2511 ltomino
778 2478 974 2522 conspicitur
1006 2479 1195 2523 salubriter4

435 2531 593 2572 ‘’xptftlit‘tf.
1193 2529 1195 2533 Δ

480 2589 493 2625 g
516 2583 539 2615 1.
565 2586 662 2623 Sam,
688 2597 775 2623 vum,
800 2586 878 2618 sicut
902 2596 960 2629 pro
981 2591 1069 2629 purte
1091 2586 1173 2618 (tito.

474 2647 481 2672 t
503 2645 536 2672 Ex
560 2646 665 2680 nug-mi.
688 2647 713 2673 in
727 2648 829 2674 Secu-ct.
848 2647 980 2674 brevium.
1193 2665 1195 2679 ,

1013 239 1198 263 BULLARIUM
1214 238 1369 263 ROMANUM

1205 292 1331 320 etorum
1350 286 1494 320 filiorum
1507 286 1666 320 nobilium
1680 286 1822 320 virorum
1841 286 1942 327 ducis,

1205 345 1235 373 et
1255 340 1392 373 dominii
1412 339 1607 373 Venetorum
1621 339 1714 373 nobis
1730 350 1833 384 nuper
1850 351 1947 384 expo-

1205 393 1300 426 situm
1314 393 1384 434 suit,
1399 393 1532 435 insignis
1543 393 1711 436 collegiata
1725 393 1858 426 ecclesia
1870 393 1947 427 san-

1205 446 1245 479 cti
1274 447 1369 480 Marci
1395 447 1623 486 Venetiarum‚
1648 457 1730 490 quae
1759 457 1777 479 a
1805 445 1948 480 dominio

1205 500 1400 533 Venetorum
1419 499 1740 543 magnificentissimo
1753 505 1885 544 sumptu
1897 510 1949 532 ex-

1204 558 1323 585 structa
1339 580 1346 593 ‚
1371 559 1401 586 et
1421 553 1620 586 ornamentis
1646 552 1890 593 ecclesiasticis,
1914 563 1950 586 ac

1205 606 1286 639 vasis
1305 607 1420 647 sacris,
1445 612 1475 640 et
1496 606 1621 651 reliquo
1653 606 1868 640 ecclesiastico
1888 616 1946 650 ap—

1205 665 1339 703 paratu,
1364 660 1518 694 ditissime
1549 666 1580 693 et
1604 660 1866 704 perabundanter
1893 670 1947 693 re·

1206 714 1285 746 serta
1305 713 1419 753 existit,
1436 724 1472 746 ac
1489 713 1528 746 ab
1546 712 1707 747 Ordinarii
1728 712 1950 746 iurisdictione

1207 772 1364 810 exempta,
1387 767 1526 811 Sedique
1546 766 1748 810 Apostolicae
1766 766 1951 800 immediate

1207 819 1351 853 subiecta
1376 826 1438 859 est,
1462 826 1492 854 et
1525 820 1556 852 in
1585 830 1648 864 qua
1676 830 1793 863 corpus
1818 820 1951 862 gloriosi

1208 873 1419 916 evangelistae
1439 874 1469 907 S.
1493 874 1600 914 Marci,
1616 884 1744 907 summa
1761 884 1834 907 cum
1855 873 1952 908 totius

1207 931 1337 960 senatus
1350 932 1380 960 et
1397 927 1509 971 populi
1523 926 1730 961 Venetiarum
1744 926 1952 960 veneratione

1207 985 1399 1020 asservatur,
1422 980 1465 1013 ita
1486 980 1661 1024 conspicua
1678 986 1709 1014 et
1729 980 1861 1014 illustris
1881 980 1948 1013 exi-

1207 1038 1278 1073 stat,
1295 1039 1329 1066 ut
1346 1033 1462 1067 merito
1482 1033 1593 1076 gratiis
1614 1039 1643 1066 et
1664 1033 1840 1077 privilegiis
1857 1034 1952 1067 deco-

1209 1087 1308 1120 randa
1329 1087 1497 1127 videatur;
1521 1087 1719 1131 cupiantque
1748 1087 1811 1120 dux
1835 1093 1865 1120 et
1886 1087 1947 1121 do-

1209 1141 1344 1174 minium
1365 1141 1521 1185 praedicti
1542 1141 1582 1175 ad
1603 1141 1760 1174 maiorem
1781 1141 1880 1186 ipsius
1901 1152 1951 1175 ec-

1207 1194 1322 1228 elesiae
1341 1194 1492 1227 decorem
1513 1199 1545 1227 et
1564 1199 1727 1233 ornatum,
1751 1200 1796 1234 te,
1820 1194 1876 1238 qui
1896 1194 1947 1228 di-

1207 1247 1359 1291 gnitatem
1392 1247 1436 1280 ibi
1466 1247 1677 1291 principalem
1708 1247 1853 1288 obtines,
1877 1258 1948 1281 am-

1207 1301 1364 1345 plioribus
1388 1300 1574 1344 privilegiis,
1598 1311 1695 1344 quam
1721 1311 1803 1344 quae
1828 1301 1948 1335 hueus-

1208 1365 1269 1398 que
1289 1365 1347 1398 per
1367 1355 1529 1388 Romanos
1559 1354 1730 1388 Pontifices
1755 1355 1948 1398 praedeces-

1207 1418 1296 1441 sores
1316 1414 1444 1441 nostros
1457 1413 1487 1441 et
1500 1408 1615 1441 Sedent
1633 1408 1861 1452 Apostolicarn,
1874 1419 1953 1442 con-

1208 1472 1295 1495 cessa
1326 1467 1416 1497 sunt.
1449 1462 1616 1502 exornari;
1654 1462 1747 1496 nobis
1779 1468 1951 1507 propterea

1208 1515 1373 1549 humiliter
1392 1516 1567 1559 supplicari
1585 1516 1740 1557 fecerunt,
1755 1522 1789 1550 ut
1809 1516 1840 1549 in
1861 1527 1953 1561 prae-

1209 1569 1313 1602 missis
1333 1575 1514 1613 opportune
1535 1569 1706 1613 providere
1738 1569 1776 1602 de
1808 1569 1953 1612 benigni-

1210 1628 1271 1655 tate
1301 1622 1476 1666 apostotica
1508 1622 1737 1665 dignaremur3
1770 1632 1829 1655 nos
1858 1621 1954 1665 igitur

1209 1676 1450 1720 privilegiorum
1472 1682 1502 1709 et
1523 1675 1769 1709 concessionum
1797 1686 1953 1720 quarum-

1210 1740 1349 1773 cumque
1380 1730 1455 1770 tibi,
1483 1740 1518 1762 ac
1547 1740 1607 1773 pro
1636 1735 1780 1773 tempore
1809 1729 1953 1763 existenti

1211 1783 1395 1827 primicerio
1423 1783 1512 1816 istius
1541 1783 1702 1816 Ecclesiae
1726 1793 1952 1816 concessorum

1210 1842 1241 1869 et
1266 1837 1433 1874 saetarum,
1455 1842 1486 1869 et
1506 1836 1687 1869 litterarum
1709 1836 1848 1881 desuper
1861 1847 1955 1880 expe-

1210 1890 1350 1923 ditarum
1366 1895 1493 1923 tenores
1511 1890 1734 1933 praesentibus
1751 1900 1810 1933 pro
1829 1900 1955 1934 expres-

1210 1943 1251 1975 sis
1272 1943 1437 1983 habentes,
1461 1943 1645 1976 huiusmodi
1666 1944 1955 1987 supplicationibus

1212 1997 1366 2037 inclinati,
1391 1997 1458 2036 tibi,
1480 1997 1533 2041 qui
1555 1997 1664 2037 vie-ore
1686 1997 1870 2031 huiusmodi
1891 1998 1955 2042 pri-

1211 2051 1401 2091 vilegiorum
1427 2051 1564 2094 primam
1587 2056 1751 2084 tonsuram
1773 2052 1878 2085 eidem
1900 2052 1956 2085 Ec-

1192 2138 1193 2142 ,
1212 2105 1326 2137 clesiae
1349 2104 1594 2137 inservientibus
1615 2105 1761 2138 conferre
1792 2111 1898 2149 potes,
1922 2111 1955 2139 ut

1212 2158 1242 2190 in
1263 2157 1414 2191 omnibus
1435 2158 1557 2191 :ictibus
1577 2158 1786 2197 solemnibus,
1803 2169 1838 2191 ac
1859 2159 1954 2192 etiam

1212 2211 1482 2255 processionibus.
1504 2211 1597 2244 mitra
1622 2217 1651 2244 et
1678 2212 1792 2244 baculo
1821 2211 1955 2255 aliisque

1213 2264 1450 2308 pontificalibus
1471 2264 1649 2306 insignibus
1664 2264 1694 2296 in
1707 2264 1839 2297 ecclesia
1861 2275 1954 2308 prae-

1212 2319 1295 2351 ‹lirtn
1323 2324 1350 2350 vt
1375 2318 1444 2350 :iliis
1465 2318 1606 2350 ecclesiis
1628 2318 1671 2350 illi
1699 2318 1860 2357 subiectis,
1884 2318 1951 2358 uti,

1212 2377 1239 2403 vt
1264 2371 1452 2404 indumenta
1471 2377 1502 2403 et
1523 2377 1713 2403 ornamenta
1739 2371 1954 2405 ecclesiastica

1212 2436 1446 2468 quaet-unique,
1463 2424 1492 2456 in
1508 2423 1623 2467 quibus
1645 2429 1749 2456 tamen
1771 2424 1880 2457 unctio
1900 2434 1952 2457 sa·

1213 2490 1264 2511 ιϊη
1291 2490 1354 2512 non
1377 2485 1420 2512 est
1443 2479 1636 2515 adhibenda.
1662 2489 1720 2522 pro
1742 2490 1800 2512 usu
1830 2489 1957 2512 eurum·

1193 2534 1194 2539 ’
1213 2532 1283 2564 ilem
1311 2532 1519 2565 ecclesiarum
1538 2532 1714 2568 dumtaxat,
1739 2531 1952 2571 benedicere,

1213 2596 1336 2617 nvi-non
1352 2585 1382 2617 in
1398 2585 1601 2628 praedicta&
1614 2584 1706 2617 Marci
1721 2591 1748 2617 et
1764 2584 1835 2618 aliis
1849 2584 1892 2617 illi
1905 2595 1956 2617 su-

1213 2638 1324 2671 biectis
1342 2638 1485 2672 ecclesiis
1501 2639 1679 2672 solemnem
1698 2638 1955 2672 benedictionem

1962 236 2011 263 An.
2028 236 2057 263 C.
2078 237 2144 266 ¹596

2001 298 2104 320 Iudultum
2118 300 2143 321 de

1962 330 2003 351 quo
2018 325 2040 346 iu
2054 325 2144 348 rubrica.
2181 339 2185 343 ·

2234 1774 2238 1815 i
