<?xml version="1.0" encoding="UTF-8"?>
<!DOCTYPE html PUBLIC "-//W3C//DTD XHTML 1.0 Transitional//EN"
    "http://www.w3.org/TR/xhtml1/DTD/xhtml1-transitional.dtd">
<html xmlns="http://www.w3.org/1999/xhtml" xml:lang="en" lang="en">
 <head>
  <title>
</title>
<meta http-equiv="Content-Type" content="text/html;charset=utf-8" />
  <meta name='ocr-system' content='tesseract 3.04.00' />
  <meta name='ocr-capabilities' content='ocr_page ocr_carea ocr_par ocr_line ocrx_word'/>
</head>
<body>
  <div class='ocr_page' id='page_1' title='image "./bullarumdiplomat10cath_0219.png"; bbox 0 0 2253 3195; ppageno 0'>
   <div class='ocr_carea' id='block_1_1' title="bbox 0 82 18 934">
    <p class='ocr_par' dir='ltr' id='par_1_1' title="bbox 0 82 18 934">
     <span class='ocr_line' id='line_1_1' title="bbox 0 82 11 321; baseline 0 0"><span class='ocrx_word' id='word_1_1' title='bbox 0 82 11 321; x_wconf 95' lang='lat' dir='ltr'>  </span> 
     </span>
     <span class='ocr_line' id='line_1_2' title="bbox 0 321 18 934; baseline 0 0"><span class='ocrx_word' id='word_1_2' title='bbox 0 321 18 934; x_wconf 95' lang='lat' dir='ltr'>    </span> 
     </span>
    </p>
   </div>
   <div class='ocr_carea' id='block_1_2' title="bbox 37 275 217 306">
    <p class='ocr_par' dir='ltr' id='par_1_2' title="bbox 37 275 217 306">
     <span class='ocr_line' id='line_1_3' title="bbox 37 275 217 306; baseline -0.017 0"><span class='ocrx_word' id='word_1_3' title='bbox 37 279 84 306; x_wconf 76' lang='lat' dir='ltr'>An.</span> <span class='ocrx_word' id='word_1_4' title='bbox 104 278 131 304; x_wconf 69' lang='grc' dir='ltr'>(ἶ.</span> <span class='ocrx_word' id='word_1_5' title='bbox 150 275 217 304; x_wconf 67' lang='lat'>1594</span> 
     </span>
    </p>
   </div>
   <div class='ocr_carea' id='block_1_3' title="bbox 37 492 220 575">
    <p class='ocr_par' dir='ltr' id='par_1_3' title="bbox 37 492 220 575">
     <span class='ocr_line' id='line_1_4' title="bbox 51 492 219 522; baseline -0.024 -6"><span class='ocrx_word' id='word_1_6' title='bbox 51 495 80 516; x_wconf 75' lang='lat' dir='ltr'>De</span> <span class='ocrx_word' id='word_1_7' title='bbox 88 494 168 515; x_wconf 78' lang='lat' dir='ltr'>alterna</span> <span class='ocrx_word' id='word_1_8' title='bbox 175 492 219 522; x_wconf 56' lang='lat'>9103</span> 
     </span>
     <span class='ocr_line' id='line_1_5' title="bbox 37 521 220 545; baseline -0.027 -2"><span class='ocrx_word' id='word_1_9' title='bbox 37 522 105 543; x_wconf 70' lang='lat' dir='ltr'>ctione</span> <span class='ocrx_word' id='word_1_10' title='bbox 125 521 220 545; x_wconf 68' lang='lat' dir='ltr'>magistri</span> 
     </span>
     <span class='ocr_line' id='line_1_6' title="bbox 38 547 148 575; baseline -0.027 -6"><span class='ocrx_word' id='word_1_11' title='bbox 38 547 148 575; x_wconf 52' lang='lat' dir='ltr'>generalis-</span> 
     </span>
    </p>
   </div>
   <div class='ocr_carea' id='block_1_4' title="bbox 37 918 221 994">
    <p class='ocr_par' dir='ltr' id='par_1_4' title="bbox 37 918 221 994">
     <span class='ocr_line' id='line_1_7' title="bbox 42 918 220 944; baseline 0.006 -8"><span class='ocrx_word' id='word_1_12' title='bbox 42 930 46 934; x_wconf 85' lang='lat'>·</span> <span class='ocrx_word' id='word_1_13' title='bbox 69 919 125 940; x_wconf 63' lang='lat' dir='ltr'>Lat-o</span> <span class='ocrx_word' id='word_1_14' title='bbox 140 918 220 944; x_wconf 78' lang='lat' dir='ltr'>capitu-</span> 
     </span>
     <span class='ocr_line' id='line_1_8' title="bbox 37 946 221 971; baseline -0.016 -4"><span class='ocrx_word' id='word_1_15' title='bbox 37 946 181 971; x_wconf 70' lang='lat' dir='ltr'>tuingenerate</span> <span class='ocrx_word' id='word_1_16' title='bbox 188 950 221 965; x_wconf 70' lang='lat' dir='ltr'>ct·-</span> 
     </span>
     <span class='ocr_line' id='line_1_9' title="bbox 39 972 141 994; baseline -0.029 0"><span class='ocrx_word' id='word_1_17' title='bbox 39 972 141 994; x_wconf 70' lang='lat' dir='ltr'>lebrandi.</span> 
     </span>
    </p>
   </div>
   <div class='ocr_carea' id='block_1_5' title="bbox 38 1290 224 1423">
    <p class='ocr_par' dir='ltr' id='par_1_5' title="bbox 38 1290 224 1423">
     <span class='ocr_line' id='line_1_10' title="bbox 60 1290 222 1311; baseline -0.006 0"><span class='ocrx_word' id='word_1_18' title='bbox 60 1290 222 1311; x_wconf 78' lang='lat' dir='ltr'>Prmincialinm</span> 
     </span>
     <span class='ocr_line' id='line_1_11' title="bbox 39 1317 222 1338; baseline -0.011 0"><span class='ocrx_word' id='word_1_19' title='bbox 39 1319 59 1338; x_wconf 77' lang='lat' dir='ltr'>ot</span> <span class='ocrx_word' id='word_1_20' title='bbox 90 1317 222 1338; x_wconf 69' lang='lat' dir='ltr'>definitorum</span> 
     </span>
     <span class='ocr_line' id='line_1_12' title="bbox 39 1343 223 1365; baseline -0.011 0"><span class='ocrx_word' id='word_1_21' title='bbox 39 1344 145 1365; x_wconf 74' lang='lat' dir='ltr'>indiarum</span> <span class='ocrx_word' id='word_1_22' title='bbox 186 1343 223 1363; x_wconf 76' lang='lat' dir='ltr'>ad-</span> 
     </span>
     <span class='ocr_line' id='line_1_13' title="bbox 38 1370 224 1391; baseline -0.005 0"><span class='ocrx_word' id='word_1_23' title='bbox 38 1371 137 1391; x_wconf 66' lang='lat' dir='ltr'>missione</span> <span class='ocrx_word' id='word_1_24' title='bbox 153 1370 179 1390; x_wconf 81' lang='lat' dir='ltr'>:id</span> <span class='ocrx_word' id='word_1_25' title='bbox 194 1370 224 1390; x_wconf 88' lang='lat' dir='ltr'>di-</span> 
     </span>
     <span class='ocr_line' id='line_1_14' title="bbox 38 1397 224 1423; baseline -0.005 -6"><span class='ocrx_word' id='word_1_26' title='bbox 38 1399 93 1418; x_wconf 84' lang='lat' dir='ltr'>ctum</span> <span class='ocrx_word' id='word_1_27' title='bbox 104 1397 224 1423; x_wconf 75' lang='lat' dir='ltr'>capitutum.</span> 
     </span>
    </p>
   </div>
   <div class='ocr_carea' id='block_1_6' title="bbox 44 2035 226 2110">
    <p class='ocr_par' dir='ltr' id='par_1_6' title="bbox 44 2035 226 2110">
     <span class='ocr_line' id='line_1_15' title="bbox 87 2035 226 2056; baseline 0.007 -1"><span class='ocrx_word' id='word_1_28' title='bbox 87 2035 226 2056; x_wconf 80' lang='lat' dir='ltr'>Procuratore</span> 
     </span>
     <span class='ocr_line' id='line_1_16' title="bbox 44 2062 226 2088; baseline 0.005 -6"><span class='ocrx_word' id='word_1_29' title='bbox 44 2062 136 2088; x_wconf 77' lang='lat' dir='ltr'>generati</span> <span class='ocrx_word' id='word_1_30' title='bbox 157 2065 178 2082; x_wconf 75' lang='lat' dir='ltr'>et</span> <span class='ocrx_word' id='word_1_31' title='bbox 198 2063 226 2083; x_wconf 86' lang='lat' dir='ltr'>vi-</span> 
     </span>
     <span class='ocr_line' id='line_1_17' title="bbox 44 2088 205 2110; baseline 0.006 -1"><span class='ocrx_word' id='word_1_32' title='bbox 44 2088 100 2109; x_wconf 80' lang='lat' dir='ltr'>cario</span> <span class='ocrx_word' id='word_1_33' title='bbox 111 2089 131 2108; x_wconf 83' lang='lat' dir='ltr'>in</span> <span class='ocrx_word' id='word_1_34' title='bbox 142 2088 205 2110; x_wconf 81' lang='lat' dir='ltr'>Urbe.</span> 
     </span>
    </p>
   </div>
   <div class='ocr_carea' id='block_1_7' title="bbox 855 272 1149 299">
    <p class='ocr_par' dir='ltr' id='par_1_7' title="bbox 855 272 1149 299">
     <span class='ocr_line' id='line_1_18' title="bbox 855 272 1149 299; baseline -0.003 0"><span class='ocrx_word' id='word_1_35' title='bbox 855 274 1000 299; x_wconf 69' lang='lat' dir='ltr'>CLEMENS</span> <span class='ocrx_word' id='word_1_36' title='bbox 1023 275 1077 299; x_wconf 77' lang='lat' dir='ltr'>VIII</span> <span class='ocrx_word' id='word_1_37' title='bbox 1100 272 1149 299; x_wconf 68' lang='lat' dir='ltr'>I&#39;P.</span> 
     </span>
    </p>
   </div>
   <div class='ocr_carea' id='block_1_8' title="bbox 233 323 983 1598">
    <p class='ocr_par' dir='ltr' id='par_1_8' title="bbox 233 323 976 412">
     <span class='ocr_line' id='line_1_19' title="bbox 233 323 976 369; baseline -0.003 -12"><span class='ocrx_word' id='word_1_38' title='bbox 233 336 305 358; x_wconf 89' lang='lat' dir='ltr'>rum</span> <span class='ocrx_word' id='word_1_39' title='bbox 326 334 514 369; x_wconf 81' lang='lat' dir='ltr'>prosperam</span> <span class='ocrx_word' id='word_1_40' title='bbox 542 323 752 357; x_wconf 77' lang='lat' dir='ltr'>directionem</span> <span class='ocrx_word' id='word_1_41' title='bbox 772 324 828 364; x_wconf 58' lang='lat' dir='ltr'>juti</span> <span class='ocrx_word' id='word_1_42' title='bbox 839 324 976 368; x_wconf 71' lang='lat' dir='ltr'>ascripta</span> 
     </span>
     <span class='ocr_line' id='line_1_20' title="bbox 234 379 821 412; baseline -0.002 0"><span class='ocrx_word' id='word_1_43' title='bbox 234 379 361 412; x_wconf 88' lang='lat' dir='ltr'>decreta</span> <span class='ocrx_word' id='word_1_44' title='bbox 385 390 421 412; x_wconf 85' lang='lat' dir='ltr'>ac</span> <span class='ocrx_word' id='word_1_45' title='bbox 442 385 559 412; x_wconf 85' lang='lat' dir='ltr'>statuta</span> <span class='ocrx_word' id='word_1_46' title='bbox 580 379 660 412; x_wconf 80' lang='lat' dir='ltr'>saeta</span> <span class='ocrx_word' id='word_1_47' title='bbox 683 380 821 411; x_wconf 81' lang='lat' dir='ltr'>suerunt.</span> 
     </span>
    </p>

    <p class='ocr_par' dir='ltr' id='par_1_9' title="bbox 235 431 979 850">
     <span class='ocr_line' id='line_1_21' title="bbox 279 431 977 476; baseline -0.003 -11"><span class='ocrx_word' id='word_1_48' title='bbox 279 431 341 475; x_wconf 59' lang='lat'>§2</span> <span class='ocrx_word' id='word_1_49' title='bbox 371 433 406 465; x_wconf 81' lang='lat' dir='ltr'>Et</span> <span class='ocrx_word' id='word_1_50' title='bbox 426 433 543 476; x_wconf 75' lang='lat' dir='ltr'>primo,</span> <span class='ocrx_word' id='word_1_51' title='bbox 576 433 661 475; x_wconf 84' lang='lat' dir='ltr'>quod</span> <span class='ocrx_word' id='word_1_52' title='bbox 685 432 835 475; x_wconf 72' lang='lat' dir='ltr'><strong>deinceps</strong></span> <span class='ocrx_word' id='word_1_53' title='bbox 862 431 977 464; x_wconf 83' lang='lat' dir='ltr'>electio</span> 
     </span>
     <span class='ocr_line' id='line_1_22' title="bbox 235 485 976 528; baseline -0.001 -10"><span class='ocrx_word' id='word_1_54' title='bbox 235 485 378 527; x_wconf 66' lang='lat' dir='ltr'>magistri</span> <span class='ocrx_word' id='word_1_55' title='bbox 393 486 550 528; x_wconf 68' lang='lat' dir='ltr'>generatis</span> <span class='ocrx_word' id='word_1_56' title='bbox 560 485 634 518; x_wconf 88' lang='lat' dir='ltr'>dicti</span> <span class='ocrx_word' id='word_1_57' title='bbox 646 485 772 518; x_wconf 75' lang='lat' dir='ltr'>Ordinis</span> <span class='ocrx_word' id='word_1_58' title='bbox 793 490 854 517; x_wconf 82' lang='lat' dir='ltr'>tam</span> <span class='ocrx_word' id='word_1_59' title='bbox 871 485 976 527; x_wconf 83' lang='lat' dir='ltr'>quoad</span> 
     </span>
     <span class='ocr_line' id='line_1_23' title="bbox 235 538 974 583; baseline -0.001 -12"><span class='ocrx_word' id='word_1_60' title='bbox 235 549 405 583; x_wconf 77' lang='lat' dir='ltr'>personam</span> <span class='ocrx_word' id='word_1_61' title='bbox 421 539 612 581; x_wconf 73' lang='lat' dir='ltr'>eligendam,</span> <span class='ocrx_word' id='word_1_62' title='bbox 625 550 720 582; x_wconf 88' lang='lat' dir='ltr'>quam</span> <span class='ocrx_word' id='word_1_63' title='bbox 736 539 841 581; x_wconf 87' lang='lat' dir='ltr'>quoad</span> <span class='ocrx_word' id='word_1_64' title='bbox 856 538 974 574; x_wconf 78' lang='lat' dir='ltr'>locum,</span> 
     </span>
     <span class='ocr_line' id='line_1_24' title="bbox 236 591 976 636; baseline -0.004 -11"><span class='ocrx_word' id='word_1_65' title='bbox 236 593 267 625; x_wconf 91' lang='lat' dir='ltr'>in</span> <span class='ocrx_word' id='word_1_66' title='bbox 281 603 345 636; x_wconf 92' lang='lat' dir='ltr'>quo</span> <span class='ocrx_word' id='word_1_67' title='bbox 360 593 473 625; x_wconf 86' lang='lat' dir='ltr'>electio</span> <span class='ocrx_word' id='word_1_68' title='bbox 488 593 544 625; x_wconf 84' lang='lat' dir='ltr'>erit</span> <span class='ocrx_word' id='word_1_69' title='bbox 568 591 771 631; x_wconf 81' lang='lat' dir='ltr'>celebranda,</span> <span class='ocrx_word' id='word_1_70' title='bbox 795 591 976 624; x_wconf 68' lang='lat' dir='ltr'>alternatim</span> 
     </span>
     <span class='ocr_line' id='line_1_25' title="bbox 237 645 978 689; baseline -0.004 -10"><span class='ocrx_word' id='word_1_71' title='bbox 237 647 345 685; x_wconf 76' lang='lat' dir='ltr'>fieret,</span> <span class='ocrx_word' id='word_1_72' title='bbox 369 646 517 679; x_wconf 81' lang='lat' dir='ltr'>videlicet</span> <span class='ocrx_word' id='word_1_73' title='bbox 549 645 636 689; x_wconf 90' lang='lat' dir='ltr'>quod</span> <span class='ocrx_word' id='word_1_74' title='bbox 664 656 728 678; x_wconf 90' lang='lat' dir='ltr'>una</span> <span class='ocrx_word' id='word_1_75' title='bbox 752 645 819 678; x_wconf 83' lang='lat' dir='ltr'>vice</span> <span class='ocrx_word' id='word_1_76' title='bbox 840 655 978 689; x_wconf 83' lang='lat' dir='ltr'>persona</span> 
     </span>
     <span class='ocr_line' id='line_1_26' title="bbox 236 698 979 742; baseline -0.001 -11"><span class='ocrx_word' id='word_1_77' title='bbox 236 699 382 742; x_wconf 84' lang='lat' dir='ltr'>eligenda</span> <span class='ocrx_word' id='word_1_78' title='bbox 400 699 439 732; x_wconf 84' lang='lat' dir='ltr'>sit</span> <span class='ocrx_word' id='word_1_79' title='bbox 457 710 493 732; x_wconf 81' lang='lat' dir='ltr'>ex</span> <span class='ocrx_word' id='word_1_80' title='bbox 514 709 634 732; x_wconf 84' lang='lat' dir='ltr'>corona</span> <span class='ocrx_word' id='word_1_81' title='bbox 656 698 835 741; x_wconf 70' lang='lat' dir='ltr'>Aragoniae</span> <span class='ocrx_word' id='word_1_82' title='bbox 854 704 882 731; x_wconf 89' lang='lat' dir='ltr'>et</span> <span class='ocrx_word' id='word_1_83' title='bbox 907 698 979 731; x_wconf 89' lang='lat' dir='ltr'>Gal-</span> 
     </span>
     <span class='ocr_line' id='line_1_27' title="bbox 236 752 975 792; baseline -0.001 -7"><span class='ocrx_word' id='word_1_84' title='bbox 236 753 308 792; x_wconf 85' lang='lat' dir='ltr'>liae,</span> <span class='ocrx_word' id='word_1_85' title='bbox 339 753 400 785; x_wconf 88' lang='lat' dir='ltr'>alia</span> <span class='ocrx_word' id='word_1_86' title='bbox 425 753 492 786; x_wconf 80' lang='lat' dir='ltr'>vice</span> <span class='ocrx_word' id='word_1_87' title='bbox 520 754 559 786; x_wconf 85' lang='lat' dir='ltr'>sit</span> <span class='ocrx_word' id='word_1_88' title='bbox 589 764 625 786; x_wconf 82' lang='lat' dir='ltr'>ex</span> <span class='ocrx_word' id='word_1_89' title='bbox 653 763 774 786; x_wconf 86' lang='lat' dir='ltr'>corona</span> <span class='ocrx_word' id='word_1_90' title='bbox 800 752 975 788; x_wconf 83' lang='lat' dir='ltr'>Castellae,</span> 
     </span>
     <span class='ocr_line' id='line_1_28' title="bbox 238 801 974 850; baseline -0.001 -12"><span class='ocrx_word' id='word_1_91' title='bbox 238 801 367 839; x_wconf 69' lang='lat' dir='ltr'>inclusis</span> <span class='ocrx_word' id='word_1_92' title='bbox 378 807 549 850; x_wconf 83' lang='lat' dir='ltr'>provinciis</span> <span class='ocrx_word' id='word_1_93' title='bbox 559 807 751 840; x_wconf 78' lang='lat' dir='ltr'>Andalusiae</span> <span class='ocrx_word' id='word_1_94' title='bbox 761 813 786 839; x_wconf 87' lang='lat' dir='ltr'>et</span> <span class='ocrx_word' id='word_1_95' title='bbox 800 806 974 839; x_wconf 86' lang='lat' dir='ltr'>Indiarum.</span> 
     </span>
    </p>

    <p class='ocr_par' dir='ltr' id='par_1_10' title="bbox 236 859 982 1222">
     <span class='ocr_line' id='line_1_29' title="bbox 281 859 980 903; baseline -0.001 -11"><span class='ocrx_word' id='word_1_96' title='bbox 281 860 295 903; x_wconf 66' lang='grc' dir='ltr'><strong>ἓ</strong></span> <span class='ocrx_word' id='word_1_97' title='bbox 316 859 346 892; x_wconf 80' lang='grc'>3.</span> <span class='ocrx_word' id='word_1_98' title='bbox 371 859 439 899; x_wconf 91' lang='lat' dir='ltr'>Quo</span> <span class='ocrx_word' id='word_1_99' title='bbox 457 871 533 893; x_wconf 86' lang='lat' dir='ltr'>vero</span> <span class='ocrx_word' id='word_1_100' title='bbox 559 861 598 893; x_wconf 90' lang='lat' dir='ltr'>ad</span> <span class='ocrx_word' id='word_1_101' title='bbox 626 860 746 900; x_wconf 74' lang='lat' dir='ltr'>locum,</span> <span class='ocrx_word' id='word_1_102' title='bbox 771 859 901 903; x_wconf 86' lang='lat' dir='ltr'>quando</span> <span class='ocrx_word' id='word_1_103' title='bbox 924 859 980 892; x_wconf 84' lang='lat' dir='ltr'>eli-</span> 
     </span>
     <span class='ocr_line' id='line_1_30' title="bbox 237 912 979 956; baseline -0.001 -11"><span class='ocrx_word' id='word_1_104' title='bbox 237 913 341 955; x_wconf 78' lang='lat' dir='ltr'>genda</span> <span class='ocrx_word' id='word_1_105' title='bbox 362 913 418 945; x_wconf 92' lang='lat' dir='ltr'>erit</span> <span class='ocrx_word' id='word_1_106' title='bbox 438 923 576 956; x_wconf 84' lang='lat' dir='ltr'>persona</span> <span class='ocrx_word' id='word_1_107' title='bbox 597 923 633 945; x_wconf 91' lang='lat' dir='ltr'>ex</span> <span class='ocrx_word' id='word_1_108' title='bbox 659 923 779 946; x_wconf 83' lang='lat' dir='ltr'>corona</span> <span class='ocrx_word' id='word_1_109' title='bbox 799 912 979 954; x_wconf 70' lang='lat' dir='ltr'>Aragoniae</span> 
     </span>
     <span class='ocr_line' id='line_1_31' title="bbox 237 966 976 1011; baseline -0.001 -12"><span class='ocrx_word' id='word_1_110' title='bbox 237 967 411 1011; x_wconf 81' lang='lat' dir='ltr'>capitulum</span> <span class='ocrx_word' id='word_1_111' title='bbox 431 967 611 1000; x_wconf 79' lang='lat' dir='ltr'>celebretur</span> <span class='ocrx_word' id='word_1_112' title='bbox 623 967 654 999; x_wconf 92' lang='lat' dir='ltr'>in</span> <span class='ocrx_word' id='word_1_113' title='bbox 676 967 746 1000; x_wconf 85' lang='lat' dir='ltr'>loco</span> <span class='ocrx_word' id='word_1_114' title='bbox 761 977 900 1000; x_wconf 86' lang='lat' dir='ltr'>coronae</span> <span class='ocrx_word' id='word_1_115' title='bbox 917 966 976 999; x_wconf 89' lang='lat' dir='ltr'>Ca-</span> 
     </span>
     <span class='ocr_line' id='line_1_32' title="bbox 237 1017 980 1061; baseline 0 -11"><span class='ocrx_word' id='word_1_116' title='bbox 237 1017 357 1058; x_wconf 85' lang='lat' dir='ltr'>stellae‚</span> <span class='ocrx_word' id='word_1_117' title='bbox 382 1023 412 1050; x_wconf 86' lang='lat' dir='ltr'>et</span> <span class='ocrx_word' id='word_1_118' title='bbox 433 1018 520 1061; x_wconf 88' lang='lat' dir='ltr'>quod</span> <span class='ocrx_word' id='word_1_119' title='bbox 541 1017 701 1051; x_wconf 83' lang='lat' dir='ltr'>iuxtahoc</span> <span class='ocrx_word' id='word_1_120' title='bbox 723 1018 900 1057; x_wconf 78' lang='lat' dir='ltr'>decretum,</span> <span class='ocrx_word' id='word_1_121' title='bbox 916 1017 980 1050; x_wconf 86' lang='lat' dir='ltr'>sive</span> 
     </span>
     <span class='ocr_line' id='line_1_33' title="bbox 236 1071 981 1114; baseline 0 -11"><span class='ocrx_word' id='word_1_122' title='bbox 236 1077 402 1112; x_wconf 85' lang='lat' dir='ltr'>statutum,</span> <span class='ocrx_word' id='word_1_123' title='bbox 414 1071 555 1114; x_wconf 89' lang='lat' dir='ltr'>primum</span> <span class='ocrx_word' id='word_1_124' title='bbox 570 1071 745 1114; x_wconf 87' lang='lat' dir='ltr'>capitulum</span> <span class='ocrx_word' id='word_1_125' title='bbox 760 1071 909 1113; x_wconf 75' lang='lat' dir='ltr'>generale</span> <span class='ocrx_word' id='word_1_126' title='bbox 930 1081 981 1104; x_wconf 89' lang='lat' dir='ltr'>ce-</span> 
     </span>
     <span class='ocr_line' id='line_1_34' title="bbox 236 1124 982 1168; baseline 0 -11"><span class='ocrx_word' id='word_1_127' title='bbox 236 1125 355 1158; x_wconf 90' lang='lat' dir='ltr'>lebrari</span> <span class='ocrx_word' id='word_1_128' title='bbox 380 1125 494 1158; x_wconf 87' lang='lat' dir='ltr'>debeat</span> <span class='ocrx_word' id='word_1_129' title='bbox 514 1124 546 1157; x_wconf 91' lang='lat' dir='ltr'>in</span> <span class='ocrx_word' id='word_1_130' title='bbox 567 1124 733 1168; x_wconf 84' lang='lat' dir='ltr'>provincia</span> <span class='ocrx_word' id='word_1_131' title='bbox 757 1125 922 1163; x_wconf 85' lang='lat' dir='ltr'>Castellae‚</span> <span class='ocrx_word' id='word_1_132' title='bbox 952 1130 982 1157; x_wconf 86' lang='lat' dir='ltr'>et</span> 
     </span>
     <span class='ocr_line' id='line_1_35' title="bbox 236 1178 976 1222; baseline -0.003 -10"><span class='ocrx_word' id='word_1_133' title='bbox 236 1189 376 1222; x_wconf 87' lang='lat' dir='ltr'>persona</span> <span class='ocrx_word' id='word_1_134' title='bbox 393 1178 541 1220; x_wconf 77' lang='lat' dir='ltr'>eligenda</span> <span class='ocrx_word' id='word_1_135' title='bbox 554 1178 594 1210; x_wconf 89' lang='lat' dir='ltr'>sit</span> <span class='ocrx_word' id='word_1_136' title='bbox 605 1189 641 1210; x_wconf 88' lang='lat' dir='ltr'>ex</span> <span class='ocrx_word' id='word_1_137' title='bbox 653 1188 774 1210; x_wconf 88' lang='lat' dir='ltr'>corona</span> <span class='ocrx_word' id='word_1_138' title='bbox 787 1178 976 1220; x_wconf 75' lang='lat' dir='ltr'>Aragoniae.</span> 
     </span>
    </p>

    <p class='ocr_par' dir='ltr' id='par_1_11' title="bbox 238 1232 983 1598">
     <span class='ocr_line' id='line_1_36' title="bbox 283 1232 977 1274; baseline -0.001 -9"><span class='ocrx_word' id='word_1_139' title='bbox 283 1234 299 1274; x_wconf 66' lang='grc' dir='ltr'>ἓ</span> <span class='ocrx_word' id='word_1_140' title='bbox 319 1232 350 1265; x_wconf 78' lang='grc'>4.</span> <span class='ocrx_word' id='word_1_141' title='bbox 374 1232 544 1265; x_wconf 83' lang='lat' dir='ltr'>Praeterea</span> <span class='ocrx_word' id='word_1_142' title='bbox 564 1232 649 1265; x_wconf 77' lang='lat' dir='ltr'>circa</span> <span class='ocrx_word' id='word_1_143' title='bbox 670 1232 891 1265; x_wconf 82' lang='lat' dir='ltr'>difficultatem</span> <span class='ocrx_word' id='word_1_144' title='bbox 924 1232 977 1265; x_wconf 88' lang='lat' dir='ltr'>iti—</span> 
     </span>
     <span class='ocr_line' id='line_1_37' title="bbox 239 1285 980 1326; baseline -0.001 -7"><span class='ocrx_word' id='word_1_145' title='bbox 239 1286 323 1319; x_wconf 80' lang='lat' dir='ltr'>neris</span> <span class='ocrx_word' id='word_1_146' title='bbox 344 1286 518 1318; x_wconf 82' lang='lat' dir='ltr'>electorum</span> <span class='ocrx_word' id='word_1_147' title='bbox 545 1296 581 1318; x_wconf 78' lang='lat' dir='ltr'>ex</span> <span class='ocrx_word' id='word_1_148' title='bbox 605 1285 703 1318; x_wconf 88' lang='lat' dir='ltr'>Indiis</span> <span class='ocrx_word' id='word_1_149' title='bbox 718 1313 725 1326; x_wconf 88' lang='lat'>,</span> <span class='ocrx_word' id='word_1_150' title='bbox 753 1285 901 1319; x_wconf 87' lang='lat' dir='ltr'>similiter</span> <span class='ocrx_word' id='word_1_151' title='bbox 925 1286 980 1319; x_wconf 89' lang='lat' dir='ltr'>de-</span> 
     </span>
     <span class='ocr_line' id='line_1_38' title="bbox 239 1338 980 1382; baseline 0 -10"><span class='ocrx_word' id='word_1_152' title='bbox 239 1345 362 1372; x_wconf 90' lang='lat' dir='ltr'>cretum</span> <span class='ocrx_word' id='word_1_153' title='bbox 388 1345 418 1372; x_wconf 90' lang='lat' dir='ltr'>et</span> <span class='ocrx_word' id='word_1_154' title='bbox 448 1344 600 1371; x_wconf 86' lang='lat' dir='ltr'>statutum</span> <span class='ocrx_word' id='word_1_155' title='bbox 622 1338 698 1379; x_wconf 85' lang='lat' dir='ltr'>suit,</span> <span class='ocrx_word' id='word_1_156' title='bbox 729 1345 763 1372; x_wconf 89' lang='lat' dir='ltr'>ut</span> <span class='ocrx_word' id='word_1_157' title='bbox 783 1349 921 1382; x_wconf 79' lang='lat' dir='ltr'>semper,</span> <span class='ocrx_word' id='word_1_158' title='bbox 952 1345 980 1372; x_wconf 89' lang='lat' dir='ltr'>et</span> 
     </span>
     <span class='ocr_line' id='line_1_39' title="bbox 239 1392 982 1436; baseline 0 -10"><span class='ocrx_word' id='word_1_159' title='bbox 239 1393 368 1436; x_wconf 91' lang='lat' dir='ltr'>quando</span> <span class='ocrx_word' id='word_1_160' title='bbox 388 1392 601 1436; x_wconf 77' lang='lat' dir='ltr'>provinciales</span> <span class='ocrx_word' id='word_1_161' title='bbox 622 1398 652 1425; x_wconf 87' lang='lat' dir='ltr'>et</span> <span class='ocrx_word' id='word_1_162' title='bbox 672 1392 858 1425; x_wconf 84' lang='lat' dir='ltr'>definitores</span> <span class='ocrx_word' id='word_1_163' title='bbox 879 1393 982 1426; x_wconf 89' lang='lat' dir='ltr'>India-</span> 
     </span>
     <span class='ocr_line' id='line_1_40' title="bbox 238 1446 983 1489; baseline 0.001 -10"><span class='ocrx_word' id='word_1_164' title='bbox 238 1457 309 1479; x_wconf 87' lang='lat' dir='ltr'>rum</span> <span class='ocrx_word' id='word_1_165' title='bbox 331 1446 488 1479; x_wconf 86' lang='lat' dir='ltr'>accedunt</span> <span class='ocrx_word' id='word_1_166' title='bbox 508 1446 548 1479; x_wconf 84' lang='lat' dir='ltr'>ad</span> <span class='ocrx_word' id='word_1_167' title='bbox 570 1446 747 1489; x_wconf 87' lang='lat' dir='ltr'>capitulum</span> <span class='ocrx_word' id='word_1_168' title='bbox 764 1447 925 1488; x_wconf 77' lang='lat' dir='ltr'>generale,</span> <span class='ocrx_word' id='word_1_169' title='bbox 950 1452 983 1480; x_wconf 88' lang='lat' dir='ltr'>ut</span> 
     </span>
     <span class='ocr_line' id='line_1_41' title="bbox 239 1499 982 1544; baseline 0 -12"><span class='ocrx_word' id='word_1_170' title='bbox 239 1499 388 1533; x_wconf 77' lang='lat' dir='ltr'>electioni</span> <span class='ocrx_word' id='word_1_171' title='bbox 400 1499 543 1542; x_wconf 81' lang='lat' dir='ltr'>magistri</span> <span class='ocrx_word' id='word_1_172' title='bbox 557 1500 716 1541; x_wconf 76' lang='lat' dir='ltr'>generalis</span> <span class='ocrx_word' id='word_1_173' title='bbox 737 1500 895 1540; x_wconf 70' lang='lat' dir='ltr'>assistant,</span> <span class='ocrx_word' id='word_1_174' title='bbox 911 1500 982 1544; x_wconf 90' lang='lat' dir='ltr'>qui-</span> 
     </span>
     <span class='ocr_line' id='line_1_42' title="bbox 238 1553 982 1598; baseline 0 -12"><span class='ocrx_word' id='word_1_175' title='bbox 238 1554 282 1586; x_wconf 81' lang='lat' dir='ltr'>vis</span> <span class='ocrx_word' id='word_1_176' title='bbox 309 1553 453 1598; x_wconf 87' lang='lat' dir='ltr'>ipsorum</span> <span class='ocrx_word' id='word_1_177' title='bbox 479 1554 668 1587; x_wconf 80' lang='lat' dir='ltr'>admittatur</span> <span class='ocrx_word' id='word_1_178' title='bbox 696 1559 727 1586; x_wconf 88' lang='lat' dir='ltr'>et</span> <span class='ocrx_word' id='word_1_179' title='bbox 755 1554 930 1597; x_wconf 75' lang='lat' dir='ltr'>recipiatur</span> <span class='ocrx_word' id='word_1_180' title='bbox 951 1554 982 1586; x_wconf 91' lang='lat' dir='ltr'>in</span> 
     </span>
    </p>
   </div>
   <div class='ocr_carea' id='block_1_9' title="bbox 208 1604 983 1648">
    <p class='ocr_par' dir='ltr' id='par_1_12' title="bbox 208 1604 983 1648">
     <span class='ocr_line' id='line_1_43' title="bbox 208 1604 983 1648; baseline 0 -8"><span class='ocrx_word' id='word_1_181' title='bbox 208 1604 214 1609; x_wconf 87' lang='lat'>&#39;</span> <span class='ocrx_word' id='word_1_182' title='bbox 239 1607 426 1640; x_wconf 82' lang='lat' dir='ltr'>definitorio</span> <span class='ocrx_word' id='word_1_183' title='bbox 452 1607 527 1640; x_wconf 87' lang='lat' dir='ltr'>etin</span> <span class='ocrx_word' id='word_1_184' title='bbox 549 1607 716 1648; x_wconf 82' lang='lat' dir='ltr'>electione,</span> <span class='ocrx_word' id='word_1_185' title='bbox 741 1608 919 1640; x_wconf 90' lang='lat' dir='ltr'>dummodo</span> <span class='ocrx_word' id='word_1_186' title='bbox 933 1618 983 1640; x_wconf 91' lang='lat' dir='ltr'>os-</span> 
     </span>
    </p>
   </div>
   <div class='ocr_carea' id='block_1_10' title="bbox 238 1661 988 2765">
    <p class='ocr_par' dir='ltr' id='par_1_13' title="bbox 238 1661 983 1974">
     <span class='ocr_line' id='line_1_44' title="bbox 238 1661 981 1705; baseline -0.001 -11"><span class='ocrx_word' id='word_1_187' title='bbox 238 1662 371 1694; x_wconf 81' lang='lat' dir='ltr'>tendant</span> <span class='ocrx_word' id='word_1_188' title='bbox 391 1661 480 1704; x_wconf 89' lang='lat' dir='ltr'>prius</span> <span class='ocrx_word' id='word_1_189' title='bbox 503 1661 758 1694; x_wconf 84' lang='lat' dir='ltr'>nominationem</span> <span class='ocrx_word' id='word_1_190' title='bbox 781 1661 829 1694; x_wconf 89' lang='lat' dir='ltr'>sui</span> <span class='ocrx_word' id='word_1_191' title='bbox 851 1661 981 1705; x_wconf 87' lang='lat' dir='ltr'>capituli</span> 
     </span>
     <span class='ocr_line' id='line_1_45' title="bbox 238 1714 982 1759; baseline -0.001 -11"><span class='ocrx_word' id='word_1_192' title='bbox 238 1715 455 1759; x_wconf 88' lang='lat' dir='ltr'>provincialis,</span> <span class='ocrx_word' id='word_1_193' title='bbox 480 1715 572 1748; x_wconf 84' lang='lat' dir='ltr'>cuius</span> <span class='ocrx_word' id='word_1_194' title='bbox 585 1714 818 1748; x_wconf 75' lang='lat' dir='ltr'>nominationis</span> <span class='ocrx_word' id='word_1_195' title='bbox 830 1715 904 1748; x_wconf 86' lang='lat' dir='ltr'>data</span> <span class='ocrx_word' id='word_1_196' title='bbox 917 1725 982 1748; x_wconf 90' lang='lat' dir='ltr'>non</span> 
     </span>
     <span class='ocr_line' id='line_1_46' title="bbox 239 1769 983 1812; baseline -0.001 -11"><span class='ocrx_word' id='word_1_197' title='bbox 239 1769 371 1802; x_wconf 82' lang='lat' dir='ltr'>excedat</span> <span class='ocrx_word' id='word_1_198' title='bbox 402 1773 541 1812; x_wconf 89' lang='lat' dir='ltr'>quatuor</span> <span class='ocrx_word' id='word_1_199' title='bbox 572 1778 731 1801; x_wconf 87' lang='lat' dir='ltr'>annorum</span> <span class='ocrx_word' id='word_1_200' title='bbox 758 1774 912 1812; x_wconf 87' lang='lat' dir='ltr'>tempus,</span> <span class='ocrx_word' id='word_1_201' title='bbox 953 1774 983 1801; x_wconf 63' lang='lat' dir='ltr'>et,</span> 
     </span>
     <span class='ocr_line' id='line_1_47' title="bbox 239 1821 983 1866; baseline 0 -11"><span class='ocrx_word' id='word_1_202' title='bbox 239 1823 417 1855; x_wconf 89' lang='lat' dir='ltr'>dummodo</span> <span class='ocrx_word' id='word_1_203' title='bbox 439 1833 504 1855; x_wconf 90' lang='lat' dir='ltr'>non</span> <span class='ocrx_word' id='word_1_204' title='bbox 521 1828 645 1855; x_wconf 83' lang='lat' dir='ltr'>constet</span> <span class='ocrx_word' id='word_1_205' title='bbox 667 1822 706 1855; x_wconf 90' lang='lat' dir='ltr'>de</span> <span class='ocrx_word' id='word_1_206' title='bbox 726 1821 871 1866; x_wconf 89' lang='lat' dir='ltr'>ipsorum</span> <span class='ocrx_word' id='word_1_207' title='bbox 892 1833 983 1855; x_wconf 85' lang='lat' dir='ltr'>revo-</span> 
     </span>
     <span class='ocr_line' id='line_1_48' title="bbox 240 1876 981 1916; baseline 0 -7"><span class='ocrx_word' id='word_1_208' title='bbox 240 1876 375 1916; x_wconf 82' lang='lat' dir='ltr'>catione,</span> <span class='ocrx_word' id='word_1_209' title='bbox 399 1881 454 1909; x_wconf 86' lang='lat' dir='ltr'>aut</span> <span class='ocrx_word' id='word_1_210' title='bbox 473 1887 556 1909; x_wconf 87' lang='lat' dir='ltr'>nova</span> <span class='ocrx_word' id='word_1_211' title='bbox 575 1876 637 1909; x_wconf 90' lang='lat' dir='ltr'>alia</span> <span class='ocrx_word' id='word_1_212' title='bbox 662 1876 885 1909; x_wconf 83' lang='lat' dir='ltr'>nominatione</span> <span class='ocrx_word' id='word_1_213' title='bbox 901 1877 981 1909; x_wconf 90' lang='lat' dir='ltr'>facta</span> 
     </span>
     <span class='ocr_line' id='line_1_49' title="bbox 239 1927 723 1974; baseline -0.002 -12"><span class='ocrx_word' id='word_1_214' title='bbox 239 1940 298 1974; x_wconf 85' lang='lat' dir='ltr'>per</span> <span class='ocrx_word' id='word_1_215' title='bbox 318 1929 494 1973; x_wconf 87' lang='lat' dir='ltr'>capitulum</span> <span class='ocrx_word' id='word_1_216' title='bbox 516 1927 723 1973; x_wconf 65' lang='lat' dir='ltr'>provinciale.</span> 
     </span>
    </p>

    <p class='ocr_par' dir='ltr' id='par_1_14' title="bbox 242 1982 988 2718">
     <span class='ocr_line' id='line_1_50' title="bbox 285 1982 983 2026; baseline 0.001 -12"><span class='ocrx_word' id='word_1_217' title='bbox 285 1983 300 2026; x_wconf 58' lang='grc' dir='ltr'>ἓ</span> <span class='ocrx_word' id='word_1_218' title='bbox 320 1982 350 2015; x_wconf 85' lang='lat'>5.</span> <span class='ocrx_word' id='word_1_219' title='bbox 374 1983 543 2016; x_wconf 86' lang='lat' dir='ltr'>Decretum</span> <span class='ocrx_word' id='word_1_220' title='bbox 559 1983 634 2015; x_wconf 85' lang='lat' dir='ltr'>item</span> <span class='ocrx_word' id='word_1_221' title='bbox 651 1983 719 2023; x_wconf 86' lang='lat' dir='ltr'>suit,</span> <span class='ocrx_word' id='word_1_222' title='bbox 744 1983 831 2026; x_wconf 89' lang='lat' dir='ltr'>quod</span> <span class='ocrx_word' id='word_1_223' title='bbox 853 1983 983 2026; x_wconf 86' lang='lat' dir='ltr'>quando</span> 
     </span>
     <span class='ocr_line' id='line_1_51' title="bbox 243 2036 981 2079; baseline 0 -10"><span class='ocrx_word' id='word_1_224' title='bbox 243 2037 394 2079; x_wconf 81' lang='lat' dir='ltr'>magister</span> <span class='ocrx_word' id='word_1_225' title='bbox 422 2037 580 2078; x_wconf 80' lang='lat' dir='ltr'>generalis</span> <span class='ocrx_word' id='word_1_226' title='bbox 608 2036 704 2069; x_wconf 87' lang='lat' dir='ltr'>suerit</span> <span class='ocrx_word' id='word_1_227' title='bbox 725 2047 760 2069; x_wconf 76' lang='lat' dir='ltr'>ex</span> <span class='ocrx_word' id='word_1_228' title='bbox 782 2047 903 2069; x_wconf 87' lang='lat' dir='ltr'>corona</span> <span class='ocrx_word' id='word_1_229' title='bbox 922 2037 981 2070; x_wconf 85' lang='lat' dir='ltr'>Ca-</span> 
     </span>
     <span class='ocr_line' id='line_1_52' title="bbox 243 2089 983 2133; baseline -0.001 -10"><span class='ocrx_word' id='word_1_230' title='bbox 243 2090 363 2131; x_wconf 85' lang='lat' dir='ltr'>stellae,</span> <span class='ocrx_word' id='word_1_231' title='bbox 387 2089 579 2123; x_wconf 82' lang='lat' dir='ltr'>ethabuerit</span> <span class='ocrx_word' id='word_1_232' title='bbox 599 2090 719 2122; x_wconf 83' lang='lat' dir='ltr'>Romae</span> <span class='ocrx_word' id='word_1_233' title='bbox 739 2096 983 2133; x_wconf 83' lang='lat' dir='ltr'>procuratorem</span> 
     </span>
     <span class='ocr_line' id='line_1_53' title="bbox 243 2143 982 2185; baseline -0.001 -8"><span class='ocrx_word' id='word_1_234' title='bbox 243 2149 273 2177; x_wconf 88' lang='lat' dir='ltr'>et</span> <span class='ocrx_word' id='word_1_235' title='bbox 294 2143 447 2176; x_wconf 84' lang='lat' dir='ltr'>vicarium</span> <span class='ocrx_word' id='word_1_236' title='bbox 468 2143 652 2185; x_wconf 78' lang='lat' dir='ltr'>generalem</span> <span class='ocrx_word' id='word_1_237' title='bbox 671 2154 707 2175; x_wconf 84' lang='lat' dir='ltr'>ex</span> <span class='ocrx_word' id='word_1_238' title='bbox 721 2143 834 2176; x_wconf 91' lang='lat' dir='ltr'>eadem</span> <span class='ocrx_word' id='word_1_239' title='bbox 851 2154 982 2184; x_wconf 86' lang='lat' dir='ltr'>corona,</span> 
     </span>
     <span class='ocr_line' id='line_1_54' title="bbox 242 2196 982 2240; baseline 0 -10"><span class='ocrx_word' id='word_1_240' title='bbox 242 2197 421 2240; x_wconf 81' lang='lat' dir='ltr'>Aragoniae</span> <span class='ocrx_word' id='word_1_241' title='bbox 446 2196 611 2240; x_wconf 87' lang='lat' dir='ltr'>provincia</span> <span class='ocrx_word' id='word_1_242' title='bbox 631 2197 751 2239; x_wconf 75' lang='lat' dir='ltr'>possit,</span> <span class='ocrx_word' id='word_1_243' title='bbox 774 2197 799 2230; x_wconf 87' lang='lat' dir='ltr'>si</span> <span class='ocrx_word' id='word_1_244' title='bbox 829 2197 982 2235; x_wconf 77' lang='lat' dir='ltr'>voluerit,</span> 
     </span>
     <span class='ocr_line' id='line_1_55' title="bbox 242 2250 985 2291; baseline -0.003 -7"><span class='ocrx_word' id='word_1_245' title='bbox 242 2261 351 2284; x_wconf 86' lang='lat' dir='ltr'>curam</span> <span class='ocrx_word' id='word_1_246' title='bbox 383 2260 516 2283; x_wconf 88' lang='lat' dir='ltr'>suornm</span> <span class='ocrx_word' id='word_1_247' title='bbox 553 2250 755 2291; x_wconf 79' lang='lat' dir='ltr'>negotiorum</span> <span class='ocrx_word' id='word_1_248' title='bbox 788 2251 863 2283; x_wconf 82' lang='lat' dir='ltr'>dare</span> <span class='ocrx_word' id='word_1_249' title='bbox 894 2250 985 2283; x_wconf 89' lang='lat' dir='ltr'>alteri</span> 
     </span>
     <span class='ocr_line' id='line_1_56' title="bbox 242 2303 986 2348; baseline 0 -11"><span class='ocrx_word' id='word_1_250' title='bbox 242 2304 458 2348; x_wconf 79' lang='lat' dir='ltr'>procuratori,</span> <span class='ocrx_word' id='word_1_251' title='bbox 479 2303 543 2336; x_wconf 89' lang='lat' dir='ltr'>suis</span> <span class='ocrx_word' id='word_1_252' title='bbox 561 2303 718 2347; x_wconf 70' lang='lat' dir='ltr'>expensis,</span> <span class='ocrx_word' id='word_1_253' title='bbox 741 2303 892 2345; x_wconf 77' lang='lat' dir='ltr'>religioso</span> <span class='ocrx_word' id='word_1_254' title='bbox 911 2315 986 2337; x_wconf 85' lang='lat' dir='ltr'>suae</span> 
     </span>
     <span class='ocr_line' id='line_1_57' title="bbox 242 2357 985 2401; baseline -0.001 -11"><span class='ocrx_word' id='word_1_255' title='bbox 242 2357 426 2401; x_wconf 87' lang='lat' dir='ltr'>provinciae</span> <span class='ocrx_word' id='word_1_256' title='bbox 440 2357 607 2390; x_wconf 84' lang='lat' dir='ltr'>nominato</span> <span class='ocrx_word' id='word_1_257' title='bbox 622 2368 680 2400; x_wconf 85' lang='lat' dir='ltr'>per</span> <span class='ocrx_word' id='word_1_258' title='bbox 695 2367 788 2389; x_wconf 85' lang='lat' dir='ltr'>suum</span> <span class='ocrx_word' id='word_1_259' title='bbox 810 2357 985 2400; x_wconf 87' lang='lat' dir='ltr'>capitulum</span> 
     </span>
     <span class='ocr_line' id='line_1_58' title="bbox 243 2410 988 2454; baseline -0.001 -11"><span class='ocrx_word' id='word_1_260' title='bbox 243 2410 437 2454; x_wconf 83' lang='lat' dir='ltr'>provinciale.</span> <span class='ocrx_word' id='word_1_261' title='bbox 453 2438 460 2451; x_wconf 81' lang='grc'><em>,</em></span> <span class='ocrx_word' id='word_1_262' title='bbox 484 2416 539 2443; x_wconf 55' lang='lat' dir='ltr'>aut,</span> <span class='ocrx_word' id='word_1_263' title='bbox 565 2421 638 2443; x_wconf 88' lang='lat' dir='ltr'>cum</span> <span class='ocrx_word' id='word_1_264' title='bbox 659 2410 810 2442; x_wconf 84' lang='lat' dir='ltr'>mandato</span> <span class='ocrx_word' id='word_1_265' title='bbox 831 2420 988 2453; x_wconf 88' lang='lat' dir='ltr'>procura-</span> 
     </span>
     <span class='ocr_line' id='line_1_59' title="bbox 245 2463 983 2507; baseline 0.001 -12"><span class='ocrx_word' id='word_1_266' title='bbox 245 2463 339 2496; x_wconf 86' lang='lat' dir='ltr'>tionis</span> <span class='ocrx_word' id='word_1_267' title='bbox 359 2463 563 2507; x_wconf 84' lang='lat' dir='ltr'>provincialis</span> <span class='ocrx_word' id='word_1_268' title='bbox 588 2469 618 2496; x_wconf 89' lang='lat' dir='ltr'>et</span> <span class='ocrx_word' id='word_1_269' title='bbox 639 2463 846 2496; x_wconf 88' lang='lat' dir='ltr'>definitorum</span> <span class='ocrx_word' id='word_1_270' title='bbox 869 2463 983 2506; x_wconf 83' lang='lat' dir='ltr'>ipsius,</span> 
     </span>
     <span class='ocr_line' id='line_1_60' title="bbox 244 2516 987 2560; baseline 0.001 -11"><span class='ocrx_word' id='word_1_271' title='bbox 244 2522 275 2549; x_wconf 84' lang='lat' dir='ltr'>et</span> <span class='ocrx_word' id='word_1_272' title='bbox 300 2516 333 2550; x_wconf 93' lang='lat' dir='ltr'>id</span> <span class='ocrx_word' id='word_1_273' title='bbox 358 2516 462 2560; x_wconf 87' lang='lat' dir='ltr'>ipsum</span> <span class='ocrx_word' id='word_1_274' title='bbox 492 2517 598 2550; x_wconf 77' lang='lat' dir='ltr'>facere</span> <span class='ocrx_word' id='word_1_275' title='bbox 629 2517 729 2560; x_wconf 87' lang='lat' dir='ltr'>possit</span> <span class='ocrx_word' id='word_1_276' title='bbox 747 2516 911 2560; x_wconf 72' lang='lat' dir='ltr'>provincia</span> <span class='ocrx_word' id='word_1_277' title='bbox 931 2518 987 2550; x_wconf 88' lang='lat' dir='ltr'>Ca-</span> 
     </span>
     <span class='ocr_line' id='line_1_61' title="bbox 245 2567 988 2611; baseline 0 -11"><span class='ocrx_word' id='word_1_278' title='bbox 245 2567 355 2600; x_wconf 85' lang='lat' dir='ltr'>stellae</span> <span class='ocrx_word' id='word_1_279' title='bbox 376 2568 506 2611; x_wconf 88' lang='lat' dir='ltr'>quando</span> <span class='ocrx_word' id='word_1_280' title='bbox 536 2567 688 2610; x_wconf 82' lang='lat' dir='ltr'>magister</span> <span class='ocrx_word' id='word_1_281' title='bbox 714 2567 872 2610; x_wconf 78' lang='lat' dir='ltr'>generalis</span> <span class='ocrx_word' id='word_1_282' title='bbox 894 2568 988 2601; x_wconf 83' lang='lat' dir='ltr'>suerit</span> 
     </span>
     <span class='ocr_line' id='line_1_62' title="bbox 246 2621 987 2664; baseline 0 -10"><span class='ocrx_word' id='word_1_283' title='bbox 246 2631 281 2654; x_wconf 86' lang='lat' dir='ltr'>ex</span> <span class='ocrx_word' id='word_1_284' title='bbox 303 2631 423 2654; x_wconf 88' lang='lat' dir='ltr'>corona</span> <span class='ocrx_word' id='word_1_285' title='bbox 443 2621 635 2664; x_wconf 79' lang='lat' dir='ltr'>Aragoniae,</span> <span class='ocrx_word' id='word_1_286' title='bbox 652 2627 683 2654; x_wconf 91' lang='lat' dir='ltr'>et</span> <span class='ocrx_word' id='word_1_287' title='bbox 695 2621 910 2654; x_wconf 85' lang='lat' dir='ltr'>nominaverit</span> <span class='ocrx_word' id='word_1_288' title='bbox 924 2622 987 2655; x_wconf 86' lang='lat' dir='ltr'>Ro-</span> 
     </span>
     <span class='ocr_line' id='line_1_63' title="bbox 247 2674 988 2718; baseline 0 -12"><span class='ocrx_word' id='word_1_289' title='bbox 247 2685 317 2707; x_wconf 86' lang='lat' dir='ltr'>mae</span> <span class='ocrx_word' id='word_1_290' title='bbox 330 2681 572 2718; x_wconf 80' lang='lat' dir='ltr'>procuratorem</span> <span class='ocrx_word' id='word_1_291' title='bbox 600 2674 781 2717; x_wconf 71' lang='lat' dir='ltr'>generalem</span> <span class='ocrx_word' id='word_1_292' title='bbox 801 2686 876 2707; x_wconf 77' lang='lat' dir='ltr'>suae</span> <span class='ocrx_word' id='word_1_293' title='bbox 897 2686 988 2708; x_wconf 83' lang='lat' dir='ltr'>coro-</span> 
     </span>
    </p>

    <p class='ocr_par' dir='ltr' id='par_1_15' title="bbox 330 2737 901 2765">
     <span class='ocr_line' id='line_1_64' title="bbox 330 2737 901 2765; baseline 0.004 -2"><span class='ocrx_word' id='word_1_294' title='bbox 330 2737 408 2763; x_wconf 75' lang='lat' dir='ltr'>Bult.</span> <span class='ocrx_word' id='word_1_295' title='bbox 430 2738 510 2765; x_wconf 83' lang='lat' dir='ltr'>Rom.</span> <span class='ocrx_word' id='word_1_296' title='bbox 537 2738 593 2764; x_wconf 75' lang='lat' dir='ltr'>Vol.</span> <span class='ocrx_word' id='word_1_297' title='bbox 616 2738 641 2764; x_wconf 79' lang='lat' dir='ltr'><em>X</em></span> <span class='ocrx_word' id='word_1_298' title='bbox 866 2739 901 2765; x_wconf 64' lang='lat'>‘24</span> 
     </span>
    </p>
   </div>
   <div class='ocr_carea' id='block_1_11' title="bbox 996 860 1007 2690">
    <p class='ocr_par' dir='ltr' id='par_1_16' title="bbox 996 860 1007 2690">
     <span class='ocr_line' id='line_1_65' title="bbox 996 860 1007 2690; baseline 0 0"><span class='ocrx_word' id='word_1_299' title='bbox 996 860 1007 2690; x_wconf 95' lang='lat' dir='ltr'> </span> 
     </span>
    </p>
   </div>
   <div class='ocr_carea' id='block_1_12' title="bbox 1012 261 1761 1386">
    <p class='ocr_par' dir='ltr' id='par_1_17' title="bbox 1012 261 1757 680">
     <span class='ocr_line' id='line_1_66' title="bbox 1660 261 1724 297; baseline 0 -1"><span class='ocrx_word' id='word_1_300' title='bbox 1660 261 1724 297; x_wconf 54' lang='lat'>‘185</span> 
     </span>
     <span class='ocr_line' id='line_1_67' title="bbox 1012 321 1749 366; baseline -0.001 -10"><span class='ocrx_word' id='word_1_301' title='bbox 1012 334 1082 363; x_wconf 87' lang='lat' dir='ltr'>nae,</span> <span class='ocrx_word' id='word_1_302' title='bbox 1107 334 1180 356; x_wconf 78' lang='lat' dir='ltr'>eum</span> <span class='ocrx_word' id='word_1_303' title='bbox 1202 323 1263 356; x_wconf 90' lang='lat' dir='ltr'>hoc</span> <span class='ocrx_word' id='word_1_304' title='bbox 1290 321 1376 366; x_wconf 87' lang='lat' dir='ltr'>quod</span> <span class='ocrx_word' id='word_1_305' title='bbox 1397 328 1588 366; x_wconf 85' lang='lat' dir='ltr'>procurator</span> <span class='ocrx_word' id='word_1_306' title='bbox 1605 322 1749 366; x_wconf 85' lang='lat' dir='ltr'>particu-</span> 
     </span>
     <span class='ocr_line' id='line_1_68' title="bbox 1012 376 1756 420; baseline -0.001 -11"><span class='ocrx_word' id='word_1_307' title='bbox 1012 377 1086 409; x_wconf 78' lang='lat' dir='ltr'>laris</span> <span class='ocrx_word' id='word_1_308' title='bbox 1114 377 1320 420; x_wconf 69' lang='lat' dir='ltr'>provinciae,</span> <span class='ocrx_word' id='word_1_309' title='bbox 1356 377 1387 409; x_wconf 90' lang='lat' dir='ltr'>in</span> <span class='ocrx_word' id='word_1_310' title='bbox 1409 377 1509 409; x_wconf 85' lang='lat' dir='ltr'>robur</span> <span class='ocrx_word' id='word_1_311' title='bbox 1536 376 1700 418; x_wconf 71' lang='lat' dir='ltr'>religionis</span> <span class='ocrx_word' id='word_1_312' title='bbox 1725 382 1756 409; x_wconf 88' lang='lat' dir='ltr'>et</span> 
     </span>
     <span class='ocr_line' id='line_1_69' title="bbox 1012 430 1755 469; baseline 0 -6"><span class='ocrx_word' id='word_1_313' title='bbox 1012 430 1234 469; x_wconf 72' lang='lat' dir='ltr'>obedimitiae,</span> <span class='ocrx_word' id='word_1_314' title='bbox 1262 431 1298 463; x_wconf 81' lang='lat' dir='ltr'>sit</span> <span class='ocrx_word' id='word_1_315' title='bbox 1326 431 1472 464; x_wconf 87' lang='lat' dir='ltr'>subditus</span> <span class='ocrx_word' id='word_1_316' title='bbox 1500 430 1755 463; x_wconf 84' lang='lat' dir='ltr'>commendatori</span> 
     </span>
     <span class='ocr_line' id='line_1_70' title="bbox 1013 484 1757 529; baseline -0.001 -12"><span class='ocrx_word' id='word_1_317' title='bbox 1013 485 1197 518; x_wconf 85' lang='lat' dir='ltr'>monasterii</span> <span class='ocrx_word' id='word_1_318' title='bbox 1209 485 1329 518; x_wconf 78' lang='lat' dir='ltr'>Romae</span> <span class='ocrx_word' id='word_1_319' title='bbox 1343 485 1442 528; x_wconf 87' lang='lat' dir='ltr'>ipsius</span> <span class='ocrx_word' id='word_1_320' title='bbox 1455 484 1594 523; x_wconf 76' lang='lat' dir='ltr'>Ordinis,</span> <span class='ocrx_word' id='word_1_321' title='bbox 1610 485 1654 518; x_wconf 89' lang='lat' dir='ltr'>uti</span> <span class='ocrx_word' id='word_1_322' title='bbox 1664 496 1757 529; x_wconf 83' lang='lat' dir='ltr'>prae-</span> 
     </span>
     <span class='ocr_line' id='line_1_71' title="bbox 1014 539 1755 582; baseline 0.001 -11"><span class='ocrx_word' id='word_1_323' title='bbox 1014 539 1076 571; x_wconf 88' lang='lat' dir='ltr'>lato</span> <span class='ocrx_word' id='word_1_324' title='bbox 1098 539 1275 579; x_wconf 85' lang='lat' dir='ltr'>ordinario,</span> <span class='ocrx_word' id='word_1_325' title='bbox 1305 545 1335 571; x_wconf 87' lang='lat' dir='ltr'>et</span> <span class='ocrx_word' id='word_1_326' title='bbox 1354 539 1559 582; x_wconf 85' lang='lat' dir='ltr'>procuratori</span> <span class='ocrx_word' id='word_1_327' title='bbox 1580 545 1609 572; x_wconf 90' lang='lat' dir='ltr'>et</span> <span class='ocrx_word' id='word_1_328' title='bbox 1635 539 1755 572; x_wconf 86' lang='lat' dir='ltr'>vicario</span> 
     </span>
     <span class='ocr_line' id='line_1_72' title="bbox 1013 592 1757 634; baseline 0.001 -10"><span class='ocrx_word' id='word_1_329' title='bbox 1013 592 1171 634; x_wconf 75' lang='lat' dir='ltr'>generali,</span> <span class='ocrx_word' id='word_1_330' title='bbox 1201 592 1246 624; x_wconf 90' lang='lat' dir='ltr'>uti</span> <span class='ocrx_word' id='word_1_331' title='bbox 1269 592 1384 625; x_wconf 86' lang='lat' dir='ltr'>talibus</span> <span class='ocrx_word' id='word_1_332' title='bbox 1405 593 1580 625; x_wconf 78' lang='lat' dir='ltr'>observatis</span> <span class='ocrx_word' id='word_1_333' title='bbox 1602 593 1632 625; x_wconf 92' lang='lat' dir='ltr'>in</span> <span class='ocrx_word' id='word_1_334' title='bbox 1653 593 1757 626; x_wconf 90' lang='lat' dir='ltr'>onmi-</span> 
     </span>
     <span class='ocr_line' id='line_1_73' title="bbox 1012 646 1601 680; baseline 0.002 -2"><span class='ocrx_word' id='word_1_335' title='bbox 1012 646 1072 679; x_wconf 88' lang='lat' dir='ltr'>bus</span> <span class='ocrx_word' id='word_1_336' title='bbox 1092 646 1139 679; x_wconf 90' lang='lat' dir='ltr'>sui</span> <span class='ocrx_word' id='word_1_337' title='bbox 1160 646 1287 679; x_wconf 83' lang='lat' dir='ltr'>Ordinis</span> <span class='ocrx_word' id='word_1_338' title='bbox 1308 647 1601 680; x_wconf 82' lang='lat' dir='ltr'>constitutionilms.</span> 
     </span>
    </p>

    <p class='ocr_par' dir='ltr' id='par_1_18' title="bbox 1013 700 1761 1386">
     <span class='ocr_line' id='line_1_74' title="bbox 1058 700 1757 745; baseline 0.003 -13"><span class='ocrx_word' id='word_1_339' title='bbox 1058 700 1072 743; x_wconf 61' lang='grc' dir='ltr'>ξ</span> <span class='ocrx_word' id='word_1_340' title='bbox 1102 700 1131 732; x_wconf 87' lang='grc'>6.</span> <span class='ocrx_word' id='word_1_341' title='bbox 1161 701 1208 733; x_wconf 87' lang='lat' dir='ltr'>Ad</span> <span class='ocrx_word' id='word_1_342' title='bbox 1234 700 1400 733; x_wconf 86' lang='lat' dir='ltr'>evitandos</span> <span class='ocrx_word' id='word_1_343' title='bbox 1432 701 1507 733; x_wconf 87' lang='lat' dir='ltr'>item</span> <span class='ocrx_word' id='word_1_344' title='bbox 1538 707 1684 745; x_wconf 89' lang='lat' dir='ltr'>sumptus</span> <span class='ocrx_word' id='word_1_345' title='bbox 1704 712 1757 734; x_wconf 92' lang='lat' dir='ltr'>su-</span> 
     </span>
     <span class='ocr_line' id='line_1_75' title="bbox 1013 754 1755 797; baseline 0 -11"><span class='ocrx_word' id='word_1_346' title='bbox 1013 754 1155 797; x_wconf 67' lang='lat' dir='ltr'>perfluos</span> <span class='ocrx_word' id='word_1_347' title='bbox 1188 754 1353 787; x_wconf 79' lang='lat' dir='ltr'>decretum</span> <span class='ocrx_word' id='word_1_348' title='bbox 1384 754 1507 797; x_wconf 85' lang='lat' dir='ltr'>pariter</span> <span class='ocrx_word' id='word_1_349' title='bbox 1536 765 1572 787; x_wconf 77' lang='lat' dir='ltr'>ae</span> <span class='ocrx_word' id='word_1_350' title='bbox 1602 760 1755 787; x_wconf 84' lang='lat' dir='ltr'>statutum</span> 
     </span>
     <span class='ocr_line' id='line_1_76' title="bbox 1014 808 1757 851; baseline 0.001 -11"><span class='ocrx_word' id='word_1_351' title='bbox 1014 808 1083 847; x_wconf 84' lang='lat' dir='ltr'>fuit,</span> <span class='ocrx_word' id='word_1_352' title='bbox 1108 814 1142 841; x_wconf 30' lang='lat' dir='ltr'>ut,</span> <span class='ocrx_word' id='word_1_353' title='bbox 1166 808 1352 851; x_wconf 73' lang='lat' dir='ltr'>provinciae</span> <span class='ocrx_word' id='word_1_354' title='bbox 1372 809 1538 847; x_wconf 78' lang='lat' dir='ltr'>Castellae‚</span> <span class='ocrx_word' id='word_1_355' title='bbox 1563 809 1757 842; x_wconf 87' lang='lat' dir='ltr'>Andalnsiae</span> 
     </span>
     <span class='ocr_line' id='line_1_77' title="bbox 1014 861 1754 903; baseline -0.001 -9"><span class='ocrx_word' id='word_1_356' title='bbox 1014 866 1044 894; x_wconf 85' lang='lat' dir='ltr'>et</span> <span class='ocrx_word' id='word_1_357' title='bbox 1064 861 1243 903; x_wconf 74' lang='lat' dir='ltr'>Aragoniae</span> <span class='ocrx_word' id='word_1_358' title='bbox 1265 872 1330 894; x_wconf 88' lang='lat' dir='ltr'>non</span> <span class='ocrx_word' id='word_1_359' title='bbox 1352 867 1524 894; x_wconf 83' lang='lat' dir='ltr'>teneantur</span> <span class='ocrx_word' id='word_1_360' title='bbox 1545 862 1621 895; x_wconf 87' lang='lat' dir='ltr'>dare</span> <span class='ocrx_word' id='word_1_361' title='bbox 1649 861 1754 903; x_wconf 70' lang='lat' dir='ltr'>magi-</span> 
     </span>
     <span class='ocr_line' id='line_1_78' title="bbox 1013 914 1759 958; baseline 0 -11"><span class='ocrx_word' id='word_1_362' title='bbox 1013 920 1078 947; x_wconf 86' lang='lat' dir='ltr'>stro</span> <span class='ocrx_word' id='word_1_363' title='bbox 1099 914 1240 956; x_wconf 74' lang='lat' dir='ltr'>generali</span> <span class='ocrx_word' id='word_1_364' title='bbox 1261 915 1395 957; x_wconf 75' lang='lat' dir='ltr'>singulis</span> <span class='ocrx_word' id='word_1_365' title='bbox 1415 915 1508 948; x_wconf 83' lang='lat' dir='ltr'>annis</span> <span class='ocrx_word' id='word_1_366' title='bbox 1527 915 1611 947; x_wconf 86' lang='lat' dir='ltr'>ultra</span> <span class='ocrx_word' id='word_1_367' title='bbox 1632 921 1759 958; x_wconf 89' lang='lat' dir='ltr'>septua—</span> 
     </span>
     <span class='ocr_line' id='line_1_79' title="bbox 1014 968 1759 1012; baseline 0.001 -12"><span class='ocrx_word' id='word_1_368' title='bbox 1014 968 1100 1010; x_wconf 76' lang='lat' dir='ltr'>ginta</span> <span class='ocrx_word' id='word_1_369' title='bbox 1114 969 1255 1012; x_wconf 86' lang='lat' dir='ltr'>quinque</span> <span class='ocrx_word' id='word_1_370' title='bbox 1273 974 1372 1009; x_wconf 82' lang='lat' dir='ltr'>scuta,</span> <span class='ocrx_word' id='word_1_371' title='bbox 1388 968 1503 1001; x_wconf 74' lang='lat' dir='ltr'>valoriS</span> <span class='ocrx_word' id='word_1_372' title='bbox 1517 969 1628 1001; x_wconf 85' lang='lat' dir='ltr'>decem</span> <span class='ocrx_word' id='word_1_373' title='bbox 1644 969 1759 1001; x_wconf 80' lang='lat' dir='ltr'>drach-</span> 
     </span>
     <span class='ocr_line' id='line_1_80' title="bbox 1015 1021 1761 1065; baseline 0.001 -12"><span class='ocrx_word' id='word_1_374' title='bbox 1015 1032 1141 1053; x_wconf 87' lang='lat' dir='ltr'>marum</span> <span class='ocrx_word' id='word_1_375' title='bbox 1160 1022 1322 1060; x_wconf 80' lang='lat' dir='ltr'>Castellae,</span> <span class='ocrx_word' id='word_1_376' title='bbox 1340 1032 1445 1065; x_wconf 87' lang='lat' dir='ltr'>neque</span> <span class='ocrx_word' id='word_1_377' title='bbox 1459 1021 1525 1065; x_wconf 88' lang='lat' dir='ltr'>ipse</span> <span class='ocrx_word' id='word_1_378' title='bbox 1539 1022 1692 1063; x_wconf 73' lang='lat' dir='ltr'>magister</span> <span class='ocrx_word' id='word_1_379' title='bbox 1706 1033 1761 1063; x_wconf 63' lang='lat' dir='ltr'>ge-</span> 
     </span>
     <span class='ocr_line' id='line_1_81' title="bbox 1014 1074 1760 1118; baseline 0.001 -12"><span class='ocrx_word' id='word_1_380' title='bbox 1014 1074 1132 1107; x_wconf 87' lang='lat' dir='ltr'>neralis</span> <span class='ocrx_word' id='word_1_381' title='bbox 1153 1075 1253 1118; x_wconf 84' lang='lat' dir='ltr'>possit.</span> <span class='ocrx_word' id='word_1_382' title='bbox 1273 1075 1420 1118; x_wconf 85' lang='lat' dir='ltr'>accipere</span> <span class='ocrx_word' id='word_1_383' title='bbox 1434 1075 1481 1107; x_wconf 74' lang='lat' dir='ltr'>vel</span> <span class='ocrx_word' id='word_1_384' title='bbox 1500 1081 1608 1118; x_wconf 89' lang='lat' dir='ltr'>petere</span> <span class='ocrx_word' id='word_1_385' title='bbox 1622 1075 1760 1118; x_wconf 85' lang='lat' dir='ltr'>amplius</span> 
     </span>
     <span class='ocr_line' id='line_1_82' title="bbox 1015 1127 1760 1172; baseline 0.003 -13"><span class='ocrx_word' id='word_1_386' title='bbox 1015 1138 1074 1170; x_wconf 88' lang='lat' dir='ltr'>pro</span> <span class='ocrx_word' id='word_1_387' title='bbox 1104 1127 1203 1171; x_wconf 83' lang='lat' dir='ltr'>ipsius</span> <span class='ocrx_word' id='word_1_388' title='bbox 1234 1128 1318 1161; x_wconf 87' lang='lat' dir='ltr'>victu</span> <span class='ocrx_word' id='word_1_389' title='bbox 1346 1134 1377 1161; x_wconf 89' lang='lat' dir='ltr'>et</span> <span class='ocrx_word' id='word_1_390' title='bbox 1401 1129 1531 1167; x_wconf 78' lang='lat' dir='ltr'>vesti1u3</span> <span class='ocrx_word' id='word_1_391' title='bbox 1556 1139 1637 1172; x_wconf 86' lang='lat' dir='ltr'>quae</span> <span class='ocrx_word' id='word_1_392' title='bbox 1670 1134 1760 1161; x_wconf 84' lang='lat' dir='ltr'>scula</span> 
     </span>
     <span class='ocr_line' id='line_1_83' title="bbox 1015 1181 1760 1226; baseline 0.001 -13"><span class='ocrx_word' id='word_1_393' title='bbox 1015 1181 1216 1224; x_wconf 71' lang='lat' dir='ltr'>septuaginta</span> <span class='ocrx_word' id='word_1_394' title='bbox 1236 1181 1377 1225; x_wconf 85' lang='lat' dir='ltr'>quinque</span> <span class='ocrx_word' id='word_1_395' title='bbox 1397 1182 1618 1225; x_wconf 82' lang='lat' dir='ltr'>unusquisque</span> <span class='ocrx_word' id='word_1_396' title='bbox 1632 1182 1760 1226; x_wconf 77' lang='lat' dir='ltr'>provin-</span> 
     </span>
     <span class='ocr_line' id='line_1_84' title="bbox 1016 1234 1756 1278; baseline 0.003 -12"><span class='ocrx_word' id='word_1_397' title='bbox 1016 1234 1105 1267; x_wconf 82' lang='lat' dir='ltr'>cialis</span> <span class='ocrx_word' id='word_1_398' title='bbox 1128 1245 1186 1278; x_wconf 85' lang='lat' dir='ltr'>per</span> <span class='ocrx_word' id='word_1_399' title='bbox 1205 1245 1294 1267; x_wconf 87' lang='lat' dir='ltr'>snam</span> <span class='ocrx_word' id='word_1_400' title='bbox 1320 1235 1519 1278; x_wconf 63' lang='lat' dir='ltr'>provinciam</span> <span class='ocrx_word' id='word_1_401' title='bbox 1539 1235 1668 1275; x_wconf 82' lang='lat' dir='ltr'>dividat,</span> <span class='ocrx_word' id='word_1_402' title='bbox 1697 1236 1756 1268; x_wconf 79' lang='lat' dir='ltr'>lia-</span> 
     </span>
     <span class='ocr_line' id='line_1_85' title="bbox 1017 1287 1757 1332; baseline 0.003 -13"><span class='ocrx_word' id='word_1_403' title='bbox 1017 1287 1082 1320; x_wconf 86' lang='lat' dir='ltr'>bito</span> <span class='ocrx_word' id='word_1_404' title='bbox 1102 1293 1247 1331; x_wconf 87' lang='lat' dir='ltr'>respectu</span> <span class='ocrx_word' id='word_1_405' title='bbox 1271 1288 1456 1321; x_wconf 86' lang='lat' dir='ltr'>reddituum</span> <span class='ocrx_word' id='word_1_406' title='bbox 1476 1294 1506 1321; x_wconf 85' lang='lat' dir='ltr'>et</span> <span class='ocrx_word' id='word_1_407' title='bbox 1526 1295 1757 1332; x_wconf 86' lang='lat' dir='ltr'>proventuum,</span> 
     </span>
     <span class='ocr_line' id='line_1_86' title="bbox 1017 1341 1759 1386; baseline 0.003 -13"><span class='ocrx_word' id='word_1_408' title='bbox 1017 1352 1097 1385; x_wconf 89' lang='lat' dir='ltr'>quos</span> <span class='ocrx_word' id='word_1_409' title='bbox 1117 1341 1251 1385; x_wconf 83' lang='lat' dir='ltr'>quilibet</span> <span class='ocrx_word' id='word_1_410' title='bbox 1279 1347 1455 1374; x_wconf 80' lang='lat' dir='ltr'>conventus</span> <span class='ocrx_word' id='word_1_411' title='bbox 1481 1342 1598 1383; x_wconf 87' lang='lat' dir='ltr'>habet,</span> <span class='ocrx_word' id='word_1_412' title='bbox 1620 1348 1650 1375; x_wconf 88' lang='lat' dir='ltr'>et</span> <span class='ocrx_word' id='word_1_413' title='bbox 1671 1343 1759 1386; x_wconf 87' lang='lat' dir='ltr'>quod</span> 
     </span>
    </p>
   </div>
   <div class='ocr_carea' id='block_1_13' title="bbox 1771 272 1956 302">
    <p class='ocr_par' dir='ltr' id='par_1_19' title="bbox 1771 272 1956 302">
     <span class='ocr_line' id='line_1_87' title="bbox 1771 272 1956 302; baseline 0.016 -3"><span class='ocrx_word' id='word_1_414' title='bbox 1771 272 1820 300; x_wconf 40' lang='lat' dir='ltr'>An&gt;</span> <span class='ocrx_word' id='word_1_415' title='bbox 1839 274 1866 300; x_wconf 86' lang='lat' dir='ltr'>C.</span> <span class='ocrx_word' id='word_1_416' title='bbox 1888 273 1956 302; x_wconf 64' lang='lat'>4594</span> 
     </span>
    </p>
   </div>
   <div class='ocr_carea' id='block_1_14' title="bbox 1772 708 1958 788">
    <p class='ocr_par' dir='ltr' id='par_1_20' title="bbox 1772 708 1958 788">
     <span class='ocr_line' id='line_1_88' title="bbox 1787 708 1958 740; baseline 0 -11"><span class='ocrx_word' id='word_1_417' title='bbox 1787 708 1958 740; x_wconf 22' lang='lat' dir='ltr'>&gt;Summus-1113.</span> 
     </span>
     <span class='ocr_line' id='line_1_89' title="bbox 1772 740 1957 764; baseline 0 -4"><span class='ocrx_word' id='word_1_418' title='bbox 1772 740 1836 763; x_wconf 59' lang='lat' dir='ltr'>gistt&#39;ss</span> <span class='ocrx_word' id='word_1_419' title='bbox 1865 742 1957 764; x_wconf 59' lang='lat' dir='ltr'>generali</span> 
     </span>
     <span class='ocr_line' id='line_1_90' title="bbox 1772 766 1856 788; baseline 0.036 -3"><span class='ocrx_word' id='word_1_420' title='bbox 1772 766 1856 788; x_wconf 77' lang='lat' dir='ltr'>debltis.</span> 
     </span>
    </p>
   </div>
   <div class='ocr_carea' id='block_1_15' title="bbox 1017 1394 1797 1438">
    <p class='ocr_par' dir='ltr' id='par_1_21' title="bbox 1017 1394 1797 1438">
     <span class='ocr_line' id='line_1_91' title="bbox 1017 1394 1797 1438; baseline 0.001 -12"><span class='ocrx_word' id='word_1_421' title='bbox 1017 1394 1202 1438; x_wconf 86' lang='lat' dir='ltr'>provinciae</span> <span class='ocrx_word' id='word_1_422' title='bbox 1237 1395 1400 1427; x_wconf 79' lang='lat' dir='ltr'>indiarum</span> <span class='ocrx_word' id='word_1_423' title='bbox 1433 1396 1555 1428; x_wconf 78' lang='lat' dir='ltr'>solvant</span> <span class='ocrx_word' id='word_1_424' title='bbox 1576 1395 1760 1429; x_wconf 82' lang='lat' dir='ltr'>vestiarium</span> <span class='ocrx_word' id='word_1_425' title='bbox 1792 1423 1797 1426; x_wconf 97' lang='lat'>.</span> 
     </span>
    </p>
   </div>
   <div class='ocr_carea' id='block_1_16' title="bbox 1017 1448 1765 2666">
    <p class='ocr_par' dir='ltr' id='par_1_22' title="bbox 1017 1448 1765 2601">
     <span class='ocr_line' id='line_1_92' title="bbox 1018 1448 1762 1493; baseline 0.003 -13"><span class='ocrx_word' id='word_1_426' title='bbox 1018 1449 1184 1492; x_wconf 78' lang='lat' dir='ltr'>hueusque</span> <span class='ocrx_word' id='word_1_427' title='bbox 1210 1448 1339 1487; x_wconf 87' lang='lat' dir='ltr'>solitum</span> <span class='ocrx_word' id='word_1_428' title='bbox 1356 1477 1363 1488; x_wconf 78' lang='lat'>‚</span> <span class='ocrx_word' id='word_1_429' title='bbox 1398 1449 1580 1493; x_wconf 80' lang='lat' dir='ltr'>habeatque</span> <span class='ocrx_word' id='word_1_430' title='bbox 1610 1450 1762 1492; x_wconf 74' lang='lat' dir='ltr'>magister</span> 
     </span>
     <span class='ocr_line' id='line_1_93' title="bbox 1017 1502 1762 1546; baseline 0.001 -12"><span class='ocrx_word' id='word_1_431' title='bbox 1017 1502 1176 1544; x_wconf 70' lang='lat' dir='ltr'>generalis</span> <span class='ocrx_word' id='word_1_432' title='bbox 1208 1503 1364 1543; x_wconf 88' lang='lat' dir='ltr'>redditus,</span> <span class='ocrx_word' id='word_1_433' title='bbox 1389 1509 1563 1546; x_wconf 79' lang='lat' dir='ltr'>proventus</span> <span class='ocrx_word' id='word_1_434' title='bbox 1584 1509 1614 1535; x_wconf 87' lang='lat' dir='ltr'>et</span> <span class='ocrx_word' id='word_1_435' title='bbox 1635 1504 1762 1536; x_wconf 84' lang='lat' dir='ltr'>emolu-</span> 
     </span>
     <span class='ocr_line' id='line_1_94' title="bbox 1018 1555 1761 1599; baseline 0.003 -12"><span class='ocrx_word' id='word_1_436' title='bbox 1018 1561 1125 1588; x_wconf 85' lang='lat' dir='ltr'>menta</span> <span class='ocrx_word' id='word_1_437' title='bbox 1147 1555 1205 1588; x_wconf 67' lang='lat' dir='ltr'>lori</span> <span class='ocrx_word' id='word_1_438' title='bbox 1228 1556 1266 1588; x_wconf 80' lang='lat' dir='ltr'>de</span> <span class='ocrx_word' id='word_1_439' title='bbox 1285 1557 1387 1597; x_wconf 74' lang='lat' dir='ltr'>Algat,</span> <span class='ocrx_word' id='word_1_440' title='bbox 1411 1557 1687 1599; x_wconf 81' lang='lat' dir='ltr'>quemadmodum</span> <span class='ocrx_word' id='word_1_441' title='bbox 1704 1557 1761 1589; x_wconf 90' lang='lat' dir='ltr'>ha-</span> 
     </span>
     <span class='ocr_line' id='line_1_95' title="bbox 1018 1607 1763 1650; baseline 0.001 -12"><span class='ocrx_word' id='word_1_442' title='bbox 1018 1612 1129 1639; x_wconf 88' lang='lat' dir='ltr'>ctenus</span> <span class='ocrx_word' id='word_1_443' title='bbox 1149 1617 1277 1650; x_wconf 84' lang='lat' dir='ltr'>semper</span> <span class='ocrx_word' id='word_1_444' title='bbox 1298 1607 1419 1639; x_wconf 86' lang='lat' dir='ltr'>habuit.</span> <span class='ocrx_word' id='word_1_445' title='bbox 1436 1607 1516 1646; x_wconf 87' lang='lat' dir='ltr'>Quia</span> <span class='ocrx_word' id='word_1_446' title='bbox 1529 1608 1623 1640; x_wconf 87' lang='lat' dir='ltr'>etiam</span> <span class='ocrx_word' id='word_1_447' title='bbox 1647 1608 1763 1641; x_wconf 82' lang='lat' dir='ltr'>(lomus</span> 
     </span>
     <span class='ocr_line' id='line_1_96' title="bbox 1018 1659 1762 1703; baseline 0.003 -11"><span class='ocrx_word' id='word_1_448' title='bbox 1018 1659 1093 1692; x_wconf 87' lang='lat' dir='ltr'>dicti</span> <span class='ocrx_word' id='word_1_449' title='bbox 1105 1659 1232 1693; x_wconf 79' lang='lat' dir='ltr'>Ordinis</span> <span class='ocrx_word' id='word_1_450' title='bbox 1246 1665 1318 1702; x_wconf 84' lang='lat' dir='ltr'>sunt</span> <span class='ocrx_word' id='word_1_451' title='bbox 1329 1660 1372 1692; x_wconf 89' lang='lat' dir='ltr'>ita</span> <span class='ocrx_word' id='word_1_452' title='bbox 1383 1671 1552 1703; x_wconf 77' lang='lat' dir='ltr'>pauperes,</span> <span class='ocrx_word' id='word_1_453' title='bbox 1570 1667 1603 1693; x_wconf 88' lang='lat' dir='ltr'>ut</span> <span class='ocrx_word' id='word_1_454' title='bbox 1618 1667 1762 1694; x_wconf 76' lang='lat' dir='ltr'>extraor-</span> 
     </span>
     <span class='ocr_line' id='line_1_97' title="bbox 1018 1713 1760 1757; baseline 0.003 -12"><span class='ocrx_word' id='word_1_455' title='bbox 1018 1713 1141 1746; x_wconf 86' lang='lat' dir='ltr'>dinaria</span> <span class='ocrx_word' id='word_1_456' title='bbox 1162 1724 1261 1746; x_wconf 88' lang='lat' dir='ltr'>onera</span> <span class='ocrx_word' id='word_1_457' title='bbox 1293 1713 1426 1746; x_wconf 85' lang='lat' dir='ltr'>sufferre</span> <span class='ocrx_word' id='word_1_458' title='bbox 1446 1724 1510 1747; x_wconf 91' lang='lat' dir='ltr'>non</span> <span class='ocrx_word' id='word_1_459' title='bbox 1536 1714 1668 1757; x_wconf 86' lang='lat' dir='ltr'>possint,</span> <span class='ocrx_word' id='word_1_460' title='bbox 1702 1715 1760 1747; x_wconf 76' lang='lat' dir='ltr'>de—</span> 
     </span>
     <span class='ocr_line' id='line_1_98' title="bbox 1018 1767 1763 1810; baseline 0 -11"><span class='ocrx_word' id='word_1_461' title='bbox 1018 1773 1139 1800; x_wconf 85' lang='lat' dir='ltr'>cretum</span> <span class='ocrx_word' id='word_1_462' title='bbox 1162 1767 1236 1807; x_wconf 78' lang='lat' dir='ltr'>suit,</span> <span class='ocrx_word' id='word_1_463' title='bbox 1260 1772 1294 1799; x_wconf 84' lang='lat' dir='ltr'>ut</span> <span class='ocrx_word' id='word_1_464' title='bbox 1319 1767 1480 1810; x_wconf 71' lang='lat' dir='ltr'>magistris</span> <span class='ocrx_word' id='word_1_465' title='bbox 1507 1768 1711 1810; x_wconf 75' lang='lat' dir='ltr'>generalibus</span> <span class='ocrx_word' id='word_1_466' title='bbox 1733 1774 1763 1801; x_wconf 86' lang='lat' dir='ltr'>et</span> 
     </span>
     <span class='ocr_line' id='line_1_99' title="bbox 1018 1820 1764 1864; baseline 0.003 -12"><span class='ocrx_word' id='word_1_467' title='bbox 1018 1820 1267 1864; x_wconf 72' lang='lat' dir='ltr'>provincialilms</span> <span class='ocrx_word' id='word_1_468' title='bbox 1287 1821 1440 1864; x_wconf 85' lang='lat' dir='ltr'>(qnando</span> <span class='ocrx_word' id='word_1_469' title='bbox 1461 1831 1573 1854; x_wconf 88' lang='lat' dir='ltr'>eorum</span> <span class='ocrx_word' id='word_1_470' title='bbox 1595 1822 1707 1855; x_wconf 84' lang='lat' dir='ltr'>officiis</span> <span class='ocrx_word' id='word_1_471' title='bbox 1728 1822 1764 1854; x_wconf 83' lang='lat' dir='ltr'>fi—</span> 
     </span>
     <span class='ocr_line' id='line_1_100' title="bbox 1018 1875 1763 1918; baseline 0.003 -12"><span class='ocrx_word' id='word_1_472' title='bbox 1018 1886 1092 1907; x_wconf 89' lang='lat' dir='ltr'>nem</span> <span class='ocrx_word' id='word_1_473' title='bbox 1111 1875 1348 1918; x_wconf 82' lang='lat' dir='ltr'>imposuerint)</span> <span class='ocrx_word' id='word_1_474' title='bbox 1374 1875 1417 1907; x_wconf 90' lang='lat' dir='ltr'>nil</span> <span class='ocrx_word' id='word_1_475' title='bbox 1444 1875 1512 1908; x_wconf 89' lang='lat' dir='ltr'>dari</span> <span class='ocrx_word' id='word_1_476' title='bbox 1538 1876 1662 1909; x_wconf 87' lang='lat' dir='ltr'>debeat.</span> <span class='ocrx_word' id='word_1_477' title='bbox 1694 1877 1763 1909; x_wconf 81' lang='lat' dir='ltr'>Non</span> 
     </span>
     <span class='ocr_line' id='line_1_101' title="bbox 1019 1928 1761 1973; baseline 0 -12"><span class='ocrx_word' id='word_1_478' title='bbox 1019 1928 1219 1961; x_wconf 81' lang='lat' dir='ltr'>obstantibus</span> <span class='ocrx_word' id='word_1_479' title='bbox 1238 1929 1374 1962; x_wconf 77' lang='lat' dir='ltr'>decretis</span> <span class='ocrx_word' id='word_1_480' title='bbox 1396 1929 1426 1961; x_wconf 93' lang='lat' dir='ltr'>in</span> <span class='ocrx_word' id='word_1_481' title='bbox 1456 1929 1518 1962; x_wconf 92' lang='lat' dir='ltr'>alio</span> <span class='ocrx_word' id='word_1_482' title='bbox 1542 1929 1682 1973; x_wconf 88' lang='lat' dir='ltr'>capitulo</span> <span class='ocrx_word' id='word_1_483' title='bbox 1704 1941 1761 1972; x_wconf 70' lang='lat' dir='ltr'>ge-</span> 
     </span>
     <span class='ocr_line' id='line_1_102' title="bbox 1019 1982 1760 2024; baseline 0.001 -11"><span class='ocrx_word' id='word_1_484' title='bbox 1019 1982 1119 2014; x_wconf 87' lang='lat' dir='ltr'>nerali</span> <span class='ocrx_word' id='word_1_485' title='bbox 1152 1982 1422 2024; x_wconf 69' lang='lat' dir='ltr'>Caesaraugustae</span> <span class='ocrx_word' id='word_1_486' title='bbox 1454 1983 1617 2015; x_wconf 71' lang='lat' dir='ltr'>celebrato</span> <span class='ocrx_word' id='word_1_487' title='bbox 1652 1983 1760 2021; x_wconf 79' lang='lat' dir='ltr'>factis,</span> 
     </span>
     <span class='ocr_line' id='line_1_103' title="bbox 1020 2035 1762 2080; baseline 0.003 -14"><span class='ocrx_word' id='word_1_488' title='bbox 1020 2045 1076 2080; x_wconf 86' lang='lat' dir='ltr'>per</span> <span class='ocrx_word' id='word_1_489' title='bbox 1094 2045 1175 2078; x_wconf 85' lang='lat' dir='ltr'>quae</span> <span class='ocrx_word' id='word_1_490' title='bbox 1208 2035 1365 2078; x_wconf 67' lang='lat' dir='ltr'>designati</span> <span class='ocrx_word' id='word_1_491' title='bbox 1397 2036 1522 2069; x_wconf 80' lang='lat' dir='ltr'>suerunt</span> <span class='ocrx_word' id='word_1_492' title='bbox 1550 2041 1678 2069; x_wconf 86' lang='lat' dir='ltr'>centum</span> <span class='ocrx_word' id='word_1_493' title='bbox 1701 2037 1762 2068; x_wconf 87' lang='lat' dir='ltr'>du-</span> 
     </span>
     <span class='ocr_line' id='line_1_104' title="bbox 1020 2088 1762 2131; baseline 0 -11"><span class='ocrx_word' id='word_1_494' title='bbox 1020 2088 1080 2121; x_wconf 88' lang='lat' dir='ltr'>cati</span> <span class='ocrx_word' id='word_1_495' title='bbox 1094 2089 1228 2131; x_wconf 67' lang='lat' dir='ltr'>singulis</span> <span class='ocrx_word' id='word_1_496' title='bbox 1253 2089 1344 2121; x_wconf 86' lang='lat' dir='ltr'>annis</span> <span class='ocrx_word' id='word_1_497' title='bbox 1365 2089 1508 2122; x_wconf 84' lang='lat' dir='ltr'>solvendi</span> <span class='ocrx_word' id='word_1_498' title='bbox 1531 2089 1683 2131; x_wconf 71' lang='lat' dir='ltr'>magistro</span> <span class='ocrx_word' id='word_1_499' title='bbox 1704 2100 1762 2131; x_wconf 73' lang='lat' dir='ltr'>ge-</span> 
     </span>
     <span class='ocr_line' id='line_1_105' title="bbox 1020 2142 1761 2186; baseline 0.003 -12"><span class='ocrx_word' id='word_1_500' title='bbox 1020 2142 1132 2181; x_wconf 87' lang='lat' dir='ltr'>nerali,</span> <span class='ocrx_word' id='word_1_501' title='bbox 1157 2142 1210 2185; x_wconf 84' lang='lat' dir='ltr'>qui</span> <span class='ocrx_word' id='word_1_502' title='bbox 1233 2142 1339 2175; x_wconf 82' lang='lat' dir='ltr'>officio</span> <span class='ocrx_word' id='word_1_503' title='bbox 1360 2153 1418 2175; x_wconf 90' lang='lat' dir='ltr'>suo</span> <span class='ocrx_word' id='word_1_504' title='bbox 1434 2142 1531 2175; x_wconf 81' lang='lat' dir='ltr'>tinem</span> <span class='ocrx_word' id='word_1_505' title='bbox 1547 2143 1761 2186; x_wconf 81' lang='lat' dir='ltr'>imposuisset,</span> 
     </span>
     <span class='ocr_line' id='line_1_106' title="bbox 1021 2195 1765 2240; baseline 0.001 -12"><span class='ocrx_word' id='word_1_506' title='bbox 1021 2201 1052 2228; x_wconf 87' lang='lat' dir='ltr'>et</span> <span class='ocrx_word' id='word_1_507' title='bbox 1072 2195 1235 2237; x_wconf 71' lang='lat' dir='ltr'>sexaginta</span> <span class='ocrx_word' id='word_1_508' title='bbox 1256 2203 1328 2228; x_wconf 81' lang='lat' dir='ltr'>octo</span> <span class='ocrx_word' id='word_1_509' title='bbox 1357 2196 1462 2229; x_wconf 78' lang='lat' dir='ltr'>ducati</span> <span class='ocrx_word' id='word_1_510' title='bbox 1484 2196 1659 2239; x_wconf 83' lang='lat' dir='ltr'>unicuique</span> <span class='ocrx_word' id='word_1_511' title='bbox 1689 2207 1765 2240; x_wconf 87' lang='lat' dir='ltr'>pro-</span> 
     </span>
     <span class='ocr_line' id='line_1_107' title="bbox 1021 2248 1765 2291; baseline 0.001 -11"><span class='ocrx_word' id='word_1_512' title='bbox 1021 2248 1159 2288; x_wconf 78' lang='lat' dir='ltr'>rineiali⁷</span> <span class='ocrx_word' id='word_1_513' title='bbox 1183 2248 1237 2291; x_wconf 87' lang='lat' dir='ltr'>qni</span> <span class='ocrx_word' id='word_1_514' title='bbox 1260 2248 1408 2281; x_wconf 83' lang='lat' dir='ltr'>similiter</span> <span class='ocrx_word' id='word_1_515' title='bbox 1428 2249 1569 2281; x_wconf 77' lang='lat' dir='ltr'>officinm</span> <span class='ocrx_word' id='word_1_516' title='bbox 1591 2260 1684 2281; x_wconf 86' lang='lat' dir='ltr'>suum</span> <span class='ocrx_word' id='word_1_517' title='bbox 1705 2250 1765 2282; x_wconf 88' lang='lat' dir='ltr'>im-</span> 
     </span>
     <span class='ocr_line' id='line_1_108' title="bbox 1022 2298 1765 2345; baseline 0.001 -10"><span class='ocrx_word' id='word_1_518' title='bbox 1022 2303 1180 2345; x_wconf 81' lang='lat' dir='ltr'>plevisset.</span> <span class='ocrx_word' id='word_1_519' title='bbox 1216 2302 1332 2336; x_wconf 75' lang='lat' dir='ltr'>Addita</span> <span class='ocrx_word' id='word_1_520' title='bbox 1357 2308 1464 2336; x_wconf 84' lang='lat' dir='ltr'>tamen</span> <span class='ocrx_word' id='word_1_521' title='bbox 1495 2298 1676 2336; x_wconf 79' lang='lat' dir='ltr'>cohortatio</span> <span class='ocrx_word' id='word_1_522' title='bbox 1710 2303 1765 2336; x_wconf 82' lang='lat' dir='ltr'>suit</span> 
     </span>
     <span class='ocr_line' id='line_1_109' title="bbox 1022 2357 1763 2400; baseline 0.001 -12"><span class='ocrx_word' id='word_1_523' title='bbox 1022 2357 1060 2388; x_wconf 86' lang='lat' dir='ltr'>ad</span> <span class='ocrx_word' id='word_1_524' title='bbox 1083 2357 1364 2389; x_wconf 68' lang='lat' dir='ltr'>commendatores</span> <span class='ocrx_word' id='word_1_525' title='bbox 1398 2363 1424 2389; x_wconf 86' lang='lat' dir='ltr'>et</span> <span class='ocrx_word' id='word_1_526' title='bbox 1448 2357 1608 2400; x_wconf 86' lang='lat' dir='ltr'>praelatos</span> <span class='ocrx_word' id='word_1_527' title='bbox 1633 2357 1763 2390; x_wconf 85' lang='lat' dir='ltr'>ordina-</span> 
     </span>
     <span class='ocr_line' id='line_1_110' title="bbox 1023 2409 1762 2453; baseline 0.004 -13"><span class='ocrx_word' id='word_1_528' title='bbox 1023 2409 1087 2441; x_wconf 87' lang='lat' dir='ltr'>rios</span> <span class='ocrx_word' id='word_1_529' title='bbox 1101 2409 1272 2441; x_wconf 86' lang='lat' dir='ltr'>domorum</span> <span class='ocrx_word' id='word_1_530' title='bbox 1293 2409 1322 2441; x_wconf 91' lang='lat' dir='ltr'>in</span> <span class='ocrx_word' id='word_1_531' title='bbox 1338 2409 1454 2453; x_wconf 84' lang='lat' dir='ltr'>quibus</span> <span class='ocrx_word' id='word_1_532' title='bbox 1468 2410 1693 2450; x_wconf 86' lang='lat' dir='ltr'>habitaverint,</span> <span class='ocrx_word' id='word_1_533' title='bbox 1719 2416 1762 2449; x_wconf 82' lang='lat' dir='ltr'>ut,</span> 
     </span>
     <span class='ocr_line' id='line_1_111' title="bbox 1024 2462 1765 2506; baseline 0.003 -12"><span class='ocrx_word' id='word_1_534' title='bbox 1024 2462 1166 2505; x_wconf 87' lang='lat' dir='ltr'>ipsorum</span> <span class='ocrx_word' id='word_1_535' title='bbox 1188 2463 1301 2495; x_wconf 80' lang='lat' dir='ltr'>officiis</span> <span class='ocrx_word' id='word_1_536' title='bbox 1316 2463 1461 2506; x_wconf 81' lang='lat' dir='ltr'>peractis,</span> <span class='ocrx_word' id='word_1_537' title='bbox 1482 2463 1524 2496; x_wconf 89' lang='lat' dir='ltr'>ita</span> <span class='ocrx_word' id='word_1_538' title='bbox 1547 2463 1616 2496; x_wconf 89' lang='lat' dir='ltr'>illos</span> <span class='ocrx_word' id='word_1_539' title='bbox 1638 2464 1765 2497; x_wconf 77' lang='lat' dir='ltr'>tractari</span> 
     </span>
     <span class='ocr_line' id='line_1_112' title="bbox 1023 2508 1762 2560; baseline 0.003 -12"><span class='ocrx_word' id='word_1_540' title='bbox 1023 2523 1145 2555; x_wconf 75' lang='lat' dir='ltr'>curent,</span> <span class='ocrx_word' id='word_1_541' title='bbox 1170 2508 1204 2549; x_wconf 81' lang='lat' dir='ltr'>ut</span> <span class='ocrx_word' id='word_1_542' title='bbox 1225 2517 1367 2560; x_wconf 87' lang='lat' dir='ltr'>ipsorum</span> <span class='ocrx_word' id='word_1_543' title='bbox 1391 2527 1544 2560; x_wconf 76' lang='lat' dir='ltr'>personas</span> <span class='ocrx_word' id='word_1_544' title='bbox 1569 2523 1595 2549; x_wconf 86' lang='lat' dir='ltr'>el</span> <span class='ocrx_word' id='word_1_545' title='bbox 1621 2517 1762 2559; x_wconf 67' lang='lat' dir='ltr'>dignita-</span> 
     </span>
     <span class='ocr_line' id='line_1_113' title="bbox 1024 2570 1190 2601; baseline 0 0"><span class='ocrx_word' id='word_1_546' title='bbox 1024 2575 1068 2601; x_wconf 63' lang='lat' dir='ltr'>les</span> <span class='ocrx_word' id='word_1_547' title='bbox 1091 2570 1190 2601; x_wconf 69' lang='lat' dir='ltr'>(lecel.</span> 
     </span>
    </p>

    <p class='ocr_par' dir='ltr' id='par_1_23' title="bbox 1068 2623 1763 2666">
     <span class='ocr_line' id='line_1_114' title="bbox 1068 2623 1763 2666; baseline 0.004 -11"><span class='ocrx_word' id='word_1_548' title='bbox 1068 2624 1081 2666; x_wconf 58' lang='grc' dir='ltr'>ξ</span> <span class='ocrx_word' id='word_1_549' title='bbox 1104 2623 1131 2656; x_wconf 94' lang='grc'>7.</span> <span class='ocrx_word' id='word_1_550' title='bbox 1159 2624 1343 2664; x_wconf 82' lang='lat' dir='ltr'>Praeterea,</span> <span class='ocrx_word' id='word_1_551' title='bbox 1374 2630 1405 2657; x_wconf 90' lang='lat' dir='ltr'>ut</span> <span class='ocrx_word' id='word_1_552' title='bbox 1434 2630 1554 2658; x_wconf 82' lang='lat' dir='ltr'>cessent</span> <span class='ocrx_word' id='word_1_553' title='bbox 1588 2626 1687 2658; x_wconf 84' lang='lat' dir='ltr'>multa</span> <span class='ocrx_word' id='word_1_554' title='bbox 1713 2625 1763 2658; x_wconf 87' lang='lat' dir='ltr'>in-</span> 
     </span>
    </p>
   </div>
   <div class='ocr_carea' id='block_1_17' title="bbox 1004 2677 1764 2722">
    <p class='ocr_par' dir='ltr' id='par_1_24' title="bbox 1004 2677 1764 2722">
     <span class='ocr_line' id='line_1_115' title="bbox 1004 2677 1764 2722; baseline 0.004 -13"><span class='ocrx_word' id='word_1_555' title='bbox 1004 2677 1256 2719; x_wconf 46' lang='lat' dir='ltr'>,eonx&#39;enientim</span> <span class='ocrx_word' id='word_1_556' title='bbox 1281 2688 1362 2721; x_wconf 79' lang='lat' dir='ltr'>quae</span> <span class='ocrx_word' id='word_1_557' title='bbox 1385 2677 1450 2721; x_wconf 85' lang='lat' dir='ltr'>ipsa</span> <span class='ocrx_word' id='word_1_558' title='bbox 1476 2679 1670 2722; x_wconf 79' lang='lat' dir='ltr'>experientia</span> <span class='ocrx_word' id='word_1_559' title='bbox 1695 2691 1764 2712; x_wconf 86' lang='lat' dir='ltr'>ma-</span> 
     </span>
    </p>
   </div>
  </div>
 </body>
</html>
