2253 3195
223 243 408 272 An.c.1595
457 234 516 269 198
562 249 565 251 ·

255 1041 314 1065 Quod
330 1042 405 1062 (jai-olo

222 1069 292 1089 coi-niti
307 1068 372 1088 lulius
388 1068 405 1088 ll

221 1095 360 1115 confirmant.

248 1839 290 1861 Leo
307 1840 322 1862 X
338 1844 406 1866 punit·

223 1866 270 1887 fleta
295 1869 364 1888 omnia
387 1870 406 1888 rt

223 1894 341 1918 imperialia
366 1900 407 1920 pri·

224 1921 299 1945 viloessia
318 1921 407 1941 utin-ibus

224 1945 344 1967 sabaudia·-
360 1954 407 1968 cvn-

223 1979 283 1993 ’ϊῦυ
298 1975 407 1994 confirma-

422 293 454 326 in
467 303 605 336 persona
622 292 722 337 ipsius
734 291 868 325 Amadei
888 290 1015 324 comitis
1032 300 1164 324 excom-

422 345 660 385 munit-ationis,
684 350 715 378 et
735 345 766 378 in
788 344 855 378 eius
883 350 984 377 terras
1004 343 1166 377 interdicti

422 399 595 432 sententias
608 399 828 442 promulgare,
851 397 920 430 sine
929 396 1059 440 speciali
1073 407 1166 429 man-

422 453 496 486 dato
518 452 660 485 eiusdem
681 451 771 484 Sedis
786 478 793 491 ‚
828 450 962 484 faciente
986 450 1115 494 plenam
1136 456 1167 484 et

422 516 620 550 expressam,
655 515 691 537 ac
718 505 758 538 de
782 503 881 537 verbo
910 504 950 537 ad
971 504 1104 537 verbum
1126 504 1165 537 de

421 561 545 594 indulto
572 559 757 592 liuiusmOdi
784 558 1006 600 mentionem>
1026 558 1166 601 vestigiis

422 613 630 652 inhaerendo,
661 612 825 656 quondam
848 612 961 646 Carolo
985 611 1166 645 Sabaudiae

421 665 506 703 duci,
530 666 626 699 etiam
653 671 729 698 tuuc
749 665 780 698 in
802 664 952 698 humanis
972 664 1101 707 agenti,
1131 670 1166 698 ut

421 719 528 752 nullus
561 719 740 761 delegatus,
770 718 819 752 vel
850 718 1078 760 subdelegatus
1107 729 1166 762 per

420 771 541 806 litteras
562 772 755 816 apostolicas
775 771 807 805 in
834 782 925 805 suain
947 777 978 804 et
997 771 1104 805 uxoris
1129 783 1165 805 ac

421 825 600 859 liberorum
619 835 753 858 suorum
774 835 929 869 personas
947 825 1167 857 excommuni-

421 878 557 912 cationis
581 878 773 912 sententiam
799 879 1010 926 prqmulgare
1037 884 1161 922 posset,

421 933 542 976 absque
571 932 715 966 eiusdem
746 932 838 966 Sedis
872 932 1005 976 speciali
1036 932 1165 966 licentia

422 986 557 1020 faciente
571 986 699 1030 plenam
714 992 744 1019 et
761 996 946 1030 expressam
965 997 1002 1019 ac
1014 986 1052 1019 de
1066 986 1164 1020 verbo

421 1040 462 1073 ad
481 1039 614 1072 verbum
637 1030 676 1072 de
697 1039 822 1073 indulto
847 1039 1034 1072 huiusmodi
1068 1050 1162 1073 men-

422 1093 564 1133 tionem,
600 1093 752 1137 quodque
785 1092 815 1125 in
846 1093 925 1128 locis
948 1093 1164 1127 eeclesiastico

420 1146 604 1187 interdicto,
621 1146 716 1180 etiam
728 1157 801 1180 cuin
820 1146 1007 1180 huiusmodi
1020 1146 1161 1187 licentia,

420 1199 604 1244 suppositis,
633 1199 659 1233 si
678 1210 751 1233 eum
769 1200 809 1232 ad
831 1199 883 1232 illa
904 1199 1082 1238 declinare,
1116 1199 1164 1232 vel

421 1254 452 1286 in
473 1254 519 1287 eis
539 1253 681 1287 residere
704 1253 894 1295 contigeret,
915 1253 1028 1286 missas
1053 1258 1084 1286 et
1103 1253 1164 1286 alia

421 1307 528 1340 divina
549 1307 665 1347 officia,
684 1307 779 1340 etiam
801 1306 920 1350 apertis
940 1305 1044 1339 ianuis
1064 1306 1166 1339 eccle-

420 1360 554 1401 siarum,
578 1366 610 1394 et
631 1360 796 1404 campanis
816 1359 961 1404 pulsatis,
980 1370 1015 1392 ac
1036 1359 1099 1393 alta
1111 1370 1165 1393 vo-

421 1425 468 1454 ce,
493 1414 779 1447 excommunicatis
800 1419 908 1447 tamen
929 1419 959 1446 et
985 1413 1166 1447 interdictis

421 1468 567 1507 exclusis,
603 1468 771 1508 celebrari,
796 1478 922 1501 necnon
951 1467 1166 1501 ecclesiastica

420 1527 620 1555 sacramenta
633 1531 868 1565 quaecumque,
881 1521 958 1554 dum
973 1526 1078 1554 tamen
1092 1521 1162 1562 rite,

420 1573 524 1608 sibiet
542 1574 611 1607 eius
631 1574 723 1607 uxori
742 1585 779 1607 ae
798 1570 909 1607 liberis
927 1573 1100 1607 ministrari
1115 1574 1163 1607 fa-

421 1637 504 1668 cere,
529 1627 648 1671 illaque
665 1627 826 1671 suscipere
845 1627 946 1660 libere
967 1632 995 1660 et
1017 1626 1102 1659 licite
1116 1637 1166 1660 va-

422 1681 502 1715 leret
530 1687 559 1714 et
584 1681 733 1715 valerent'
751 1691 809 1725 per
835 1681 914 1714 alias
942 1690 1016 1714 suas
1045 1680 1167 1714 litteras

422 1735 564 1768 indulsit.

466 1787 534 1832 ἓξ).
570 1788 602 1821 ΕΙ
631 1789 762 1822 demum
795 1788 867 1832 piae
901 1787 1076 1820 memoriae
1104 1787 1166 1821 Leo

422 1842 507 1886 Papa
533 1842 568 1881 X,
593 1842 689 1875 etiarn
709 1842 940 1886 praedecessor
960 1846 1079 1880 noster,
1103 1840 1166 1874 sin-

423 1895 513 1938 gulas
534 1895 655 1929 litteras
676 1895 833 1939 praefatas
852 1900 882 1928 et
903 1894 933 1927 iu
952 1893 996 1926 cis
1017 1899 1165 1928 contenta

423 1959 647 1992 quaecumque
667 1976 673 1988 ,
703 1959 827 1982 necnon
849 1949 957 1982 oinnia
985 1953 1015 1980 et
1039 1949 1166 1991 singula

424 2002 603 2046 privilegia,
635 2003 882 2044 concessiones,
910 2004 1028 2047 gratias
1057 2010 1087 2037 et
1112 2003 1162 2036 in-

425 2056 524 2096 dulta,
556 2067 650 2099 quae,
686 2062 748 2088 tani
767 2068 825 2100 per
845 2058 1007 2091 Romanos
1028 2057 1162 2091 Pontifi-

423 2120 485 2148 ces
503 2119 599 2153 qnam
618 2109 715 2143 sacris
727 2110 905 2144 canonibus
926 2122 989 2144 non
1005 2110 1166 2145 contraria

422 2173 479 2206 per
503 2162 715 2206 imperatores
745 2169 771 2195 et
807 2174 987 2211 reges-pro
1019 2170 1165 2208 tempore

422 2215 566 2248 existenti
585 2215 708 2248 duciae
730 2216 868 2249 nationis
887 2217 1067 2250 Sabaudiae
1089 2228 1165 2251 con-

422 2279 508 2301 cessa
528 2270 664 2308 fuerant,
689 2280 723 2302 cx
745 2275 832 2302 certa
849 2270 944 2302 ctiam
967 2270 1099 2303 scientia
1110 2281 1166 2314 per

421 2333 492 2355 suas
514 2322 634 2355 litteras
655 2322 804 2355 similiter
823 2323 1023 2366 approbavit,
1047 2323 1165 2357 confir-

423 2375 514 2407 mavit
539 2381 566 2407 et
590 2375 761 2415 innovavit,
776 2387 811 2409 ac
834 2382 1007 2420 perpetuae
1030 2377 1164 2409 firmita-

423 2429 460 2460 ti>
480 2429 578 2461 robur
598 2429 743 2462 obtinere
757 2435 785 2461 et
809 2429 1037 2463 inviolabiliter
1057 2431 1166 2463 obser-

424 2482 486 2514 vari
508 2482 626 2514 ‹lelwre
652 2483 802 2522 ‹lei-revit,
830 2483 985 2527 supplens
1006 2494 1119 2517 onines
1136 2489 1184 2517 cts

422 2535 564 2575 singulo>
590 2535 666 2567 iuris
691 2547 726 2567 :n-
758 2536 828 2569 faeti
861 2537 1025 2577 defectus,
1053 2537 1078 2569 si
1111 2537 1165 2581 qui

425 2588 529 2620 forsan
557 2587 800 2622 intervenissent
828 2589 858 2622 in
889 2590 1033 2630 eisdem3
1062 2595 1092 2623 et
1112 2589 1163 2623 ni-

425 2640 599 2673 hilominus
635 2642 946 2685 praemissa-omnia
974 2649 1005 2676 et
1025 2642 1163 2685 singula,

1004 243 1188 268 BULLAMUM
1207 242 1363 267 RoatANtm

1199 295 1297 334 prout
1319 301 1378 334 per
1409 289 1511 324 dictos
1534 290 1810 335 praedecessores,
1834 290 1939 335 impe-

1200 348 1322 377 ratores
1342 348 1373 377 et
1392 353 1484 386 reges
1500 353 1662 384 concessa,
1679 342 1813 385 indulta,
1825 349 1944 378 statuta

1200 402 1232 430 et
1251 397 1401 430 ordinata
1420 397 1603 438 extiterant,
1618 398 1659 431 de
1671 408 1755 431 novo
1768 398 1939 438 concessit,

1200 450 1344 492 indulsit,
1377 450 1489 484 statuit
1505 456 1536 484 et
1555 450 1737 492 ordinavit,
1765 451 1943 485 decernens

1199 503 1262 537 illis
1281 510 1311 538 et
1332 504 1446 538 litteris
1470 504 1537 537 suis
1558 504 1732 548 praedictis
1763 505 1852 538 nullo
1876 516 1940 538 un-

1200 568 1296 602 quam
1330 563 1475 602 tempore
1495 556 1554 601 pe'r
1573 557 1688 591 Sedein
1713 558 1860 591 eamdem
1881 558 1939 592 de-

1200 611 1308 654 rogari
1319 621 1423 655 posse,
1446 621 1505 644 nec
1519 611 1709 654 derogatum
1728 610 1863 651 censeri,
1880 611 1940 644 nisi

1200 665 1238 698 de
1257 670 1322 698 toto
1343 670 1466 706 tenore,
1489 671 1520 698 et
1540 666 1613 699 data
1629 665 1808 699 litterarum
1829 664 1944 699 Leonis

1199 717 1458 762 praedecessoris
1477 718 1663 752 huiusmodi
1686 718 1793 762 plena,
1834 718 1940 762 speci-

1199 771 1271 812 fica,
1295 771 1473 811 individua,
1496 771 1643 815 specialis
1667 776 1698 804 et
1717 781 1878 815 expressa,
1907 782 1944 805 ac

1201 825 1239 858 de
1271 824 1369 859 verbo
1401 825 1442 858 ad
1466 825 1622 865 verbum,
1657 835 1722 858 non
1747 830 1855 858 autern
1884 835 1944 869 per

1200 879 1359 912 clausulas
1390 879 1557 922 generales
1587 878 1673 913 idem
1705 879 1940 924 importantes.

1200 932 1322 966 mentio
1351 932 1454 974 fieret,
1487 938 1519 966 et
1548 932 1649 976 ipsius
1677 932 1793 974 Caroli,
1827 944 1864 967 ac
1883 944 1943 978 pro

1201 992 1347 1030 tempore
1373 985 1537 1020 existentis
1560 985 1741 1020 Sabaudiae
1768 986 1860 1020 ducis
1885 998 1940 1021 ex-

1199 1050 1328 1084 pressus
1348 1040 1388 1072 ad
1406 1039 1438 1072 id
1459 1040 1629 1073 accederet
1652 1050 1800 1073 assensus
1815 1067 1822 1081 ,
1849 1045 1881 1074 et
1899 1039 1944 1074 sic

1198 1103 1257 1136 per
1272 1103 1495 1136 quoscumque
1509 1092 1632 1126 iudices
1645 1098 1675 1126 et
1689 1092 1940 1133 commissarios,

1200 1146 1296 1179 etiam
1328 1156 1498 1190 causarum
1519 1145 1629 1189 palatii
1653 1145 1820 1190 apostolici
1845 1146 1941 1180 autli-

1200 1204 1297 1240 tores,
1315 1199 1346 1232 in
1360 1199 1524 1243 quibusvis
1544 1199 1647 1233 causis
1660 1205 1691 1233 et.
1704 1199 1873 1241 instantiis,
1891 1210 1944 1234 su-

1200 1252 1285 1286 blata
1310 1253 1355 1286 eis
1375 1258 1407 1286 et
1433 1263 1545 1286 eorum
1568 1252 1701 1297 cuilibet
1720 1253 1831 1297 quavis
1851 1253 1944 1288 aliter

1200 1306 1364 1340 iudicandi
1394 1311 1425 1339 et
1454 1305 1689 1350 interpretandi
1725 1306 1876 1340 facultate
1913 1313 1944 1341 et

1200 1360 1401 1400 auctoritate,
1437 1359 1573 1393 iudicari
1595 1365 1626 1393 et
1645 1359 1774 1393 definiri
1801 1360 1939 1401 debere,

1201 1413 1326 1447 irritum
1349 1424 1479 1458 quoque
1504 1419 1535 1447 et
1559 1413 1655 1447 inane
1675 1413 1832 1458 quidquid
1853 1425 1944 1448 secus

1200 1478 1298 1511 super
1317 1467 1367 1500 his
1387 1478 1405 1500 a
1425 1477 1643 1511 quocumque,
1667 1467 1779 1511 quavis
1804 1467 1944 1501 auctori-

1203 1525 1283 1561 tate,
1315 1520 1453 1554 scienter
1472 1520 1521 1553 vel
1542 1520 1741 1563 ignoranter,
1765 1519 1945 1563 contigeret

1200 1574 1360 1607 attentari.

1245 1627 1260 1670 ἓ
1285 1626 1316 1660 6.
1346 1627 1586 1672 Subsequenter
1617 1626 1731 1661 similis
1763 1627 1944 1661 memoriae

1201 1741 1320 1775 noster,
1344 1734 1486 1777 singulas
1499 1735 1622 1768 litteras
1634 1734 1836 1778 singulorum
1851 1745 1944 1780 prae-

1201 1788 1362 1822 dictorum
1384 1787 1684 1832 praedecessorum,
1705 1798 1742 1821 ac
1762 1787 1851 1822 ineis
1868 1798 1945 1823 con-

1201 1846 1287 1874 tenta
1317 1851 1566 1885 quaecumque,
1601 1850 1660 1874 nec
1692 1851 1757 1874 non
1779 1841 1889 1875 omnia
1914 1846 1946 1876 et

1200 1895 1326 1937 singula
1354 1893 1531 1938 privilegia,
1560 1893 1804 1935 concessiones,
1827 1894 1945 1937 gratias

1201 1954 1231 1981 et
1250 1948 1386 1985 indulta,
1410 1947 1509 1981 sacris
1524 1947 1702 1981 canonibus
1716 1947 1851 1982 minime
1861 1958 1940 1982 con-

1201 2001 1309 2041 traria,
1333 2007 1396 2034 tam
1410 2011 1467 2045 per
1479 2001 1641 2035 Romanos
1654 2001 1943 2046 Pontifices,quam

1200 2065 1257 2099 per
1277 2054 1489 2098 imperatores
1506 2060 1537 2088 et
1558 2065 1649 2097 reges
1669 2054 1743 2088 duci
1763 2065 1801 2089 ac
1820 2055 1943 2090 nationi

1200 2107 1379 2142 Sabaudiae
1400 2107 1585 2141 huiusmodi
1612 2118 1775 2149 concessa,
1798 2119 1836 2142 ex
1855 2114 1943 2143 certa

1181 2162 1349 2200 ‚st-lentia,
1370 2173 1428 2206 per
1449 2172 1522 2195 suas
1552 2162 1673 2195 litteras
1697 2162 1888 2207 approbavit
1911 2167 1943 2197 et

1200 2214 1414 2255 confirmavit,
1439 2226 1475 2247 ac
1495 2220 1671 2259 perpetuae
1702 2215 1864 2250 firmitatis
1883 2225 1939 2250 ro-

1200 2268 1261 2301 bnr
1292 2268 1439 2302 obtinere
1465 2274 1494 2302 et
1521 2263 1750 2303 inviolabiliter
1779 2269 1942 2303 observari

1199 2322 1318 2356 debere
1344 2322 1439 2355 etiam
1465 2322 1622 2363 decrevit,
1648 2323 1803 2367 supplens
1831 2333 1944 2357 omnes

1200 2382 1229 2409 et
1250 2376 1394 2419 singulos
1411 2376 1489 2409 iuris
1510 2387 1547 2409 ac
1567 2375 1639 2409 facti
1661 2376 1815 2416 defectus,
1839 2376 1864 2410 si
1885 2376 1940 2421 qui

1201 2430 1305 2463 forsan
1324 2429 1568 2463 intervenissent
1590 2429 1620 2462 in
1639 2429 1772 2469 eisdem:
1796 2435 1827 2464 et
1840 2429 1941 2463 nihil-

1200 2483 1328 2516 ominus
1349 2483 1524 2527 praeniissa
1539 2483 1658 2521 omnia,
1674 2489 1767 2527 prout
1783 2493 1840 2528 per
1853 2493 1946 2528 prae-

1201 2536 1302 2569 dictos
1313 2536 1578 2580 praedecessores
1586 2536 1798 2580 imperatores
1808 2547 1845 2570 ac
1854 2547 1945 2580 reges

1201 2600 1370 2629 concessa,
1401 2589 1542 2630 indulta,
1567 2595 1704 2629 statuta,
1738 2590 1888 2624 ordinata
1914 2594 1945 2623 et

1183 2643 1329 2683 ,decreta
1351 2644 1495 2683 fuerunt,
1523 2643 1562 2676 de
1584 2654 1666 2676 novo
1697 2643 1874 2684 concessit,
1899 2642 1946 2676 in-

1957 241 2008 269 An.
2025 243 2053 270 c.
2071 244 2166 285 1,--

2012 1634 2073 1666 Quos!

1200 1681 1345 1715 Cleinens
1370 1682 1456 1725 Papa
1480 1681 1544 1722 VII,
1579 1681 1673 1715 etiam
1714 1681 1944 1726 praedecessor
1957 1663 2076 1711 ffissffillf
2103 1667 2109 1678 ’
