2253 3195
68 179 115 207 An.
133 179 160 205 (l.
184 177 251 206 ¹593

879 177 1026 203 CLEMENS

265 232 296 261 et
314 226 495 271 Capitulum
514 232 544 260 et
557 237 670 261 eorum
690 227 868 272 quemlibet
881 237 917 260 ex
931 237 1006 267 una,

265 287 296 314 et
321 280 437 314 milites
458 281 497 314 de
522 281 710 319 Alcantara,
735 280 1009 325 archipracsbyte-

265 344 317 367 ros
337 344 514 378 omnesque
535 334 645 373 alios',
669 344 777 367 coram
799 334 1009 377 quibuscum-

264 399 326 432 que
347 388 516 427 iudicibus,
541 388 635 421 etiam
659 388 689 420 in
711 388 790 421 Rota
811 388 1005 431 pendentes,

264 441 376 474 harum
399 442 480 474 serie
501 442 541 474 ad
554 451 612 474 nos
629 446 809 481 avocantes,
823 441 928 474 eidem
942 440 1008 482 regi

263 495 432 532 catholico.
457 501 491 528 ut
511 495 611 528 dictas
632 495 753 527 litteras
777 494 854 528 sixti
885 500 915 527 et
939 494 1008 527 aliis

264 548 438 581 iudiciariis
462 548 597 585 actibus,
622 548 653 580 in
676 547 779 581 causis
797 547 1004 587 huiusmodi,

263 602 396 635 minime
413 602 624 641 obstantibus
642 613 754 635 causas
774 607 805 635 et
825 607 1009 635 controver-

262 655 324 688 sias
344 655 530 689 huiusmodi
549 666 607 699 per
626 665 659 688 se
678 656 727 688 vel
748 655 846 688 alium
860 665 917 688 seu
929 655 1008 688 alios

262 703 360 742 ab-eo
375 708 553 753 deputatos,
572 720 629 753 pro
647 720 703 742 sua
716 709 888 753 prudentia
901 714 933 742 et
946 708 1007 741 cir-

262 762 513 806 cumspectione,
534 763 744 803 concordare,
762 772 958 806 componere
972 772 1009 795 ac

262 815 476 849 amicabiliter
495 816 669 849 terminare
690 822 719 850 et
742 816 834 849 finire
854 816 951 860 possit
978 822 1008 849 et

263 870 398 909 debeat,
433 870 514 903 intra
551 870 718 904 biennium
752 876 858 904 tamen
890 881 907 903 a
934 870 1007 903 data

261 923 479 968 praesentium
500 925 767 968 computandum,
782 935 840 968 per
856 934 1007 968 praesen-

263 983 310 1011 tes
330 977 458 1022 plenam
478 983 508 1011 et
527 978 662 1011 liberam
684 978 867 1011 facultatem
890 983 920 1011 et
944 988 1003 1011 au-

262 1031 443 1065 ctoritatem
465 1042 502 1065 ac
521 1031 778 1065 iurisdictionem
799 1031 1007 1065 concedimus

263 1090 293 1117 et
309 1084 525 1129 impertimur.

1044 178 1104 203 vni
1125 178 1175 202 rr.
1716 164 1758 199 67
1806 175 1853 202 An.
1877 174 1904 203 C.
1923 175 1991 203 ¹593

1044 226 1119 259 dicti
1149 225 1259 270 palatii
1289 224 1472 265 auditores,
1495 224 1576 258 ets.
1601 224 1636 258 R.
1658 224 1692 258 Ε.
1722 234 1790 257 car·
1814 237 1927 268 sinain
1938 244 1989 265 quo.

1044 279 1176 319 dinales‚
1194 278 1319 312 sublata
1332 278 1376 312 eis
1394 283 1424 311 et
1441 287 1552 311 eorum
1568 277 1699 310 cuilibet
1712 287 1790 321 qua·
1804 264 1990 321 lfflfissanli'ufi'fflzss

1043 333 1088 365 vis
1109 333 1201 366 aliter
1227 331 1391 366 iudicandi
1419 336 1449 365 et
1480 330 1713 375 interpretandi
1746 319 1850 364 sti-'¹¹¹¹'

1044 387 1161 419 cultate
1179 391 1210 419 et
1229 385 1432 425 auctoritate,
1445 385 1476 418 in
1491 383 1675 429 praemissis
1686 384 1790 417 omni-

1043 440 1102 472 bus
1120 445 1150 473 et
1169 440 1302 481 singulis
1332 439 1466 472 iudicari
1496 439 1635 478 debere;
1664 437 1789 471 irritum

1043 504 1173 537 quoque
1200 499 1228 526 et
1261 493 1355 526 inane
1384 492 1541 537 quidquid
1573 503 1665 525 secus
1694 501 1791 536 super

1044 546 1092 578 his
1109 556 1127 578 a
1148 556 1324 589 quoquam,
1340 545 1451 589 quavis
1470 545 1673 585 auctoritate,
1687 544 1790 578 scien·

1045 606 1090 633 tor
1108 600 1154 632 vel
1174 600 1371 642 ignoranter,
1396 599 1567 642 contigerit
1587 598 1745 632 attentari.
1805 612 1915 634 Coun-arta
1930 613 1988 634 mun.

1088 654 1102 697 ,ξ
1124 654 1153 686 8.
1166 654 1236 687 Non
1254 653 1456 686 obstantibus
1470 652 1653 697 praemissis
1667 658 1698 686 et
1711 663 1789 686 con-

1042 707 1262 741 stitutionibus
1288 713 1318 741 et
1342 707 1601 741 ordinationibus
1630 706 1786 751 apostoli-

1043 761 1102 802 cis,
1133 772 1258 795 necnon
1289 761 1448 795 dictarum
1474 761 1662 794 militiarum
1682 766 1713 794 et
1737 771 1789 794 ec-

1042 816 1213 849 clesiarum
1226 816 1351 850 statutis
1365 822 1395 849 et
1409 815 1702 856 constitutionibus,
1715 825 1790 848 con-

1042 869 1227 903 firmatione
1248 869 1425 914 apostolica
1443 874 1498 902 aut
1510 868 1621 913 quavis
1639 867 1790 901 firmitate

1042 923 1103 956 alia
1124 923 1299 963 roboratis,
1320 923 1496 968 privilegiis
1517 932 1658 967 quoque,
1682 921 1789 955 indul-

1042 977 1080 1010 tis
1104 987 1140 1010 ac
1171 977 1284 1011 litteris
1313 977 1497 1021 apostolicis
1526 976 1559 1009 in
1590 975 1789 1009 contrarium

1042 1031 1288 1076 quomodolibet
1305 1031 1464 1065 concessis
1496 1036 1527 1064 et
1554 1030 1724 1070 innovatis,
1752 1040 1790 1063 ac

1042 1085 1193 1119 omnihus
1213 1085 1286 1126 illis,
1310 1095 1393 1130 quae
1410 1085 1675 1129 praedecessores
1694 1093 1788 1128 prae-

307 1139 324 1181 ξ
342 1137 371 1171 5.
399 1138 490 1178 Quod
511 1139 535 1172 si
556 1139 640 1173 intra
661 1139 839 1179 biennium,
863 1145 897 1173 ut
913 1150 1007 1183 prae·
1042 1139 1120 1173 dicti
1137 1140 1309 1173 voluerunt.
1329 1149 1394 1173 non
1415 1139 1564 1179 obstare,
1589 1138 1789 1182 caeterisque

64 1196 247 1245 mm⁵⁶i¹>131¹m¹iifni
263 1192 375 1233 fertur,
392 1203 506 1226 causae
518 1198 549 1226 et
566 1193 804 1227 controversiae
823 1193 1008 1238 praedictae
1042 1193 1211 1227 contrariis
1225 1193 1495 1237 quibuscumque.

64 1255 246 1300 ffigscigpgffiffig
262 1246 476 1280 concordatae
497 1257 563 1280 non
594 1247 723 1287 fuerint,
752 1247 855 1281 dictae
883 1247 959 1281 Sixti
983 1247 1007 1279 V
1086 1248 1201 1281 Datum
1229 1248 1350 1281 Romae
1375 1247 1461 1291 apud
1486 1247 1516 1281 S.
1542 1246 1706 1287 Marcum,
1729 1247 1788 1280 sub

63 1303 195 1351 asservari
215 1303 246 1323 iu*
262 1299 385 1334 litterae
401 1301 523 1345 primas
546 1300 629 1334 vires
659 1307 824 1335 assumant
844 1306 875 1334 et
899 1301 930 1334 in
956 1311 1007 1334 ro-
1042 1302 1163 1335 annulo
1190 1301 1379 1342 Piscatoris,
1404 1300 1456 1334 die
1485 1311 1517 1335 1x
1548 1300 1617 1334 iulii
1644 1310 1785 1341 mnxcm,

261 1354 340 1388 bore
361 1364 419 1388 suo
440 1360 637 1389 remaneant.
1042 1355 1250 1400 pontificatus
1270 1360 1380 1389 nostro
1400 1365 1485 1388 anno
1505 1365 1539 1389 11.

307 1408 322 1452 ἓ
343 1407 373 1441 6.
397 1408 610 1443 Decernentes
640 1409 799 1454 quidquid
819 1420 877 1454 per
898 1420 1007 1453 regem
1078 1419 1139 1447 Dat.
1156 1419 1201 1447 die
1220 1419 1236 1447 9
1251 1418 1308 1446 iulii
1324 1418 1404 1454 1593,
1420 1418 1517 1454 pontif.
1538 1426 1583 1445 an.
1599 1423 1628 1445 ιι.

95 1463 246 1491 Quidqmdvv·
262 1461 368 1506 ipsum
388 1472 443 1495 seu
466 1462 505 1495 ab
526 1473 564 1496 eo
585 1462 787 1507 deputandos
801 1462 834 1496 in
853 1463 1009 1507 praemis-

64 1497 86 1512 ro
105 1491 159 1513 inter
175 1492 247 1518 partes

64 1517 247 1567 {ffinssffifiss'fflgj
262 1515 304 1548 sis
321 1515 405 1549 inter
417 1526 529 1550 omnes
546 1516 746 1560 supradictas
765 1522 873 1561 partes
886 1522 917 1550 et
929 1527 1005 1561 per-

65 1573 106 1597 buu
262 1579 357 1602 sonas
380 1569 592 1603 amicabiliter
618 1571 849 1604 concordatum
865 1598 872 1611 ‚
896 1570 1008 1604 termi-

262 1628 385 1664 natum,
409 1623 587 1657 stabilitum
608 1629 639 1657 et
658 1634 718 1668 pro
749 1635 807 1658 sua
836 1624 1009 1669 prudentia

262 1677 476 1721 compositum
495 1683 525 1711 et
542 1677 727 1711 ordinatum
745 1677 852 1719 fuerit,
867 1678 1006 1712 validum

261 1742 298 1764 ac
317 1730 429 1765 efficax
458 1731 613 1772 existere,
637 1731 677 1764 ab
697 1731 839 1776 ipsisque
862 1732 1008 1776 partibus

261 1784 432 1818 efficaciter
456 1785 620 1818 observari
650 1796 686 1818 ac
711 1785 843 1819 retineri
864 1786 1003 1827 debere,

260 1850 365 1884 neque
386 1840 425 1873 ab
446 1840 508 1873 illis
528 1840 595 1873 ullo
616 1851 760 1884 unquam
783 1846 927 1885 tempore
947 1841 1006 1874 sub

260 1894 372 1938 quovis
396 1899 564 1938 praetextu
588 1900 619 1927 et
647 1905 743 1928 causa
761 1894 878 1928 resiliri
898 1905 1003 1939 posse,

259 1947 469 1992 partibusque
501 1947 578 1992 ipsis
613 1953 806 1992 perpetuum
842 1948 1006 1982 silentium

259 2000 383 2045 imponi
408 2001 547 2041 debere,
571 2007 688 2045 prout,
713 2007 825 2035 tenore
856 2013 1006 2046 praesen-

260 2055 351 2096 tium,
368 2055 576 2099 imponimus.
593 2055 624 2089 Si
648 2066 727 2100 quas
754 2066 829 2089 vero
852 2067 888 2090 ex
914 2067 1007 2101 prae-

261 2108 354 2142 dictis
367 2109 480 2150 causis,
490 2115 562 2153 post
572 2109 693 2143 litteras
706 2110 852 2153 Gregorii
861 2121 897 2144 ac
909 2111 1005 2144 etiam

261 2162 336 2196 Sixti
355 2162 547 2207 praedictas,
564 2162 649 2196 idem
667 2173 722 2195 rex
740 2163 916 2196 catholicus
930 2174 1006 2197 con-

262 2216 443 2250 cordaverit
462 2222 493 2249 et
513 2216 741 2260 composuerit,
757 2222 793 2250 ut
808 2227 917 2261 supra,
935 2228 1005 2251 eam

261 2270 325 2303 vim
357 2271 506 2304 volumus
533 2281 586 2304 eas
617 2270 807 2304 concordias
838 2271 1002 2312 obtinere,

262 2334 358 2368 quam
379 2324 571 2365 obtinerent,
589 2324 613 2358 si
634 2330 706 2368 post
726 2324 832 2358 datam
853 2335 1005 2369 praesen-

262 2377 342 2410 tium
363 2388 421 2421 per
440 2377 545 2422 ipsum
563 2378 776 2412 concordatae
796 2384 825 2412 et
846 2379 1006 2423 composi-

263 2435 313 2464 tae
332 2430 474 2464 fuissent.

307 2485 323 2528 fi
344 2484 372 2518 7.
397 2485 511 2529 Sicque
530 2496 588 2530 per
608 2496 829 2530 quoscumque
859 2487 1001 2529 iudices,

264 2537 443 2572 ordinarios
463 2543 494 2572 et
512 2539 675 2583 delegatos
687 2568 694 2582 ‚
719 2540 815 2574 etiam
836 2551 1003 2575 causarum
1022 2585 1023 2591 1

283 2626 285 2629 ,
300 2601 311 2626 1
333 2599 415 2628 Deest
433 2601 503 2629 sorte
522 2610 558 2630 ex
572 2602 667 2631 altera
682 2603 823 2639 partibus
837 2603 924 2640 (R.T.).
1021 2595 1024 2632 Ι

1362 1579 1464 1614 LXIX.

1045 1678 1212 1724 Oppidum
1233 1678 1383 1714 Celsonae
1396 1677 1433 1712 ab
1452 1677 1637 1722 Uryellensi
1655 1676 1791 1711 dioecesi

1086 1733 1293 1776 seiunqitur,
1323 1736 1352 1765 et
1381 1732 1418 1765 in
1446 1732 1611 1765 civitatem
1634 1731 1787 1776 erigitur,

1087 1786 1246 1831 illiusque
1255 1785 1460 1830 parochialis
1473 1785 1605 1819 ecclesia
1621 1785 1790 1819 cathedra-

1088 1840 1129 1873 lis
1147 1841 1285 1884 efficitur
1302 1840 1322 1873 ¹.

1059 1930 1193 1957 clemens
1221 1929 1394 1964 episcopua,
1414 1936 1520 1957 servus
1536 1935 1692 1957 servorum
1708 1928 1770 1964 Dei,

1167 1983 1203 2011 ad
1223 1986 1402 2018 perpetuam
1422 1983 1467 2011 rel
1486 1982 1668 2010 memoriam.

1087 2057 1190 2101 Super
1209 2056 1374 2090 universas
1388 2055 1475 2089 orbis
1493 2055 1655 2097 ecclesias,
1672 2055 1716 2089 Eo
1738 2055 1787 2090 di·
1830 2060 1951 2083 Exordium·

1040 2116 1209 2155 sponente‚
1232 2110 1291 2150 Qui
1312 2110 1435 2144 cunctis
1459 2110 1606 2154 imperat,
1627 2115 1658 2143 et
1677 2109 1733 2144 Cui
1753 2120 1788 2143 ο-

1041 2165 1129 2198 mnia
1149 2165 1322 2206 obediunt,
1346 2175 1545 2209 quamquam
1573 2164 1642 2198 sine
1669 2164 1787 2198 nostris

1041 2219 1183 2259 meritis,
1207 2219 1382 2259 constituti,
1413 2219 1557 2252 levamus
1588 2218 1620 2251 in
1650 2217 1787 2252 circuitu

1041 2272 1108 2314 agri
1121 2272 1275 2306 dominici
1287 2273 1398 2306 oculos
1409 2277 1539 2305 nostrae
1559 2271 1675 2305 mentis
1696 2281 1787 2305 more

1040 2325 1203 2369 pervigilis
1226 2326 1363 2370 pastoris
1395 2325 1571 2369 inspecturi
1601 2325 1679 2369 quid
1709 2335 1785 2370 pro-

1042 2379 1218 2413 vinciarum
1240 2386 1271 2413 et
1290 2380 1436 2413 locorum
1450 2379 1672 2423 quorumlibet
1691 2380 1785 2413 statui

1041 2439 1217 2475 congruat,
1247 2444 1283 2466 ac
1314 2435 1452 2477 desuper
1483 2432 1562 2477 (hoc
1593 2432 1785 2477 praesertim

1040 2493 1200 2531 tempore,
1215 2497 1279 2531 quo
1293 2486 1426 2520 humani
1440 2486 1566 2530 generis
1579 2486 1680 2520 hostis
1697 2486 1785 2520 omni

1040 2546 1157 2575 conatu
1178 2541 1218 2575 ad
1238 2541 1380 2586 ipsarum
1401 2541 1582 2575 animarum
1607 2541 1784 2586 perniciem

1075 2604 1087 2630 1
1107 2603 1145 2631 Ex
1160 2604 1269 2639 Regest.
1286 2603 1313 2631 in
1333 2604 1451 2633 Cancell.
1472 2604 1565 2642 Apost.
