2253 3195
31 232 79 258 Αη.
97 231 126 258 C.
145 230 213 258 1595

10 1028 12 1044 ἲ
63 1029 149 1050 Piuslv
161 1034 216 1049 eam-

11 1057 12 1061 *
33 1055 80 1077 dem
95 1055 216 1076 mennatem

11 1082 13 1102 ἶ
34 1082 137 1104 concessit
168 1082 215 1102 Phi-

11 1111 13 1138 ]
34 1109 89 1136 lippo
105 1109 122 1130 ΙΙ
138 1109 188 1134 regi.

844 229 990 253 CLEMENS
1010 228 1069 251 VIII
1089 229 1140 251 1³1³.

228 285 256 312 et
279 278 445 321 delegatis,
460 278 556 311 ctiam
579 289 747 310 rausaiiiiii
765 278 871 320 palatii
895 287 972 319 :ipo-

227 332 330 365 stolici
355 332 569 371 auditoribus,
595 342 630 363 ac
652 332 681 364 S.
706 331 742 363 R.
767 331 799 363 E.
825 330 973 362 cardina-

229 386 312 419 libus
342 386 373 418 in
404 386 514 429 quavis
549 385 698 418 instantia
731 383 975 427 quomodolibet

229 439 417 483 pendentes,
433 439 518 472 dicto
535 449 593 472 suo
606 437 810 481 beneplacito
825 437 971 473 durante,

230 493 394 537 suspendi,
407 504 525 536 easque
540 492 643 525 eidem
656 492 767 525 Carolo
790 489 973 533 inqieratori

231 557 288 590 per
308 558 381 580 eum
403 546 644 589 componendas
665 551 695 578 et
716 544 971 583 concordandas,

231 600 273 632 ita
291 600 379 644 quod
397 600 428 632 in
443 599 516 640 illis,
534 599 565 631 in
579 598 731 631 omnibus
747 604 775 630 et
795 607 852 640 per
867 596 975 629 onmia

231 652 317 686 iuxta
336 658 481 685 tenorem
495 651 763 695 primodictarum
778 660 907 682 suarum
923 649 975 681 lit-

231 711 384 746 terarum,
407 706 584 749 procedere
606 705 707 737 libere
728 709 755 736 et
779 703 864 735 licite
886 702 972 735 vale-

228 763 288 797 ret,
309 758 444 802 perinde
465 769 501 791 ac
522 758 547 791 si
569 758 600 790 in
627 757 702 801 ipsis
723 756 837 789 litteris
858 756 975 798 singuli

229 810 480 855 archiepiscopi,
505 811 658 854 episcopi,
680 810 820 853 capitula
847 815 874 841 et
896 809 976 841 aliae

229 874 387 908 personae
409 864 591 908 specialiter
610 864 795 896 nominatae
822 863 974 899 fuissent,

230 917 270 951 de
290 928 373 951 novo
394 918 552 951 concessit
571 923 601 951 et
622 916 795 950 commisit.

277 972 293 1012 ξ
320 971 350 1003 4.
384 971 446 1004 Sed
473 971 542 1014 ipso
572 971 684 1003 Carolo
717 970 911 1013 imperatore
943 980 978 1001 ac

232 1034 318 1065 rege,
331 1023 380 1056 his
393 1023 442 1056 vix
460 1023 581 1067 coeptis
601 1029 696 1066 atque
717 1022 912 1065 imperfectis
931 1033 979 1054 re-

231 1076 324 1117 lictis,
346 1077 385 1109 de
405 1076 513 1109 medio
534 1076 672 1115 sublato,
696 1085 769 1108 cum
790 1085 847 1118 per
867 1074 980 1107 similis

232 1129 408 1162 memoriae
437 1129 529 1162 Pium
558 1130 643 1172 Papa
667 1129 716 1165 IV,
745 1128 976 1171 praedecesso-

231 1193 300 1215 rem
320 1188 478 1222 nostrum‚
503 1187 635 1225 accepto
654 1182 742 1225 quod
762 1181 897 1225 priores,
922 1181 998 1212 mi-'

231 1236 313 1277 lites,
337 1237 450 1269 fratres
470 1242 499 1269 et
514 1236 622 1269 clerici
641 1235 744 1269 dictae
762 1235 906 1275 militiae,
931 1235 979 1267 iu-

233 1295 284 1323 xta
295 1290 462 1334 privilegia
479 1290 525 1323 eis
544 1300 562 1322 a
582 1289 715 1323 diversis
732 1288 885 1322 Romanis
898 1289 981 1322 Pon-

233 1343 372 1377 tificibus
392 1343 697 1387 praedecessoribus
717 1342 783 1375 suis
803 1352 955 1375 concessa
969 1369 976 1381 ,

233 1406 292 1429 nec
312 1406 377 1429 non
410 1396 510 1439 ipsius
541 1395 675 1428 militiae
706 1394 976 1433 consuetudines,

233 1459 309 1482 usus
345 1455 373 1482 et
409 1448 628 1482 stabilimenta
659 1448 697 1480 ab
730 1447 979 1480 immemorabili

235 1509 381 1546 tempore
402 1503 441 1535 ab
463 1503 507 1536 eis
528 1503 706 1541 observata,
731 1501 872 1544 integras
892 1501 979 1533 deci-

235 1567 301 1590 mas
333 1562 398 1590 tam
431 1557 617 1600 personales
653 1562 680 1588 et
715 1555 849 1595 mixtas,
883 1565 979 1598 quam

235 1609 332 1642 etiam
369 1609 549 1653 praediales
577 1609 663 1641 intra
693 1607 848 1641 terminos
878 1607 981 1640 dictae

235 1652 378 1703 militiae,
394 1668 484 1695 extra
496 1673 571 1695 vero
592 1662 781 1705 personales
802 1666 833 1694 et
853 1661 977 1701 mixtas,

233 1726 360 1750 necnon
380 1716 560 1760 praediales
579 1715 744 1748 novalium
772 1714 980 1758 praediorum

237 1779 384 1809 suorum,
400 1769 540 1813 propriis
561 1768 710 1802 manibus
731 1768 778 1801 vel
799 1768 982 1811 sumptibus

237 1823 413 1863 cultorum,
436 1822 563 1865 exigere
582 1827 613 1855 et
633 1821 752 1854 habere
781 1820 979 1864 potuissent,

236 1881 268 1909 et
287 1881 419 1909 eatenus
437 1875 617 1918 exegissent
638 1875 669 1907 in
681 1874 940 1918 quibuscumque
954 1879 984 1907 et

237 1939 521 1972 quorumcumque
542 1928 761 1972 praelatorum
786 1927 960 1971 provinciis
974 1954 981 1967 ,

238 1981 451 2022 dioecesibus,
475 1992 532 2014 seu
552 1981 761 2021 districtibus,
777 1980 833 2013 ubi
854 1981 985 2013 eosdem

238 2034 355 2067 milites
379 2039 410 2066 et
440 2034 555 2067 fratres
580 2034 675 2067 etiam
697 2033 795 2066 laicos
815 2033 981 2073 hahitare,

237 2087 286 2120 vel
307 2087 470 2120 domicilia
489 2087 621 2127 habere,
642 2092 698 2120 aut
715 2087 898 2130 praedictos
920 2087 986 2119 sru-

239 2145 309 2173 ctus
335 2150 372 2173 ex
393 2139 510 2183 quibus
535 2140 664 2172 easdem
694 2139 817 2172 solvere
837 2145 987 2172 tenentur

239 2194 419 2238 acquirere,
441 2193 604 2235 colligere,
628 2193 762 2233 nutrire,
785 2193 925 2236 depasci,
943 2193 987 2225 le-

239 2258 313 2284 vare
330 2253 361 2281 et
387 2247 554 2291 percipere
575 2246 793 2288 contingeret,
819 2246 885 2289 ipse
913 2246 987 2279 Pius

239 2301 478 2345 praedecessor,
494 2301 754 2334 animadvertens
784 2300 987 2333 conducibile

240 2354 320 2395 sore,
335 2359 371 2387 ut
388 2355 450 2387 hoc
464 2364 594 2398 quoque
607 2353 777 2395 negocium
800 2353 986 2385 universum

241 2406 290 2438 via
315 2407 558 2451 compositionis
590 2413 619 2439 et
652 2398 845 2440 concordiae
877 2406 988 2439 buius-

242 2460 329 2493 modi
349 2461 592 2499 terminaretur,
618 2466 648 2493 et
676 2465 848 2504 propterea
878 2460 987 2492 volens

242 2523 307 2546 non
338 2513 443 2546 solum
465 2513 656 2557 praedictas,
680 2514 735 2546 sed
761 2513 858 2545 etiam
879 2511 984 2545 maio-

244 2576 294 2599 res
318 2577 400 2610 quae
430 2566 512 2600 inter
537 2566 738 2610 supradictos
758 2571 847 2599 ortae
873 2571 904 2598 et
928 2576 983 2598 su-

1658 214 1720 247 <257

1008 275 1152 307 suscitari
1178 279 1347 318 poterant,
1375 273 1466 313 lites,
1492 272 1696 316 quaestiones
1721 278 1748 304 et

1009 328 1205 361 differentias
1231 327 1403 370 amputari,
1427 326 1555 359 interim
1578 336 1652 357 vero
1674 335 1748 368 par-

1011 388 1055 414 tes
1070 382 1153 424 ipsas
1165 381 1196 413 in
1210 379 1467 423 possessionibus
1485 379 1516 411 in
1533 379 1649 422 quibus
1663 383 1754 410 erant

1010 434 1212 467 manuteneri
1234 439 1261 466 et
1284 433 1422 472 defendi,
1439 432 1585 475 nihilque
1607 431 1753 464 innovari

1010 488 1139 527 debere,
1164 494 1253 520 motu
1275 487 1418 530 proprio,
1436 492 1588 529 certaque
1606 485 1750 525 scicntia,

1010 547 1038 574 et
1061 541 1292 575 deliberatione
1311 552 1378 578 sua,
1403 552 1515 573 omncs
1533 546 1563 573 ct
1584 550 1754 583 quascum-

1010 605 1071 637 que
1092 595 1173 632 lites,
1198 594 1402 637 quaestiones
1423 599 1453 626 ct
1473 592 1672 626 differentias
1690 597 1753 624 tam

1011 653 1113 680 motas
1129 674 1136 687 ,
1160 657 1257 690 quam
1284 657 1366 690 quae
1400 646 1521 679 moveri
1554 650 1703 689 poterant
1724 644 1756 676 in

1011 701 1165 740 futurum,
1189 700 1228 732 ad
1249 711 1281 732 se
1302 699 1477 737 advocavit,
1502 705 1530 731 ct
1553 699 1681 731 illarum
1703 698 1757 730 de-

1011 755 1165 788 cisionem
1194 760 1224 787 et
1254 753 1513 787 terminationem
1536 752 1704 796 supendit,
1729 757 1756 783 et

1013 809 1070 841 tibi
1090 820 1148 852 per
1168 814 1197 841 te
1222 808 1464 851 componendas
1494 813 1524 839 et
1550 806 1754 839 concordan-

1014 863 1069 895 das
1087 862 1145 905 (ita
1165 862 1251 905 quod
1273 861 1305 893 in
1327 861 1388 893 illis
1413 860 1499 893 iuxta
1520 859 1759 903 praedictarum

1013 915 1102 948 Pauli
1122 913 1379 958 praedecessoris
1393 913 1575 946 litterarum
1590 911 1759 945 continen-

1015 968 1090 1001 tiam
1113 974 1142 1000 et
1165 974 1321 1005 tenorem,
1347 978 1383 999 ac
1403 966 1428 999 si
1450 966 1521 999 illae
1543 965 1599 997 tibi
1618 965 1759 997 directae

1014 1027 1044 1054 et
1072 1026 1295 1064 praesentatae
1328 1020 1481 1057 fuissent,
1507 1019 1537 1051 in
1559 1018 1710 1051 omnibus
1732 1024 1762 1050 et

1015 1085 1072 1118 per
1096 1074 1204 1107 onmia
1231 1074 1270 1106 ad
1302 1084 1394 1105 suum
1425 1078 1451 1105 et
1482 1072 1571 1105 Sedis
1602 1071 1762 1114 Apostoli-

1015 1138 1069 1160 cae
1090 1126 1330 1169 beneplacitum
1363 1136 1458 1167 agere
1481 1131 1508 1157 et
1530 1125 1707 1168 procedere
1726 1124 1762 1156 li-

1014 1181 1090 1214 bere
1111 1187 1142 1213 et
1161 1180 1246 1213 licite
1273 1180 1406 1220 valeres)
1425 1178 1586 1211 commisit
1610 1184 1639 1211 et
1665 1177 1762 1210 remi-

1015 1234 1068 1274 sit,
1091 1234 1286 1278 plenamque
1317 1238 1348 1265 et
1377 1232 1512 1264 liberam
1545 1230 1709 1263 licentiam
1731 1235 1762 1262 et

1015 1287 1239 1321 auctoritatem
1261 1286 1317 1318 tibi
1339 1285 1506 1323 concessit,
1528 1289 1625 1327 prout
1644 1283 1677 1315 in
1697 1282 1762 1315 suis

1016 1341 1047 1374 in
1068 1341 1180 1374 eadem
1201 1341 1304 1373 forma
1325 1339 1430 1372 brevis
1451 1337 1615 1377 confectis,
1640 1347 1676 1370 ac
1698 1336 1762 1369 sin-

1015 1395 1096 1437 gulis
1117 1394 1186 1427 aliis
1211 1393 1349 1425 aliorum
1370 1392 1656 1436 praedecessorum
1670 1400 1762 1434 prae-

1015 1448 1174 1481 dictorum
1195 1446 1310 1479 litteris
1330 1446 1456 1490 plenius
1478 1445 1672 1478 continetur.

1059 1502 1074 1545 g
1091 1501 1121 1534 5.
1139 1502 1274 1534 Demum
1289 1510 1306 1532 a
1324 1499 1425 1532 felicis
1436 1498 1670 1532 recordationis
1683 1497 1761 1531 Gre-

1015 1554 1106 1597 gorio
1129 1553 1208 1594 XIII,
1236 1553 1330 1585 etiam
1355 1552 1604 1595 praedecessore
1630 1556 1758 1587 nostro,

1015 1612 1159 1651 accepto,
1182 1606 1349 1650 praedicto
1367 1604 1497 1647 negotio
1518 1615 1534 1636 a
1555 1609 1583 1637 te
1598 1609 1758 1646 suscepto,

1017 1661 1059 1693 ita
1080 1660 1229 1693 effectum
1251 1670 1319 1692 esse
1333 1686 1340 1698 ,
1364 1664 1399 1691 ut
1425 1658 1509 1690 inter
1528 1657 1648 1690 multos
1667 1666 1761 1699 prae—

1017 1714 1176 1747 dictorum
1203 1724 1264 1756 pax
1285 1718 1315 1744 et
1335 1710 1551 1754 tranquillitas
1566 1737 1573 1750 ,
1598 1709 1764 1751 diligentia

1017 1772 1048 1799 et
1068 1765 1226 1798 industria
1246 1771 1311 1805 tua,
1328 1764 1422 1797 fuerit
1445 1768 1600 1806 sequuta;
1624 1772 1765 1805 cumque

1018 1820 1113 1853 etiam
1139 1819 1260 1852 similes
1290 1824 1321 1851 et
1346 1818 1427 1851 aliae
1457 1817 1602 1850 diversae
1632 1816 1703 1849 lites
1735 1821 1766 1848 et

1018 1873 1222 1917 quaestiones
1251 1872 1335 1905 inter
1361 1872 1512 1911 eosdem,
1538 1881 1574 1903 ac
1606 1870 1685 1902 alios
1716 1879 1765 1901 ar-

1019 1927 1241 1971 chiepiscopos
1262 1931 1291 1958 et
1312 1925 1491 1968 episcopos,
1515 1933 1695 1966 eorumque
1714 1932 1765 1954 ca-

1019 1981 1131 2024 pitula,
1155 1990 1281 2012 necnon
1307 1978 1468 2022 praelatos
1489 1982 1519 2010 et
1538 1986 1694 2020 personas
1715 1985 1766 2007 ee-

1020 2032 1211 2066 clesiasticas
1231 2037 1295 2064 tam
1324 2031 1516 2069 saeculares,
1541 2039 1637 2072 quam
1670 2038 1765 2070 regu-

1020 2087 1103 2119 lares
1117 2096 1153 2118 ex
1173 2096 1248 2125 una,
1267 2090 1297 2117 et
1317 2084 1451 2117 dilectos
1472 2083 1556 2115 lilios
1576 2081 1763 2123 magistros,

1021 2140 1156 2183 priores,
1180 2143 1419 2181 praeceptores,
1434 2136 1552 2168 milites
1569 2140 1599 2167 et
1613 2135 1692 2166 alios
1706 2134 1768 2166 fra-

1022 2198 1084 2225 tres
1105 2191 1294 2224 militiarum
1308 2191 1346 2223 de
1366 2190 1529 2223 Calatrava
1550 2193 1581 2220 et
1598 2188 1768 2220 Alcantara

1021 2244 1238 2279 Cisterciensis
1264 2243 1403 2282 Ordinis,
1428 2251 1607 2284 eorumque
1628 2249 1767 2272 conven-

1022 2305 1072 2332 tus
1092 2298 1236 2342 partibus
1250 2308 1285 2330 ex
1297 2297 1409 2333 altera,
1429 2306 1526 2338 super
1539 2293 1700 2327 solutione
1713 2293 1768 2325 dc-

1022 2352 1180 2385 cimarum
1202 2356 1266 2383 tam
1296 2349 1472 2387 novalium,
1494 2358 1591 2391 quam
1613 2356 1767 2390 pecorum

1022 2409 1051 2437 ct
1073 2409 1308 2443 armentorum,
1332 2411 1459 2435 necnon
1487 2401 1765 2443 iurepatronatus,

1022 2456 1322 2495 administratione,
1358 2454 1557 2496 caeterisque
1590 2452 1713 2485 iuribus
1740 2457 1771 2485 et

1022 2509 1301 2543 iurisdictionibus
1314 2507 1518 2551 supradictis,
1528 2507 1690 2549 rebusque
1700 2505 1770 2538 aliis

1024 2572 1055 2604 fn
1068 2564 1146 2597 actis
1160 2573 1273 2596 causae
1286 2568 1317 2595 et.
1333 2572 1503 2595 causarum
1523 2559 1709 2593 huiusmodi
1725 2561 1770 2592 la-

243 2620 374 2654 scitatae
394 2621 530 2662 fuerant,
554 2626 586 2654 et
610 2621 716 2654 denuo
733 2620 833 2661 nasci,
856 2619 936 2652 oriri
958 2615 1005 2659 eti
1022 2617 1084 2651 tius
1104 2617 1262 2657 deductis,
1287 2621 1319 2648 et
1341 2615 1469 2647 illarum
1490 2613 1680 2654 occasione,
1705 2618 1770 2645 tam

298 2683 374 2711 Bull.
391 2683 475 2712 Rom.
496 2683 558 2712 Vol.
575 2683 602 2711 X
792 2682 827 2709 33

1769 224 1815 249 An.
1834 224 1863 250 C.
1883 224 1951 251 1596

1791 1503 1905 1529 Gregorius
1916 1503 1961 1523 XIV

1778 1530 1872 1550 eamdem
1898 1530 1962 1550 sacul-

1777 1559 1840 1577 tatem
1863 1556 1892 1576 illi
1914 1562 1962 1576 con<

1777 1584 1841 1603 cessit
1856 1589 1894 1608 pro
1909 1583 1961 1603 miti-

1777 1610 1811 1630 tiis
1820 1610 1845 1630 de
1852 1609 1963 1630 Calatrava

1778 1639 1797 1657 et
1807 1636 1832 1657 de
1841 1637 1961 1656 Alcantara.
