<?xml version="1.0" encoding="UTF-8"?>
<!DOCTYPE html PUBLIC "-//W3C//DTD XHTML 1.0 Transitional//EN"
    "http://www.w3.org/TR/xhtml1/DTD/xhtml1-transitional.dtd">
<html xmlns="http://www.w3.org/1999/xhtml" xml:lang="en" lang="en">
 <head>
  <title>
</title>
<meta http-equiv="Content-Type" content="text/html;charset=utf-8" />
  <meta name='ocr-system' content='tesseract 3.04.00' />
  <meta name='ocr-capabilities' content='ocr_page ocr_carea ocr_par ocr_line ocrx_word'/>
</head>
<body>
  <div class='ocr_page' id='page_1' title='image "./bullarumdiplomat10cath_0377.png"; bbox 0 0 2253 3195; ppageno 0'>
   <div class='ocr_carea' id='block_1_1' title="bbox 0 212 954 2629">
    <p class='ocr_par' dir='ltr' id='par_1_1' title="bbox 0 212 944 1194">
     <span class='ocr_line' id='line_1_1' title="bbox 0 212 182 240; baseline -0.005 0"><span class='ocrx_word' id='word_1_1' title='bbox 0 214 47 240; x_wconf 78' lang='lat' dir='ltr'>An.</span> <span class='ocrx_word' id='word_1_2' title='bbox 64 213 92 240; x_wconf 90' lang='lat' dir='ltr'>C.</span> <span class='ocrx_word' id='word_1_3' title='bbox 116 212 182 240; x_wconf 73' lang='lat'>1597</span> 
     </span>
     <span class='ocr_line' id='line_1_2' title="bbox 197 259 938 303; baseline -0.003 -11"><span class='ocrx_word' id='word_1_4' title='bbox 197 259 395 300; x_wconf 86' lang='lat' dir='ltr'>situationes,</span> <span class='ocrx_word' id='word_1_5' title='bbox 419 259 599 303; x_wconf 82' lang='lat' dir='ltr'>qualitates,</span> <span class='ocrx_word' id='word_1_6' title='bbox 620 260 813 303; x_wconf 69' lang='lat' dir='ltr'>quantitates</span> <span class='ocrx_word' id='word_1_7' title='bbox 833 269 938 292; x_wconf 86' lang='lat' dir='ltr'>veros-</span> 
     </span>
     <span class='ocr_line' id='line_1_3' title="bbox 197 312 939 356; baseline -0.003 -11"><span class='ocrx_word' id='word_1_8' title='bbox 197 324 259 356; x_wconf 89' lang='lat' dir='ltr'>que</span> <span class='ocrx_word' id='word_1_9' title='bbox 288 313 383 345; x_wconf 85' lang='lat' dir='ltr'>etiam</span> <span class='ocrx_word' id='word_1_10' title='bbox 414 323 537 345; x_wconf 87' lang='lat' dir='ltr'>annuos</span> <span class='ocrx_word' id='word_1_11' title='bbox 566 314 689 345; x_wconf 81' lang='lat' dir='ltr'>valores</span> <span class='ocrx_word' id='word_1_12' title='bbox 719 312 939 356; x_wconf 81' lang='lat' dir='ltr'>praesentibus</span> 
     </span>
     <span class='ocr_line' id='line_1_4' title="bbox 196 365 935 410; baseline -0.003 -12"><span class='ocrx_word' id='word_1_13' title='bbox 196 377 255 410; x_wconf 88' lang='lat' dir='ltr'>pro</span> <span class='ocrx_word' id='word_1_14' title='bbox 276 366 432 409; x_wconf 77' lang='lat' dir='ltr'>expressis</span> <span class='ocrx_word' id='word_1_15' title='bbox 459 366 624 404; x_wconf 84' lang='lat' dir='ltr'>habentes,</span> <span class='ocrx_word' id='word_1_16' title='bbox 652 365 836 398; x_wconf 85' lang='lat' dir='ltr'>huiusmodi</span> <span class='ocrx_word' id='word_1_17' title='bbox 858 376 935 408; x_wconf 91' lang='lat' dir='ltr'>sup-</span> 
     </span>
     <span class='ocr_line' id='line_1_5' title="bbox 197 418 940 462; baseline -0.001 -12"><span class='ocrx_word' id='word_1_18' title='bbox 197 419 424 462; x_wconf 87' lang='lat' dir='ltr'>plicationibus</span> <span class='ocrx_word' id='word_1_19' title='bbox 446 419 600 455; x_wconf 84' lang='lat' dir='ltr'>inclinati,</span> <span class='ocrx_word' id='word_1_20' title='bbox 629 418 737 451; x_wconf 82' lang='lat' dir='ltr'>onmia</span> <span class='ocrx_word' id='word_1_21' title='bbox 757 423 787 450; x_wconf 89' lang='lat' dir='ltr'>et</span> <span class='ocrx_word' id='word_1_22' title='bbox 813 418 940 457; x_wconf 75' lang='lat' dir='ltr'>singula</span> 
     </span>
     <span class='ocr_line' id='line_1_6' title="bbox 196 471 937 515; baseline -0.004 -10"><span class='ocrx_word' id='word_1_23' title='bbox 196 478 324 512; x_wconf 87' lang='lat' dir='ltr'>statuta,</span> <span class='ocrx_word' id='word_1_24' title='bbox 348 472 602 512; x_wconf 65' lang='lat' dir='ltr'>constitutiones,</span> <span class='ocrx_word' id='word_1_25' title='bbox 626 472 775 515; x_wconf 79' lang='lat' dir='ltr'>capitula,</span> <span class='ocrx_word' id='word_1_26' title='bbox 805 471 937 503; x_wconf 79' lang='lat' dir='ltr'>ordina-</span> 
     </span>
     <span class='ocr_line' id='line_1_7' title="bbox 197 524 939 568; baseline -0.005 -10"><span class='ocrx_word' id='word_1_27' title='bbox 197 526 312 566; x_wconf 87' lang='lat' dir='ltr'>tiones,</span> <span class='ocrx_word' id='word_1_28' title='bbox 336 527 466 558; x_wconf 87' lang='lat' dir='ltr'>decreta</span> <span class='ocrx_word' id='word_1_29' title='bbox 491 525 618 568; x_wconf 87' lang='lat' dir='ltr'>aliaque</span> <span class='ocrx_word' id='word_1_30' title='bbox 646 524 833 567; x_wconf 85' lang='lat' dir='ltr'>praemissa,</span> <span class='ocrx_word' id='word_1_31' title='bbox 864 535 939 566; x_wconf 83' lang='lat' dir='ltr'>apo-</span> 
     </span>
     <span class='ocr_line' id='line_1_8' title="bbox 196 576 937 619; baseline -0.007 -8"><span class='ocrx_word' id='word_1_32' title='bbox 196 579 308 612; x_wconf 86' lang='lat' dir='ltr'>stoliea</span> <span class='ocrx_word' id='word_1_33' title='bbox 336 578 526 611; x_wconf 84' lang='lat' dir='ltr'>auctoritate</span> <span class='ocrx_word' id='word_1_34' title='bbox 558 582 668 609; x_wconf 87' lang='lat' dir='ltr'>tenore</span> <span class='ocrx_word' id='word_1_35' title='bbox 697 576 937 619; x_wconf 84' lang='lat' dir='ltr'>praesentium,</span> 
     </span>
     <span class='ocr_line' id='line_1_9' title="bbox 197 629 938 674; baseline -0.005 -10"><span class='ocrx_word' id='word_1_36' title='bbox 197 636 355 674; x_wconf 86' lang='lat' dir='ltr'>perpetuo</span> <span class='ocrx_word' id='word_1_37' title='bbox 380 630 598 674; x_wconf 78' lang='lat' dir='ltr'>approbamus</span> <span class='ocrx_word' id='word_1_38' title='bbox 626 634 655 661; x_wconf 92' lang='lat' dir='ltr'>et</span> <span class='ocrx_word' id='word_1_39' title='bbox 686 629 938 665; x_wconf 81' lang='lat' dir='ltr'>confirmamus,</span> 
     </span>
     <span class='ocr_line' id='line_1_10' title="bbox 198 681 942 727; baseline -0.003 -11"><span class='ocrx_word' id='word_1_40' title='bbox 198 684 325 727; x_wconf 90' lang='lat' dir='ltr'>illisque</span> <span class='ocrx_word' id='word_1_41' title='bbox 347 688 524 727; x_wconf 74' lang='lat' dir='ltr'>perpetuae</span> <span class='ocrx_word' id='word_1_42' title='bbox 545 688 574 715; x_wconf 88' lang='lat' dir='ltr'>et</span> <span class='ocrx_word' id='word_1_43' title='bbox 595 681 789 715; x_wconf 87' lang='lat' dir='ltr'>inviolabilis</span> <span class='ocrx_word' id='word_1_44' title='bbox 809 681 942 714; x_wconf 81' lang='lat' dir='ltr'>sirmita-</span> 
     </span>
     <span class='ocr_line' id='line_1_11' title="bbox 199 735 942 779; baseline -0.005 -9"><span class='ocrx_word' id='word_1_45' title='bbox 199 737 237 770; x_wconf 88' lang='lat' dir='ltr'>tis</span> <span class='ocrx_word' id='word_1_46' title='bbox 261 737 362 770; x_wconf 89' lang='lat' dir='ltr'>robur</span> <span class='ocrx_word' id='word_1_47' title='bbox 381 736 561 776; x_wconf 88' lang='lat' dir='ltr'>adiieimus,</span> <span class='ocrx_word' id='word_1_48' title='bbox 586 746 763 779; x_wconf 88' lang='lat' dir='ltr'>omnesque</span> <span class='ocrx_word' id='word_1_49' title='bbox 784 740 812 767; x_wconf 85' lang='lat' dir='ltr'>et</span> <span class='ocrx_word' id='word_1_50' title='bbox 834 735 942 777; x_wconf 78' lang='lat' dir='ltr'>singu-</span> 
     </span>
     <span class='ocr_line' id='line_1_12' title="bbox 198 790 943 833; baseline -0.004 -10"><span class='ocrx_word' id='word_1_51' title='bbox 198 791 256 830; x_wconf 86' lang='lat' dir='ltr'>los,</span> <span class='ocrx_word' id='word_1_52' title='bbox 285 800 366 833; x_wconf 90' lang='lat' dir='ltr'>quos</span> <span class='ocrx_word' id='word_1_53' title='bbox 386 790 440 822; x_wconf 89' lang='lat' dir='ltr'>illa</span> <span class='ocrx_word' id='word_1_54' title='bbox 465 794 662 822; x_wconf 77' lang='lat' dir='ltr'>concernunt</span> <span class='ocrx_word' id='word_1_55' title='bbox 691 795 719 821; x_wconf 91' lang='lat' dir='ltr'>et</span> <span class='ocrx_word' id='word_1_56' title='bbox 747 794 943 821; x_wconf 83' lang='lat' dir='ltr'>concernent</span> 
     </span>
     <span class='ocr_line' id='line_1_13' title="bbox 198 842 942 886; baseline -0.004 -10"><span class='ocrx_word' id='word_1_57' title='bbox 198 843 441 886; x_wconf 75' lang='lat' dir='ltr'>quomodolibet</span> <span class='ocrx_word' id='word_1_58' title='bbox 461 843 492 875; x_wconf 92' lang='lat' dir='ltr'>in</span> <span class='ocrx_word' id='word_1_59' title='bbox 513 843 667 882; x_wconf 90' lang='lat' dir='ltr'>futurum,</span> <span class='ocrx_word' id='word_1_60' title='bbox 683 843 722 874; x_wconf 88' lang='lat' dir='ltr'>ad</span> <span class='ocrx_word' id='word_1_61' title='bbox 740 842 868 874; x_wconf 90' lang='lat' dir='ltr'>illorum</span> <span class='ocrx_word' id='word_1_62' title='bbox 887 842 942 873; x_wconf 89' lang='lat' dir='ltr'>ob-</span> 
     </span>
     <span class='ocr_line' id='line_1_14' title="bbox 199 895 939 937; baseline -0.003 -8"><span class='ocrx_word' id='word_1_63' title='bbox 199 896 414 929; x_wconf 87' lang='lat' dir='ltr'>servationem</span> <span class='ocrx_word' id='word_1_64' title='bbox 436 896 538 929; x_wconf 88' lang='lat' dir='ltr'>teneri</span> <span class='ocrx_word' id='word_1_65' title='bbox 559 901 590 928; x_wconf 90' lang='lat' dir='ltr'>et</span> <span class='ocrx_word' id='word_1_66' title='bbox 609 895 767 937; x_wconf 81' lang='lat' dir='ltr'>obligatos</span> <span class='ocrx_word' id='word_1_67' title='bbox 787 895 939 935; x_wconf 86' lang='lat' dir='ltr'>existere,</span> 
     </span>
     <span class='ocr_line' id='line_1_15' title="bbox 200 947 942 989; baseline -0.004 -7"><span class='ocrx_word' id='word_1_68' title='bbox 200 959 236 982; x_wconf 86' lang='lat' dir='ltr'>ae</span> <span class='ocrx_word' id='word_1_69' title='bbox 256 949 407 982; x_wconf 88' lang='lat' dir='ltr'>omnibus</span> <span class='ocrx_word' id='word_1_70' title='bbox 433 949 511 981; x_wconf 89' lang='lat' dir='ltr'>iuris</span> <span class='ocrx_word' id='word_1_71' title='bbox 536 954 566 981; x_wconf 90' lang='lat' dir='ltr'>et</span> <span class='ocrx_word' id='word_1_72' title='bbox 591 948 664 980; x_wconf 85' lang='lat' dir='ltr'>faeti</span> <span class='ocrx_word' id='word_1_73' title='bbox 691 947 842 980; x_wconf 74' lang='lat' dir='ltr'>remediis</span> <span class='ocrx_word' id='word_1_74' title='bbox 873 948 942 989; x_wconf 83' lang='lat' dir='ltr'>cogi</span> 
     </span>
     <span class='ocr_line' id='line_1_16' title="bbox 201 1001 944 1046; baseline -0.003 -12"><span class='ocrx_word' id='word_1_75' title='bbox 201 1008 231 1034; x_wconf 89' lang='lat' dir='ltr'>et</span> <span class='ocrx_word' id='word_1_76' title='bbox 252 1002 402 1046; x_wconf 86' lang='lat' dir='ltr'>compelli</span> <span class='ocrx_word' id='word_1_77' title='bbox 422 1012 526 1045; x_wconf 89' lang='lat' dir='ltr'>posse,</span> <span class='ocrx_word' id='word_1_78' title='bbox 543 1001 768 1040; x_wconf 70' lang='lat' dir='ltr'>decernimus,</span> <span class='ocrx_word' id='word_1_79' title='bbox 792 1001 944 1044; x_wconf 86' lang='lat' dir='ltr'>supplen-</span> 
     </span>
     <span class='ocr_line' id='line_1_17' title="bbox 202 1053 941 1096; baseline -0.003 -9"><span class='ocrx_word' id='word_1_80' title='bbox 202 1060 247 1088; x_wconf 89' lang='lat' dir='ltr'>tes</span> <span class='ocrx_word' id='word_1_81' title='bbox 271 1065 383 1087; x_wconf 90' lang='lat' dir='ltr'>omnes</span> <span class='ocrx_word' id='word_1_82' title='bbox 413 1061 443 1087; x_wconf 83' lang='lat' dir='ltr'>et</span> <span class='ocrx_word' id='word_1_83' title='bbox 468 1055 633 1096; x_wconf 84' lang='lat' dir='ltr'>singulos,</span> <span class='ocrx_word' id='word_1_84' title='bbox 655 1059 719 1086; x_wconf 86' lang='lat' dir='ltr'>tam</span> <span class='ocrx_word' id='word_1_85' title='bbox 742 1053 820 1086; x_wconf 90' lang='lat' dir='ltr'>iuris</span> <span class='ocrx_word' id='word_1_86' title='bbox 846 1064 941 1096; x_wconf 83' lang='lat' dir='ltr'>quam</span> 
     </span>
     <span class='ocr_line' id='line_1_18' title="bbox 200 1106 940 1150; baseline -0.003 -10"><span class='ocrx_word' id='word_1_87' title='bbox 200 1108 272 1141; x_wconf 88' lang='lat' dir='ltr'>faeti</span> <span class='ocrx_word' id='word_1_88' title='bbox 297 1108 460 1147; x_wconf 81' lang='lat' dir='ltr'>defectus,</span> <span class='ocrx_word' id='word_1_89' title='bbox 483 1107 508 1140; x_wconf 91' lang='lat' dir='ltr'>si</span> <span class='ocrx_word' id='word_1_90' title='bbox 538 1107 593 1150; x_wconf 86' lang='lat' dir='ltr'>qui</span> <span class='ocrx_word' id='word_1_91' title='bbox 620 1107 863 1150; x_wconf 74' lang='lat' dir='ltr'>quomodolibet</span> <span class='ocrx_word' id='word_1_92' title='bbox 889 1106 940 1138; x_wconf 91' lang='lat' dir='ltr'>in-</span> 
     </span>
     <span class='ocr_line' id='line_1_19' title="bbox 203 1160 604 1194; baseline -0.002 0"><span class='ocrx_word' id='word_1_93' title='bbox 203 1161 399 1194; x_wconf 85' lang='lat' dir='ltr'>tervenerint</span> <span class='ocrx_word' id='word_1_94' title='bbox 419 1161 450 1193; x_wconf 93' lang='lat' dir='ltr'>in</span> <span class='ocrx_word' id='word_1_95' title='bbox 472 1160 604 1193; x_wconf 86' lang='lat' dir='ltr'>eisdem.</span> 
     </span>
    </p>

    <p class='ocr_par' dir='ltr' id='par_1_2' title="bbox 4 1213 954 2427">
     <span class='ocr_line' id='line_1_20' title="bbox 245 1213 942 1257; baseline -0.003 -11"><span class='ocrx_word' id='word_1_96' title='bbox 245 1215 262 1256; x_wconf 62' lang='grc' dir='ltr'><em>ἕ</em></span> <span class='ocrx_word' id='word_1_97' title='bbox 279 1213 310 1246; x_wconf 73' lang='grc'>4.</span> <span class='ocrx_word' id='word_1_98' title='bbox 333 1214 371 1246; x_wconf 88' lang='lat' dir='ltr'>Et</span> <span class='ocrx_word' id='word_1_99' title='bbox 391 1213 522 1257; x_wconf 91' lang='lat' dir='ltr'>insuper</span> <span class='ocrx_word' id='word_1_100' title='bbox 542 1214 582 1246; x_wconf 89' lang='lat' dir='ltr'>ad</span> <span class='ocrx_word' id='word_1_101' title='bbox 613 1214 770 1252; x_wconf 87' lang='lat' dir='ltr'>formam,</span> <span class='ocrx_word' id='word_1_102' title='bbox 796 1223 942 1246; x_wconf 90' lang='lat' dir='ltr'>normam</span> 
     </span>
     <span class='ocr_line' id='line_1_21' title="bbox 29 1266 944 1316; baseline -0.003 -15"><span class='ocrx_word' id='word_1_103' title='bbox 29 1274 94 1316; x_wconf 53' lang='lat' dir='ltr'>Erigit</span> <span class='ocrx_word' id='word_1_104' title='bbox 114 1275 185 1301; x_wconf 73' lang='lat' dir='ltr'>itaque</span> <span class='ocrx_word' id='word_1_105' title='bbox 201 1272 233 1300; x_wconf 90' lang='lat' dir='ltr'>et</span> <span class='ocrx_word' id='word_1_106' title='bbox 251 1267 484 1310; x_wconf 84' lang='lat' dir='ltr'>praescriptum</span> <span class='ocrx_word' id='word_1_107' title='bbox 509 1270 714 1306; x_wconf 86' lang='lat' dir='ltr'>statutorum,</span> <span class='ocrx_word' id='word_1_108' title='bbox 742 1266 944 1299; x_wconf 82' lang='lat' dir='ltr'>constitutio-</span> 
     </span>
     <span class='ocr_line' id='line_1_22' title="bbox 4 1302 942 1375; baseline 0.001 -25"><span class='ocrx_word' id='word_1_109' title='bbox 4 1302 186 1375; x_wconf 51' lang='lat' dir='ltr'>issiiffa‘siffiiiriliig</span> <span class='ocrx_word' id='word_1_110' title='bbox 201 1330 291 1360; x_wconf 86' lang='lat' dir='ltr'>num,</span> <span class='ocrx_word' id='word_1_111' title='bbox 314 1319 542 1363; x_wconf 83' lang='lat' dir='ltr'>capitulorum,</span> <span class='ocrx_word' id='word_1_112' title='bbox 571 1319 812 1352; x_wconf 72' lang='lat' dir='ltr'>ordinationum</span> <span class='ocrx_word' id='word_1_113' title='bbox 833 1325 861 1352; x_wconf 90' lang='lat' dir='ltr'>et</span> <span class='ocrx_word' id='word_1_114' title='bbox 884 1320 942 1352; x_wconf 89' lang='lat' dir='ltr'>de-</span> 
     </span>
     <span class='ocr_line' id='line_1_23' title="bbox 4 1360 945 1416; baseline -0.001 -11"><span class='ocrx_word' id='word_1_115' title='bbox 4 1360 80 1402; x_wconf 49' lang='grc' dir='ltr'>ῧῗῑέειυῗ</span> <span class='ocrx_word' id='word_1_116' title='bbox 108 1361 128 1375; x_wconf 69' lang='lat'>¹¹⁸</span> <span class='ocrx_word' id='word_1_117' title='bbox 152 1361 185 1375; x_wconf 60' lang='grc' dir='ltr'>ω’</span> <span class='ocrx_word' id='word_1_118' title='bbox 201 1378 364 1405; x_wconf 90' lang='lat' dir='ltr'>eretorum</span> <span class='ocrx_word' id='word_1_119' title='bbox 390 1372 575 1405; x_wconf 90' lang='lat' dir='ltr'>huiusmodi</span> <span class='ocrx_word' id='word_1_120' title='bbox 604 1373 637 1404; x_wconf 95' lang='lat' dir='ltr'>in</span> <span class='ocrx_word' id='word_1_121' title='bbox 661 1373 804 1416; x_wconf 85' lang='lat' dir='ltr'>praefato</span> <span class='ocrx_word' id='word_1_122' title='bbox 825 1372 945 1416; x_wconf 88' lang='lat' dir='ltr'>oppido</span> 
     </span>
     <span class='ocr_line' id='line_1_24' title="bbox 200 1425 946 1469; baseline 0 -11"><span class='ocrx_word' id='word_1_123' title='bbox 200 1436 301 1458; x_wconf 91' lang='lat' dir='ltr'>unum</span> <span class='ocrx_word' id='word_1_124' title='bbox 323 1425 494 1468; x_wconf 78' lang='lat' dir='ltr'>collegium</span> <span class='ocrx_word' id='word_1_125' title='bbox 515 1425 688 1468; x_wconf 82' lang='lat' dir='ltr'>virginum,</span> <span class='ocrx_word' id='word_1_126' title='bbox 711 1436 878 1469; x_wconf 88' lang='lat' dir='ltr'>unumque</span> <span class='ocrx_word' id='word_1_127' title='bbox 900 1426 946 1458; x_wconf 89' lang='lat' dir='ltr'>di-</span> 
     </span>
     <span class='ocr_line' id='line_1_25' title="bbox 202 1479 946 1513; baseline -0.001 -1"><span class='ocrx_word' id='word_1_128' title='bbox 202 1479 243 1512; x_wconf 87' lang='lat' dir='ltr'>cti</span> <span class='ocrx_word' id='word_1_129' title='bbox 263 1479 390 1513; x_wconf 84' lang='lat' dir='ltr'>Ordinis</span> <span class='ocrx_word' id='word_1_130' title='bbox 421 1479 652 1512; x_wconf 86' lang='lat' dir='ltr'>monasterium</span> <span class='ocrx_word' id='word_1_131' title='bbox 677 1479 866 1512; x_wconf 89' lang='lat' dir='ltr'>monialium</span> <span class='ocrx_word' id='word_1_132' title='bbox 887 1480 946 1512; x_wconf 87' lang='lat' dir='ltr'>sub</span> 
     </span>
     <span class='ocr_line' id='line_1_26' title="bbox 203 1532 945 1566; baseline -0.001 0"><span class='ocrx_word' id='word_1_133' title='bbox 203 1533 316 1566; x_wconf 86' lang='lat' dir='ltr'>eadem</span> <span class='ocrx_word' id='word_1_134' title='bbox 337 1532 601 1566; x_wconf 79' lang='lat' dir='ltr'>denominatione</span> <span class='ocrx_word' id='word_1_135' title='bbox 621 1532 710 1565; x_wconf 76' lang='lat' dir='ltr'>Iesus</span> <span class='ocrx_word' id='word_1_136' title='bbox 739 1532 847 1565; x_wconf 77' lang='lat' dir='ltr'>Maria</span> <span class='ocrx_word' id='word_1_137' title='bbox 873 1543 945 1565; x_wconf 88' lang='lat' dir='ltr'>eum</span> 
     </span>
     <span class='ocr_line' id='line_1_27' title="bbox 202 1585 943 1630; baseline 0.001 -12"><span class='ocrx_word' id='word_1_138' title='bbox 202 1586 337 1619; x_wconf 84' lang='lat' dir='ltr'>eeclesia</span> <span class='ocrx_word' id='word_1_139' title='bbox 354 1591 386 1619; x_wconf 92' lang='lat' dir='ltr'>et</span> <span class='ocrx_word' id='word_1_140' title='bbox 406 1586 578 1629; x_wconf 83' lang='lat' dir='ltr'>campanili</span> <span class='ocrx_word' id='word_1_141' title='bbox 599 1585 725 1626; x_wconf 92' lang='lat' dir='ltr'>humili,</span> <span class='ocrx_word' id='word_1_142' title='bbox 754 1597 790 1618; x_wconf 90' lang='lat' dir='ltr'>ae</span> <span class='ocrx_word' id='word_1_143' title='bbox 811 1596 943 1630; x_wconf 87' lang='lat' dir='ltr'>campa-</span> 
     </span>
     <span class='ocr_line' id='line_1_28' title="bbox 201 1639 946 1679; baseline 0.001 -7"><span class='ocrx_word' id='word_1_144' title='bbox 201 1639 261 1679; x_wconf 91' lang='lat' dir='ltr'>nis,</span> <span class='ocrx_word' id='word_1_145' title='bbox 285 1649 412 1672; x_wconf 84' lang='lat' dir='ltr'>necnon</span> <span class='ocrx_word' id='word_1_146' title='bbox 437 1639 600 1679; x_wconf 83' lang='lat' dir='ltr'>sacrario,</span> <span class='ocrx_word' id='word_1_147' title='bbox 625 1639 821 1672; x_wconf 85' lang='lat' dir='ltr'>coemeterio</span> <span class='ocrx_word' id='word_1_148' title='bbox 847 1640 946 1673; x_wconf 89' lang='lat' dir='ltr'>bene-</span> 
     </span>
     <span class='ocr_line' id='line_1_29' title="bbox 202 1692 944 1735; baseline 0 -9"><span class='ocrx_word' id='word_1_149' title='bbox 202 1693 299 1733; x_wconf 81' lang='lat' dir='ltr'>dicto,</span> <span class='ocrx_word' id='word_1_150' title='bbox 327 1692 538 1734; x_wconf 83' lang='lat' dir='ltr'>dormitorio,</span> <span class='ocrx_word' id='word_1_151' title='bbox 563 1693 757 1731; x_wconf 82' lang='lat' dir='ltr'>refectorio,</span> <span class='ocrx_word' id='word_1_152' title='bbox 782 1693 921 1726; x_wconf 87' lang='lat' dir='ltr'>claustro</span> <span class='ocrx_word' id='word_1_153' title='bbox 937 1721 944 1735; x_wconf 80' lang='lat'>,</span> 
     </span>
     <span class='ocr_line' id='line_1_30' title="bbox 201 1746 944 1787; baseline 0.003 -9"><span class='ocrx_word' id='word_1_154' title='bbox 201 1746 315 1787; x_wconf 83' lang='lat' dir='ltr'>hortis,</span> <span class='ocrx_word' id='word_1_155' title='bbox 339 1746 509 1779; x_wconf 86' lang='lat' dir='ltr'>hortalitiis</span> <span class='ocrx_word' id='word_1_156' title='bbox 530 1752 561 1779; x_wconf 89' lang='lat' dir='ltr'>et</span> <span class='ocrx_word' id='word_1_157' title='bbox 581 1746 650 1779; x_wconf 86' lang='lat' dir='ltr'>aliis</span> <span class='ocrx_word' id='word_1_158' title='bbox 671 1746 806 1779; x_wconf 83' lang='lat' dir='ltr'>officinis</span> <span class='ocrx_word' id='word_1_159' title='bbox 831 1757 944 1780; x_wconf 87' lang='lat' dir='ltr'>neees-</span> 
     </span>
     <span class='ocr_line' id='line_1_31' title="bbox 201 1798 948 1842; baseline 0 -10"><span class='ocrx_word' id='word_1_160' title='bbox 201 1798 293 1832; x_wconf 84' lang='lat' dir='ltr'>sariis</span> <span class='ocrx_word' id='word_1_161' title='bbox 310 1809 369 1842; x_wconf 90' lang='lat' dir='ltr'>pro</span> <span class='ocrx_word' id='word_1_162' title='bbox 390 1809 448 1832; x_wconf 90' lang='lat' dir='ltr'>usu</span> <span class='ocrx_word' id='word_1_163' title='bbox 470 1805 502 1832; x_wconf 90' lang='lat' dir='ltr'>et</span> <span class='ocrx_word' id='word_1_164' title='bbox 521 1799 721 1832; x_wconf 73' lang='lat' dir='ltr'>habitatione</span> <span class='ocrx_word' id='word_1_165' title='bbox 742 1799 902 1841; x_wconf 86' lang='lat' dir='ltr'>virginum</span> <span class='ocrx_word' id='word_1_166' title='bbox 918 1805 948 1832; x_wconf 86' lang='lat' dir='ltr'>et</span> 
     </span>
     <span class='ocr_line' id='line_1_32' title="bbox 202 1852 949 1895; baseline 0.001 -11"><span class='ocrx_word' id='word_1_167' title='bbox 202 1852 391 1885; x_wconf 90' lang='lat' dir='ltr'>monialium</span> <span class='ocrx_word' id='word_1_168' title='bbox 407 1878 414 1892; x_wconf 94' lang='lat'>,</span> <span class='ocrx_word' id='word_1_169' title='bbox 437 1857 473 1884; x_wconf 89' lang='lat' dir='ltr'>ut</span> <span class='ocrx_word' id='word_1_170' title='bbox 499 1862 608 1895; x_wconf 90' lang='lat' dir='ltr'>supra,</span> <span class='ocrx_word' id='word_1_171' title='bbox 636 1852 898 1895; x_wconf 78' lang='lat' dir='ltr'>recipiendarum</span> <span class='ocrx_word' id='word_1_172' title='bbox 919 1858 949 1885; x_wconf 87' lang='lat' dir='ltr'>et</span> 
     </span>
     <span class='ocr_line' id='line_1_33' title="bbox 203 1905 948 1948; baseline 0 -11"><span class='ocrx_word' id='word_1_173' title='bbox 203 1905 477 1938; x_wconf 88' lang='lat' dir='ltr'>admittendarum</span> <span class='ocrx_word' id='word_1_174' title='bbox 500 1906 607 1948; x_wconf 88' lang='lat' dir='ltr'>(quae</span> <span class='ocrx_word' id='word_1_175' title='bbox 633 1905 809 1948; x_wconf 89' lang='lat' dir='ltr'>praemissa</span> <span class='ocrx_word' id='word_1_176' title='bbox 839 1906 948 1938; x_wconf 88' lang='lat' dir='ltr'>onmia</span> 
     </span>
     <span class='ocr_line' id='line_1_34' title="bbox 203 1959 949 2003; baseline 0.003 -12"><span class='ocrx_word' id='word_1_177' title='bbox 203 1959 328 2002; x_wconf 77' lang='lat' dir='ltr'>exequi,</span> <span class='ocrx_word' id='word_1_178' title='bbox 357 1964 387 1992; x_wconf 88' lang='lat' dir='ltr'>et</span> <span class='ocrx_word' id='word_1_179' title='bbox 411 1959 601 2002; x_wconf 83' lang='lat' dir='ltr'>adimplere,</span> <span class='ocrx_word' id='word_1_180' title='bbox 624 1970 660 1992; x_wconf 86' lang='lat' dir='ltr'>ae</span> <span class='ocrx_word' id='word_1_181' title='bbox 682 1959 837 1993; x_wconf 84' lang='lat' dir='ltr'>moniales</span> <span class='ocrx_word' id='word_1_182' title='bbox 862 1959 949 2003; x_wconf 81' lang='lat' dir='ltr'>ipsae</span> 
     </span>
     <span class='ocr_line' id='line_1_35' title="bbox 203 2011 951 2054; baseline 0.001 -9"><span class='ocrx_word' id='word_1_183' title='bbox 203 2012 408 2054; x_wconf 82' lang='lat' dir='ltr'>regularibus</span> <span class='ocrx_word' id='word_1_184' title='bbox 425 2012 501 2044; x_wconf 87' lang='lat' dir='ltr'>dieti</span> <span class='ocrx_word' id='word_1_185' title='bbox 518 2011 646 2045; x_wconf 84' lang='lat' dir='ltr'>Ordinis</span> <span class='ocrx_word' id='word_1_186' title='bbox 666 2012 801 2045; x_wconf 86' lang='lat' dir='ltr'>instituti</span> <span class='ocrx_word' id='word_1_187' title='bbox 821 2023 854 2045; x_wconf 93' lang='lat' dir='ltr'>se</span> <span class='ocrx_word' id='word_1_188' title='bbox 875 2023 951 2046; x_wconf 90' lang='lat' dir='ltr'>eon-</span> 
     </span>
     <span class='ocr_line' id='line_1_36' title="bbox 205 2065 949 2109; baseline 0.001 -12"><span class='ocrx_word' id='word_1_189' title='bbox 205 2065 346 2098; x_wconf 86' lang='lat' dir='ltr'>sormare</span> <span class='ocrx_word' id='word_1_190' title='bbox 367 2065 516 2105; x_wconf 83' lang='lat' dir='ltr'>debeant,</span> <span class='ocrx_word' id='word_1_191' title='bbox 531 2076 567 2098; x_wconf 89' lang='lat' dir='ltr'>ae</span> <span class='ocrx_word' id='word_1_192' title='bbox 588 2070 651 2098; x_wconf 88' lang='lat' dir='ltr'>tam</span> <span class='ocrx_word' id='word_1_193' title='bbox 670 2066 755 2105; x_wconf 87' lang='lat' dir='ltr'>illae,</span> <span class='ocrx_word' id='word_1_194' title='bbox 779 2077 876 2109; x_wconf 87' lang='lat' dir='ltr'>quam</span> <span class='ocrx_word' id='word_1_195' title='bbox 898 2077 949 2099; x_wconf 89' lang='lat' dir='ltr'>re-</span> 
     </span>
     <span class='ocr_line' id='line_1_37' title="bbox 205 2117 947 2161; baseline 0.004 -12"><span class='ocrx_word' id='word_1_196' title='bbox 205 2118 311 2161; x_wconf 88' lang='lat' dir='ltr'>liquae</span> <span class='ocrx_word' id='word_1_197' title='bbox 337 2117 475 2159; x_wconf 85' lang='lat' dir='ltr'>virgines</span> <span class='ocrx_word' id='word_1_198' title='bbox 503 2118 581 2150; x_wconf 91' lang='lat' dir='ltr'>inibi</span> <span class='ocrx_word' id='word_1_199' title='bbox 613 2118 670 2151; x_wconf 91' lang='lat' dir='ltr'>sub</span> <span class='ocrx_word' id='word_1_200' title='bbox 704 2118 947 2159; x_wconf 84' lang='lat' dir='ltr'>iurisdictione,</span> 
     </span>
     <span class='ocr_line' id='line_1_38' title="bbox 205 2171 950 2212; baseline 0.001 -9"><span class='ocrx_word' id='word_1_201' title='bbox 205 2181 292 2212; x_wconf 88' lang='lat' dir='ltr'>eura,</span> <span class='ocrx_word' id='word_1_202' title='bbox 317 2171 499 2204; x_wconf 80' lang='lat' dir='ltr'>visitatione</span> <span class='ocrx_word' id='word_1_203' title='bbox 520 2176 551 2203; x_wconf 89' lang='lat' dir='ltr'>et</span> <span class='ocrx_word' id='word_1_204' title='bbox 570 2171 772 2204; x_wconf 78' lang='lat' dir='ltr'>correctione</span> <span class='ocrx_word' id='word_1_205' title='bbox 789 2171 950 2204; x_wconf 90' lang='lat' dir='ltr'>Ordinarii</span> 
     </span>
     <span class='ocr_line' id='line_1_39' title="bbox 178 2223 953 2266; baseline 0.001 -10"><span class='ocrx_word' id='word_1_206' title='bbox 178 2223 180 2227; x_wconf 78' lang='grc'>’</span> <span class='ocrx_word' id='word_1_207' title='bbox 205 2224 277 2264; x_wconf 87' lang='lat' dir='ltr'>loci,</span> <span class='ocrx_word' id='word_1_208' title='bbox 293 2224 389 2257; x_wconf 89' lang='lat' dir='ltr'>etiam</span> <span class='ocrx_word' id='word_1_209' title='bbox 410 2224 455 2257; x_wconf 89' lang='lat' dir='ltr'>uti</span> <span class='ocrx_word' id='word_1_210' title='bbox 477 2224 602 2266; x_wconf 85' lang='lat' dir='ltr'>collegii</span> <span class='ocrx_word' id='word_1_211' title='bbox 624 2229 655 2256; x_wconf 87' lang='lat' dir='ltr'>et</span> <span class='ocrx_word' id='word_1_212' title='bbox 672 2224 858 2258; x_wconf 88' lang='lat' dir='ltr'>monasterii</span> <span class='ocrx_word' id='word_1_213' title='bbox 876 2235 953 2257; x_wconf 89' lang='lat' dir='ltr'>con-</span> 
     </span>
     <span class='ocr_line' id='line_1_40' title="bbox 205 2277 952 2320; baseline -0.001 -10"><span class='ocrx_word' id='word_1_214' title='bbox 205 2278 433 2310; x_wconf 85' lang='lat' dir='ltr'>struendorum</span> <span class='ocrx_word' id='word_1_215' title='bbox 447 2277 631 2310; x_wconf 88' lang='lat' dir='ltr'>huiusmodi</span> <span class='ocrx_word' id='word_1_216' title='bbox 641 2277 779 2320; x_wconf 81' lang='lat' dir='ltr'>patroni⁷</span> <span class='ocrx_word' id='word_1_217' title='bbox 792 2277 952 2310; x_wconf 87' lang='lat' dir='ltr'>Altissiino</span> 
     </span>
     <span class='ocr_line' id='line_1_41' title="bbox 207 2330 954 2373; baseline 0 -11"><span class='ocrx_word' id='word_1_218' title='bbox 207 2330 427 2373; x_wconf 80' lang='lat' dir='ltr'>famulentur),</span> <span class='ocrx_word' id='word_1_219' title='bbox 444 2330 633 2363; x_wconf 79' lang='lat' dir='ltr'>auctoritate</span> <span class='ocrx_word' id='word_1_220' title='bbox 649 2335 680 2363; x_wconf 88' lang='lat' dir='ltr'>et</span> <span class='ocrx_word' id='word_1_221' title='bbox 698 2336 809 2363; x_wconf 88' lang='lat' dir='ltr'>tenore</span> <span class='ocrx_word' id='word_1_222' title='bbox 830 2330 954 2373; x_wconf 87' lang='lat' dir='ltr'>praefa-</span> 
     </span>
     <span class='ocr_line' id='line_1_42' title="bbox 207 2383 953 2427; baseline 0.001 -12"><span class='ocrx_word' id='word_1_223' title='bbox 207 2384 258 2423; x_wconf 82' lang='lat' dir='ltr'>tis,</span> <span class='ocrx_word' id='word_1_224' title='bbox 281 2383 350 2416; x_wconf 90' lang='lat' dir='ltr'>sine</span> <span class='ocrx_word' id='word_1_225' title='bbox 370 2383 504 2416; x_wconf 88' lang='lat' dir='ltr'>alieuius</span> <span class='ocrx_word' id='word_1_226' title='bbox 524 2383 735 2427; x_wconf 85' lang='lat' dir='ltr'>praeiudicio,</span> <span class='ocrx_word' id='word_1_227' title='bbox 759 2383 856 2416; x_wconf 86' lang='lat' dir='ltr'>etiam</span> <span class='ocrx_word' id='word_1_228' title='bbox 882 2394 953 2427; x_wconf 87' lang='lat' dir='ltr'>per-</span> 
     </span>
    </p>

    <p class='ocr_par' dir='ltr' id='par_1_3' title="bbox 14 2436 954 2629">
     <span class='ocr_line' id='line_1_43' title="bbox 210 2436 759 2479; baseline 0.002 -11"><span class='ocrx_word' id='word_1_229' title='bbox 210 2441 308 2479; x_wconf 86' lang='lat' dir='ltr'>petuo</span> <span class='ocrx_word' id='word_1_230' title='bbox 329 2436 484 2478; x_wconf 76' lang='lat' dir='ltr'>erigimus</span> <span class='ocrx_word' id='word_1_231' title='bbox 504 2442 534 2469; x_wconf 89' lang='lat' dir='ltr'>et</span> <span class='ocrx_word' id='word_1_232' title='bbox 551 2436 759 2469; x_wconf 86' lang='lat' dir='ltr'>instituimus.</span> 
     </span>
     <span class='ocr_line' id='line_1_44' title="bbox 254 2488 954 2533; baseline 0.001 -12"><span class='ocrx_word' id='word_1_233' title='bbox 254 2490 268 2531; x_wconf 62' lang='grc' dir='ltr'><strong>ἓ</strong></span> <span class='ocrx_word' id='word_1_234' title='bbox 289 2488 319 2521; x_wconf 81' lang='grc'>5.</span> <span class='ocrx_word' id='word_1_235' title='bbox 343 2489 472 2533; x_wconf 85' lang='lat' dir='ltr'>Illisque</span> <span class='ocrx_word' id='word_1_236' title='bbox 493 2490 538 2522; x_wconf 87' lang='lat' dir='ltr'>sie</span> <span class='ocrx_word' id='word_1_237' title='bbox 558 2490 673 2523; x_wconf 84' lang='lat' dir='ltr'>erectis</span> <span class='ocrx_word' id='word_1_238' title='bbox 687 2495 714 2522; x_wconf 87' lang='lat' dir='ltr'>et</span> <span class='ocrx_word' id='word_1_239' title='bbox 729 2489 880 2523; x_wconf 86' lang='lat' dir='ltr'>institutis</span> <span class='ocrx_word' id='word_1_240' title='bbox 895 2500 954 2533; x_wconf 86' lang='lat' dir='ltr'>pro</span> 
     </span>
     <span class='ocr_line' id='line_1_45' title="bbox 15 2539 954 2587; baseline 0.001 -12"><span class='ocrx_word' id='word_1_241' title='bbox 15 2539 194 2587; x_wconf 48' lang='lat' dir='ltr'>fffinffiffossgfflg‘}</span> <span class='ocrx_word' id='word_1_242' title='bbox 210 2552 323 2576; x_wconf 89' lang='lat' dir='ltr'>eorum</span> <span class='ocrx_word' id='word_1_243' title='bbox 355 2542 429 2575; x_wconf 89' lang='lat' dir='ltr'>dote</span> <span class='ocrx_word' id='word_1_244' title='bbox 461 2542 570 2575; x_wconf 87' lang='lat' dir='ltr'>omnia</span> <span class='ocrx_word' id='word_1_245' title='bbox 600 2548 631 2575; x_wconf 88' lang='lat' dir='ltr'>et</span> <span class='ocrx_word' id='word_1_246' title='bbox 661 2542 786 2584; x_wconf 81' lang='lat' dir='ltr'>singula</span> <span class='ocrx_word' id='word_1_247' title='bbox 821 2553 838 2574; x_wconf 87' lang='lat' dir='ltr'>a</span> <span class='ocrx_word' id='word_1_248' title='bbox 870 2542 954 2576; x_wconf 84' lang='lat' dir='ltr'>dicto</span> 
     </span>
     <span class='ocr_line' id='line_1_46' title="bbox 14 2593 952 2629; baseline 0 -1"><span class='ocrx_word' id='word_1_249' title='bbox 14 2593 48 2617; x_wconf 75' lang='lat'>¹³·</span> <span class='ocrx_word' id='word_1_250' title='bbox 68 2595 194 2620; x_wconf 63' lang='lat' dir='ltr'>⁰³⁰²⁰f³q¹¹2</span> <span class='ocrx_word' id='word_1_251' title='bbox 210 2596 328 2629; x_wconf 83' lang='lat' dir='ltr'>Ioanne</span> <span class='ocrx_word' id='word_1_252' title='bbox 353 2595 523 2629; x_wconf 83' lang='lat' dir='ltr'>fundatore</span> <span class='ocrx_word' id='word_1_253' title='bbox 552 2595 592 2629; x_wconf 91' lang='lat' dir='ltr'>ad</span> <span class='ocrx_word' id='word_1_254' title='bbox 623 2595 709 2629; x_wconf 89' lang='lat' dir='ltr'>hune</span> <span class='ocrx_word' id='word_1_255' title='bbox 729 2595 878 2628; x_wconf 80' lang='lat' dir='ltr'>effectum</span> <span class='ocrx_word' id='word_1_256' title='bbox 899 2606 952 2628; x_wconf 88' lang='lat' dir='ltr'>re-</span> 
     </span>
    </p>
   </div>
   <div class='ocr_carea' id='block_1_2' title="bbox 814 211 1103 235">
    <p class='ocr_par' dir='ltr' id='par_1_4' title="bbox 814 211 1103 235">
     <span class='ocr_line' id='line_1_47' title="bbox 814 211 1103 235; baseline -0.007 0"><span class='ocrx_word' id='word_1_257' title='bbox 814 211 961 235; x_wconf 76' lang='lat' dir='ltr'>CLEMENS</span> <span class='ocrx_word' id='word_1_258' title='bbox 979 211 1035 234; x_wconf 81' lang='lat' dir='ltr'>vll}</span> <span class='ocrx_word' id='word_1_259' title='bbox 1055 211 1103 233; x_wconf 81' lang='grc' dir='ltr'>ΡΡ.</span> 
     </span>
    </p>
   </div>
   <div class='ocr_carea' id='block_1_3' title="bbox 955 259 962 891">
    <p class='ocr_par' dir='ltr' id='par_1_5' title="bbox 955 259 962 891">
     <span class='ocr_line' id='line_1_48' title="bbox 955 259 962 891; baseline 0 0"><span class='ocrx_word' id='word_1_260' title='bbox 955 259 962 891; x_wconf 95' lang='lat' dir='ltr'> </span> 
     </span>
    </p>
   </div>
   <div class='ocr_carea' id='block_1_4' title="bbox 965 1849 973 2518">
    <p class='ocr_par' dir='ltr' id='par_1_6' title="bbox 965 1849 973 2518">
     <span class='ocr_line' id='line_1_49' title="bbox 965 1849 973 2518; baseline 0 0"><span class='ocrx_word' id='word_1_261' title='bbox 965 1849 973 2518; x_wconf 95' lang='lat' dir='ltr'> </span> 
     </span>
    </p>
   </div>
   <div class='ocr_carea' id='block_1_5' title="bbox 973 195 1935 2263">
    <p class='ocr_par' dir='ltr' id='par_1_7' title="bbox 973 195 1913 458">
     <span class='ocr_line' id='line_1_50' title="bbox 1614 195 1909 232; baseline 0 -1"><span class='ocrx_word' id='word_1_262' title='bbox 1614 195 1679 228; x_wconf 68' lang='grc'>333</span> <span class='ocrx_word' id='word_1_263' title='bbox 1724 205 1771 231; x_wconf 75' lang='lat' dir='ltr'>An.</span> <span class='ocrx_word' id='word_1_264' title='bbox 1794 205 1824 231; x_wconf 76' lang='lat' dir='ltr'>e.</span> <span class='ocrx_word' id='word_1_265' title='bbox 1844 204 1909 232; x_wconf 78' lang='lat'>1597</span> 
     </span>
     <span class='ocr_line' id='line_1_51' title="bbox 973 254 1913 300; baseline -0.006 -9"><span class='ocrx_word' id='word_1_266' title='bbox 973 259 1045 291; x_wconf 82' lang='lat' dir='ltr'>licta</span> <span class='ocrx_word' id='word_1_267' title='bbox 1065 258 1159 295; x_wconf 86' lang='lat' dir='ltr'>bona,</span> <span class='ocrx_word' id='word_1_268' title='bbox 1183 256 1396 300; x_wconf 84' lang='lat' dir='ltr'>proprietates</span> <span class='ocrx_word' id='word_1_269' title='bbox 1416 259 1447 287; x_wconf 84' lang='lat' dir='ltr'>et</span> <span class='ocrx_word' id='word_1_270' title='bbox 1467 254 1547 294; x_wconf 88' lang='lat' dir='ltr'>iura,</span> <span class='ocrx_word' id='word_1_271' title='bbox 1571 264 1630 286; x_wconf 87' lang='lat' dir='ltr'>nee</span> <span class='ocrx_word' id='word_1_272' title='bbox 1648 263 1713 285; x_wconf 90' lang='lat' dir='ltr'>non</span> <span class='ocrx_word' id='word_1_273' title='bbox 1729 266 1748 286; x_wconf 71' lang='lat' dir='ltr'>m</span> <span class='ocrx_word' id='word_1_274' title='bbox 1764 268 1870 295; x_wconf 44' lang='lat' dir='ltr'>wau-mm</span> <span class='ocrx_word' id='word_1_275' title='bbox 1892 273 1913 285; x_wconf 61' lang='lat'>³-</span> 
     </span>
     <span class='ocr_line' id='line_1_52' title="bbox 974 293 1913 355; baseline -0.006 -12"><span class='ocrx_word' id='word_1_276' title='bbox 974 311 1025 355; x_wconf 87' lang='lat' dir='ltr'>pia</span> <span class='ocrx_word' id='word_1_277' title='bbox 1047 310 1187 343; x_wconf 84' lang='lat' dir='ltr'>subsidia</span> <span class='ocrx_word' id='word_1_278' title='bbox 1209 321 1267 353; x_wconf 86' lang='lat' dir='ltr'>per</span> <span class='ocrx_word' id='word_1_279' title='bbox 1287 320 1345 353; x_wconf 89' lang='lat' dir='ltr'>pro</span> <span class='ocrx_word' id='word_1_280' title='bbox 1367 314 1512 352; x_wconf 82' lang='lat' dir='ltr'>tempore</span> <span class='ocrx_word' id='word_1_281' title='bbox 1532 306 1610 340; x_wconf 89' lang='lat' dir='ltr'>inibi</span> <span class='ocrx_word' id='word_1_282' title='bbox 1632 293 1857 344; x_wconf 63' lang='lat' dir='ltr'>1·eci-}L&#39;1¹.}&#39;ll‘?l¹t&#39;“·</span> <span class='ocrx_word' id='word_1_283' title='bbox 1883 299 1913 312; x_wconf 50' lang='lat'>‘¹¹³</span> 
     </span>
     <span class='ocr_line' id='line_1_53' title="bbox 974 361 1716 407; baseline -0.005 -10"><span class='ocrx_word' id='word_1_284' title='bbox 974 364 1107 407; x_wconf 85' lang='lat' dir='ltr'>pieudas</span> <span class='ocrx_word' id='word_1_285' title='bbox 1136 364 1274 404; x_wconf 70' lang='lat' dir='ltr'>virgines</span> <span class='ocrx_word' id='word_1_286' title='bbox 1305 368 1336 395; x_wconf 77' lang='lat' dir='ltr'>ct,</span> <span class='ocrx_word' id='word_1_287' title='bbox 1365 362 1538 401; x_wconf 78' lang='lat' dir='ltr'>moniales,</span> <span class='ocrx_word' id='word_1_288' title='bbox 1572 361 1716 404; x_wconf 88' lang='lat' dir='ltr'>aliosque</span> 
     </span>
     <span class='ocr_line' id='line_1_54' title="bbox 975 415 1718 458; baseline -0.003 -10"><span class='ocrx_word' id='word_1_289' title='bbox 975 417 1200 449; x_wconf 74' lang='lat' dir='ltr'>christitidcles</span> <span class='ocrx_word' id='word_1_290' title='bbox 1213 416 1332 448; x_wconf 85' lang='lat' dir='ltr'>ibidem</span> <span class='ocrx_word' id='word_1_291' title='bbox 1348 415 1543 458; x_wconf 79' lang='lat' dir='ltr'>elargienda,</span> <span class='ocrx_word' id='word_1_292' title='bbox 1555 415 1718 456; x_wconf 77' lang='lat' dir='ltr'>eroganda</span> 
     </span>
    </p>

    <p class='ocr_par' dir='ltr' id='par_1_8' title="bbox 976 468 1715 509">
     <span class='ocr_line' id='line_1_55' title="bbox 976 468 1715 509; baseline -0.003 -7"><span class='ocrx_word' id='word_1_293' title='bbox 976 476 1006 502; x_wconf 88' lang='lat' dir='ltr'>et</span> <span class='ocrx_word' id='word_1_294' title='bbox 1027 470 1187 509; x_wconf 80' lang='lat' dir='ltr'>donanda,</span> <span class='ocrx_word' id='word_1_295' title='bbox 1202 470 1321 502; x_wconf 84' lang='lat' dir='ltr'>eisdem</span> <span class='ocrx_word' id='word_1_296' title='bbox 1344 468 1535 501; x_wconf 83' lang='lat' dir='ltr'>auctoritate</span> <span class='ocrx_word' id='word_1_297' title='bbox 1549 473 1579 500; x_wconf 89' lang='lat' dir='ltr'>et</span> <span class='ocrx_word' id='word_1_298' title='bbox 1592 472 1715 507; x_wconf 87' lang='lat' dir='ltr'>tenore,</span> 
     </span>
    </p>

    <p class='ocr_par' dir='ltr' id='par_1_9' title="bbox 975 522 1719 565">
     <span class='ocr_line' id='line_1_56' title="bbox 975 522 1719 565; baseline -0.003 -10"><span class='ocrx_word' id='word_1_299' title='bbox 975 523 1123 555; x_wconf 87' lang='lat' dir='ltr'>similiter</span> <span class='ocrx_word' id='word_1_300' title='bbox 1152 528 1307 565; x_wconf 81' lang='lat' dir='ltr'>perpetuo</span> <span class='ocrx_word' id='word_1_301' title='bbox 1329 522 1528 565; x_wconf 74' lang='lat' dir='ltr'>applicamus</span> <span class='ocrx_word' id='word_1_302' title='bbox 1549 527 1579 554; x_wconf 87' lang='lat' dir='ltr'>et</span> <span class='ocrx_word' id='word_1_303' title='bbox 1603 531 1719 564; x_wconf 85' lang='lat' dir='ltr'>appro-</span> 
     </span>
    </p>

    <p class='ocr_par' dir='ltr' id='par_1_10' title="bbox 976 576 1130 619">
     <span class='ocr_line' id='line_1_57' title="bbox 976 576 1130 619; baseline 0 -11"><span class='ocrx_word' id='word_1_304' title='bbox 976 576 1130 619; x_wconf 87' lang='lat' dir='ltr'>priamus.</span> 
     </span>
    </p>

    <p class='ocr_par' dir='ltr' id='par_1_11' title="bbox 977 626 1920 2161">
     <span class='ocr_line' id='line_1_58' title="bbox 1021 626 1919 671; baseline -0.006 -11"><span class='ocrx_word' id='word_1_305' title='bbox 1021 629 1035 671; x_wconf 60' lang='grc' dir='ltr'>ξ</span> <span class='ocrx_word' id='word_1_306' title='bbox 1060 628 1090 660; x_wconf 70' lang='lat' dir='ltr'>e.</span> <span class='ocrx_word' id='word_1_307' title='bbox 1118 628 1181 660; x_wconf 82' lang='lat' dir='ltr'>Nec</span> <span class='ocrx_word' id='word_1_308' title='bbox 1208 638 1272 660; x_wconf 91' lang='lat' dir='ltr'>non</span> <span class='ocrx_word' id='word_1_309' title='bbox 1304 627 1440 669; x_wconf 74' lang='lat' dir='ltr'>collegio</span> <span class='ocrx_word' id='word_1_310' title='bbox 1466 632 1496 659; x_wconf 90' lang='lat' dir='ltr'>et</span> <span class='ocrx_word' id='word_1_311' title='bbox 1524 626 1719 659; x_wconf 87' lang='lat' dir='ltr'>monasterio</span> <span class='ocrx_word' id='word_1_312' title='bbox 1761 636 1835 666; x_wconf 63' lang='lat' dir='ltr'>numm</span> <span class='ocrx_word' id='word_1_313' title='bbox 1856 635 1919 664; x_wconf 63' lang='lat' dir='ltr'>prm·</span> 
     </span>
     <span class='ocr_line' id='line_1_59' title="bbox 977 662 1919 723; baseline -0.007 -9"><span class='ocrx_word' id='word_1_314' title='bbox 977 681 1200 715; x_wconf 74' lang='lat' dir='ltr'>construendis</span> <span class='ocrx_word' id='word_1_315' title='bbox 1226 680 1433 720; x_wconf 88' lang='lat' dir='ltr'>huiusmodi,</span> <span class='ocrx_word' id='word_1_316' title='bbox 1454 680 1649 723; x_wconf 89' lang='lat' dir='ltr'>illorumque</span> <span class='ocrx_word' id='word_1_317' title='bbox 1669 690 1719 712; x_wconf 89' lang='lat' dir='ltr'>ee·</span> <span class='ocrx_word' id='word_1_318' title='bbox 1734 662 1919 720; x_wconf 49' lang='lat' dir='ltr'>{35:6115⁰:³53}ssss</span> 
     </span>
     <span class='ocr_line' id='line_1_60' title="bbox 977 714 1920 778; baseline -0.007 -11"><span class='ocrx_word' id='word_1_319' title='bbox 977 735 1103 771; x_wconf 82' lang='lat' dir='ltr'>elesiac,</span> <span class='ocrx_word' id='word_1_320' title='bbox 1125 746 1180 767; x_wconf 85' lang='lat' dir='ltr'>seu</span> <span class='ocrx_word' id='word_1_321' title='bbox 1198 734 1352 778; x_wconf 76' lang='lat' dir='ltr'>capellae,</span> <span class='ocrx_word' id='word_1_322' title='bbox 1369 744 1405 766; x_wconf 86' lang='lat' dir='ltr'>ac</span> <span class='ocrx_word' id='word_1_323' title='bbox 1426 733 1457 765; x_wconf 91' lang='lat' dir='ltr'>in</span> <span class='ocrx_word' id='word_1_324' title='bbox 1479 733 1540 765; x_wconf 90' lang='lat' dir='ltr'>illis</span> <span class='ocrx_word' id='word_1_325' title='bbox 1560 743 1619 776; x_wconf 84' lang='lat' dir='ltr'>pro</span> <span class='ocrx_word' id='word_1_326' title='bbox 1642 738 1720 765; x_wconf 89' lang='lat' dir='ltr'>tem-</span> <span class='ocrx_word' id='word_1_327' title='bbox 1734 714 1920 764; x_wconf 56' lang='lat' dir='ltr'>filflfiilfilssffldlffl?</span> 
     </span>
     <span class='ocr_line' id='line_1_61' title="bbox 977 768 1919 832; baseline -0.007 -11"><span class='ocrx_word' id='word_1_328' title='bbox 977 799 1055 832; x_wconf 77' lang='lat' dir='ltr'>pore</span> <span class='ocrx_word' id='word_1_329' title='bbox 1077 788 1267 830; x_wconf 60' lang='lat' dir='ltr'>degentibus</span> <span class='ocrx_word' id='word_1_330' title='bbox 1288 787 1486 829; x_wconf 82' lang='lat' dir='ltr'>virginibus,</span> <span class='ocrx_word' id='word_1_331' title='bbox 1518 786 1717 825; x_wconf 81' lang='lat' dir='ltr'>abbatissae,</span> <span class='ocrx_word' id='word_1_332' title='bbox 1735 775 1823 816; x_wconf 65' lang='lat' dir='ltr'>l¹l&#39;‡.⁵&#39;¹¹¹⁰</span> <span class='ocrx_word' id='word_1_333' title='bbox 1849 768 1919 788; x_wconf 47' lang='lat'>“¹¹⁰¹&#39;&#39;</span> 
     </span>
     <span class='ocr_line' id='line_1_62' title="bbox 979 839 1719 884; baseline -0.003 -11"><span class='ocrx_word' id='word_1_334' title='bbox 979 842 1172 875; x_wconf 85' lang='lat' dir='ltr'>monialibus</span> <span class='ocrx_word' id='word_1_335' title='bbox 1186 841 1312 884; x_wconf 84' lang='lat' dir='ltr'>illisque</span> <span class='ocrx_word' id='word_1_336' title='bbox 1329 839 1553 879; x_wconf 85' lang='lat' dir='ltr'>servientibus,</span> <span class='ocrx_word' id='word_1_337' title='bbox 1570 850 1606 872; x_wconf 84' lang='lat' dir='ltr'>ae</span> <span class='ocrx_word' id='word_1_338' title='bbox 1624 839 1719 871; x_wconf 87' lang='lat' dir='ltr'>etiam</span> 
     </span>
     <span class='ocr_line' id='line_1_63' title="bbox 979 892 1722 935; baseline -0.004 -7"><span class='ocrx_word' id='word_1_339' title='bbox 979 905 1090 928; x_wconf 86' lang='lat' dir='ltr'>eorum</span> <span class='ocrx_word' id='word_1_340' title='bbox 1117 895 1224 935; x_wconf 85' lang='lat' dir='ltr'>rebus,</span> <span class='ocrx_word' id='word_1_341' title='bbox 1249 894 1373 927; x_wconf 86' lang='lat' dir='ltr'>iuribus</span> <span class='ocrx_word' id='word_1_342' title='bbox 1394 898 1426 926; x_wconf 89' lang='lat' dir='ltr'>et</span> <span class='ocrx_word' id='word_1_343' title='bbox 1452 892 1546 926; x_wconf 89' lang='lat' dir='ltr'>bonis</span> <span class='ocrx_word' id='word_1_344' title='bbox 1565 892 1722 925; x_wconf 85' lang='lat' dir='ltr'>universis</span> 
     </span>
     <span class='ocr_line' id='line_1_64' title="bbox 979 945 1720 992; baseline -0.005 -11"><span class='ocrx_word' id='word_1_345' title='bbox 979 948 1202 992; x_wconf 88' lang='lat' dir='ltr'>praesentibus</span> <span class='ocrx_word' id='word_1_346' title='bbox 1226 953 1255 980; x_wconf 88' lang='lat' dir='ltr'>et</span> <span class='ocrx_word' id='word_1_347' title='bbox 1277 947 1404 985; x_wconf 85' lang='lat' dir='ltr'>futuris,</span> <span class='ocrx_word' id='word_1_348' title='bbox 1427 946 1580 979; x_wconf 89' lang='lat' dir='ltr'>omnihus</span> <span class='ocrx_word' id='word_1_349' title='bbox 1600 950 1632 978; x_wconf 86' lang='lat' dir='ltr'>et</span> <span class='ocrx_word' id='word_1_350' title='bbox 1651 945 1720 978; x_wconf 92' lang='lat' dir='ltr'>sin-</span> 
     </span>
     <span class='ocr_line' id='line_1_65' title="bbox 978 998 1720 1044; baseline -0.005 -10"><span class='ocrx_word' id='word_1_351' title='bbox 978 1001 1061 1043; x_wconf 88' lang='lat' dir='ltr'>gulis</span> <span class='ocrx_word' id='word_1_352' title='bbox 1073 1001 1259 1044; x_wconf 87' lang='lat' dir='ltr'>privilegiis,</span> <span class='ocrx_word' id='word_1_353' title='bbox 1277 999 1492 1038; x_wconf 82' lang='lat' dir='ltr'>facultatibus,</span> <span class='ocrx_word' id='word_1_354' title='bbox 1507 998 1720 1038; x_wconf 87' lang='lat' dir='ltr'>libertatibus,</span> 
     </span>
     <span class='ocr_line' id='line_1_66' title="bbox 979 1051 1721 1096; baseline -0.004 -10"><span class='ocrx_word' id='word_1_355' title='bbox 979 1054 1255 1091; x_wconf 79' lang='lat' dir='ltr'>imiminitatiluis,</span> <span class='ocrx_word' id='word_1_356' title='bbox 1277 1052 1554 1096; x_wconf 83' lang='lat' dir='ltr'>exemptionibus,</span> <span class='ocrx_word' id='word_1_357' title='bbox 1577 1051 1721 1094; x_wconf 88' lang='lat' dir='ltr'>praemi-</span> 
     </span>
     <span class='ocr_line' id='line_1_67' title="bbox 979 1104 1724 1148; baseline -0.003 -9"><span class='ocrx_word' id='word_1_358' title='bbox 979 1107 1108 1144; x_wconf 83' lang='lat' dir='ltr'>nentiis,</span> <span class='ocrx_word' id='word_1_359' title='bbox 1127 1106 1307 1143; x_wconf 80' lang='lat' dir='ltr'>favoribus,</span> <span class='ocrx_word' id='word_1_360' title='bbox 1328 1104 1571 1148; x_wconf 74' lang='lat' dir='ltr'>praerogativis,</span> <span class='ocrx_word' id='word_1_361' title='bbox 1592 1114 1724 1137; x_wconf 84' lang='lat' dir='ltr'>eonces-</span> 
     </span>
     <span class='ocr_line' id='line_1_68' title="bbox 979 1157 1726 1201; baseline -0.007 -8"><span class='ocrx_word' id='word_1_362' title='bbox 979 1160 1134 1199; x_wconf 86' lang='lat' dir='ltr'>sionibus,</span> <span class='ocrx_word' id='word_1_363' title='bbox 1153 1159 1295 1198; x_wconf 88' lang='lat' dir='ltr'>indultis,</span> <span class='ocrx_word' id='word_1_364' title='bbox 1313 1157 1522 1200; x_wconf 77' lang='lat' dir='ltr'>indulgentiis</span> <span class='ocrx_word' id='word_1_365' title='bbox 1544 1157 1639 1189; x_wconf 89' lang='lat' dir='ltr'>etiam</span> <span class='ocrx_word' id='word_1_366' title='bbox 1658 1158 1726 1201; x_wconf 89' lang='lat' dir='ltr'>ple-</span> 
     </span>
     <span class='ocr_line' id='line_1_69' title="bbox 980 1210 1726 1256; baseline -0.007 -10"><span class='ocrx_word' id='word_1_367' title='bbox 980 1213 1078 1246; x_wconf 86' lang='lat' dir='ltr'>nariis</span> <span class='ocrx_word' id='word_1_368' title='bbox 1103 1224 1139 1246; x_wconf 87' lang='lat' dir='ltr'>ac</span> <span class='ocrx_word' id='word_1_369' title='bbox 1164 1218 1373 1256; x_wconf 80' lang='lat' dir='ltr'>peccatorum</span> <span class='ocrx_word' id='word_1_370' title='bbox 1405 1210 1661 1247; x_wconf 80' lang='lat' dir='ltr'>remissionibus,</span> <span class='ocrx_word' id='word_1_371' title='bbox 1690 1220 1726 1242; x_wconf 91' lang='lat' dir='ltr'>ae</span> 
     </span>
     <span class='ocr_line' id='line_1_70' title="bbox 980 1263 1727 1308; baseline -0.007 -8"><span class='ocrx_word' id='word_1_372' title='bbox 980 1267 1051 1300; x_wconf 87' lang='lat' dir='ltr'>aliis</span> <span class='ocrx_word' id='word_1_373' title='bbox 1062 1266 1219 1299; x_wconf 79' lang='lat' dir='ltr'>universis</span> <span class='ocrx_word' id='word_1_374' title='bbox 1239 1265 1348 1307; x_wconf 85' lang='lat' dir='ltr'>gratiis</span> <span class='ocrx_word' id='word_1_375' title='bbox 1366 1263 1588 1308; x_wconf 87' lang='lat' dir='ltr'>spiritualibus</span> <span class='ocrx_word' id='word_1_376' title='bbox 1603 1269 1634 1296; x_wconf 90' lang='lat' dir='ltr'>et</span> <span class='ocrx_word' id='word_1_377' title='bbox 1647 1268 1727 1296; x_wconf 86' lang='lat' dir='ltr'>tem-</span> 
     </span>
     <span class='ocr_line' id='line_1_71' title="bbox 980 1316 1727 1364; baseline -0.007 -11"><span class='ocrx_word' id='word_1_378' title='bbox 980 1320 1156 1364; x_wconf 79' lang='lat' dir='ltr'>poralibus,</span> <span class='ocrx_word' id='word_1_379' title='bbox 1171 1319 1288 1362; x_wconf 89' lang='lat' dir='ltr'>quibus</span> <span class='ocrx_word' id='word_1_380' title='bbox 1308 1318 1370 1351; x_wconf 87' lang='lat' dir='ltr'>alia</span> <span class='ocrx_word' id='word_1_381' title='bbox 1389 1317 1544 1350; x_wconf 86' lang='lat' dir='ltr'>similium</span> <span class='ocrx_word' id='word_1_382' title='bbox 1565 1316 1727 1359; x_wconf 84' lang='lat' dir='ltr'>virginum</span> 
     </span>
     <span class='ocr_line' id='line_1_72' title="bbox 981 1369 1728 1415; baseline -0.007 -9"><span class='ocrx_word' id='word_1_383' title='bbox 981 1373 1128 1415; x_wconf 82' lang='lat' dir='ltr'>collegia,</span> <span class='ocrx_word' id='word_1_384' title='bbox 1149 1382 1276 1405; x_wconf 81' lang='lat' dir='ltr'>necnon</span> <span class='ocrx_word' id='word_1_385' title='bbox 1303 1370 1499 1404; x_wconf 86' lang='lat' dir='ltr'>monasteria</span> <span class='ocrx_word' id='word_1_386' title='bbox 1527 1369 1604 1402; x_wconf 88' lang='lat' dir='ltr'>dieti</span> <span class='ocrx_word' id='word_1_387' title='bbox 1633 1369 1728 1403; x_wconf 90' lang='lat' dir='ltr'>Ordi-</span> 
     </span>
     <span class='ocr_line' id='line_1_73' title="bbox 982 1423 1727 1467; baseline -0.005 -7"><span class='ocrx_word' id='word_1_388' title='bbox 982 1427 1051 1467; x_wconf 88' lang='lat' dir='ltr'>nis,</span> <span class='ocrx_word' id='word_1_389' title='bbox 1076 1438 1112 1460; x_wconf 83' lang='lat' dir='ltr'>ae</span> <span class='ocrx_word' id='word_1_390' title='bbox 1137 1437 1249 1460; x_wconf 89' lang='lat' dir='ltr'>eorum</span> <span class='ocrx_word' id='word_1_391' title='bbox 1282 1425 1455 1464; x_wconf 86' lang='lat' dir='ltr'>ecelesiae,</span> <span class='ocrx_word' id='word_1_392' title='bbox 1480 1430 1511 1457; x_wconf 91' lang='lat' dir='ltr'>et</span> <span class='ocrx_word' id='word_1_393' title='bbox 1536 1424 1569 1456; x_wconf 91' lang='lat' dir='ltr'>in</span> <span class='ocrx_word' id='word_1_394' title='bbox 1598 1423 1644 1456; x_wconf 90' lang='lat' dir='ltr'>eis</span> <span class='ocrx_word' id='word_1_395' title='bbox 1671 1424 1727 1457; x_wconf 91' lang='lat' dir='ltr'>de-</span> 
     </span>
     <span class='ocr_line' id='line_1_74' title="bbox 982 1476 1726 1523; baseline -0.007 -10"><span class='ocrx_word' id='word_1_396' title='bbox 982 1486 1092 1523; x_wconf 81' lang='lat' dir='ltr'>gentes</span> <span class='ocrx_word' id='word_1_397' title='bbox 1120 1479 1270 1522; x_wconf 76' lang='lat' dir='ltr'>virgines,</span> <span class='ocrx_word' id='word_1_398' title='bbox 1298 1478 1478 1512; x_wconf 85' lang='lat' dir='ltr'>abbatissae</span> <span class='ocrx_word' id='word_1_399' title='bbox 1498 1482 1529 1510; x_wconf 90' lang='lat' dir='ltr'>et</span> <span class='ocrx_word' id='word_1_400' title='bbox 1548 1476 1704 1509; x_wconf 87' lang='lat' dir='ltr'>moniales</span> <span class='ocrx_word' id='word_1_401' title='bbox 1718 1503 1726 1516; x_wconf 85' lang='lat'>,</span> 
     </span>
     <span class='ocr_line' id='line_1_75' title="bbox 982 1530 1725 1577; baseline -0.005 -11"><span class='ocrx_word' id='word_1_402' title='bbox 982 1533 1110 1577; x_wconf 89' lang='lat' dir='ltr'>illisque</span> <span class='ocrx_word' id='word_1_403' title='bbox 1130 1532 1324 1572; x_wconf 87' lang='lat' dir='ltr'>servientes,</span> <span class='ocrx_word' id='word_1_404' title='bbox 1349 1542 1385 1565; x_wconf 89' lang='lat' dir='ltr'>ae</span> <span class='ocrx_word' id='word_1_405' title='bbox 1406 1541 1518 1564; x_wconf 90' lang='lat' dir='ltr'>eorum</span> <span class='ocrx_word' id='word_1_406' title='bbox 1536 1530 1607 1563; x_wconf 83' lang='lat' dir='ltr'>iura</span> <span class='ocrx_word' id='word_1_407' title='bbox 1621 1557 1628 1570; x_wconf 91' lang='lat'>,</span> <span class='ocrx_word' id='word_1_408' title='bbox 1652 1540 1703 1563; x_wconf 89' lang='lat' dir='ltr'>res</span> <span class='ocrx_word' id='word_1_409' title='bbox 1718 1557 1725 1570; x_wconf 97' lang='lat'>,</span> 
     </span>
     <span class='ocr_line' id='line_1_76' title="bbox 982 1584 1725 1624; baseline -0.005 -5"><span class='ocrx_word' id='word_1_410' title='bbox 982 1587 1125 1619; x_wconf 90' lang='lat' dir='ltr'>actiones</span> <span class='ocrx_word' id='word_1_411' title='bbox 1146 1591 1178 1618; x_wconf 87' lang='lat' dir='ltr'>et</span> <span class='ocrx_word' id='word_1_412' title='bbox 1204 1586 1291 1618; x_wconf 86' lang='lat' dir='ltr'>bona</span> <span class='ocrx_word' id='word_1_413' title='bbox 1311 1585 1350 1618; x_wconf 90' lang='lat' dir='ltr'>de</span> <span class='ocrx_word' id='word_1_414' title='bbox 1375 1584 1455 1624; x_wconf 89' lang='lat' dir='ltr'>iure,</span> <span class='ocrx_word' id='word_1_415' title='bbox 1479 1588 1597 1616; x_wconf 88' lang='lat' dir='ltr'>statuto</span> <span class='ocrx_word' id='word_1_416' title='bbox 1613 1610 1620 1623; x_wconf 94' lang='lat'>,</span> <span class='ocrx_word' id='word_1_417' title='bbox 1643 1594 1725 1623; x_wconf 90' lang='lat' dir='ltr'>usu,</span> 
     </span>
     <span class='ocr_line' id='line_1_77' title="bbox 983 1636 1729 1681; baseline -0.007 -9"><span class='ocrx_word' id='word_1_418' title='bbox 983 1638 1228 1678; x_wconf 84' lang='lat' dir='ltr'>consuetudine,</span> <span class='ocrx_word' id='word_1_419' title='bbox 1244 1637 1423 1681; x_wconf 86' lang='lat' dir='ltr'>privilegio,</span> <span class='ocrx_word' id='word_1_420' title='bbox 1440 1647 1477 1669; x_wconf 85' lang='lat' dir='ltr'>ae</span> <span class='ocrx_word' id='word_1_421' title='bbox 1494 1636 1573 1668; x_wconf 86' lang='lat' dir='ltr'>alias</span> <span class='ocrx_word' id='word_1_422' title='bbox 1593 1645 1729 1679; x_wconf 90' lang='lat' dir='ltr'>quomo-</span> 
     </span>
     <span class='ocr_line' id='line_1_78' title="bbox 984 1688 1731 1732; baseline -0.007 -7"><span class='ocrx_word' id='word_1_423' title='bbox 984 1692 1107 1725; x_wconf 86' lang='lat' dir='ltr'>dolibet</span> <span class='ocrx_word' id='word_1_424' title='bbox 1130 1696 1264 1724; x_wconf 89' lang='lat' dir='ltr'>utuntur</span> <span class='ocrx_word' id='word_1_425' title='bbox 1278 1718 1285 1731; x_wconf 85' lang='lat'>,</span> <span class='ocrx_word' id='word_1_426' title='bbox 1306 1690 1479 1729; x_wconf 88' lang='lat' dir='ltr'>fruuntur,</span> <span class='ocrx_word' id='word_1_427' title='bbox 1504 1688 1673 1732; x_wconf 87' lang='lat' dir='ltr'>potiuntur</span> <span class='ocrx_word' id='word_1_428' title='bbox 1699 1693 1731 1721; x_wconf 89' lang='lat' dir='ltr'>et</span> 
     </span>
     <span class='ocr_line' id='line_1_79' title="bbox 983 1742 1730 1787; baseline -0.007 -9"><span class='ocrx_word' id='word_1_429' title='bbox 983 1746 1146 1787; x_wconf 79' lang='lat' dir='ltr'>gaudent,</span> <span class='ocrx_word' id='word_1_430' title='bbox 1170 1755 1206 1777; x_wconf 88' lang='lat' dir='ltr'>ae</span> <span class='ocrx_word' id='word_1_431' title='bbox 1226 1744 1292 1784; x_wconf 90' lang='lat' dir='ltr'>uti,</span> <span class='ocrx_word' id='word_1_432' title='bbox 1320 1743 1392 1783; x_wconf 90' lang='lat' dir='ltr'>frui,</span> <span class='ocrx_word' id='word_1_433' title='bbox 1416 1742 1512 1786; x_wconf 88' lang='lat' dir='ltr'>potiri</span> <span class='ocrx_word' id='word_1_434' title='bbox 1537 1747 1568 1774; x_wconf 91' lang='lat' dir='ltr'>et</span> <span class='ocrx_word' id='word_1_435' title='bbox 1589 1742 1730 1784; x_wconf 84' lang='lat' dir='ltr'>gaudere</span> 
     </span>
     <span class='ocr_line' id='line_1_80' title="bbox 984 1794 1727 1842; baseline -0.007 -11"><span class='ocrx_word' id='word_1_436' title='bbox 984 1804 1117 1842; x_wconf 88' lang='lat' dir='ltr'>possunt</span> <span class='ocrx_word' id='word_1_437' title='bbox 1137 1803 1168 1830; x_wconf 89' lang='lat' dir='ltr'>et</span> <span class='ocrx_word' id='word_1_438' title='bbox 1188 1801 1341 1840; x_wconf 86' lang='lat' dir='ltr'>poterunt</span> <span class='ocrx_word' id='word_1_439' title='bbox 1359 1794 1605 1839; x_wconf 88' lang='lat' dir='ltr'>quomodolibet</span> <span class='ocrx_word' id='word_1_440' title='bbox 1625 1794 1657 1826; x_wconf 90' lang='lat' dir='ltr'>in</span> <span class='ocrx_word' id='word_1_441' title='bbox 1675 1794 1727 1826; x_wconf 86' lang='lat' dir='ltr'>su-</span> 
     </span>
     <span class='ocr_line' id='line_1_81' title="bbox 985 1849 1731 1895; baseline -0.007 -10"><span class='ocrx_word' id='word_1_442' title='bbox 985 1859 1104 1891; x_wconf 90' lang='lat' dir='ltr'>turum,</span> <span class='ocrx_word' id='word_1_443' title='bbox 1129 1851 1249 1895; x_wconf 88' lang='lat' dir='ltr'>pariter</span> <span class='ocrx_word' id='word_1_444' title='bbox 1268 1855 1300 1883; x_wconf 88' lang='lat' dir='ltr'>et</span> <span class='ocrx_word' id='word_1_445' title='bbox 1316 1849 1547 1894; x_wconf 76' lang='lat' dir='ltr'>parifoimiter,</span> <span class='ocrx_word' id='word_1_446' title='bbox 1571 1859 1608 1881; x_wconf 84' lang='lat' dir='ltr'>ae</span> <span class='ocrx_word' id='word_1_447' title='bbox 1628 1858 1731 1891; x_wconf 84' lang='lat' dir='ltr'>aeque</span> 
     </span>
     <span class='ocr_line' id='line_1_82' title="bbox 984 1900 1730 1949; baseline -0.008 -11"><span class='ocrx_word' id='word_1_448' title='bbox 984 1905 1216 1949; x_wconf 84' lang='lat' dir='ltr'>principaliter,</span> <span class='ocrx_word' id='word_1_449' title='bbox 1241 1909 1269 1936; x_wconf 84' lang='lat' dir='ltr'>et</span> <span class='ocrx_word' id='word_1_450' title='bbox 1291 1903 1412 1946; x_wconf 87' lang='lat' dir='ltr'>absque</span> <span class='ocrx_word' id='word_1_451' title='bbox 1432 1902 1498 1934; x_wconf 90' lang='lat' dir='ltr'>ulla</span> <span class='ocrx_word' id='word_1_452' title='bbox 1518 1911 1651 1945; x_wconf 87' lang='lat' dir='ltr'>prorsus</span> <span class='ocrx_word' id='word_1_453' title='bbox 1669 1900 1730 1933; x_wconf 91' lang='lat' dir='ltr'>dif-</span> 
     </span>
     <span class='ocr_line' id='line_1_83' title="bbox 984 1954 1732 2001; baseline -0.009 -9"><span class='ocrx_word' id='word_1_454' title='bbox 984 1959 1129 1998; x_wconf 84' lang='lat' dir='ltr'>ferentia,</span> <span class='ocrx_word' id='word_1_455' title='bbox 1154 1958 1186 1990; x_wconf 93' lang='lat' dir='ltr'>in</span> <span class='ocrx_word' id='word_1_456' title='bbox 1213 1962 1408 2001; x_wconf 88' lang='lat' dir='ltr'>perpetuum</span> <span class='ocrx_word' id='word_1_457' title='bbox 1437 1955 1532 1988; x_wconf 87' lang='lat' dir='ltr'>etiam</span> <span class='ocrx_word' id='word_1_458' title='bbox 1559 1954 1605 1987; x_wconf 93' lang='lat' dir='ltr'>uti</span> <span class='ocrx_word' id='word_1_459' title='bbox 1630 1954 1732 1986; x_wconf 89' lang='lat' dir='ltr'>libere</span> 
     </span>
     <span class='ocr_line' id='line_1_84' title="bbox 986 2006 1733 2055; baseline -0.009 -10"><span class='ocrx_word' id='word_1_460' title='bbox 986 2019 1017 2046; x_wconf 89' lang='lat' dir='ltr'>et</span> <span class='ocrx_word' id='word_1_461' title='bbox 1035 2012 1122 2045; x_wconf 87' lang='lat' dir='ltr'>lieite</span> <span class='ocrx_word' id='word_1_462' title='bbox 1143 2010 1277 2055; x_wconf 88' lang='lat' dir='ltr'>possint,</span> <span class='ocrx_word' id='word_1_463' title='bbox 1298 2008 1488 2042; x_wconf 82' lang='lat' dir='ltr'>auctoritate</span> <span class='ocrx_word' id='word_1_464' title='bbox 1509 2006 1684 2051; x_wconf 84' lang='lat' dir='ltr'>apostoliea</span> <span class='ocrx_word' id='word_1_465' title='bbox 1702 2011 1733 2039; x_wconf 89' lang='lat' dir='ltr'>et</span> 
     </span>
     <span class='ocr_line' id='line_1_85' title="bbox 986 2060 1731 2108; baseline -0.011 -9"><span class='ocrx_word' id='word_1_466' title='bbox 986 2072 1098 2099; x_wconf 90' lang='lat' dir='ltr'>tenore</span> <span class='ocrx_word' id='word_1_467' title='bbox 1118 2064 1302 2108; x_wconf 87' lang='lat' dir='ltr'>praedietis,</span> <span class='ocrx_word' id='word_1_468' title='bbox 1326 2063 1365 2095; x_wconf 90' lang='lat' dir='ltr'>de</span> <span class='ocrx_word' id='word_1_469' title='bbox 1397 2061 1528 2105; x_wconf 82' lang='lat' dir='ltr'>speciali</span> <span class='ocrx_word' id='word_1_470' title='bbox 1560 2060 1663 2103; x_wconf 88' lang='lat' dir='ltr'>gratia</span> <span class='ocrx_word' id='word_1_471' title='bbox 1682 2060 1731 2092; x_wconf 92' lang='lat' dir='ltr'>in-</span> 
     </span>
     <span class='ocr_line' id='line_1_86' title="bbox 987 2120 1168 2161; baseline -0.011 -9"><span class='ocrx_word' id='word_1_472' title='bbox 987 2120 1168 2161; x_wconf 77' lang='lat' dir='ltr'>dulgemus.</span> 
     </span>
    </p>

    <p class='ocr_par' dir='ltr' id='par_1_12' title="bbox 988 2167 1935 2263">
     <span class='ocr_line' id='line_1_87' title="bbox 1032 2167 1935 2220; baseline -0.013 -16"><span class='ocrx_word' id='word_1_473' title='bbox 1032 2173 1046 2215; x_wconf 58' lang='lat' dir='ltr'>g</span> <span class='ocrx_word' id='word_1_474' title='bbox 1068 2171 1096 2203; x_wconf 89' lang='lat'>7.</span> <span class='ocrx_word' id='word_1_475' title='bbox 1122 2172 1165 2204; x_wconf 85' lang='lat' dir='ltr'>Ae</span> <span class='ocrx_word' id='word_1_476' title='bbox 1186 2170 1316 2213; x_wconf 88' lang='lat' dir='ltr'>insuper</span> <span class='ocrx_word' id='word_1_477' title='bbox 1346 2174 1380 2201; x_wconf 90' lang='lat' dir='ltr'>ut</span> <span class='ocrx_word' id='word_1_478' title='bbox 1407 2167 1533 2209; x_wconf 81' lang='lat' dir='ltr'>collegii</span> <span class='ocrx_word' id='word_1_479' title='bbox 1565 2173 1596 2199; x_wconf 89' lang='lat' dir='ltr'>et</span> <span class='ocrx_word' id='word_1_480' title='bbox 1620 2176 1757 2220; x_wconf 64' lang='lat' dir='ltr'>mona·e</span> <span class='ocrx_word' id='word_1_481' title='bbox 1775 2172 1935 2220; x_wconf 53' lang='lat' dir='ltr'>-{&lt;¹,³⁵⁰,}¹,¹⁰¹ss,{{,⁵,</span> 
     </span>
     <span class='ocr_line' id='line_1_88' title="bbox 988 2204 1931 2263; baseline -0.007 -5"><span class='ocrx_word' id='word_1_482' title='bbox 988 2224 1075 2258; x_wconf 88' lang='lat' dir='ltr'>sterii</span> <span class='ocrx_word' id='word_1_483' title='bbox 1109 2223 1401 2257; x_wconf 88' lang='lat' dir='ltr'>construendorum</span> <span class='ocrx_word' id='word_1_484' title='bbox 1433 2219 1619 2254; x_wconf 89' lang='lat' dir='ltr'>huiusmodi</span> <span class='ocrx_word' id='word_1_485' title='bbox 1649 2230 1728 2263; x_wconf 90' lang='lat' dir='ltr'>pro·</span> <span class='ocrx_word' id='word_1_486' title='bbox 1746 2204 1931 2251; x_wconf 54' lang='lat' dir='ltr'>ngisteriinimun-</span> 
     </span>
    </p>
   </div>
   <div class='ocr_carea' id='block_1_6' title="bbox 988 2253 1931 2321">
    <p class='ocr_par' dir='ltr' id='par_1_13' title="bbox 988 2253 1931 2321">
     <span class='ocr_line' id='line_1_89' title="bbox 988 2253 1931 2321; baseline -0.01 -11"><span class='ocrx_word' id='word_1_487' title='bbox 988 2288 1081 2321; x_wconf 86' lang='lat' dir='ltr'>spero</span> <span class='ocrx_word' id='word_1_488' title='bbox 1107 2276 1254 2319; x_wconf 84' lang='lat' dir='ltr'>regimini</span> <span class='ocrx_word' id='word_1_489' title='bbox 1277 2281 1307 2308; x_wconf 90' lang='lat' dir='ltr'>et</span> <span class='ocrx_word' id='word_1_490' title='bbox 1327 2274 1484 2317; x_wconf 75' lang='lat' dir='ltr'>gubernio</span> <span class='ocrx_word' id='word_1_491' title='bbox 1509 2284 1545 2306; x_wconf 90' lang='lat' dir='ltr'>ae</span> <span class='ocrx_word' id='word_1_492' title='bbox 1562 2272 1731 2306; x_wconf 81' lang='lat' dir='ltr'>directioni</span> <span class='ocrx_word' id='word_1_493' title='bbox 1746 2258 1797 2299; x_wconf 54' lang='grc' dir='ltr'>ἶῖἓῖι</span> <span class='ocrx_word' id='word_1_494' title='bbox 1808 2253 1931 2298; x_wconf 50' lang='grc' dir='ltr'>(ἶῖιῐιῖῗῖῗῑωιῗ-</span> 
     </span>
    </p>
   </div>
   <div class='ocr_carea' id='block_1_7' title="bbox 989 2308 1931 2585">
    <p class='ocr_par' dir='ltr' id='par_1_14' title="bbox 989 2308 1931 2585">
     <span class='ocr_line' id='line_1_90' title="bbox 989 2308 1931 2374; baseline -0.006 -11"><span class='ocrx_word' id='word_1_495' title='bbox 989 2336 1171 2374; x_wconf 88' lang='lat' dir='ltr'>opportune</span> <span class='ocrx_word' id='word_1_496' title='bbox 1203 2330 1409 2367; x_wconf 78' lang='lat' dir='ltr'>consulatur,</span> <span class='ocrx_word' id='word_1_497' title='bbox 1434 2327 1577 2370; x_wconf 87' lang='lat' dir='ltr'>dictique</span> <span class='ocrx_word' id='word_1_498' title='bbox 1603 2326 1733 2359; x_wconf 87' lang='lat' dir='ltr'>Ioannis</span> <span class='ocrx_word' id='word_1_499' title='bbox 1746 2308 1931 2353; x_wconf 34' lang='lat' dir='ltr'>iiaeltidinss&#39;faatutca‘in&#39;</span> 
     </span>
     <span class='ocr_line' id='line_1_91' title="bbox 990 2380 1732 2423; baseline -0.007 -7"><span class='ocrx_word' id='word_1_500' title='bbox 990 2383 1170 2416; x_wconf 86' lang='lat' dir='ltr'>fundatoris</span> <span class='ocrx_word' id='word_1_501' title='bbox 1202 2382 1359 2415; x_wconf 85' lang='lat' dir='ltr'>voluntati</span> <span class='ocrx_word' id='word_1_502' title='bbox 1384 2380 1529 2419; x_wconf 85' lang='lat' dir='ltr'>satisfiat,</span> <span class='ocrx_word' id='word_1_503' title='bbox 1553 2380 1732 2423; x_wconf 85' lang='lat' dir='ltr'>praefatum</span> 
     </span>
     <span class='ocr_line' id='line_1_92' title="bbox 989 2432 1734 2477; baseline -0.007 -8"><span class='ocrx_word' id='word_1_504' title='bbox 989 2437 1143 2469; x_wconf 85' lang='lat' dir='ltr'>Didaeum</span> <span class='ocrx_word' id='word_1_505' title='bbox 1157 2436 1361 2473; x_wconf 89' lang='lat' dir='ltr'>modernum,</span> <span class='ocrx_word' id='word_1_506' title='bbox 1379 2445 1414 2468; x_wconf 87' lang='lat' dir='ltr'>ae</span> <span class='ocrx_word' id='word_1_507' title='bbox 1428 2444 1487 2477; x_wconf 89' lang='lat' dir='ltr'>pro</span> <span class='ocrx_word' id='word_1_508' title='bbox 1508 2438 1655 2476; x_wconf 87' lang='lat' dir='ltr'>tempore</span> <span class='ocrx_word' id='word_1_509' title='bbox 1669 2432 1734 2465; x_wconf 82' lang='lat' dir='ltr'>exi-</span> 
     </span>
     <span class='ocr_line' id='line_1_93' title="bbox 989 2485 1734 2532; baseline -0.007 -10"><span class='ocrx_word' id='word_1_510' title='bbox 989 2495 1125 2522; x_wconf 88' lang='lat' dir='ltr'>stentem</span> <span class='ocrx_word' id='word_1_511' title='bbox 1147 2488 1335 2532; x_wconf 85' lang='lat' dir='ltr'>episcopum</span> <span class='ocrx_word' id='word_1_512' title='bbox 1352 2487 1585 2524; x_wconf 86' lang='lat' dir='ltr'>Tlasealensem</span> <span class='ocrx_word' id='word_1_513' title='bbox 1598 2491 1644 2526; x_wconf 86' lang='lat' dir='ltr'>et,</span> <span class='ocrx_word' id='word_1_514' title='bbox 1658 2485 1734 2518; x_wconf 90' lang='lat' dir='ltr'>sede</span> 
     </span>
     <span class='ocr_line' id='line_1_94' title="bbox 991 2538 1730 2585; baseline -0.005 -11"><span class='ocrx_word' id='word_1_515' title='bbox 991 2542 1166 2585; x_wconf 79' lang='lat' dir='ltr'>episcopali</span> <span class='ocrx_word' id='word_1_516' title='bbox 1185 2546 1328 2581; x_wconf 83' lang='lat' dir='ltr'>vacante,</span> <span class='ocrx_word' id='word_1_517' title='bbox 1346 2540 1499 2573; x_wconf 89' lang='lat' dir='ltr'>dilectum</span> <span class='ocrx_word' id='word_1_518' title='bbox 1520 2539 1623 2572; x_wconf 89' lang='lat' dir='ltr'>filium</span> <span class='ocrx_word' id='word_1_519' title='bbox 1643 2538 1730 2571; x_wconf 88' lang='lat' dir='ltr'>viea-</span> 
     </span>
    </p>
   </div>
   <div class='ocr_carea' id='block_1_8' title="bbox 990 2592 1735 2638">
    <p class='ocr_par' dir='ltr' id='par_1_15' title="bbox 990 2592 1735 2638">
     <span class='ocr_line' id='line_1_95' title="bbox 990 2592 1735 2638; baseline -0.004 -10"><span class='ocrx_word' id='word_1_520' title='bbox 990 2595 1074 2628; x_wconf 90' lang='lat' dir='ltr'>rium</span> <span class='ocrx_word' id='word_1_521' title='bbox 1100 2606 1118 2628; x_wconf 86' lang='lat' dir='ltr'>a</span> <span class='ocrx_word' id='word_1_522' title='bbox 1136 2594 1260 2628; x_wconf 84' lang='lat' dir='ltr'>dilectis</span> <span class='ocrx_word' id='word_1_523' title='bbox 1284 2594 1358 2627; x_wconf 86' lang='lat' dir='ltr'>filiis</span> <span class='ocrx_word' id='word_1_524' title='bbox 1378 2593 1523 2638; x_wconf 88' lang='lat' dir='ltr'>Capitulo</span> <span class='ocrx_word' id='word_1_525' title='bbox 1542 2592 1735 2626; x_wconf 81' lang='lat' dir='ltr'>Tlasealensi</span> 
     </span>
    </p>
   </div>
  </div>
 </body>
</html>
