2253 3195
22 284 70 311 An.
89 284 117 311 C.
138 284 204 312 1602

35 563 148 593 Derogatio
157 568 205 582 cou-

22 591 142 611 tran-iorum.

54 1627 177 1649 Exordium.

33 1945 202 1968 Controversiam

19 1975 85 1994 ortam
92 1974 203 1995 iuter-istos

21 2000 116 2025 Ordines,

76 2373 203 2397 visitatores

24 2402 108 2425 ipostot.
120 2403 201 2423 ctltota

37 2432 77 2448 orn.
105 2428 204 2450 delinire-

25 2456 65 2474 'tmt
73 2455 99 2475 ad
110 2455 202 2477 favorem

26 2478 178 2503 :armelitarum
189 2491 193 2504 2

825 287 973 312 CLEMENS
994 289 1051 313 vm
1072 291 1122 314 ΓΡ.

222 333 315 366 inane
337 334 611 378 quidquid-secus
637 347 733 380 super
755 336 803 369 liis
837 348 853 369 a
882 347 964 380 quo-

221 397 316 430 quam
334 415 341 426 ‚
377 388 488 431 quavis
510 389 721 429 auctoritate,
746 390 884 423 scienter
915 391 962 423 vel

221 440 417 483 ignoranter,
442 442 612 485 contigerit
633 443 793 476 attentari.

266 494 332 536 §ti¹
362 495 430 528 Non
469 495 671 529 obstantibus
709 496 892 540 praemissis
921 502 961 536 et,

221 554 380 593 quatenus
398 560 479 593 opus
492 549 542 588 sit,
558 558 668 583 nostra
687 551 803 583 deuon
823 551 964 583 tollendo

221 602 290 635 iure
311 603 477 646 quaesito,
513 603 648 647 aliisque
682 603 965 636 constitutionibus

221 661 251 688 et
272 655 532 689 ordinationibus
553 656 748 700 apostolicis,
766 657 964 700 caeterisque

221 708 393 741 contrariis
414 708 683 756 quibuscumque.

263 762 376 794 Datum
397 762 518 795 Romae
533 762 618 805 apud
632 763 783 795 Sanctum
806 763 959 803 Marcum,

222 816 282 848 sub
302 817 422 849 annulo
447 816 628 863 Piscatoris,
660 817 710 849 die
730 828 760 850 iv
781 817 965 850 novembris

222 879 325 909 tinen,
350 870 558 913 pontificatus
579 870 679 903 nostri
701 881 786 903 anuo
808 881 850 903 xr.

256 931 312 958 Dat.
334 931 377 959 die
399 932 413 959 >t
433 931 588 959 novembris
606 932 683 964 1602,
702 932 796 967 pontif.
815 940 858 959 an.
876 940 911 958 xi.

541 1092 641 1126 CCCV.

221 1189 313 1230 Quod
326 1190 445 1232 fratres
460 1189 596 1223 Ordinis
611 1190 648 1222 B.
667 1190 793 1222 illm-iste
807 1190 844 1221 <lc
858 1191 965 1223 ΔἱΙοηίθ

266 1243 412 1277 Carmelo
448 1243 569 1286 ubique
585 1242 781 1285 praecedant
805 1244 964 1285 fratribus

265 1297 304 1329 B.
328 1296 455 1328 Mariae
479 1296 517 1329 de
544 1295 686 1329 Mercede
722 1296 964 1340 Redemptiom‘s

272 1349 494 1393 Captivorum.

426 1437 561 1464 Clemens
583 1437 661 1471 Papa
680 1438 746 1465 vni
759 1459 767 1472 ,

349 1501 386 1528 ad
400 1505 573 1535 perpetuam
588 1501 632 1528 rei
647 1502 828 1528 memoriam.
862 1530 865 1535 ,

261 1573 357 1606 Decet
369 1573 551 1606 Romanum
569 1572 759 1606 Pontificem
785 1573 959 1607 dissensio·
979 1605 981 1615 ,

217 1637 297 1660 num
324 1632 355 1660 et
387 1627 679 1660 controversiarum
708 1627 859 1661 materias
881 1627 963 1661 inter

218 1680 461 1720 ecclesiasticas,
486 1681 651 1723 regulares
676 1681 867 1724 praesertim
890 1692 981 1731 per-¹

221 1744 339 1774 sonas,
364 1744 380 1766 e
411 1734 518 1767 medio
547 1734 660 1767 tollere
691 1745 726 1768 ac
752 1735 958 1778 praecidere,

218 1793 316 1830 prout
337 1787 370 1819 in
398 1787 535 1820 Domino
567 1787 740 1821 salubriter
767 1788 964 1831 conspicitur

219 1840 380 1884 expedire.

263 1895 279 1936 5
302 1893 331 1926 ’1.
355 1894 433 1927 Cum
458 1893 566 1938 itaque
581 1921 588 1935 ,
623 1894 705 1927 sicut
724 1905 783 1938 pro
804 1900 894 1938 parte
916 1894 963 1927 di-

218 1947 292 1981 lecti
314 1947 372 1981 filii
394 1948 615 1992 procuratoris
643 1948 803 1990 generalis
835 1948 963 1981 Ordinis

219 2002 355 2035 fratrum
377 2001 620 2035 Carmelitarum
652 2002 746 2035 nobis
771 2012 875 2045 nuper
911 2014 962 2035 cx-

217 2055 356 2099 positum
378 2055 447 2095 fuit,
471 2054 549 2088 alias
570 2055 601 2088 iu
623 2055 749 2088 civitate
769 2055 958 2095 Calaritana,

217 2109 249 2141 in
270 2119 370 2151 regno
382 2108 560 2150 Sardiniae,
576 2115 647 2142 orta
666 2109 760 2143 suerit
778 2115 962 2142 controver-

216 2162 263 2195 sia
290 2162 538 2206 praecedentiae
567 2162 652 2195 inter
681 2163 795 2196 fratres
833 2162 962 2196 Ordinis

215 2215 459 2250 Carmelitarum
478 2221 509 2249 et
523 2216 636 2249 fratres
651 2216 779 2249 Ordinis
798 2217 830 2249 B.
846 2216 962 2249 Mariae

219 2270 258 2303 de
280 2269 424 2303 Mercede
445 2269 689 2313 Redemptionis
710 2269 932 2313 Caliitirorurm

261 2321 322 2364 5⁶2.
346 2323 383 2356 Et
402 2323 478 2356 licet
498 2323 537 2356 de
558 2333 643 2355 anno
659 2332 722 2356 unc
736 2322 856 2355 subdie
876 2333 961 2356 xxvii

218 2376 329 2420 aprilis
353 2387 411 2419 per
431 2376 610 2409 visitatores
631 2375 826 2419 apostolicos
851 2375 962 2407 decre-

220 2435 285 2462 tum
311 2429 420 2463 suisset
450 2435 485 2462 ut
511 2430 624 2461 fratres
652 2428 897 2462 Carmelitarum
930 2428 961 2460 in

219 2492 330 2515 eorum
343 2481 545 2525 possessione
566 2480 780 2525 praecedendi
794 2480 887 2513 dictis
900 2480 962 2513 sra-

256 2573 266 2597 1
289 2571 329 2597 De
349 2569 447 2597 Ordine
463 2570 667 2597 Carmelitarum
685 2569 767 2596 habes
784 2569 808 2595 in
824 2569 961 2596 constitut.

218 2621 325 2649 cxxviii,
335 2614 446 2642 llonorii
457 2615 508 2641 111:
525 2615 557 2642 Ut
570 2614 694 2647 vivendi,
708 2617 817 2647 tom.1u‚
831 2621 890 2649 pag.
903 2614 960 2640 415,

218 2660 251 2687 Ει
269 2659 301 2686 de
322 2659 460 2686 Fratribus
475 2658 508 2686 de
524 2658 646 2686 Mercede
662 2658 746 2685 babes
761 2659 787 2684 iu
804 2662 961 2693 consonat,

217 2703 337 2740 Gregorii
357 2703 407 2731 IX:
430 2703 605 2738 Deuotionis,
623 2706 687 2730 tom.
705 2708 742 2738 nt,
765 2711 825 2738 pag.
842 2702 902 2730 485.

1000 338 1101 372 tribus
1122 340 1237 372 Beatae
1262 340 1377 373 Mariae
1399 340 1437 373 de
1460 340 1604 373 Mercede
1626 349 1739 371 manu-

1000 396 1206 432 tenerentur,
1241 398 1271 425 et
1300 393 1425 436 pridem
1456 393 1486 425 in
1519 402 1609 425 sacro
1642 393 1740 425 Rotae

982 444 1172 485 auditorio,
1197 446 1248 478 die
1267 457 1285 479 x
1306 447 1412 479 martii
1433 457 1508 485 nnc,
1526 446 1620 479 ctiam
1637 446 1668 478 in
1686 456 1741 489 pc-

982 522 983 543 }
1000 497 1106 530 titorio
1126 499 1386 542 praecedentiam
1403 500 1494 533 dictis
1510 499 1658 532 tratribus
1669 500 1742 532 Car-

982 548 1158 585 'melitanis
1179 553 1288 586 deberi
1316 559 1427 586 contra
1454 553 1539 597 ipsos
1566 553 1679 586 fratres
1701 553 1740 585 de

982 604 1142 638 tMerccdc
1163 605 1361 639 declaratum
1384 606 1495 644 suerit,
1528 606 1740 639 nihilominus

999 657 1074 690 dicti
1095 658 1207 691 fratres
1233 659 1271 692 de
1292 659 1435 693 Mercede
1463 659 1679 692 recusaverint
1710 665 1739 692 ct

1000 717 1147 744 recusent
1176 713 1436 755 praecedentiam
1458 713 1534 745 dare
1556 713 1648 745 dictis
1678 713 1740 745 sra-

1001 763 1101 797 tribus
1130 764 1362 806 Carmelitanis,
1397 772 1427 799 ct
1457 771 1646 810 propterea,
1675 777 1739 799 non

999 816 1066 849 sine
1087 819 1239 851 scandalo
1257 819 1380 862 populi,
1395 819 1434 852 ad
1448 819 1594 862 publicas
1611 824 1743 862 proees³

999 870 1105 904 siones
1129 877 1160 904 et
1179 872 1292 905 funera
1312 873 1536 905 defunctorum
1560 883 1632 905 curu
1664 873 1740 917 ipsis

1000 924 1152 958 fratribus
1166 926 1387 959 Cal-melitanis
1399 927 1552 959 accedere
1562 927 1735 960 noluerint.

1044 979 1060 1019 ἓ
1085 978 1115 1011 .’3,
1140 979 1203 1012 Nos
1223 990 1321 1022 super
1347 979 1533 1023 praemissis
1558 985 1740 1023 opportune

998 1032 1179 1075 providere,
1203 1043 1239 1066 ac
1253 1043 1381 1066 omnem
1400 1033 1540 1066 scandali
1562 1039 1590 1066 et
1613 1039 1740 1066 contro-

998 1085 1118 1119 versiae
1139 1086 1364 1127 occasionem,
1388 1092 1544 1130 quantum
1575 1098 1648 1120 eum
1680 1088 1741 1121 Do-

1000 1139 1087 1172 mino
1105 1150 1287 1184 possumus,
1316 1151 1332 1173 e
1357 1141 1465 1174 medio
1491 1142 1603 1174 tollere
1624 1142 1737 1175 volen-

999 1199 1055 1233 tes,
1080 1194 1370 1237 supplicationibus
1391 1195 1535 1228 eiusdem
1553 1201 1741 1238 procurato-

1001 1245 1042 1277 ris
1063 1246 1221 1287 generalis
1242 1247 1335 1279 nobis
1355 1258 1451 1291 super
1483 1248 1543 1281 hoc
1574 1248 1741 1282 humiliter

998 1299 1156 1343 porrectis
1176 1300 1333 1341 inclinati,
1358 1314 1392 1334 ex
1412 1308 1484 1334 voto
1507 1302 1739 1335 venerabilium

999 1353 1131 1385 fratrum
1150 1359 1335 1386 nostrorum
1351 1354 1485 1388 Sanctae
1504 1355 1667 1388 Romanae
1684 1356 1741 1388 Ec-

998 1406 1113 1440 clesiae
1134 1406 1347 1440 cardinalium
1376 1419 1473 1452 super
1492 1409 1591 1441 sacris
1616 1408 1741 1442 Ritibus

998 1466 1028 1493 et
1047 1460 1263 1493 Caeremoniis
1285 1461 1522 1505 deputatorum,
1540 1462 1741 1495 declaramus

998 1520 1028 1546 et
1049 1514 1265 1555 decernimus,
1286 1515 1469 1558 praedictos
1493 1516 1605 1548 fratres
1626 1516 1740 1549 Beatae

997 1568 1112 1601 Mariae
1145 1568 1183 1601 (le
1204 1568 1348 1601 Mercede
1366 1569 1528 1611 cogendos
1549 1578 1616 1601 esse
1642 1574 1675 1601 ut
1699 1569 1740 1602 ad

996 1622 1218 1665 processiones
1242 1622 1388 1665 publicas
1409 1628 1436 1654 et
1465 1622 1621 1656 funeralia
1642 1634 1736 1655 acce-

997 1676 1087 1714 dant,
1118 1680 1146 1707 et
1172 1675 1431 1718 praecedentiam
1468 1675 1560 1708 dictis
1590 1675 1739 1708 fratribus

996 1728 1217 1763 Carmelitanis
1229 1729 1423 1772 relinquant,
1439 1729 1524 1762 iuxta
1538 1729 1673 1762 formam
1687 1740 1739 1762 su-

996 1782 1217 1826 pradictorum
1239 1782 1358 1815 decreti
1379 1788 1409 1815 et
1432 1783 1604 1816 decisionis
1625 1784 1734 1817 Rotae.

979 1877 981 1888 .
1042 1837 1057 1878 ξ
1072 1835 1102 1868 si.
1119 1835 1235 1879 Sicque
1250 1841 1280 1868 et
1299 1846 1364 1869 nou
1377 1835 1480 1876 aliter,
1495 1847 1552 1879 per
1566 1847 1738 1880 quoscum-

997 1900 1058 1933 que
1080 1889 1201 1922 iudices
1212 1889 1393 1923 ordinarios
1407 1890 1622 1932 etdclegatos,
1641 1891 1737 1923 etiam

997 1953 1167 1976 causarum
1198 1943 1309 1976 Palatii
1346 1943 1522 1986 Apostolici
1557 1943 1735 1984 auditores,

979 1993 1133 2031 *iudicari
1154 2002 1183 2030 et
1205 1996 1332 2029 definiri
1355 1996 1483 2034 debere,
1508 2008 1543 2029 ac
1562 1996 1687 2029 irritum
1709 2003 1739 2029 et

998 2052 1091 2085 Inane
1121 2050 1274 2095 quicquid
1299 2061 1390 2083 secus
1411 2061 1507 2093 super
1532 2049 1580 2082 his
1611 2061 1627 2082 a
1659 2061 1739 2094 quo-

997 2117 1116 2151 quam,
1141 2105 1252 2149 quavis
1277 2104 1467 2137 auctoritate
1483 2131 1490 2145 ‚
1524 2104 1662 2137 scienter
1691 2105 1738 2137 vel

997 2161 1195 2203 ignoranter,
1219 2157 1389 2200 contigerit
1410 2157 1568 2190 attentari.

980 2227 981 2254 ι
1041 2213 1109 2256 55.
1131 2212 1289 2252 Quocirca
1321 2211 1557 2244 venerabilil‘ius
1588 2211 1739 2244 fratribus

980 2256 1207 2312 lpatriarchis,
1231 2264 1500 2308 archiepiscopis,
1525 2264 1684 2308 episcopis
1709 2271 1739 2298 et

997 2321 1066 2354 aliis
1088 2321 1233 2353 locorum
1255 2317 1449 2357 (lulium-iis,
1474 2329 1532 2361 per
1553 2323 1738 2360 praesentes

997 2373 1232 2406 committimus
1253 2378 1283 2405 et
1304 2371 1513 2410 mandamus,
1538 2377 1572 2403 ut
1592 2371 1739 2414 quaudo-

997 2437 1137 2470 cumque
1163 2431 1194 2459 et
1226 2425 1422 2468 ubicumque
1453 2435 1534 2467 opus
1560 2424 1673 2464 suerit,
1708 2430 1738 2458 ct

997 2479 1123 2524 quotics
1140 2490 1199 2523 pro
1220 2484 1309 2522 parte
1331 2478 1489 2511 dictorum
1511 2478 1645 2511 fratrum
1666 2479 1739 2512 Car-

998 2533 1179 2566 niclitarum
1221 2531 1337 2565 luerint
1363 2531 1518 2575 requisiti,
1554 2537 1738 2575 praesentes

997 2587 1117 2622 litteras
1148 2591 1176 2619 et
1211 2585 1241 2618 in
1273 2585 1317 2618 eis
1339 2590 1487 2618 contenta
1514 2595 1737 2628 quaecumque

996 2639 1185 2674 solemniter
1205 2639 1423 2682 publicantes,
1448 2638 1557 2682 eisque
1583 2638 1613 2671 in
1639 2650 1734 2682 prac-

998 2693 1101 2727 missis
1127 2692 1264 2726 efficacis
1285 2691 1478 2726 defensionis
1503 2691 1664 2736 praesidio
1689 2702 1738 2725 as-

1645 280 1708 313 877
1754 289 1804 316 An.
1822 289 1849 316 c.
1873 289 1939 316 ¹602

1775 989 1833 1012 Quod
1845 989 1878 1009 hic
1886 988 1939 1008 Pou-

1755 1016 1804 1036 titcx
1814 1016 1924 1042 approbat.

1767 1842 1792 1862 Ei
1806 1842 1938 1863 siciu1lica1i

1755 1869 1819 1889 iubet..

1794 2216 1938 2242 Exequutorcs

1754 2242 1850 2268 deputat.
