2253 3195
274 243 323 270 An.
340 243 368 270 c.
391 243 459 271 ¹600
504 233 569 268 604

476 293 623 332 testandi,
636 297 668 325 et
681 291 759 324 alias
772 290 1018 334 quomodolibet
1027 289 1219 333 disponendi

475 346 736 389 quibuscumque
757 343 971 385 regularibus,
994 353 1051 376 seu
1065 342 1216 376 militari—

475 399 535 431 bus
555 398 702 442 persouis
723 407 893 430 concessas
913 397 1131 438 revocaverit,
1159 407 1216 429 eo-

475 463 613 495 rumque
624 457 814 485 testamenta
826 452 908 484 saeta
921 456 951 484 et
964 451 1122 491 facienda,
1137 460 1219 494 quae

476 506 621 539 nondum
639 505 788 538 effectum
803 505 935 538 fuissent
947 504 1061 537 sortita
1074 514 1131 537 seu
1149 514 1220 537 exe-

476 559 626 603 quutioni
647 559 853 599 demandata,
882 557 1098 591 annullaverit
1116 585 1122 597 ‚
1147 557 1219 590 uul-

476 613 602 657 liusque
622 613 749 646 roboris
769 619 824 645 aut
847 612 1003 645 momenti
1023 622 1091 645 esse
1112 611 1220 644 decla-

476 667 605 707 raverit,
629 671 726 710 prout
746 666 778 699 in
802 665 969 710 praedicta
989 664 1220 698 constitutione

476 720 598 764 pariter
618 719 744 763 plenius
762 718 966 752 continetur:
991 718 1067 762 quia
1092 723 1217 757 tamen,

477 779 512 806 ut
531 773 644 806 eadem
662 772 877 814 subiungebat
895 771 1063 815 expositio,
1080 780 1154 804 cum
1172 770 1221 804 di-

478 832 602 860 ctarum
617 826 806 859 militiarum
817 825 908 868 regni
917 825 1136 868 Portugalliae
1149 835 1222 868 per-

477 881 564 914 sonis
584 880 767 924 specialiter
787 880 863 913 etin
884 879 1050 912 communi
1071 883 1138 911 erat
1159 877 1223 911 dis-

477 940 659 978 pensatum,
676 940 772 977 atque
781 944 840 978 per
854 938 899 967 tot
911 943 1071 966 annorum
1082 931 1221 976 spatium

477 989 644 1032 praedicta
662 988 734 1022 Iulii
747 987 881 1021 secundi
899 986 1095 1031 dispensatio
1113 986 1145 1018 in
1163 996 1223 1018 usu

477 1047 508 1074 et
539 1047 611 1075 actu
644 1041 788 1085 practico
821 1042 924 1074 fuerat
940 1068 947 1081 ‚
981 1046 1012 1074 et
1039 1039 1127 1072 iuxta
1152 1049 1223 1072 cam

478 1095 764 1139 eiusquetenorem
777 1094 1016 1139 praedictarum
1033 1093 1223 1126 militiarum

479 1149 588 1182 clerici
609 1156 641 1182 et
663 1158 822 1193 personae
840 1158 953 1181 omnes
973 1157 1063 1180 suam
1092 1146 1221 1190 profes-

479 1202 605 1236 sionem
627 1202 828 1241 emittebant,
852 1201 954 1234 immo
975 1200 1067 1234 dictis
1085 1200 1221 1241 clericis,

480 1256 610 1300 quando
631 1256 671 1289 ad
693 1255 838 1289 habitum
852 1255 1012 1288 dictarum
1034 1253 1222 1286 militiarum

479 1309 747 1349 admittebantur,
774 1319 832 1352 per
852 1317 987 1350 magnos
1014 1307 1141 1351 priores
1168 1317 1223 1340 seu

479 1362 569 1403 alios,
591 1362 631 1395 ad
648 1372 730 1406 quos
754 1361 921 1406 spectabat
940 1371 994 1394 eos
1011 1359 1157 1393 habitum
1178 1359 1241 1392 inv

481 1417 592 1457 duere,
617 1427 765 1460 expresse
785 1416 1024 1456 declarabatur,
1049 1415 1137 1458 quod
1154 1415 1221 1447 sol-

480 1475 587 1503 ventes
612 1469 705 1503 dictis
730 1469 940 1502 conventibus
962 1468 1102 1501 mediam
1127 1478 1225 1500 anna-

479 1530 544 1558 tam
566 1524 604 1557 de
628 1523 785 1557 reditibus
806 1523 1023 1567 prioratuum,
1048 1521 1224 1555 beneficio-

481 1588 551 1611 rum
572 1605 579 1618 ,
615 1577 822 1621 portionum⁷
857 1587 912 1610 seu
942 1586 1243 1620 quorumcumque}

480 1631 618 1664 aliorum
639 1630 802 1664 redituum
824 1641 842 1663 a
863 1629 955 1663 dictis
986 1629 1108 1662 militiis
1137 1639 1224 1662 enia-

480 1684 627 1717 nantium
648 1695 712 1717 non
733 1684 836 1717 solum
864 1684 895 1716 in
916 1683 980 1717 vita
1000 1678 1243 1727 quaecumque

481 1738 566 1771 bona
590 1738 767 1781 possidere,
796 1738 851 1771 sed
873 1737 969 1770 ctiam
999 1737 1031 1770 in
1053 1743 1157 1770 morte
1182 1737 1223 1769 li-

481 1792 558 1825 bere
579 1791 617 1824 de
639 1791 684 1824 eis
705 1791 877 1834 disponere
898 1796 1065 1834 poterant;
1088 1796 1222 1834 propte-

482 1856 537 1878 rea
556 1845 720 1889 praedicta
740 1844 786 1877 Pii
808 1845 829 1876 V
867 1844 1052 1877 constitutio
1074 1843 1103 1876 in
1133 1854 1226 1887 prac-

483 1899 577 1932 dictis
598 1909 772 1939 regnorum
795 1897 1011 1938 Portugalliae
1033 1897 1153 1930 militiis
1167 1897 1225 1930 ob-

483 1959 606 1986 servata
626 1963 691 1985 non
714 1952 783 1991 suit,
808 1952 862 1984 sed
885 1951 960 1985 dieti
988 1951 1116 1992 elerici,
1141 1951 1226 1984 iuxta

485 2006 686 2050 praedictum
709 2005 778 2039 lulii
793 2005 925 2038 secundi
948 2005 1106 2038 indultum
1121 2012 1151 2038 et
1163 2005 1227 2049 pri-

485 2059 648 2099 vileggium,
676 2059 796 2102 absque
812 2059 919 2102 aliqua
945 2058 1150 2091 innovatione
1171 2069 1226 2091 seu

486 2112 675 2152 mutatione,
700 2123 757 2156 per
787 2113 906 2145 multos
938 2122 1040 2145 annos
1074 2123 1226 2156 perinan-

485 2173 607 2199 serunt.

531 2224 546 2261 ξ
568 2220 598 2253 3,
619 2220 679 2253 Sea
701 2231 774 2253 cnm
796 2220 889 2253 annis
910 2220 1037 2263 elapsis,
1059 2220 1227 2253 occasione

487 2274 667 2307 testamenti
683 2274 854 2317 aquodam
877 2273 994 2305 rtet-ivo
1007 2273 1135 2306 Ordinis
1148 2275 1227 2307 San—

488 2328 528 2361 cti
550 2328 654 2361 laeobi
677 2328 808 2367 conditi,
833 2328 872 2360 (lc
894 2327 1058 2371 praedicto
1080 2328 1148 2361 lulii
1174 2340 1225 2361 se-

342 2391 346 2402 ¹
364 2391 371 2403 '
390 2392 400 2405 ’Δ
427 2393 442 2405 ¹⁴
452 2394 472 2406 ¹1·
489 2382 584 2414 rutuli
601 2382 724 2414 indulto
738 2382 932 2414 controverti
948 2382 1100 2425 roc-perit,
1115 2388 1142 2414 et
1156 2394 1230 2414 rau-

487 2447 519 2467 sa
542 2447 650 2467 coram
683 2435 801 2467 ‹tite‹:i‹·
835 2435 901 2468 tilio
923 2435 1170 2468 llartltolomaeo
1190 2436 1228 2468 ‹le

489 2490 573 2522 Valle
587 2489 701 2528 Vir-ira,
717 2494 790 2521 tum·
803 2489 960 2521 ‹lit-tarum
977 2488 1162 2521 militiarmn
1177 2500 1230 2527 ue-

489 2543 588 2575 nvi-:iti
618 2548 855 2581 coinserratoie,
879 2548 906 2575 et
931 2542 1035 2574 iudice
1055 2542 1230 2585 apostolica

490 2596 677 2627 amtoritate
705 2596 858 2638 deputato
891 2602 1059 2635 ageretur,
1096 2595 1147 2628 ille
1175 2607 1232 2639 per

491 2659 580 2681 suam
606 2648 794 2681 sententiam
821 2648 1043 2692 prmumviarit
1065 2648 1139 2681 dicti
1162 2649 1228 2681 rle·

1064 242 1248 266 BULLARIUM
1267 242 1421 266 ROMANUM

1253 289 1311 322 rici
1331 295 1559 323 testamentum
1578 301 1646 324 esse
1665 290 1804 331 nullum,
1820 297 1851 324 et
1867 290 1995 335 praedi-

1254 349 1323 376 ctae
1340 343 1486 384 militiae,
1503 343 1706 388 aliarumque
1727 343 1802 377 dieti
1822 344 1913 386 regni
1933 344 1994 376 mi-

1254 396 1396 429 litiarum
1421 397 1568 438 elericos,
1585 397 1671 430 iuxta
1688 397 1887 441 praedictam
1904 397 1952 430 Pii
1971 397 1995 431 V

1254 449 1534 491 constitutionem,
1568 460 1775 494 nequaquam
1806 455 1997 483 testamenta

1254 504 1394 537 condere
1414 515 1519 548 posse,
1540 514 1645 547 neque
1666 504 1705 537 de
1726 503 1819 537 bonis
1839 503 1905 536 suis
1933 503 1994 536 ali-

1255 567 1318 601 quo
1348 558 1446 591 modo
1475 557 1668 602 disponere;
1701 568 1719 590 a
1743 567 1808 601 qua
1838 556 1998 590 sententia

1255 611 1360 644 statim
1379 611 1658 656 suitappellatum,
1676 611 1795 655 illaque
1807 610 1839 643 in
1856 611 1998 644 secunda

1255 665 1406 698 instantia
1436 665 1496 698 suit
1515 670 1675 698 revocata.
1703 664 1860 704 Quoniam
1890 669 1997 698 tamen

1255 717 1380 751 interea
1399 729 1436 751 ex
1456 729 1521 751 una
1549 724 1640 762 parte
1662 717 1801 751 ministri
1828 728 1886 750 seu
1917 727 1995 750 exa-

1256 776 1361 805 ctores
1381 772 1539 805 dictarum
1565 771 1755 804 militiarum
1785 782 1803 804 a
1826 770 1999 815 praedictis

1257 825 1381 859 clericis
1403 825 1597 858 militaribus
1617 826 1656 858 de
1683 825 1749 858 suis
1773 825 1970 869 prioratibus
1988 852 1996 866 ‚

1257 879 1444 919 beneficiis,
1479 879 1706 923 portionibus,
1743 877 1996 922 praeceptoriis,

1257 932 1496 977 praestimoniis
1520 937 1550 965 et
1570 931 1727 965 reditibus
1757 931 1881 964 medias
1901 941 2000 964 anna-

1260 992 1316 1026 tas,
1331 993 1367 1019 ut
1383 986 1484 1031 prius,
1500 986 1530 1019 in
1550 987 1694 1019 savorem
1715 985 1910 1018 fabricarum
1925 995 2001 1018 con-

1259 1046 1411 1073 ventuum
1426 1040 1520 1073 etiam
1543 1040 1619 1084 ipsis
1639 1039 1746 1072 invitis
1766 1045 1797 1072 et
1816 1038 2001 1072 nolentibus

1258 1094 1442 1137 exigebant;
1463 1104 1500 1126 ex
1519 1093 1620 1127 altera
1639 1103 1716 1126 vero
1740 1092 1794 1125 alii
1812 1092 2001 1126 earumdem

1259 1147 1447 1181 militiarum
1461 1153 1625 1181 exactores
1633 1145 2002 1190 seucxequutoresbona

1258 1202 1499 1246 praedictorum
1520 1201 1712 1234 clericorum
1728 1199 1936 1233 morientium
1950 1210 2001 1233 se-

1259 1255 1478 1299 questrabant,
1503 1254 1589 1287 unde
1610 1254 1643 1287 in
1663 1253 1748 1287 dicto
1766 1263 1866 1296 regno
1888 1258 1919 1286 et
1939 1252 2001 1285 mi-

1261 1308 1334 1341 litiis
1363 1319 1399 1341 ae
1426 1308 1574 1352 personis
1595 1318 1706 1341 earum
1735 1306 1894 1350 generalis
1918 1316 1998 1340 con-

1260 1361 1343 1395 fusio
1361 1367 1391 1395 et
1412 1361 1498 1394 varia
1524 1361 1671 1405 quotidie
1692 1360 1883 1394 oriebantur
1903 1369 1998 1393 scan-

1261 1416 1333 1449 dala
1353 1421 1383 1448 et
1403 1415 1619 1459 quaestiones.

1304 1469 1358 1513 §42
1370 1469 1546 1514 Propterea
1559 1468 1745 1513 praedictus
1753 1460 1921 1512 Philippus
1933 1478 1998 1509 rex,

1260 1523 1448 1557 earumdem
1467 1523 1656 1556 militiarum
1676 1528 1852 1567 perpetuus
1865 1521 2000 1555 admini-

1260 1582 1388 1617 strator,
1411 1587 1446 1609 rc
1467 1576 1625 1609 maturius
1645 1575 1903 1615 considerata,et
1927 1586 2001 1609 cum

1261 1630 1384 1664 dilectis
1398 1630 1471 1663 siliis
1485 1630 1688 1674 praesidente
1697 1635 1724 1663 et
1741 1629 1900 1674 deputatis
1913 1639 2003 1663 men-

1260 1695 1323 1725 sae,
1337 1684 1552 1718 conscientiae
1574 1689 1604 1717 et
1617 1683 1780 1724 ordmum‚
1797 1683 1933 1727 aliisque
1947 1683 2003 1717 do-

1261 1738 1318 1771 ctis
1337 1737 1413 1770 viris
1434 1738 1625 1777 consultata,
1642 1736 1801 1777 videlieet,
1827 1736 1927 1770 dictas
1941 1736 2002 1770 mi·

1262 1791 1342 1824 litias
1362 1791 1456 1824 aliter
1486 1801 1548 1823 non
1572 1801 1665 1834 posse
1692 1790 1898 1830 conservari,
1926 1789 2003 1834 quia

1260 1844 1284 1877 si
1307 1845 1390 1878 dieta
1412 1844 1457 1877 Pii
1478 1844 1501 1876 V
1530 1843 1714 1877 constitutio
1735 1843 1766 1875 in
1788 1843 1907 1876 eisdem
1935 1842 1998 1876 mi-

1262 1898 1336 1931 litiis
1347 1903 1430 1931 esset
1442 1897 1652 1937 observanda,
1670 1897 1857 1940 dictumque
1871 1896 1941 1930 lulii
1955 1906 2003 1930 se-

1260 1951 1357 1985 cundi
1372 1951 1575 1995 privilegium
1590 1950 1826 1992 abrogandum,
1845 1949 1875 1983 id
1889 1950 1920 1982 in
1935 1960 2003 1984 ma-

1242 2023 1243 2044 :
1262 2006 1377 2039 ximam
1401 2005 1558 2039 dictarum
1585 2005 1773 2038 militiarum
1796 2004 1951 2037 iacturam
1973 2009 2005 2038 et

1261 2059 1490 2093 ‹l‹.²trimcntum
1528 2064 1695 2101 vergeretj,
1719 2058 1794 2102 qnia
1815 2057 1872 2090 viri
1894 2057 2000 2100 docti,

1261 2113 1378 2157 quibus
1410 2112 1496 2156 ipsae
1527 2112 1658 2145 militiae
1690 2111 1845 2153 indigent,
1869 2111 1908 2144 de
1926 2121 2001 2144 cae-

1262 2172 1330 2200 tero
1358 2166 1389 2199 in
1421 2166 1467 2199 eis
1496 2165 1727 2210 professionem
1755 2165 1903 2198 emittere
1927 2165 2000 2198 nol-

1262 2221 1346 2260 lent,
1381 2225 1411 2253 et
1442 2225 1607 2264 praeterea
1638 2229 1702 2252 uon
1729 2219 1833 2252 solum
1861 2218 2002 2262 ipsarum

1263 2274 1450 2307 militiarum
1472 2278 1647 2306 conventus
1673 2272 1794 2305 maiora
1815 2272 1933 2305 damna
1952 2282 2003 2306 re-

1263 2328 1392 2372 cipient,
1417 2327 1491 2370 qnia
1513 2326 1706 2359 clericorum
1722 2353 1729 2365 ,
1752 2331 1788 2358 ut
1807 2326 1999 2369 praefertur,

1265 2380 1469 2414 morientium
1492 2380 1576 2412 bona
1609 2379 1699 2413 t'acile
1717 2390 1732 2412 a
1755 2378 2004 2421 consang-uineis

1264 2441 1291 2467 et
1315 2433 1510 2471 domesticis,
1528 2439 1559 2466 ut
1575 2433 1651 2465 olim
1675 2432 1781 2473 tiebat,
1797 2432 2003 2476 usurpabun-

1266 2495 1326 2527 tm·;
1350 2489 1404 2520 sed
1423 2488 1508 2531 qnod
1531 2487 1634 2520 mains
1647 2492 1704 2525 cst,
1722 2485 1875 2530 praedicti
1894 2485 2002 2519 clerici

1265 2553 1337 2574 rum
1371 2540 1517 2574 maximis
1548 2539 1707 2584 s‹.i·upulis
1735 2545 1763 2572 ot
1785 2539 1897 2572 salutis
1927 2548 2003 2572 suae

1267 2594 1417 2638 periculis
1436 2594 1644 2631 morirentur;
1665 2604 1700 2625 ac
1721 2591 1893 2636 praedictis
1912 2600 2004 2624 scan-

1266 2648 1346 2681 dalis
1369 2653 1397 2681 et
1419 2647 1488 2680 aliis
1510 2647 1616 2680 forsan
1638 2646 1668 2679 in
1691 2646 1833 2679 futurum
1851 2653 2003 2677 emanan-

2007 240 2058 268 An.
2074 239 2103 268 C.
2122 239 2194 270 1600
2207 273 2218 279 ,

2050 1474 2159 1500 Philippus
2173 1472 2202 1496 ΠΙ

2017 1500 2080 1532 Portu
2097 1501 2158 1531 ,attiae
2165 1505 2202 1532 5⁰¹

2016 1527 2202 1603 i'fflil'fflaeg·

2031 1588 2041 1603 ι·
2063 1588 2074 1602 a
2097 1597 2103 1603 .
