<?xml version="1.0" encoding="UTF-8"?>
<!DOCTYPE html PUBLIC "-//W3C//DTD XHTML 1.0 Transitional//EN"
    "http://www.w3.org/TR/xhtml1/DTD/xhtml1-transitional.dtd">
<html xmlns="http://www.w3.org/1999/xhtml" xml:lang="en" lang="en">
 <head>
  <title>
</title>
<meta http-equiv="Content-Type" content="text/html;charset=utf-8" />
  <meta name='ocr-system' content='tesseract 3.04.00' />
  <meta name='ocr-capabilities' content='ocr_page ocr_carea ocr_par ocr_line ocrx_word'/>
</head>
<body>
  <div class='ocr_page' id='page_1' title='image "./bullarumdiplomat10cath/bullarumdiplomat10cath_0702.png"; bbox 0 0 2253 3195; ppageno 0'>
   <div class='ocr_carea' id='block_1_1' title="bbox 265 244 561 280">
    <p class='ocr_par' dir='ltr' id='par_1_1' title="bbox 265 244 561 280">
     <span class='ocr_line' id='line_1_1' title="bbox 265 244 561 280; baseline -0.003 -2"><span class='ocrx_word' id='word_1_1' title='bbox 265 251 314 279; x_wconf 72' lang='lat' dir='ltr'>An.</span> <span class='ocrx_word' id='word_1_2' title='bbox 332 253 360 279; x_wconf 88' lang='lat' dir='ltr'>c.</span> <span class='ocrx_word' id='word_1_3' title='bbox 383 252 452 280; x_wconf 76' lang='lat'>1600</span> <span class='ocrx_word' id='word_1_4' title='bbox 498 244 561 278; x_wconf 70' lang='grc'>646</span> 
     </span>
    </p>
   </div>
   <div class='ocr_carea' id='block_1_2' title="bbox 263 473 446 526">
    <p class='ocr_par' dir='ltr' id='par_1_2' title="bbox 263 473 446 526">
     <span class='ocr_line' id='line_1_2' title="bbox 282 473 446 499; baseline 0 -5"><span class='ocrx_word' id='word_1_5' title='bbox 282 473 360 494; x_wconf 56' lang='lat' dir='ltr'>Netini</span> <span class='ocrx_word' id='word_1_6' title='bbox 374 480 386 494; x_wconf 83' lang='lat' dir='ltr'>a</span> <span class='ocrx_word' id='word_1_7' title='bbox 401 474 446 499; x_wconf 73' lang='lat' dir='ltr'>qui-</span> 
     </span>
     <span class='ocr_line' id='line_1_3' title="bbox 263 500 437 526; baseline 0.006 -6"><span class='ocrx_word' id='word_1_8' title='bbox 263 500 302 520; x_wconf 66' lang='lat' dir='ltr'>lu»</span> <span class='ocrx_word' id='word_1_9' title='bbox 314 507 341 520; x_wconf 64' lang='lat' dir='ltr'>rr*</span> <span class='ocrx_word' id='word_1_10' title='bbox 352 508 364 526; x_wconf 66' lang='lat' dir='ltr'>ij</span> <span class='ocrx_word' id='word_1_11' title='bbox 375 502 437 522; x_wconf 53' lang='lat' dir='ltr'>ten-lt.</span> 
     </span>
    </p>
   </div>
   <div class='ocr_carea' id='block_1_3' title="bbox 311 728 1203 784">
    <p class='ocr_par' dir='ltr' id='par_1_3' title="bbox 311 728 1203 784">
     <span class='ocr_line' id='line_1_4' title="bbox 311 728 1203 784; baseline 0.01 -26"><span class='ocrx_word' id='word_1_12' title='bbox 311 745 318 757; x_wconf 67' lang='lat' dir='ltr'>r</span> <span class='ocrx_word' id='word_1_13' title='bbox 350 746 369 784; x_wconf 73' lang='lat'>..¹</span> <span class='ocrx_word' id='word_1_14' title='bbox 384 744 416 775; x_wconf 67' lang='lat'>¹2⁹</span> <span class='ocrx_word' id='word_1_15' title='bbox 460 728 519 760; x_wconf 88' lang='lat' dir='ltr'>tire</span> <span class='ocrx_word' id='word_1_16' title='bbox 542 734 637 772; x_wconf 84' lang='lat' dir='ltr'>atque</span> <span class='ocrx_word' id='word_1_17' title='bbox 658 729 843 764; x_wconf 81' lang='lat' dir='ltr'>describere</span> <span class='ocrx_word' id='word_1_18' title='bbox 863 732 1056 775; x_wconf 88' lang='lat' dir='ltr'>provincias,</span> <span class='ocrx_word' id='word_1_19' title='bbox 1079 733 1203 767; x_wconf 81' lang='lat' dir='ltr'>valetu-</span> 
     </span>
    </p>
   </div>
   <div class='ocr_carea' id='block_1_4' title="bbox 259 1270 443 1347">
    <p class='ocr_par' dir='ltr' id='par_1_4' title="bbox 259 1270 443 1347">
     <span class='ocr_line' id='line_1_5' title="bbox 288 1270 442 1298; baseline 0.006 -8"><span class='ocrx_word' id='word_1_20' title='bbox 288 1270 338 1290; x_wconf 77' lang='lat' dir='ltr'>l¹···n</span> <span class='ocrx_word' id='word_1_21' title='bbox 348 1278 407 1298; x_wconf 63' lang='lat' dir='ltr'>isque</span> <span class='ocrx_word' id='word_1_22' title='bbox 424 1274 442 1291; x_wconf 70' lang='lat' dir='ltr'>r!</span> 
     </span>
     <span class='ocr_line' id='line_1_6' title="bbox 260 1297 443 1325; baseline 0.016 -9"><span class='ocrx_word' id='word_1_23' title='bbox 260 1297 443 1325; x_wconf 65' lang='lat' dir='ltr'>b··.,·1¹..itma·pn-</span> 
     </span>
     <span class='ocr_line' id='line_1_7' title="bbox 259 1324 442 1347; baseline 0.022 -4"><span class='ocrx_word' id='word_1_24' title='bbox 259 1324 296 1343; x_wconf 54' lang='lat' dir='ltr'>bn:</span> <span class='ocrx_word' id='word_1_25' title='bbox 311 1324 405 1346; x_wconf 61' lang='lat' dir='ltr'>vimiaco</span> <span class='ocrx_word' id='word_1_26' title='bbox 415 1327 442 1347; x_wconf 59' lang='grc' dir='ltr'>Μ.</span> 
     </span>
    </p>
   </div>
   <div class='ocr_carea' id='block_1_5' title="bbox 260 1484 443 1585">
    <p class='ocr_par' dir='ltr' id='par_1_5' title="bbox 260 1484 443 1585">
     <span class='ocr_line' id='line_1_8' title="bbox 287 1484 443 1505; baseline 0.013 -2"><span class='ocrx_word' id='word_1_27' title='bbox 287 1484 396 1505; x_wconf 59' lang='lat' dir='ltr'>Generalis</span> <span class='ocrx_word' id='word_1_28' title='bbox 413 1488 443 1505; x_wconf 66' lang='lat' dir='ltr'>ist</span> 
     </span>
     <span class='ocr_line' id='line_1_9' title="bbox 260 1511 443 1532; baseline 0.011 -2"><span class='ocrx_word' id='word_1_29' title='bbox 260 1511 332 1531; x_wconf 67' lang='lat' dir='ltr'>toll-er·⁴</span> <span class='ocrx_word' id='word_1_30' title='bbox 361 1511 443 1532; x_wconf 42' lang='lat' dir='ltr'>*tutin-,i-</span> 
     </span>
     <span class='ocr_line' id='line_1_10' title="bbox 260 1540 443 1564; baseline 0.011 -8"><span class='ocrx_word' id='word_1_31' title='bbox 260 1540 327 1558; x_wconf 63' lang='lat' dir='ltr'>tiones</span> <span class='ocrx_word' id='word_1_32' title='bbox 348 1545 368 1559; x_wconf 82' lang='lat' dir='ltr'>in</span> <span class='ocrx_word' id='word_1_33' title='bbox 383 1545 443 1564; x_wconf 69' lang='lat' dir='ltr'>pra-:-</span> 
     </span>
     <span class='ocr_line' id='line_1_11' title="bbox 260 1564 329 1585; baseline 0.014 -1"><span class='ocrx_word' id='word_1_34' title='bbox 260 1564 329 1585; x_wconf 57' lang='lat' dir='ltr'>dicits.</span> 
     </span>
    </p>
   </div>
   <div class='ocr_carea' id='block_1_6' title="bbox 395 1799 1206 1852">
    <p class='ocr_par' dir='ltr' id='par_1_6' title="bbox 395 1799 1206 1852">
     <span class='ocr_line' id='line_1_12' title="bbox 395 1799 1206 1852; baseline 0.009 -23"><span class='ocrx_word' id='word_1_35' title='bbox 395 1839 444 1852; x_wconf 46' lang='lat' dir='ltr'>w,</span> <span class='ocrx_word' id='word_1_36' title='bbox 460 1804 652 1831; x_wconf 80' lang='lat' dir='ltr'>statutorum</span> <span class='ocrx_word' id='word_1_37' title='bbox 675 1809 691 1831; x_wconf 85' lang='lat' dir='ltr'>a</span> <span class='ocrx_word' id='word_1_38' title='bbox 713 1799 806 1833; x_wconf 88' lang='lat' dir='ltr'>nobis</span> <span class='ocrx_word' id='word_1_39' title='bbox 827 1800 1040 1833; x_wconf 80' lang='lat' dir='ltr'>examinatam</span> <span class='ocrx_word' id='word_1_40' title='bbox 1063 1802 1103 1835; x_wconf 91' lang='lat' dir='ltr'>ad</span> <span class='ocrx_word' id='word_1_41' title='bbox 1132 1813 1206 1846; x_wconf 92' lang='lat' dir='ltr'>pro-</span> 
     </span>
    </p>
   </div>
   <div class='ocr_carea' id='block_1_7' title="bbox 460 304 1224 655">
    <p class='ocr_par' dir='ltr' id='par_1_7' title="bbox 463 304 1207 389">
     <span class='ocr_line' id='line_1_13' title="bbox 463 304 1207 346; baseline 0.005 -11"><span class='ocrx_word' id='word_1_42' title='bbox 463 313 559 346; x_wconf 89' lang='lat' dir='ltr'>quam</span> <span class='ocrx_word' id='word_1_43' title='bbox 577 304 841 337; x_wconf 80' lang='lat' dir='ltr'>nosocomiorum</span> <span class='ocrx_word' id='word_1_44' title='bbox 864 304 1091 346; x_wconf 85' lang='lat' dir='ltr'>ministerium,</span> <span class='ocrx_word' id='word_1_45' title='bbox 1112 307 1207 339; x_wconf 90' lang='lat' dir='ltr'>omit-</span> 
     </span>
     <span class='ocr_line' id='line_1_14' title="bbox 463 357 671 389; baseline 0.005 -1"><span class='ocrx_word' id='word_1_46' title='bbox 463 357 594 389; x_wconf 89' lang='lat' dir='ltr'>tendum</span> <span class='ocrx_word' id='word_1_47' title='bbox 616 362 671 389; x_wconf 85' lang='lat' dir='ltr'>est.</span> 
     </span>
    </p>

    <p class='ocr_par' dir='ltr' id='par_1_8' title="bbox 460 408 1224 655">
     <span class='ocr_line' id='line_1_15' title="bbox 507 408 1206 454; baseline 0.007 -14"><span class='ocrx_word' id='word_1_48' title='bbox 507 410 524 451; x_wconf 66' lang='lat' dir='ltr'>g</span> <span class='ocrx_word' id='word_1_49' title='bbox 544 408 596 441; x_wconf 80' lang='lat'>57.</span> <span class='ocrx_word' id='word_1_50' title='bbox 621 409 733 442; x_wconf 78' lang='lat' dir='ltr'>Nullus</span> <span class='ocrx_word' id='word_1_51' title='bbox 754 421 790 442; x_wconf 88' lang='lat' dir='ltr'>ex</span> <span class='ocrx_word' id='word_1_52' title='bbox 811 410 1030 454; x_wconf 87' lang='lat' dir='ltr'>superioribus</span> <span class='ocrx_word' id='word_1_53' title='bbox 1051 412 1091 444; x_wconf 88' lang='lat' dir='ltr'>ad</span> <span class='ocrx_word' id='word_1_54' title='bbox 1115 412 1206 445; x_wconf 80' lang='lat' dir='ltr'>habi-</span> 
     </span>
     <span class='ocr_line' id='line_1_16' title="bbox 463 463 1224 509; baseline 0.004 -15"><span class='ocrx_word' id='word_1_55' title='bbox 463 467 530 494; x_wconf 88' lang='lat' dir='ltr'>tum</span> <span class='ocrx_word' id='word_1_56' title='bbox 552 468 680 495; x_wconf 84' lang='lat' dir='ltr'>nostrae</span> <span class='ocrx_word' id='word_1_57' title='bbox 702 463 878 506; x_wconf 77' lang='lat' dir='ltr'>Religionis</span> <span class='ocrx_word' id='word_1_58' title='bbox 898 464 1067 498; x_wconf 88' lang='lat' dir='ltr'>admittere</span> <span class='ocrx_word' id='word_1_59' title='bbox 1088 466 1224 509; x_wconf 61' lang='lat' dir='ltr'>poteritt</span> 
     </span>
     <span class='ocr_line' id='line_1_17' title="bbox 462 515 1202 562; baseline 0.008 -16"><span class='ocrx_word' id='word_1_60' title='bbox 462 515 562 547; x_wconf 89' lang='lat' dir='ltr'>ullum</span> <span class='ocrx_word' id='word_1_61' title='bbox 584 515 763 557; x_wconf 87' lang='lat' dir='ltr'>novitium,</span> <span class='ocrx_word' id='word_1_62' title='bbox 787 516 847 549; x_wconf 81' lang='lat' dir='ltr'>nisi</span> <span class='ocrx_word' id='word_1_63' title='bbox 865 517 1050 550; x_wconf 80' lang='lat' dir='ltr'>facultatem</span> <span class='ocrx_word' id='word_1_64' title='bbox 1072 529 1202 562; x_wconf 88' lang='lat' dir='ltr'>expres-</span> 
     </span>
     <span class='ocr_line' id='line_1_18' title="bbox 460 569 1203 615; baseline 0.011 -17"><span class='ocrx_word' id='word_1_65' title='bbox 460 578 526 599; x_wconf 78' lang='lat' dir='ltr'>sam</span> <span class='ocrx_word' id='word_1_66' title='bbox 542 578 559 600; x_wconf 87' lang='lat' dir='ltr'>a</span> <span class='ocrx_word' id='word_1_67' title='bbox 571 569 736 611; x_wconf 79' lang='lat' dir='ltr'>praesecto</span> <span class='ocrx_word' id='word_1_68' title='bbox 751 570 894 612; x_wconf 78' lang='lat' dir='ltr'>generali</span> <span class='ocrx_word' id='word_1_69' title='bbox 916 570 1050 615; x_wconf 89' lang='lat' dir='ltr'>eiusque</span> <span class='ocrx_word' id='word_1_70' title='bbox 1071 573 1203 605; x_wconf 87' lang='lat' dir='ltr'>consul-</span> 
     </span>
     <span class='ocr_line' id='line_1_19' title="bbox 461 620 762 655; baseline 0.01 -3"><span class='ocrx_word' id='word_1_71' title='bbox 461 620 584 654; x_wconf 81' lang='lat' dir='ltr'>toribus</span> <span class='ocrx_word' id='word_1_72' title='bbox 603 621 762 655; x_wconf 88' lang='lat' dir='ltr'>hahuerit.</span> 
     </span>
    </p>
   </div>
   <div class='ocr_carea' id='block_1_8' title="bbox 506 674 1202 724">
    <p class='ocr_par' dir='ltr' id='par_1_9' title="bbox 506 674 1202 724">
     <span class='ocr_line' id='line_1_20' title="bbox 506 674 1202 724; baseline 0.009 -17"><span class='ocrx_word' id='word_1_73' title='bbox 506 676 521 716; x_wconf 66' lang='grc' dir='ltr'>ξ</span> <span class='ocrx_word' id='word_1_74' title='bbox 543 674 596 708; x_wconf 82' lang='lat'>58.</span> <span class='ocrx_word' id='word_1_75' title='bbox 620 675 763 715; x_wconf 87' lang='lat' dir='ltr'>Quorum</span> <span class='ocrx_word' id='word_1_76' title='bbox 786 677 881 710; x_wconf 88' lang='lat' dir='ltr'>etiam</span> <span class='ocrx_word' id='word_1_77' title='bbox 908 678 1055 712; x_wconf 84' lang='lat' dir='ltr'>intererit</span> <span class='ocrx_word' id='word_1_78' title='bbox 1076 679 1202 724; x_wconf 90' lang='lat' dir='ltr'>disper-</span> 
     </span>
    </p>
   </div>
   <div class='ocr_carea' id='block_1_9' title="bbox 458 781 1223 1786">
    <p class='ocr_par' dir='ltr' id='par_1_10' title="bbox 458 781 1205 1202">
     <span class='ocr_line' id='line_1_21' title="bbox 460 781 1204 826; baseline 0.008 -13"><span class='ocrx_word' id='word_1_79' title='bbox 460 781 584 814; x_wconf 83' lang='lat' dir='ltr'>dinaria</span> <span class='ocrx_word' id='word_1_80' title='bbox 616 783 781 824; x_wconf 79' lang='lat' dir='ltr'>generalia</span> <span class='ocrx_word' id='word_1_81' title='bbox 812 790 842 817; x_wconf 92' lang='lat' dir='ltr'>et</span> <span class='ocrx_word' id='word_1_82' title='bbox 871 785 1065 826; x_wconf 86' lang='lat' dir='ltr'>novitiatus;</span> <span class='ocrx_word' id='word_1_83' title='bbox 1094 786 1204 819; x_wconf 90' lang='lat' dir='ltr'>itidem</span> 
     </span>
     <span class='ocr_line' id='line_1_22' title="bbox 459 835 1201 881; baseline 0.008 -14"><span class='ocrx_word' id='word_1_84' title='bbox 459 835 622 878; x_wconf 86' lang='lat' dir='ltr'>applicare</span> <span class='ocrx_word' id='word_1_85' title='bbox 642 846 698 869; x_wconf 92' lang='lat' dir='ltr'>seu</span> <span class='ocrx_word' id='word_1_86' title='bbox 719 844 919 877; x_wconf 85' lang='lat' dir='ltr'>convertere,</span> <span class='ocrx_word' id='word_1_87' title='bbox 944 844 974 871; x_wconf 87' lang='lat' dir='ltr'>et</span> <span class='ocrx_word' id='word_1_88' title='bbox 994 839 1201 881; x_wconf 83' lang='lat' dir='ltr'>constituere,</span> 
     </span>
     <span class='ocr_line' id='line_1_23' title="bbox 459 890 1204 937; baseline 0.008 -16"><span class='ocrx_word' id='word_1_89' title='bbox 459 899 516 932; x_wconf 90' lang='lat' dir='ltr'>per</span> <span class='ocrx_word' id='word_1_90' title='bbox 535 899 617 932; x_wconf 86' lang='lat' dir='ltr'>quos</span> <span class='ocrx_word' id='word_1_91' title='bbox 636 890 914 925; x_wconf 69' lang='lat' dir='ltr'>administratores</span> <span class='ocrx_word' id='word_1_92' title='bbox 927 919 934 931; x_wconf 88' lang='lat'>,</span> <span class='ocrx_word' id='word_1_93' title='bbox 956 898 987 925; x_wconf 88' lang='lat' dir='ltr'>et</span> <span class='ocrx_word' id='word_1_94' title='bbox 1018 903 1082 936; x_wconf 89' lang='lat' dir='ltr'>quo</span> <span class='ocrx_word' id='word_1_95' title='bbox 1110 899 1204 937; x_wconf 91' lang='lat' dir='ltr'>pacto</span> 
     </span>
     <span class='ocr_line' id='line_1_24' title="bbox 458 943 1201 986; baseline 0.007 -11"><span class='ocrx_word' id='word_1_96' title='bbox 458 943 635 986; x_wconf 70' lang='lat' dir='ltr'>supradicti</span> <span class='ocrx_word' id='word_1_97' title='bbox 662 944 874 977; x_wconf 88' lang='lat' dir='ltr'>novitiatnnm</span> <span class='ocrx_word' id='word_1_98' title='bbox 897 952 927 979; x_wconf 89' lang='lat' dir='ltr'>et</span> <span class='ocrx_word' id='word_1_99' title='bbox 949 947 1201 981; x_wconf 82' lang='lat' dir='ltr'>valetudinario-</span> 
     </span>
     <span class='ocr_line' id='line_1_25' title="bbox 459 997 1205 1044; baseline 0.008 -16"><span class='ocrx_word' id='word_1_100' title='bbox 459 1007 530 1029; x_wconf 85' lang='lat' dir='ltr'>rum</span> <span class='ocrx_word' id='word_1_101' title='bbox 571 997 772 1039; x_wconf 80' lang='lat' dir='ltr'>generalium</span> <span class='ocrx_word' id='word_1_102' title='bbox 805 999 947 1039; x_wconf 88' lang='lat' dir='ltr'>reditus,</span> <span class='ocrx_word' id='word_1_103' title='bbox 980 999 1108 1044; x_wconf 85' lang='lat' dir='ltr'>aliaque</span> <span class='ocrx_word' id='word_1_104' title='bbox 1141 1001 1205 1035; x_wconf 88' lang='lat' dir='ltr'>sive</span> 
     </span>
     <span class='ocr_line' id='line_1_26' title="bbox 460 1050 1205 1097; baseline 0.009 -16"><span class='ocrx_word' id='word_1_105' title='bbox 460 1050 592 1083; x_wconf 81' lang='lat' dir='ltr'>mobilia</span> <span class='ocrx_word' id='word_1_106' title='bbox 611 1050 676 1083; x_wconf 90' lang='lat' dir='ltr'>sive</span> <span class='ocrx_word' id='word_1_107' title='bbox 700 1051 827 1084; x_wconf 89' lang='lat' dir='ltr'>stabilia</span> <span class='ocrx_word' id='word_1_108' title='bbox 847 1052 951 1093; x_wconf 88' lang='lat' dir='ltr'>bona,</span> <span class='ocrx_word' id='word_1_109' title='bbox 975 1064 1057 1097; x_wconf 86' lang='lat' dir='ltr'>quae</span> <span class='ocrx_word' id='word_1_110' title='bbox 1075 1060 1205 1088; x_wconf 83' lang='lat' dir='ltr'>nostrae</span> 
     </span>
     <span class='ocr_line' id='line_1_27' title="bbox 458 1103 1204 1143; baseline 0.008 -8"><span class='ocrx_word' id='word_1_111' title='bbox 458 1103 617 1143; x_wconf 76' lang='lat' dir='ltr'>Religioni</span> <span class='ocrx_word' id='word_1_112' title='bbox 641 1104 689 1136; x_wconf 86' lang='lat' dir='ltr'>vel</span> <span class='ocrx_word' id='word_1_113' title='bbox 716 1104 802 1137; x_wconf 90' lang='lat' dir='ltr'>dono</span> <span class='ocrx_word' id='word_1_114' title='bbox 824 1106 872 1138; x_wconf 87' lang='lat' dir='ltr'>vel</span> <span class='ocrx_word' id='word_1_115' title='bbox 895 1111 1086 1140; x_wconf 88' lang='lat' dir='ltr'>testamento</span> <span class='ocrx_word' id='word_1_116' title='bbox 1106 1108 1204 1141; x_wconf 89' lang='lat' dir='ltr'>relin-</span> 
     </span>
     <span class='ocr_line' id='line_1_28' title="bbox 459 1157 1201 1202; baseline 0.008 -14"><span class='ocrx_word' id='word_1_117' title='bbox 459 1157 587 1199; x_wconf 89' lang='lat' dir='ltr'>quenda</span> <span class='ocrx_word' id='word_1_118' title='bbox 601 1163 685 1195; x_wconf 86' lang='lat' dir='ltr'>sunt,</span> <span class='ocrx_word' id='word_1_119' title='bbox 704 1157 846 1202; x_wconf 87' lang='lat' dir='ltr'>impendi</span> <span class='ocrx_word' id='word_1_120' title='bbox 861 1165 892 1192; x_wconf 88' lang='lat' dir='ltr'>et</span> <span class='ocrx_word' id='word_1_121' title='bbox 909 1160 1038 1192; x_wconf 88' lang='lat' dir='ltr'>tractari</span> <span class='ocrx_word' id='word_1_122' title='bbox 1053 1161 1201 1194; x_wconf 88' lang='lat' dir='ltr'>debeant.</span> 
     </span>
    </p>

    <p class='ocr_par' dir='ltr' id='par_1_11' title="bbox 460 1210 1205 1407">
     <span class='ocr_line' id='line_1_29' title="bbox 504 1210 1205 1257; baseline 0.007 -14"><span class='ocrx_word' id='word_1_123' title='bbox 504 1210 594 1252; x_wconf 62' lang='lat'>559.</span> <span class='ocrx_word' id='word_1_124' title='bbox 617 1211 772 1245; x_wconf 87' lang='lat' dir='ltr'>Similiter</span> <span class='ocrx_word' id='word_1_125' title='bbox 803 1214 955 1256; x_wconf 81' lang='lat' dir='ltr'>praefecti</span> <span class='ocrx_word' id='word_1_126' title='bbox 988 1215 1146 1257; x_wconf 80' lang='lat' dir='ltr'>generalis</span> <span class='ocrx_word' id='word_1_127' title='bbox 1174 1221 1205 1248; x_wconf 86' lang='lat' dir='ltr'>et</span> 
     </span>
     <span class='ocr_line' id='line_1_30' title="bbox 460 1264 1205 1303; baseline 0.009 -7"><span class='ocrx_word' id='word_1_128' title='bbox 460 1264 680 1297; x_wconf 81' lang='lat' dir='ltr'>consultorum</span> <span class='ocrx_word' id='word_1_129' title='bbox 699 1265 757 1298; x_wconf 85' lang='lat' dir='ltr'>erit</span> <span class='ocrx_word' id='word_1_130' title='bbox 772 1266 942 1299; x_wconf 74' lang='lat' dir='ltr'>admittere</span> <span class='ocrx_word' id='word_1_131' title='bbox 962 1267 1026 1301; x_wconf 86' lang='lat' dir='ltr'>sive</span> <span class='ocrx_word' id='word_1_132' title='bbox 1042 1269 1205 1303; x_wconf 83' lang='lat' dir='ltr'>remittere</span> 
     </span>
     <span class='ocr_line' id='line_1_31' title="bbox 460 1318 1204 1361; baseline 0.008 -11"><span class='ocrx_word' id='word_1_133' title='bbox 460 1318 604 1361; x_wconf 86' lang='lat' dir='ltr'>quemvis</span> <span class='ocrx_word' id='word_1_134' title='bbox 625 1319 744 1359; x_wconf 89' lang='lat' dir='ltr'>locum,</span> <span class='ocrx_word' id='word_1_135' title='bbox 768 1325 821 1352; x_wconf 92' lang='lat' dir='ltr'>aut</span> <span class='ocrx_word' id='word_1_136' title='bbox 841 1320 974 1353; x_wconf 91' lang='lat' dir='ltr'>domum</span> <span class='ocrx_word' id='word_1_137' title='bbox 991 1348 998 1357; x_wconf 79' lang='grc'><strong>,</strong></span> <span class='ocrx_word' id='word_1_138' title='bbox 1023 1327 1076 1355; x_wconf 87' lang='lat' dir='ltr'>ant</span> <span class='ocrx_word' id='word_1_139' title='bbox 1106 1333 1204 1356; x_wconf 77' lang='lat' dir='ltr'>noso-</span> 
     </span>
     <span class='ocr_line' id='line_1_32' title="bbox 460 1371 1015 1407; baseline 0.009 -5"><span class='ocrx_word' id='word_1_140' title='bbox 460 1371 556 1404; x_wconf 78' lang='lat' dir='ltr'>comii</span> <span class='ocrx_word' id='word_1_141' title='bbox 578 1371 749 1406; x_wconf 85' lang='lat' dir='ltr'>cuiuslibet</span> <span class='ocrx_word' id='word_1_142' title='bbox 770 1372 1015 1407; x_wconf 79' lang='lat' dir='ltr'>habitationem.</span> 
     </span>
    </p>

    <p class='ocr_par' dir='ltr' id='par_1_12' title="bbox 459 1424 1223 1734">
     <span class='ocr_line' id='line_1_33' title="bbox 504 1424 1202 1470; baseline 0.007 -13"><span class='ocrx_word' id='word_1_143' title='bbox 504 1426 520 1467; x_wconf 65' lang='grc' dir='ltr'>ξ</span> <span class='ocrx_word' id='word_1_144' title='bbox 542 1424 594 1457; x_wconf 82' lang='lat'>60.</span> <span class='ocrx_word' id='word_1_145' title='bbox 616 1425 717 1458; x_wconf 88' lang='lat' dir='ltr'>Simul</span> <span class='ocrx_word' id='word_1_146' title='bbox 738 1426 817 1458; x_wconf 90' lang='lat' dir='ltr'>illud</span> <span class='ocrx_word' id='word_1_147' title='bbox 839 1426 1035 1470; x_wconf 79' lang='lat' dir='ltr'>explicamus</span> <span class='ocrx_word' id='word_1_148' title='bbox 1064 1434 1095 1462; x_wconf 79' lang='lat' dir='ltr'>et</span> <span class='ocrx_word' id='word_1_149' title='bbox 1120 1429 1202 1461; x_wconf 84' lang='lat' dir='ltr'>defi-</span> 
     </span>
     <span class='ocr_line' id='line_1_34' title="bbox 459 1477 1202 1523; baseline 0.007 -14"><span class='ocrx_word' id='word_1_150' title='bbox 459 1477 576 1517; x_wconf 82' lang='lat' dir='ltr'>nimus,</span> <span class='ocrx_word' id='word_1_151' title='bbox 599 1478 640 1511; x_wconf 92' lang='lat' dir='ltr'>ad</span> <span class='ocrx_word' id='word_1_152' title='bbox 668 1478 851 1521; x_wconf 85' lang='lat' dir='ltr'>praedictos</span> <span class='ocrx_word' id='word_1_153' title='bbox 879 1486 1024 1523; x_wconf 82' lang='lat' dir='ltr'>spectare</span> <span class='ocrx_word' id='word_1_154' title='bbox 1054 1481 1202 1514; x_wconf 76' lang='lat' dir='ltr'>declara-</span> 
     </span>
     <span class='ocr_line' id='line_1_35' title="bbox 460 1530 1223 1575; baseline 0.008 -12"><span class='ocrx_word' id='word_1_155' title='bbox 460 1530 592 1572; x_wconf 90' lang='lat' dir='ltr'>tionem,</span> <span class='ocrx_word' id='word_1_156' title='bbox 625 1531 926 1575; x_wconf 79' lang='lat' dir='ltr'>interpretationem</span> <span class='ocrx_word' id='word_1_157' title='bbox 947 1539 978 1566; x_wconf 85' lang='lat' dir='ltr'>et</span> <span class='ocrx_word' id='word_1_158' title='bbox 1006 1533 1223 1568; x_wconf 63' lang='lat' dir='ltr'>decisionem&#39;</span> 
     </span>
     <span class='ocr_line' id='line_1_36' title="bbox 460 1584 1202 1629; baseline 0.008 -14"><span class='ocrx_word' id='word_1_159' title='bbox 460 1585 537 1626; x_wconf 89' lang='lat' dir='ltr'>(non</span> <span class='ocrx_word' id='word_1_160' title='bbox 548 1589 654 1617; x_wconf 84' lang='lat' dir='ltr'>autem</span> <span class='ocrx_word' id='word_1_161' title='bbox 666 1584 706 1616; x_wconf 89' lang='lat' dir='ltr'>im</span> <span class='ocrx_word' id='word_1_162' title='bbox 714 1585 940 1629; x_wconf 91' lang='lat' dir='ltr'>mutationem)</span> <span class='ocrx_word' id='word_1_163' title='bbox 955 1597 1066 1620; x_wconf 89' lang='lat' dir='ltr'>earum</span> <span class='ocrx_word' id='word_1_164' title='bbox 1080 1598 1202 1629; x_wconf 86' lang='lat' dir='ltr'>rerum,</span> 
     </span>
     <span class='ocr_line' id='line_1_37' title="bbox 460 1636 1206 1682; baseline 0.009 -15"><span class='ocrx_word' id='word_1_165' title='bbox 460 1636 498 1669; x_wconf 73' lang='lat' dir='ltr'>ile</span> <span class='ocrx_word' id='word_1_166' title='bbox 521 1637 637 1680; x_wconf 89' lang='lat' dir='ltr'>quibus</span> <span class='ocrx_word' id='word_1_167' title='bbox 657 1648 755 1681; x_wconf 88' lang='lat' dir='ltr'>super</span> <span class='ocrx_word' id='word_1_168' title='bbox 775 1639 949 1682; x_wconf 85' lang='lat' dir='ltr'>praedictis</span> <span class='ocrx_word' id='word_1_169' title='bbox 977 1640 1128 1674; x_wconf 87' lang='lat' dir='ltr'>omnibns</span> <span class='ocrx_word' id='word_1_170' title='bbox 1156 1653 1206 1675; x_wconf 88' lang='lat' dir='ltr'>ea-</span> 
     </span>
     <span class='ocr_line' id='line_1_38' title="bbox 459 1690 1201 1734; baseline 0.008 -12"><span class='ocrx_word' id='word_1_171' title='bbox 459 1690 570 1734; x_wconf 89' lang='lat' dir='ltr'>pitulis</span> <span class='ocrx_word' id='word_1_172' title='bbox 593 1691 640 1723; x_wconf 87' lang='lat' dir='ltr'>vel</span> <span class='ocrx_word' id='word_1_173' title='bbox 661 1691 787 1724; x_wconf 86' lang='lat' dir='ltr'>statutis</span> <span class='ocrx_word' id='word_1_174' title='bbox 813 1692 972 1726; x_wconf 79' lang='lat' dir='ltr'>dubitatio</span> <span class='ocrx_word' id='word_1_175' title='bbox 1001 1693 1094 1727; x_wconf 87' lang='lat' dir='ltr'>suerit</span> <span class='ocrx_word' id='word_1_176' title='bbox 1121 1702 1201 1728; x_wconf 85' lang='lat' dir='ltr'>orta.</span> 
     </span>
    </p>

    <p class='ocr_par' dir='ltr' id='par_1_13' title="bbox 505 1744 1204 1786">
     <span class='ocr_line' id='line_1_39' title="bbox 505 1744 1204 1786; baseline 0.009 -10"><span class='ocrx_word' id='word_1_177' title='bbox 505 1746 521 1786; x_wconf 66' lang='lat' dir='ltr'>g</span> <span class='ocrx_word' id='word_1_178' title='bbox 549 1744 602 1777; x_wconf 81' lang='lat' dir='ltr'>ot.</span> <span class='ocrx_word' id='word_1_179' title='bbox 627 1746 703 1778; x_wconf 86' lang='lat' dir='ltr'>Cum</span> <span class='ocrx_word' id='word_1_180' title='bbox 726 1752 832 1778; x_wconf 86' lang='lat' dir='ltr'>autem</span> <span class='ocrx_word' id='word_1_181' title='bbox 861 1747 1048 1781; x_wconf 82' lang='lat' dir='ltr'>huiusmodi</span> <span class='ocrx_word' id='word_1_182' title='bbox 1068 1749 1204 1782; x_wconf 85' lang='lat' dir='ltr'>sormam</span> 
     </span>
    </p>
   </div>
   <div class='ocr_carea' id='block_1_10' title="bbox 459 1851 1223 2694">
    <p class='ocr_par' dir='ltr' id='par_1_14' title="bbox 459 1851 1223 2694">
     <span class='ocr_line' id='line_1_40' title="bbox 460 1851 1203 1898; baseline 0.008 -15"><span class='ocrx_word' id='word_1_183' title='bbox 460 1861 588 1894; x_wconf 86' lang='lat' dir='ltr'>sperum</span> <span class='ocrx_word' id='word_1_184' title='bbox 621 1851 764 1893; x_wconf 76' lang='lat' dir='ltr'>regimen</span> <span class='ocrx_word' id='word_1_185' title='bbox 794 1858 824 1886; x_wconf 87' lang='lat' dir='ltr'>et</span> <span class='ocrx_word' id='word_1_186' title='bbox 845 1853 968 1886; x_wconf 79' lang='lat' dir='ltr'>felicem</span> <span class='ocrx_word' id='word_1_187' title='bbox 998 1865 1203 1898; x_wconf 84' lang='lat' dir='ltr'>progressum</span> 
     </span>
     <span class='ocr_line' id='line_1_41' title="bbox 461 1905 1202 1951; baseline 0.008 -14"><span class='ocrx_word' id='word_1_188' title='bbox 461 1905 564 1938; x_wconf 86' lang='lat' dir='ltr'>dictae</span> <span class='ocrx_word' id='word_1_189' title='bbox 584 1905 861 1949; x_wconf 71' lang='lat' dir='ltr'>Congrcgationis‚</span> <span class='ocrx_word' id='word_1_190' title='bbox 890 1918 985 1951; x_wconf 88' lang='lat' dir='ltr'>quem</span> <span class='ocrx_word' id='word_1_191' title='bbox 1013 1908 1104 1942; x_wconf 85' lang='lat' dir='ltr'>enixe</span> <span class='ocrx_word' id='word_1_192' title='bbox 1125 1920 1202 1943; x_wconf 89' lang='lat' dir='ltr'>exo-</span> 
     </span>
     <span class='ocr_line' id='line_1_42' title="bbox 459 1959 1205 2004; baseline 0.007 -14"><span class='ocrx_word' id='word_1_193' title='bbox 459 1964 597 2001; x_wconf 86' lang='lat' dir='ltr'>ptamus,</span> <span class='ocrx_word' id='word_1_194' title='bbox 608 1959 821 1992; x_wconf 85' lang='lat' dir='ltr'>neeessariam</span> <span class='ocrx_word' id='word_1_195' title='bbox 836 1965 865 1993; x_wconf 92' lang='lat' dir='ltr'>et</span> <span class='ocrx_word' id='word_1_196' title='bbox 879 1966 1095 2004; x_wconf 86' lang='lat' dir='ltr'>opportunam</span> <span class='ocrx_word' id='word_1_197' title='bbox 1111 1962 1205 1996; x_wconf 83' lang='lat' dir='ltr'>fnisse</span> 
     </span>
     <span class='ocr_line' id='line_1_43' title="bbox 460 2013 1223 2054; baseline 0.007 -11"><span class='ocrx_word' id='word_1_198' title='bbox 460 2018 489 2044; x_wconf 69' lang='lat' dir='ltr'>et</span> <span class='ocrx_word' id='word_1_199' title='bbox 514 2022 582 2045; x_wconf 80' lang='lat' dir='ltr'>esse</span> <span class='ocrx_word' id='word_1_200' title='bbox 604 2013 874 2054; x_wconf 72' lang='lat' dir='ltr'>cognoverimus,</span> <span class='ocrx_word' id='word_1_201' title='bbox 899 2024 957 2046; x_wconf 82' lang='lat' dir='ltr'>nos</span> <span class='ocrx_word' id='word_1_202' title='bbox 975 2014 1133 2048; x_wconf 84' lang='lat' dir='ltr'>dictarum</span> <span class='ocrx_word' id='word_1_203' title='bbox 1155 2016 1204 2048; x_wconf 86' lang='lat' dir='ltr'>lit·</span> <span class='ocrx_word' id='word_1_204' title='bbox 1222 2034 1223 2042; x_wconf 35' lang='grc' dir='ltr'><strong>κ</strong></span> 
     </span>
     <span class='ocr_line' id='line_1_44' title="bbox 459 2066 1204 2111; baseline 0.007 -15"><span class='ocrx_word' id='word_1_205' title='bbox 459 2070 601 2097; x_wconf 76' lang='lat' dir='ltr'>terarum</span> <span class='ocrx_word' id='word_1_206' title='bbox 625 2071 752 2098; x_wconf 86' lang='lat' dir='ltr'>tenores</span> <span class='ocrx_word' id='word_1_207' title='bbox 766 2066 988 2110; x_wconf 81' lang='lat' dir='ltr'>praesentibus</span> <span class='ocrx_word' id='word_1_208' title='bbox 1003 2077 1061 2110; x_wconf 86' lang='lat' dir='ltr'>pro</span> <span class='ocrx_word' id='word_1_209' title='bbox 1075 2078 1204 2111; x_wconf 82' lang='lat' dir='ltr'>expres-</span> 
     </span>
     <span class='ocr_line' id='line_1_45' title="bbox 459 2118 1205 2160; baseline 0.007 -10"><span class='ocrx_word' id='word_1_210' title='bbox 459 2118 500 2150; x_wconf 82' lang='lat' dir='ltr'>sis</span> <span class='ocrx_word' id='word_1_211' title='bbox 521 2119 686 2158; x_wconf 80' lang='lat' dir='ltr'>babentes,</span> <span class='ocrx_word' id='word_1_212' title='bbox 703 2130 738 2152; x_wconf 72' lang='lat' dir='ltr'>at·</span> <span class='ocrx_word' id='word_1_213' title='bbox 753 2119 921 2153; x_wconf 88' lang='lat' dir='ltr'>Camillum</span> <span class='ocrx_word' id='word_1_214' title='bbox 943 2125 974 2153; x_wconf 82' lang='lat' dir='ltr'>et</span> <span class='ocrx_word' id='word_1_215' title='bbox 994 2121 1144 2160; x_wconf 83' lang='lat' dir='ltr'>Blasinm,</span> <span class='ocrx_word' id='word_1_216' title='bbox 1169 2133 1205 2155; x_wconf 88' lang='lat' dir='ltr'>ac</span> 
     </span>
     <span class='ocr_line' id='line_1_46' title="bbox 459 2172 1222 2211; baseline 0.004 -7"><span class='ocrx_word' id='word_1_217' title='bbox 459 2172 635 2211; x_wconf 85' lang='lat' dir='ltr'>Sanctium,</span> <span class='ocrx_word' id='word_1_218' title='bbox 652 2178 682 2205; x_wconf 88' lang='lat' dir='ltr'>et</span> <span class='ocrx_word' id='word_1_219' title='bbox 700 2172 907 2206; x_wconf 73' lang='lat' dir='ltr'>Octavianum</span> <span class='ocrx_word' id='word_1_220' title='bbox 929 2184 965 2206; x_wconf 87' lang='lat' dir='ltr'>ac</span> <span class='ocrx_word' id='word_1_221' title='bbox 984 2173 1204 2207; x_wconf 72' lang='lat' dir='ltr'>Cln&#39;omatium</span> <span class='ocrx_word' id='word_1_222' title='bbox 1221 2178 1222 2183; x_wconf 78' lang='grc'>’</span> 
     </span>
     <span class='ocr_line' id='line_1_47' title="bbox 460 2227 1223 2272; baseline 0.005 -14"><span class='ocrx_word' id='word_1_223' title='bbox 460 2227 641 2270; x_wconf 83' lang='lat' dir='ltr'>praedictos</span> <span class='ocrx_word' id='word_1_224' title='bbox 657 2255 665 2266; x_wconf 84' lang='lat'>,</span> <span class='ocrx_word' id='word_1_225' title='bbox 688 2232 718 2260; x_wconf 82' lang='lat' dir='ltr'>et</span> <span class='ocrx_word' id='word_1_226' title='bbox 743 2237 856 2260; x_wconf 83' lang='lat' dir='ltr'>eornm</span> <span class='ocrx_word' id='word_1_227' title='bbox 887 2228 1063 2271; x_wconf 83' lang='lat' dir='ltr'>quemlibet</span> <span class='ocrx_word' id='word_1_228' title='bbox 1085 2239 1102 2261; x_wconf 88' lang='lat' dir='ltr'>a</span> <span class='ocrx_word' id='word_1_229' title='bbox 1132 2229 1223 2272; x_wconf 69' lang='lat' dir='ltr'>qni-i</span> 
     </span>
     <span class='ocr_line' id='line_1_48' title="bbox 460 2280 1223 2326; baseline 0.007 -15"><span class='ocrx_word' id='word_1_230' title='bbox 460 2280 566 2312; x_wconf 82' lang='lat' dir='ltr'>busvis</span> <span class='ocrx_word' id='word_1_231' title='bbox 592 2281 960 2320; x_wconf 70' lang='lat' dir='ltr'>exeommnnicationis,</span> <span class='ocrx_word' id='word_1_232' title='bbox 985 2283 1223 2326; x_wconf 58' lang='lat' dir='ltr'>suspensionis*</span> 
     </span>
     <span class='ocr_line' id='line_1_49' title="bbox 460 2334 1206 2378; baseline 0.005 -13"><span class='ocrx_word' id='word_1_233' title='bbox 460 2339 489 2366; x_wconf 74' lang='lat' dir='ltr'>ot</span> <span class='ocrx_word' id='word_1_234' title='bbox 509 2334 670 2367; x_wconf 83' lang='lat' dir='ltr'>interdicti</span> <span class='ocrx_word' id='word_1_235' title='bbox 689 2334 824 2378; x_wconf 86' lang='lat' dir='ltr'>aliisque</span> <span class='ocrx_word' id='word_1_236' title='bbox 839 2334 1062 2368; x_wconf 66' lang='lat' dir='ltr'>ecclesiasticis</span> <span class='ocrx_word' id='word_1_237' title='bbox 1079 2342 1206 2369; x_wconf 85' lang='lat' dir='ltr'>senten-</span> 
     </span>
     <span class='ocr_line' id='line_1_50' title="bbox 461 2386 1204 2431; baseline 0.005 -13"><span class='ocrx_word' id='word_1_238' title='bbox 461 2386 520 2425; x_wconf 77' lang='lat' dir='ltr'>tiis,</span> <span class='ocrx_word' id='word_1_239' title='bbox 545 2387 688 2420; x_wconf 62' lang='lat' dir='ltr'>censuris</span> <span class='ocrx_word' id='word_1_240' title='bbox 709 2394 739 2420; x_wconf 73' lang='lat' dir='ltr'>vt</span> <span class='ocrx_word' id='word_1_241' title='bbox 759 2388 883 2431; x_wconf 84' lang='lat' dir='ltr'>poenis,</span> <span class='ocrx_word' id='word_1_242' title='bbox 900 2399 917 2420; x_wconf 88' lang='lat' dir='ltr'>a</span> <span class='ocrx_word' id='word_1_243' title='bbox 938 2388 1007 2421; x_wconf 88' lang='lat' dir='ltr'>iure</span> <span class='ocrx_word' id='word_1_244' title='bbox 1028 2389 1074 2421; x_wconf 79' lang='lat' dir='ltr'>vel</span> <span class='ocrx_word' id='word_1_245' title='bbox 1093 2389 1132 2421; x_wconf 86' lang='lat' dir='ltr'>ab</span> <span class='ocrx_word' id='word_1_246' title='bbox 1147 2389 1204 2422; x_wconf 87' lang='lat' dir='ltr'>lio-</span> 
     </span>
     <span class='ocr_line' id='line_1_51' title="bbox 461 2440 1205 2483; baseline 0.007 -13"><span class='ocrx_word' id='word_1_247' title='bbox 461 2440 545 2471; x_wconf 76' lang='lat' dir='ltr'>ntiw·</span> <span class='ocrx_word' id='word_1_248' title='bbox 567 2440 676 2483; x_wconf 78' lang='lat' dir='ltr'>qnavis</span> <span class='ocrx_word' id='word_1_249' title='bbox 697 2441 867 2474; x_wconf 78' lang='lat' dir='ltr'>orcasione</span> <span class='ocrx_word' id='word_1_250' title='bbox 889 2441 935 2473; x_wconf 72' lang='lat' dir='ltr'>vet</span> <span class='ocrx_word' id='word_1_251' title='bbox 957 2453 1053 2474; x_wconf 80' lang='lat' dir='ltr'>cansa</span> <span class='ocrx_word' id='word_1_252' title='bbox 1075 2441 1156 2481; x_wconf 79' lang='lat' dir='ltr'>latis,</span> <span class='ocrx_word' id='word_1_253' title='bbox 1180 2443 1205 2475; x_wconf 88' lang='lat' dir='ltr'>si</span> 
     </span>
     <span class='ocr_line' id='line_1_52' title="bbox 460 2493 1202 2536; baseline 0.007 -13"><span class='ocrx_word' id='word_1_254' title='bbox 460 2493 576 2535; x_wconf 72' lang='lat' dir='ltr'>qnibns</span> <span class='ocrx_word' id='word_1_255' title='bbox 601 2494 847 2536; x_wconf 68' lang='lat' dir='ltr'>quomodolibet</span> <span class='ocrx_word' id='word_1_256' title='bbox 870 2494 1013 2527; x_wconf 85' lang='lat' dir='ltr'>innodati</span> <span class='ocrx_word' id='word_1_257' title='bbox 1041 2495 1202 2535; x_wconf 74' lang='lat' dir='ltr'>existunt,</span> 
     </span>
     <span class='ocr_line' id='line_1_53' title="bbox 461 2546 1202 2590; baseline 0.005 -14"><span class='ocrx_word' id='word_1_258' title='bbox 461 2546 499 2577; x_wconf 82' lang='lat' dir='ltr'>ad</span> <span class='ocrx_word' id='word_1_259' title='bbox 522 2546 670 2578; x_wconf 43' lang='lat' dir='ltr'>vrrs-vtum</span> <span class='ocrx_word' id='word_1_260' title='bbox 694 2547 911 2590; x_wconf 65' lang='lat' dir='ltr'>pi-:wsentiinn</span> <span class='ocrx_word' id='word_1_261' title='bbox 935 2548 1099 2580; x_wconf 80' lang='lat' dir='ltr'>dumtaxat</span> <span class='ocrx_word' id='word_1_262' title='bbox 1123 2559 1202 2580; x_wconf 85' lang='lat' dir='ltr'>ron-</span> 
     </span>
     <span class='ocr_line' id='line_1_54' title="bbox 460 2601 1207 2642; baseline 0.007 -12"><span class='ocrx_word' id='word_1_263' title='bbox 460 2601 680 2642; x_wconf 65' lang='lat' dir='ltr'>seqnvndnm,</span> <span class='ocrx_word' id='word_1_264' title='bbox 703 2601 815 2634; x_wconf 82' lang='lat' dir='ltr'>barnni</span> <span class='ocrx_word' id='word_1_265' title='bbox 837 2602 920 2635; x_wconf 82' lang='lat' dir='ltr'>serie</span> <span class='ocrx_word' id='word_1_266' title='bbox 940 2602 1151 2642; x_wconf 78' lang='lat' dir='ltr'>absolventes,</span> <span class='ocrx_word' id='word_1_267' title='bbox 1176 2608 1207 2635; x_wconf 86' lang='lat' dir='ltr'>et</span> 
     </span>
     <span class='ocr_line' id='line_1_55' title="bbox 461 2652 1202 2694; baseline 0.005 -12"><span class='ocrx_word' id='word_1_268' title='bbox 461 2652 625 2685; x_wconf 65' lang='lat' dir='ltr'>absolutos</span> <span class='ocrx_word' id='word_1_269' title='bbox 656 2655 722 2686; x_wconf 78' lang='lat' dir='ltr'>sore</span> <span class='ocrx_word' id='word_1_270' title='bbox 752 2661 939 2694; x_wconf 61' lang='lat' dir='ltr'>vensi-ntus,</span> <span class='ocrx_word' id='word_1_271' title='bbox 971 2661 1057 2688; x_wconf 82' lang='lat' dir='ltr'>ntotn</span> <span class='ocrx_word' id='word_1_272' title='bbox 1084 2655 1202 2691; x_wconf 70' lang='lat' dir='ltr'>simili,</span> 
     </span>
    </p>
   </div>
   <div class='ocr_carea' id='block_1_11' title="bbox 1222 409 1226 2691">
    <p class='ocr_par' dir='ltr' id='par_1_15' title="bbox 1222 409 1226 2691">
     <span class='ocr_line' id='line_1_56' title="bbox 1222 409 1226 2691; baseline 0 0"><span class='ocrx_word' id='word_1_273' title='bbox 1222 409 1226 2691; x_wconf 95' lang='lat' dir='ltr'> </span> 
     </span>
    </p>
   </div>
   <div class='ocr_carea' id='block_1_12' title="bbox 1050 258 1406 284">
    <p class='ocr_par' dir='ltr' id='par_1_16' title="bbox 1050 258 1406 284">
     <span class='ocr_line' id='line_1_57' title="bbox 1050 258 1406 284; baseline 0.006 -2"><span class='ocrx_word' id='word_1_274' title='bbox 1050 258 1233 283; x_wconf 74' lang='lat' dir='ltr'>BULLARIUM</span> <span class='ocrx_word' id='word_1_275' title='bbox 1253 259 1406 284; x_wconf 65' lang='lat' dir='ltr'><strong>ROMANUM</strong></span> 
     </span>
    </p>
   </div>
   <div class='ocr_carea' id='block_1_13' title="bbox 1239 307 1985 883">
    <p class='ocr_par' dir='ltr' id='par_1_17' title="bbox 1239 307 1985 883">
     <span class='ocr_line' id='line_1_58' title="bbox 1240 307 1982 351; baseline 0.007 -12"><span class='ocrx_word' id='word_1_276' title='bbox 1240 317 1304 340; x_wconf 92' lang='lat' dir='ltr'>non</span> <span class='ocrx_word' id='word_1_277' title='bbox 1325 307 1366 340; x_wconf 87' lang='lat' dir='ltr'>ad</span> <span class='ocrx_word' id='word_1_278' title='bbox 1386 307 1545 341; x_wconf 90' lang='lat' dir='ltr'>dictorum</span> <span class='ocrx_word' id='word_1_279' title='bbox 1563 309 1685 342; x_wconf 88' lang='lat' dir='ltr'>Camilli</span> <span class='ocrx_word' id='word_1_280' title='bbox 1698 309 1892 351; x_wconf 86' lang='lat' dir='ltr'>etBlasii,ac</span> <span class='ocrx_word' id='word_1_281' title='bbox 1905 311 1982 345; x_wconf 89' lang='lat' dir='ltr'>San-</span> 
     </span>
     <span class='ocr_line' id='line_1_59' title="bbox 1240 360 1982 403; baseline 0.007 -10"><span class='ocrx_word' id='word_1_282' title='bbox 1240 360 1305 401; x_wconf 88' lang='lat' dir='ltr'>etii,</span> <span class='ocrx_word' id='word_1_283' title='bbox 1327 366 1358 394; x_wconf 89' lang='lat' dir='ltr'>ct</span> <span class='ocrx_word' id='word_1_284' title='bbox 1377 360 1551 402; x_wconf 84' lang='lat' dir='ltr'>Octaviani,</span> <span class='ocrx_word' id='word_1_285' title='bbox 1576 372 1612 395; x_wconf 89' lang='lat' dir='ltr'>ac</span> <span class='ocrx_word' id='word_1_286' title='bbox 1636 362 1821 403; x_wconf 87' lang='lat' dir='ltr'>Chromatii,</span> <span class='ocrx_word' id='word_1_287' title='bbox 1844 370 1899 397; x_wconf 85' lang='lat' dir='ltr'>aut</span> <span class='ocrx_word' id='word_1_288' title='bbox 1923 365 1982 398; x_wconf 92' lang='lat' dir='ltr'>ali-</span> 
     </span>
     <span class='ocr_line' id='line_1_60' title="bbox 1240 413 1979 461; baseline 0.007 -15"><span class='ocrx_word' id='word_1_289' title='bbox 1240 413 1331 446; x_wconf 87' lang='lat' dir='ltr'>cuius</span> <span class='ocrx_word' id='word_1_290' title='bbox 1348 424 1460 447; x_wconf 87' lang='lat' dir='ltr'>eorum</span> <span class='ocrx_word' id='word_1_291' title='bbox 1482 415 1620 458; x_wconf 83' lang='lat' dir='ltr'>desuper</span> <span class='ocrx_word' id='word_1_292' title='bbox 1639 416 1733 449; x_wconf 88' lang='lat' dir='ltr'>nobis</span> <span class='ocrx_word' id='word_1_293' title='bbox 1750 416 1876 450; x_wconf 86' lang='lat' dir='ltr'>oblatae</span> <span class='ocrx_word' id='word_1_294' title='bbox 1895 418 1979 461; x_wconf 91' lang='lat' dir='ltr'>peti-</span> 
     </span>
     <span class='ocr_line' id='line_1_61' title="bbox 1241 466 1983 508; baseline 0.007 -9"><span class='ocrx_word' id='word_1_295' title='bbox 1241 466 1336 499; x_wconf 89' lang='lat' dir='ltr'>tionis</span> <span class='ocrx_word' id='word_1_296' title='bbox 1367 467 1572 508; x_wconf 87' lang='lat' dir='ltr'>instantiam,</span> <span class='ocrx_word' id='word_1_297' title='bbox 1604 469 1660 502; x_wconf 84' lang='lat' dir='ltr'>sed</span> <span class='ocrx_word' id='word_1_298' title='bbox 1688 480 1724 501; x_wconf 87' lang='lat' dir='ltr'>ex</span> <span class='ocrx_word' id='word_1_299' title='bbox 1757 476 1844 503; x_wconf 85' lang='lat' dir='ltr'>certa</span> <span class='ocrx_word' id='word_1_300' title='bbox 1875 477 1983 504; x_wconf 89' lang='lat' dir='ltr'>nostra</span> 
     </span>
     <span class='ocr_line' id='line_1_62' title="bbox 1240 519 1984 568; baseline 0.007 -16"><span class='ocrx_word' id='word_1_301' title='bbox 1240 519 1383 560; x_wconf 85' lang='lat' dir='ltr'>scientia,</span> <span class='ocrx_word' id='word_1_302' title='bbox 1400 531 1436 553; x_wconf 84' lang='lat' dir='ltr'>ae</span> <span class='ocrx_word' id='word_1_303' title='bbox 1457 521 1497 554; x_wconf 90' lang='lat' dir='ltr'>de</span> <span class='ocrx_word' id='word_1_304' title='bbox 1517 521 1712 565; x_wconf 86' lang='lat' dir='ltr'>apostolicae</span> <span class='ocrx_word' id='word_1_305' title='bbox 1732 523 1897 566; x_wconf 85' lang='lat' dir='ltr'>potestatis</span> <span class='ocrx_word' id='word_1_306' title='bbox 1916 524 1984 568; x_wconf 91' lang='lat' dir='ltr'>ple-</span> 
     </span>
     <span class='ocr_line' id='line_1_63' title="bbox 1241 573 1985 620; baseline 0.005 -14"><span class='ocrx_word' id='word_1_307' title='bbox 1241 573 1398 615; x_wconf 88' lang='lat' dir='ltr'>nitudine,</span> <span class='ocrx_word' id='word_1_308' title='bbox 1427 574 1536 607; x_wconf 83' lang='lat' dir='ltr'>omnia</span> <span class='ocrx_word' id='word_1_309' title='bbox 1557 580 1588 608; x_wconf 90' lang='lat' dir='ltr'>et</span> <span class='ocrx_word' id='word_1_310' title='bbox 1612 575 1738 618; x_wconf 80' lang='lat' dir='ltr'>singula</span> <span class='ocrx_word' id='word_1_311' title='bbox 1758 581 1876 609; x_wconf 83' lang='lat' dir='ltr'>statuta</span> <span class='ocrx_word' id='word_1_312' title='bbox 1892 587 1985 620; x_wconf 86' lang='lat' dir='ltr'>prae-</span> 
     </span>
     <span class='ocr_line' id='line_1_64' title="bbox 1241 628 1984 673; baseline 0.004 -12"><span class='ocrx_word' id='word_1_313' title='bbox 1241 628 1327 661; x_wconf 90' lang='lat' dir='ltr'>dicta</span> <span class='ocrx_word' id='word_1_314' title='bbox 1346 628 1496 672; x_wconf 87' lang='lat' dir='ltr'>superius</span> <span class='ocrx_word' id='word_1_315' title='bbox 1528 639 1694 673; x_wconf 86' lang='lat' dir='ltr'>expressa,</span> <span class='ocrx_word' id='word_1_316' title='bbox 1722 630 1898 673; x_wconf 83' lang='lat' dir='ltr'>apostoliea</span> <span class='ocrx_word' id='word_1_317' title='bbox 1926 641 1984 664; x_wconf 89' lang='lat' dir='ltr'>au-</span> 
     </span>
     <span class='ocr_line' id='line_1_65' title="bbox 1241 681 1984 727; baseline 0.005 -14"><span class='ocrx_word' id='word_1_318' title='bbox 1241 681 1404 722; x_wconf 85' lang='lat' dir='ltr'>ctoritate,</span> <span class='ocrx_word' id='word_1_319' title='bbox 1428 687 1541 715; x_wconf 86' lang='lat' dir='ltr'>tenore</span> <span class='ocrx_word' id='word_1_320' title='bbox 1565 682 1802 726; x_wconf 88' lang='lat' dir='ltr'>praesentium,</span> <span class='ocrx_word' id='word_1_321' title='bbox 1825 689 1984 727; x_wconf 85' lang='lat' dir='ltr'>perpetuo</span> 
     </span>
     <span class='ocr_line' id='line_1_66' title="bbox 1240 732 1985 775; baseline 0.005 -12"><span class='ocrx_word' id='word_1_322' title='bbox 1240 732 1460 775; x_wconf 84' lang='lat' dir='ltr'>approbamus</span> <span class='ocrx_word' id='word_1_323' title='bbox 1488 738 1518 765; x_wconf 88' lang='lat' dir='ltr'>et</span> <span class='ocrx_word' id='word_1_324' title='bbox 1542 733 1784 767; x_wconf 83' lang='lat' dir='ltr'>confirmamus.</span> <span class='ocrx_word' id='word_1_325' title='bbox 1808 735 1852 767; x_wconf 77' lang='lat' dir='ltr'>Ac</span> <span class='ocrx_word' id='word_1_326' title='bbox 1872 744 1985 768; x_wconf 85' lang='lat' dir='ltr'>omnes</span> 
     </span>
     <span class='ocr_line' id='line_1_67' title="bbox 1240 784 1980 830; baseline 0.005 -13"><span class='ocrx_word' id='word_1_327' title='bbox 1240 790 1269 817; x_wconf 87' lang='lat' dir='ltr'>et</span> <span class='ocrx_word' id='word_1_328' title='bbox 1290 784 1433 827; x_wconf 77' lang='lat' dir='ltr'>singulos</span> <span class='ocrx_word' id='word_1_329' title='bbox 1455 791 1518 818; x_wconf 86' lang='lat' dir='ltr'>tam</span> <span class='ocrx_word' id='word_1_330' title='bbox 1533 785 1612 819; x_wconf 90' lang='lat' dir='ltr'>iuris</span> <span class='ocrx_word' id='word_1_331' title='bbox 1625 797 1722 830; x_wconf 90' lang='lat' dir='ltr'>quam</span> <span class='ocrx_word' id='word_1_332' title='bbox 1738 787 1811 820; x_wconf 85' lang='lat' dir='ltr'>sacti</span> <span class='ocrx_word' id='word_1_333' title='bbox 1826 787 1980 829; x_wconf 84' lang='lat' dir='ltr'>desectus,</span> 
     </span>
     <span class='ocr_line' id='line_1_68' title="bbox 1239 837 1984 883; baseline 0.007 -14"><span class='ocrx_word' id='word_1_334' title='bbox 1239 837 1264 870; x_wconf 88' lang='lat' dir='ltr'>si</span> <span class='ocrx_word' id='word_1_335' title='bbox 1285 838 1340 881; x_wconf 89' lang='lat' dir='ltr'>qui</span> <span class='ocrx_word' id='word_1_336' title='bbox 1369 838 1508 882; x_wconf 85' lang='lat' dir='ltr'>desuper</span> <span class='ocrx_word' id='word_1_337' title='bbox 1528 839 1775 883; x_wconf 85' lang='lat' dir='ltr'>quomodolibet</span> <span class='ocrx_word' id='word_1_338' title='bbox 1803 840 1984 874; x_wconf 84' lang='lat' dir='ltr'>intervene-</span> 
     </span>
    </p>
   </div>
   <div class='ocr_carea' id='block_1_14' title="bbox 1999 262 2180 294">
    <p class='ocr_par' dir='ltr' id='par_1_18' title="bbox 1999 262 2180 294">
     <span class='ocr_line' id='line_1_69' title="bbox 1999 262 2180 294; baseline 0.028 -5"><span class='ocrx_word' id='word_1_339' title='bbox 1999 262 2048 291; x_wconf 79' lang='lat' dir='ltr'>An.</span> <span class='ocrx_word' id='word_1_340' title='bbox 2063 262 2090 290; x_wconf 89' lang='lat' dir='ltr'>G.</span> <span class='ocrx_word' id='word_1_341' title='bbox 2113 264 2180 294; x_wconf 76' lang='lat'>¹⁰00</span> 
     </span>
    </p>
   </div>
   <div class='ocr_carea' id='block_1_15' title="bbox 1239 890 2022 938">
    <p class='ocr_par' dir='ltr' id='par_1_19' title="bbox 1239 890 2022 938">
     <span class='ocr_line' id='line_1_70' title="bbox 1239 890 2022 938; baseline 0.008 -15"><span class='ocrx_word' id='word_1_342' title='bbox 1239 890 1301 924; x_wconf 87' lang='lat' dir='ltr'>rint</span> <span class='ocrx_word' id='word_1_343' title='bbox 1331 891 1363 924; x_wconf 92' lang='lat' dir='ltr'>in</span> <span class='ocrx_word' id='word_1_344' title='bbox 1394 891 1538 932; x_wconf 86' lang='lat' dir='ltr'>eisdem,</span> <span class='ocrx_word' id='word_1_345' title='bbox 1561 893 1764 936; x_wconf 87' lang='lat' dir='ltr'>supplemus:</span> <span class='ocrx_word' id='word_1_346' title='bbox 1794 894 1913 938; x_wconf 87' lang='lat' dir='ltr'>illaque</span> <span class='ocrx_word' id='word_1_347' title='bbox 1944 894 1984 927; x_wconf 88' lang='lat' dir='ltr'>ab</span> <span class='ocrx_word' id='word_1_348' title='bbox 2020 928 2022 930; x_wconf 78' lang='grc'>,</span> 
     </span>
    </p>
   </div>
   <div class='ocr_carea' id='block_1_16' title="bbox 1239 945 1986 1577">
    <p class='ocr_par' dir='ltr' id='par_1_20' title="bbox 1239 945 1986 1577">
     <span class='ocr_line' id='line_1_71' title="bbox 1240 945 1984 991; baseline 0.004 -13"><span class='ocrx_word' id='word_1_349' title='bbox 1240 945 1391 978; x_wconf 88' lang='lat' dir='ltr'>omnibns</span> <span class='ocrx_word' id='word_1_350' title='bbox 1405 951 1435 979; x_wconf 86' lang='lat' dir='ltr'>et</span> <span class='ocrx_word' id='word_1_351' title='bbox 1447 946 1581 988; x_wconf 78' lang='lat' dir='ltr'>singulis</span> <span class='ocrx_word' id='word_1_352' title='bbox 1598 946 1701 980; x_wconf 87' lang='lat' dir='ltr'>dictae</span> <span class='ocrx_word' id='word_1_353' title='bbox 1721 947 1984 991; x_wconf 74' lang='lat' dir='ltr'>Congregationis</span> 
     </span>
     <span class='ocr_line' id='line_1_72' title="bbox 1241 999 1984 1043; baseline 0.004 -12"><span class='ocrx_word' id='word_1_354' title='bbox 1241 999 1410 1041; x_wconf 78' lang='lat' dir='ltr'>religiosis,</span> <span class='ocrx_word' id='word_1_355' title='bbox 1427 1000 1540 1043; x_wconf 87' lang='lat' dir='ltr'>quovis</span> <span class='ocrx_word' id='word_1_356' title='bbox 1553 999 1659 1033; x_wconf 84' lang='lat' dir='ltr'>officio</span> <span class='ocrx_word' id='word_1_357' title='bbox 1673 1011 1729 1034; x_wconf 89' lang='lat' dir='ltr'>seu</span> <span class='ocrx_word' id='word_1_358' title='bbox 1744 1001 1899 1042; x_wconf 76' lang='lat' dir='ltr'>dignitate</span> <span class='ocrx_word' id='word_1_359' title='bbox 1912 1002 1984 1034; x_wconf 82' lang='lat' dir='ltr'>sun-</span> 
     </span>
     <span class='ocr_line' id='line_1_73' title="bbox 1240 1052 1982 1098; baseline 0.005 -14"><span class='ocrx_word' id='word_1_360' title='bbox 1240 1052 1400 1094; x_wconf 82' lang='lat' dir='ltr'>gentibns,</span> <span class='ocrx_word' id='word_1_361' title='bbox 1424 1053 1622 1097; x_wconf 82' lang='lat' dir='ltr'>ubicumque</span> <span class='ocrx_word' id='word_1_362' title='bbox 1644 1053 1865 1095; x_wconf 83' lang='lat' dir='ltr'>existentibus,</span> <span class='ocrx_word' id='word_1_363' title='bbox 1884 1065 1982 1098; x_wconf 86' lang='lat' dir='ltr'>prae-</span> 
     </span>
     <span class='ocr_line' id='line_1_74' title="bbox 1239 1105 1986 1149; baseline 0.004 -11"><span class='ocrx_word' id='word_1_364' title='bbox 1239 1105 1383 1138; x_wconf 87' lang='lat' dir='ltr'>sentibus</span> <span class='ocrx_word' id='word_1_365' title='bbox 1403 1110 1434 1139; x_wconf 86' lang='lat' dir='ltr'>et</span> <span class='ocrx_word' id='word_1_366' title='bbox 1453 1106 1579 1147; x_wconf 86' lang='lat' dir='ltr'>suturis,</span> <span class='ocrx_word' id='word_1_367' title='bbox 1608 1107 1744 1149; x_wconf 83' lang='lat' dir='ltr'>integre,</span> <span class='ocrx_word' id='word_1_368' title='bbox 1768 1112 1798 1140; x_wconf 90' lang='lat' dir='ltr'>et</span> <span class='ocrx_word' id='word_1_369' title='bbox 1816 1117 1889 1141; x_wconf 86' lang='lat' dir='ltr'>cum</span> <span class='ocrx_word' id='word_1_370' title='bbox 1910 1107 1986 1141; x_wconf 78' lang='lat' dir='ltr'>effe-</span> 
     </span>
     <span class='ocr_line' id='line_1_75' title="bbox 1241 1160 1984 1204; baseline 0.001 -12"><span class='ocrx_word' id='word_1_371' title='bbox 1241 1165 1310 1199; x_wconf 88' lang='lat' dir='ltr'>ctu,</span> <span class='ocrx_word' id='word_1_372' title='bbox 1335 1165 1365 1192; x_wconf 87' lang='lat' dir='ltr'>et</span> <span class='ocrx_word' id='word_1_373' title='bbox 1385 1160 1424 1192; x_wconf 91' lang='lat' dir='ltr'>ad</span> <span class='ocrx_word' id='word_1_374' title='bbox 1445 1170 1608 1201; x_wconf 81' lang='lat' dir='ltr'>unguem,</span> <span class='ocrx_word' id='word_1_375' title='bbox 1636 1166 1793 1204; x_wconf 89' lang='lat' dir='ltr'>perpetuo</span> <span class='ocrx_word' id='word_1_376' title='bbox 1821 1166 1851 1194; x_wconf 87' lang='lat' dir='ltr'>et</span> <span class='ocrx_word' id='word_1_377' title='bbox 1881 1160 1984 1194; x_wconf 91' lang='lat' dir='ltr'>invio-</span> 
     </span>
     <span class='ocr_line' id='line_1_76' title="bbox 1241 1212 1984 1254; baseline 0.004 -10"><span class='ocrx_word' id='word_1_378' title='bbox 1241 1212 1381 1245; x_wconf 83' lang='lat' dir='ltr'>labiliter</span> <span class='ocrx_word' id='word_1_379' title='bbox 1411 1212 1574 1245; x_wconf 84' lang='lat' dir='ltr'>observari</span> <span class='ocrx_word' id='word_1_380' title='bbox 1615 1213 1829 1254; x_wconf 84' lang='lat' dir='ltr'>mandamus,</span> <span class='ocrx_word' id='word_1_381' title='bbox 1857 1224 1894 1247; x_wconf 85' lang='lat' dir='ltr'>ac</span> <span class='ocrx_word' id='word_1_382' title='bbox 1925 1214 1984 1247; x_wconf 87' lang='lat' dir='ltr'>sub</span> 
     </span>
     <span class='ocr_line' id='line_1_77' title="bbox 1240 1265 1986 1309; baseline 0.004 -11"><span class='ocrx_word' id='word_1_383' title='bbox 1240 1265 1428 1309; x_wconf 83' lang='lat' dir='ltr'>privationis</span> <span class='ocrx_word' id='word_1_384' title='bbox 1448 1265 1558 1306; x_wconf 84' lang='lat' dir='ltr'>officii,</span> <span class='ocrx_word' id='word_1_385' title='bbox 1575 1276 1700 1300; x_wconf 85' lang='lat' dir='ltr'>necnon</span> <span class='ocrx_word' id='word_1_386' title='bbox 1719 1266 1805 1300; x_wconf 85' lang='lat' dir='ltr'>vocis</span> <span class='ocrx_word' id='word_1_387' title='bbox 1819 1266 1939 1300; x_wconf 80' lang='lat' dir='ltr'>activae</span> <span class='ocrx_word' id='word_1_388' title='bbox 1954 1272 1986 1301; x_wconf 76' lang='lat' dir='ltr'>et</span> 
     </span>
     <span class='ocr_line' id='line_1_78' title="bbox 1240 1320 1982 1364; baseline 0.003 -11"><span class='ocrx_word' id='word_1_389' title='bbox 1240 1320 1394 1364; x_wconf 78' lang='lat' dir='ltr'>passivae,</span> <span class='ocrx_word' id='word_1_390' title='bbox 1418 1325 1449 1353; x_wconf 86' lang='lat' dir='ltr'>ct</span> <span class='ocrx_word' id='word_1_391' title='bbox 1468 1320 1538 1353; x_wconf 91' lang='lat' dir='ltr'>aliis</span> <span class='ocrx_word' id='word_1_392' title='bbox 1559 1331 1575 1353; x_wconf 89' lang='lat' dir='ltr'>a</span> <span class='ocrx_word' id='word_1_393' title='bbox 1597 1321 1738 1363; x_wconf 74' lang='lat' dir='ltr'>generali</span> <span class='ocrx_word' id='word_1_394' title='bbox 1764 1326 1795 1353; x_wconf 85' lang='lat' dir='ltr'>et</span> <span class='ocrx_word' id='word_1_395' title='bbox 1815 1321 1982 1355; x_wconf 86' lang='lat' dir='ltr'>consulto--</span> 
     </span>
     <span class='ocr_line' id='line_1_79' title="bbox 1241 1373 1982 1415; baseline 0.001 -9"><span class='ocrx_word' id='word_1_396' title='bbox 1241 1373 1328 1407; x_wconf 89' lang='lat' dir='ltr'>ribus</span> <span class='ocrx_word' id='word_1_397' title='bbox 1349 1373 1454 1407; x_wconf 86' lang='lat' dir='ltr'>dietae</span> <span class='ocrx_word' id='word_1_398' title='bbox 1473 1374 1737 1415; x_wconf 73' lang='lat' dir='ltr'>Congregationis</span> <span class='ocrx_word' id='word_1_399' title='bbox 1763 1374 1795 1407; x_wconf 92' lang='lat' dir='ltr'>in</span> <span class='ocrx_word' id='word_1_400' title='bbox 1820 1374 1982 1408; x_wconf 79' lang='lat' dir='ltr'>contrafa-</span> 
     </span>
     <span class='ocr_line' id='line_1_80' title="bbox 1241 1427 1982 1472; baseline 0.001 -12"><span class='ocrx_word' id='word_1_401' title='bbox 1241 1427 1361 1460; x_wconf 88' lang='lat' dir='ltr'>cientes</span> <span class='ocrx_word' id='word_1_402' title='bbox 1386 1437 1498 1460; x_wconf 89' lang='lat' dir='ltr'>eerum</span> <span class='ocrx_word' id='word_1_403' title='bbox 1526 1427 1630 1460; x_wconf 88' lang='lat' dir='ltr'>libero</span> <span class='ocrx_word' id='word_1_404' title='bbox 1652 1427 1786 1460; x_wconf 87' lang='lat' dir='ltr'>arbitrio</span> <span class='ocrx_word' id='word_1_405' title='bbox 1808 1427 1982 1472; x_wconf 86' lang='lat' dir='ltr'>imponen-</span> 
     </span>
     <span class='ocr_line' id='line_1_81' title="bbox 1241 1480 1986 1524; baseline 0.003 -11"><span class='ocrx_word' id='word_1_406' title='bbox 1241 1480 1289 1513; x_wconf 90' lang='lat' dir='ltr'>dis</span> <span class='ocrx_word' id='word_1_407' title='bbox 1309 1480 1433 1524; x_wconf 86' lang='lat' dir='ltr'>poenis‚</span> <span class='ocrx_word' id='word_1_408' title='bbox 1456 1490 1496 1513; x_wconf 91' lang='lat' dir='ltr'>ne</span> <span class='ocrx_word' id='word_1_409' title='bbox 1518 1480 1688 1524; x_wconf 87' lang='lat' dir='ltr'>quisquam</span> <span class='ocrx_word' id='word_1_410' title='bbox 1710 1491 1822 1514; x_wconf 87' lang='lat' dir='ltr'>eorum</span> <span class='ocrx_word' id='word_1_411' title='bbox 1844 1481 1889 1514; x_wconf 91' lang='lat' dir='ltr'>illi</span> <span class='ocrx_word' id='word_1_412' title='bbox 1910 1492 1986 1515; x_wconf 92' lang='lat' dir='ltr'>con-</span> 
     </span>
     <span class='ocr_line' id='line_1_82' title="bbox 1243 1533 1982 1577; baseline 0.003 -11"><span class='ocrx_word' id='word_1_413' title='bbox 1243 1533 1420 1574; x_wconf 86' lang='lat' dir='ltr'>tradicere,</span> <span class='ocrx_word' id='word_1_414' title='bbox 1445 1539 1499 1567; x_wconf 85' lang='lat' dir='ltr'>aut</span> <span class='ocrx_word' id='word_1_415' title='bbox 1526 1544 1708 1577; x_wconf 80' lang='lat' dir='ltr'>repugnare</span> <span class='ocrx_word' id='word_1_416' title='bbox 1728 1535 1776 1567; x_wconf 80' lang='lat' dir='ltr'>vel</span> <span class='ocrx_word' id='word_1_417' title='bbox 1797 1535 1982 1576; x_wconf 86' lang='lat' dir='ltr'>adversari,</span> 
     </span>
    </p>
   </div>
   <div class='ocr_carea' id='block_1_17' title="bbox 1223 1586 1985 1632">
    <p class='ocr_par' dir='ltr' id='par_1_21' title="bbox 1223 1586 1985 1632">
     <span class='ocr_line' id='line_1_83' title="bbox 1223 1586 1985 1632; baseline 0.004 -14"><span class='ocrx_word' id='word_1_418' title='bbox 1223 1586 1361 1620; x_wconf 65' lang='lat' dir='ltr'>,directe</span> <span class='ocrx_word' id='word_1_419' title='bbox 1389 1597 1446 1619; x_wconf 89' lang='lat' dir='ltr'>seu</span> <span class='ocrx_word' id='word_1_420' title='bbox 1479 1587 1656 1628; x_wconf 79' lang='lat' dir='ltr'>indirecte,</span> <span class='ocrx_word' id='word_1_421' title='bbox 1692 1587 1805 1632; x_wconf 90' lang='lat' dir='ltr'>quovis</span> <span class='ocrx_word' id='word_1_422' title='bbox 1837 1588 1985 1632; x_wconf 83' lang='lat' dir='ltr'>quaesito</span> 
     </span>
    </p>
   </div>
   <div class='ocr_carea' id='block_1_18' title="bbox 1239 1639 1986 2700">
    <p class='ocr_par' dir='ltr' id='par_1_22' title="bbox 1240 1639 1985 1941">
     <span class='ocr_line' id='line_1_84' title="bbox 1241 1639 1985 1682; baseline 0.003 -10"><span class='ocrx_word' id='word_1_423' title='bbox 1241 1639 1349 1673; x_wconf 80' lang='lat' dir='ltr'>colore</span> <span class='ocrx_word' id='word_1_424' title='bbox 1381 1640 1429 1672; x_wconf 82' lang='lat' dir='ltr'>vel</span> <span class='ocrx_word' id='word_1_425' title='bbox 1458 1639 1606 1682; x_wconf 79' lang='lat' dir='ltr'>ingenio,</span> <span class='ocrx_word' id='word_1_426' title='bbox 1630 1646 1684 1673; x_wconf 85' lang='lat' dir='ltr'>aut</span> <span class='ocrx_word' id='word_1_427' title='bbox 1713 1646 1823 1674; x_wconf 83' lang='lat' dir='ltr'>contra</span> <span class='ocrx_word' id='word_1_428' title='bbox 1849 1641 1903 1674; x_wconf 90' lang='lat' dir='ltr'>illa</span> <span class='ocrx_word' id='word_1_429' title='bbox 1929 1651 1985 1674; x_wconf 89' lang='lat' dir='ltr'>sen</span> 
     </span>
     <span class='ocr_line' id='line_1_85' title="bbox 1241 1692 1984 1737; baseline 0.003 -12"><span class='ocrx_word' id='word_1_430' title='bbox 1241 1692 1371 1726; x_wconf 88' lang='lat' dir='ltr'>illorum</span> <span class='ocrx_word' id='word_1_431' title='bbox 1411 1692 1535 1736; x_wconf 89' lang='lat' dir='ltr'>aliquid</span> <span class='ocrx_word' id='word_1_432' title='bbox 1575 1693 1809 1737; x_wconf 85' lang='lat' dir='ltr'>quoquomodo</span> <span class='ocrx_word' id='word_1_433' title='bbox 1848 1699 1984 1728; x_wconf 84' lang='lat' dir='ltr'>tractare</span> 
     </span>
     <span class='ocr_line' id='line_1_86' title="bbox 1240 1746 1984 1790; baseline 0.003 -12"><span class='ocrx_word' id='word_1_434' title='bbox 1240 1746 1357 1778; x_wconf 83' lang='lat' dir='ltr'>audeat</span> <span class='ocrx_word' id='word_1_435' title='bbox 1370 1755 1425 1779; x_wconf 89' lang='lat' dir='ltr'>sen</span> <span class='ocrx_word' id='word_1_436' title='bbox 1444 1751 1641 1790; x_wconf 82' lang='lat' dir='ltr'>praesumat,</span> <span class='ocrx_word' id='word_1_437' title='bbox 1658 1746 1833 1780; x_wconf 84' lang='lat' dir='ltr'>districtive</span> <span class='ocrx_word' id='word_1_438' title='bbox 1855 1746 1984 1781; x_wconf 86' lang='lat' dir='ltr'>inhibe-</span> 
     </span>
     <span class='ocr_line' id='line_1_87' title="bbox 1242 1799 1980 1844; baseline 0.004 -13"><span class='ocrx_word' id='word_1_439' title='bbox 1242 1809 1322 1839; x_wconf 88' lang='lat' dir='ltr'>mus,</span> <span class='ocrx_word' id='word_1_440' title='bbox 1346 1799 1465 1843; x_wconf 89' lang='lat' dir='ltr'>illaque</span> <span class='ocrx_word' id='word_1_441' title='bbox 1486 1800 1525 1832; x_wconf 87' lang='lat' dir='ltr'>de</span> <span class='ocrx_word' id='word_1_442' title='bbox 1543 1810 1637 1839; x_wconf 88' lang='lat' dir='ltr'>novo,</span> <span class='ocrx_word' id='word_1_443' title='bbox 1651 1805 1810 1844; x_wconf 86' lang='lat' dir='ltr'>quatenus</span> <span class='ocrx_word' id='word_1_444' title='bbox 1829 1810 1910 1844; x_wconf 90' lang='lat' dir='ltr'>opus</span> <span class='ocrx_word' id='word_1_445' title='bbox 1930 1800 1980 1842; x_wconf 84' lang='lat' dir='ltr'>sit,</span> 
     </span>
     <span class='ocr_line' id='line_1_88' title="bbox 1240 1853 1982 1894; baseline 0.004 -9"><span class='ocrx_word' id='word_1_446' title='bbox 1240 1853 1360 1886; x_wconf 87' lang='lat' dir='ltr'>eisdem</span> <span class='ocrx_word' id='word_1_447' title='bbox 1387 1853 1579 1887; x_wconf 85' lang='lat' dir='ltr'>auctoritate</span> <span class='ocrx_word' id='word_1_448' title='bbox 1600 1859 1631 1887; x_wconf 91' lang='lat' dir='ltr'>et</span> <span class='ocrx_word' id='word_1_449' title='bbox 1650 1859 1761 1888; x_wconf 90' lang='lat' dir='ltr'>tenore</span> <span class='ocrx_word' id='word_1_450' title='bbox 1776 1881 1783 1894; x_wconf 92' lang='lat'>,</span> <span class='ocrx_word' id='word_1_451' title='bbox 1807 1854 1934 1888; x_wconf 88' lang='lat' dir='ltr'>edimus</span> <span class='ocrx_word' id='word_1_452' title='bbox 1953 1860 1982 1888; x_wconf 88' lang='lat' dir='ltr'>et</span> 
     </span>
     <span class='ocr_line' id='line_1_89' title="bbox 1241 1906 1897 1941; baseline 0 -1"><span class='ocrx_word' id='word_1_453' title='bbox 1241 1907 1386 1941; x_wconf 82' lang='lat' dir='ltr'>facimus.</span> <span class='ocrx_word' id='word_1_454' title='bbox 1887 1906 1897 1913; x_wconf 74' lang='lat'><strong><em>‘</em></strong></span> 
     </span>
    </p>

    <p class='ocr_par' dir='ltr' id='par_1_23' title="bbox 1239 1959 1986 2700">
     <span class='ocr_line' id='line_1_90' title="bbox 1285 1959 1984 2006; baseline 0.004 -13"><span class='ocrx_word' id='word_1_455' title='bbox 1285 1962 1301 2003; x_wconf 65' lang='grc' dir='ltr'><strong>ς</strong></span> <span class='ocrx_word' id='word_1_456' title='bbox 1322 1959 1374 1994; x_wconf 71' lang='lat'>62.</span> <span class='ocrx_word' id='word_1_457' title='bbox 1396 1961 1526 1994; x_wconf 82' lang='lat' dir='ltr'>Necnon</span> <span class='ocrx_word' id='word_1_458' title='bbox 1551 1966 1667 1994; x_wconf 85' lang='lat' dir='ltr'>statuta</span> <span class='ocrx_word' id='word_1_459' title='bbox 1694 1961 1724 1994; x_wconf 94' lang='lat' dir='ltr'>in</span> <span class='ocrx_word' id='word_1_460' title='bbox 1750 1961 1864 1995; x_wconf 90' lang='lat' dir='ltr'>litteris</span> <span class='ocrx_word' id='word_1_461' title='bbox 1885 1961 1984 2006; x_wconf 87' lang='lat' dir='ltr'>ipsius</span> 
     </span>
     <span class='ocr_line' id='line_1_91' title="bbox 1239 2015 1980 2058; baseline 0.003 -10"><span class='ocrx_word' id='word_1_462' title='bbox 1239 2015 1384 2057; x_wconf 73' lang='lat' dir='ltr'>Gregorii</span> <span class='ocrx_word' id='word_1_463' title='bbox 1414 2015 1669 2058; x_wconf 83' lang='lat' dir='ltr'>praedecessoris</span> <span class='ocrx_word' id='word_1_464' title='bbox 1690 2021 1851 2055; x_wconf 87' lang='lat' dir='ltr'>contenta,</span> <span class='ocrx_word' id='word_1_465' title='bbox 1876 2022 1906 2050; x_wconf 85' lang='lat' dir='ltr'>et</span> <span class='ocrx_word' id='word_1_466' title='bbox 1925 2026 1980 2050; x_wconf 92' lang='lat' dir='ltr'>su-</span> 
     </span>
     <span class='ocr_line' id='line_1_92' title="bbox 1240 2068 1983 2113; baseline 0.004 -13"><span class='ocrx_word' id='word_1_467' title='bbox 1240 2068 1348 2111; x_wconf 89' lang='lat' dir='ltr'>perius</span> <span class='ocrx_word' id='word_1_468' title='bbox 1369 2078 1517 2112; x_wconf 83' lang='lat' dir='ltr'>expressa</span> <span class='ocrx_word' id='word_1_469' title='bbox 1543 2068 1744 2110; x_wconf 86' lang='lat' dir='ltr'>huiusmodi,</span> <span class='ocrx_word' id='word_1_470' title='bbox 1766 2079 1801 2103; x_wconf 88' lang='lat' dir='ltr'>ac</span> <span class='ocrx_word' id='word_1_471' title='bbox 1819 2070 1983 2113; x_wconf 83' lang='lat' dir='ltr'>quoddam</span> 
     </span>
     <span class='ocr_line' id='line_1_93' title="bbox 1240 2122 1980 2166; baseline 0.003 -12"><span class='ocrx_word' id='word_1_472' title='bbox 1240 2127 1384 2155; x_wconf 90' lang='lat' dir='ltr'>nostrum</span> <span class='ocrx_word' id='word_1_473' title='bbox 1406 2122 1492 2155; x_wconf 88' lang='lat' dir='ltr'>circa</span> <span class='ocrx_word' id='word_1_474' title='bbox 1514 2122 1734 2166; x_wconf 72' lang='lat' dir='ltr'>receptionem</span> <span class='ocrx_word' id='word_1_475' title='bbox 1766 2123 1980 2164; x_wconf 70' lang='lat' dir='ltr'>novitiorum,</span> 
     </span>
     <span class='ocr_line' id='line_1_94' title="bbox 1240 2175 1983 2215; baseline 0 -6"><span class='ocrx_word' id='word_1_476' title='bbox 1240 2176 1290 2209; x_wconf 85' lang='lat' dir='ltr'>die</span> <span class='ocrx_word' id='word_1_477' title='bbox 1318 2186 1374 2209; x_wconf 84' lang='lat' dir='ltr'>xtn</span> <span class='ocrx_word' id='word_1_478' title='bbox 1403 2175 1530 2215; x_wconf 83' lang='lat' dir='ltr'>martii,</span> <span class='ocrx_word' id='word_1_479' title='bbox 1558 2176 1632 2208; x_wconf 89' lang='lat' dir='ltr'>anni</span> <span class='ocrx_word' id='word_1_480' title='bbox 1662 2175 1787 2209; x_wconf 87' lang='lat' dir='ltr'>Domini</span> <span class='ocrx_word' id='word_1_481' title='bbox 1821 2176 1983 2210; x_wconf 87' lang='lat' dir='ltr'>millesimi</span> 
     </span>
     <span class='ocr_line' id='line_1_95' title="bbox 1239 2229 1983 2274; baseline 0.001 -12"><span class='ocrx_word' id='word_1_482' title='bbox 1239 2229 1489 2272; x_wconf 64' lang='lat' dir='ltr'>quingentesimi</span> <span class='ocrx_word' id='word_1_483' title='bbox 1511 2229 1710 2270; x_wconf 63' lang='lat' dir='ltr'>nonagesimi</span> <span class='ocrx_word' id='word_1_484' title='bbox 1733 2229 1852 2273; x_wconf 81' lang='lat' dir='ltr'>quarti,</span> <span class='ocrx_word' id='word_1_485' title='bbox 1876 2230 1983 2274; x_wconf 88' lang='lat' dir='ltr'>ponti-</span> 
     </span>
     <span class='ocr_line' id='line_1_96' title="bbox 1240 2282 1984 2324; baseline 0.004 -10"><span class='ocrx_word' id='word_1_486' title='bbox 1240 2283 1352 2315; x_wconf 77' lang='lat' dir='ltr'>tiratns</span> <span class='ocrx_word' id='word_1_487' title='bbox 1374 2283 1474 2315; x_wconf 86' lang='lat' dir='ltr'>nostri</span> <span class='ocrx_word' id='word_1_488' title='bbox 1503 2293 1588 2315; x_wconf 84' lang='lat' dir='ltr'>anno</span> <span class='ocrx_word' id='word_1_489' title='bbox 1618 2282 1731 2323; x_wconf 85' lang='lat' dir='ltr'>tertio,</span> <span class='ocrx_word' id='word_1_490' title='bbox 1757 2283 1898 2317; x_wconf 88' lang='lat' dir='ltr'>edictum</span> <span class='ocrx_word' id='word_1_491' title='bbox 1915 2311 1922 2324; x_wconf 92' lang='lat'>,</span> <span class='ocrx_word' id='word_1_492' title='bbox 1946 2294 1984 2317; x_wconf 87' lang='lat' dir='ltr'>ac</span> 
     </span>
     <span class='ocr_line' id='line_1_97' title="bbox 1239 2335 1985 2380; baseline 0.004 -13"><span class='ocrx_word' id='word_1_493' title='bbox 1239 2335 1370 2380; x_wconf 85' lang='lat' dir='ltr'>quaevis</span> <span class='ocrx_word' id='word_1_494' title='bbox 1396 2335 1458 2368; x_wconf 86' lang='lat' dir='ltr'>alia</span> <span class='ocrx_word' id='word_1_495' title='bbox 1489 2341 1606 2368; x_wconf 83' lang='lat' dir='ltr'>statuta</span> <span class='ocrx_word' id='word_1_496' title='bbox 1632 2342 1660 2369; x_wconf 86' lang='lat' dir='ltr'>et</span> <span class='ocrx_word' id='word_1_497' title='bbox 1691 2336 1911 2370; x_wconf 87' lang='lat' dir='ltr'>ordinationes</span> <span class='ocrx_word' id='word_1_498' title='bbox 1936 2336 1985 2370; x_wconf 89' lang='lat' dir='ltr'>his</span> 
     </span>
     <span class='ocr_line' id='line_1_98' title="bbox 1240 2389 1985 2433; baseline 0.004 -12"><span class='ocrx_word' id='word_1_499' title='bbox 1240 2389 1394 2433; x_wconf 79' lang='lat' dir='ltr'>proximis</span> <span class='ocrx_word' id='word_1_500' title='bbox 1419 2389 1545 2422; x_wconf 78' lang='lat' dir='ltr'>statutis</span> <span class='ocrx_word' id='word_1_501' title='bbox 1573 2390 1757 2430; x_wconf 77' lang='lat' dir='ltr'>contraria,</span> <span class='ocrx_word' id='word_1_502' title='bbox 1781 2400 1836 2423; x_wconf 87' lang='lat' dir='ltr'>seu</span> <span class='ocrx_word' id='word_1_503' title='bbox 1866 2390 1896 2423; x_wconf 90' lang='lat' dir='ltr'>in</span> <span class='ocrx_word' id='word_1_504' title='bbox 1919 2396 1985 2424; x_wconf 90' lang='lat' dir='ltr'>toto</span> 
     </span>
     <span class='ocr_line' id='line_1_99' title="bbox 1241 2442 1981 2486; baseline 0.003 -12"><span class='ocrx_word' id='word_1_505' title='bbox 1241 2443 1287 2475; x_wconf 84' lang='lat' dir='ltr'>vel</span> <span class='ocrx_word' id='word_1_506' title='bbox 1314 2448 1404 2486; x_wconf 82' lang='lat' dir='ltr'>parte</span> <span class='ocrx_word' id='word_1_507' title='bbox 1434 2442 1666 2486; x_wconf 59' lang='lat' dir='ltr'>repugnantia,</span> <span class='ocrx_word' id='word_1_508' title='bbox 1691 2449 1743 2476; x_wconf 84' lang='lat' dir='ltr'>aut</span> <span class='ocrx_word' id='word_1_509' title='bbox 1771 2443 1825 2476; x_wconf 88' lang='lat' dir='ltr'>illa</span> <span class='ocrx_word' id='word_1_510' title='bbox 1861 2443 1981 2478; x_wconf 50' lang='lat' dir='ltr'>immuss</span> 
     </span>
     <span class='ocr_line' id='line_1_100' title="bbox 1241 2496 1985 2540; baseline 0.003 -12"><span class='ocrx_word' id='word_1_511' title='bbox 1241 2497 1350 2535; x_wconf 85' lang='lat' dir='ltr'>tantia,</span> <span class='ocrx_word' id='word_1_512' title='bbox 1372 2496 1401 2529; x_wconf 93' lang='lat' dir='ltr'>in</span> <span class='ocrx_word' id='word_1_513' title='bbox 1425 2502 1629 2540; x_wconf 87' lang='lat' dir='ltr'>perpetuum,</span> <span class='ocrx_word' id='word_1_514' title='bbox 1653 2497 1772 2529; x_wconf 76' lang='lat' dir='ltr'>eisdem</span> <span class='ocrx_word' id='word_1_515' title='bbox 1796 2497 1985 2530; x_wconf 83' lang='lat' dir='ltr'>auctoritate</span> 
     </span>
     <span class='ocr_line' id='line_1_101' title="bbox 1241 2550 1985 2592; baseline 0.001 -12"><span class='ocrx_word' id='word_1_516' title='bbox 1241 2555 1270 2581; x_wconf 69' lang='lat' dir='ltr'>rt</span> <span class='ocrx_word' id='word_1_517' title='bbox 1292 2555 1401 2581; x_wconf 68' lang='lat' dir='ltr'>tenore</span> <span class='ocrx_word' id='word_1_518' title='bbox 1417 2576 1423 2587; x_wconf 87' lang='lat'>,</span> <span class='ocrx_word' id='word_1_519' title='bbox 1449 2560 1637 2582; x_wconf 69' lang='lat' dir='ltr'>revocamus</span> <span class='ocrx_word' id='word_1_520' title='bbox 1657 2556 1684 2582; x_wconf 79' lang='grc' dir='ltr'>(Ἰ</span> <span class='ocrx_word' id='word_1_521' title='bbox 1708 2550 1923 2592; x_wconf 66' lang='lat' dir='ltr'>abrogamus,</span> <span class='ocrx_word' id='word_1_522' title='bbox 1948 2560 1985 2582; x_wconf 82' lang='lat' dir='ltr'>ac</span> 
     </span>
     <span class='ocr_line' id='line_1_102' title="bbox 1241 2602 1986 2645; baseline 0 -11"><span class='ocrx_word' id='word_1_523' title='bbox 1241 2608 1388 2635; x_wconf 67' lang='lat' dir='ltr'>revocata</span> <span class='ocrx_word' id='word_1_524' title='bbox 1409 2608 1437 2635; x_wconf 73' lang='lat' dir='ltr'>et</span> <span class='ocrx_word' id='word_1_525' title='bbox 1459 2602 1613 2645; x_wconf 75' lang='lat' dir='ltr'>abrogata</span> <span class='ocrx_word' id='word_1_526' title='bbox 1635 2614 1702 2635; x_wconf 69' lang='lat' dir='ltr'>esse</span> <span class='ocrx_word' id='word_1_527' title='bbox 1723 2602 1938 2641; x_wconf 79' lang='lat' dir='ltr'>decernimus,</span> <span class='ocrx_word' id='word_1_528' title='bbox 1955 2607 1986 2635; x_wconf 87' lang='lat' dir='ltr'>et</span> 
     </span>
     <span class='ocr_line' id='line_1_103' title="bbox 1242 2655 1891 2700; baseline -0.002 -12"><span class='ocrx_word' id='word_1_529' title='bbox 1242 2655 1371 2688; x_wconf 85' lang='lat' dir='ltr'>illorum</span> <span class='ocrx_word' id='word_1_530' title='bbox 1393 2655 1650 2689; x_wconf 70' lang='lat' dir='ltr'>observationem</span> <span class='ocrx_word' id='word_1_531' title='bbox 1672 2656 1891 2700; x_wconf 77' lang='lat' dir='ltr'>probibemus.</span> 
     </span>
    </p>
   </div>
   <div class='ocr_carea' id='block_1_19' title="bbox 2009 1970 2236 1992">
    <p class='ocr_par' dir='ltr' id='par_1_24' title="bbox 2009 1970 2236 1992">
     <span class='ocr_line' id='line_1_104' title="bbox 2009 1970 2236 1992; baseline 0.018 -3"><span class='ocrx_word' id='word_1_532' title='bbox 2009 1970 2182 1992; x_wconf 75' lang='lat' dir='ltr'>constitutionem</span> <span class='ocrx_word' id='word_1_533' title='bbox 2231 1980 2236 1989; x_wconf 74' lang='grc' dir='ltr'>ι</span> 
     </span>
    </p>
   </div>
   <div class='ocr_carea' id='block_1_20' title="bbox 1999 1996 2182 2045">
    <p class='ocr_par' dir='ltr' id='par_1_25' title="bbox 1999 1996 2182 2045">
     <span class='ocr_line' id='line_1_105' title="bbox 1999 1996 2182 2027; baseline 0 -9"><span class='ocrx_word' id='word_1_534' title='bbox 1999 1997 2090 2027; x_wconf 45' lang='lat' dir='ltr'>Granni-3</span> <span class='ocrx_word' id='word_1_535' title='bbox 2100 1996 2146 2018; x_wconf 71' lang='lat' dir='ltr'>Xtv</span> <span class='ocrx_word' id='word_1_536' title='bbox 2160 1998 2182 2018; x_wconf 73' lang='grc' dir='ltr'>οι</span> 
     </span>
     <span class='ocr_line' id='line_1_106' title="bbox 1999 2029 2182 2045; baseline 0.005 -1"><span class='ocrx_word' id='word_1_537' title='bbox 1999 2029 2057 2044; x_wconf 73' lang='lat' dir='ltr'>suain</span> <span class='ocrx_word' id='word_1_538' title='bbox 2072 2029 2129 2044; x_wconf 79' lang='lat' dir='ltr'>rii-ca</span> <span class='ocrx_word' id='word_1_539' title='bbox 2145 2029 2182 2045; x_wconf 83' lang='lat' dir='ltr'>no·</span> 
     </span>
    </p>
   </div>
   <div class='ocr_carea' id='block_1_21' title="bbox 1998 2050 2233 2103">
    <p class='ocr_par' dir='ltr' id='par_1_26' title="bbox 1998 2050 2233 2103">
     <span class='ocr_line' id='line_1_107' title="bbox 2000 2050 2233 2071; baseline 0.009 -2"><span class='ocrx_word' id='word_1_540' title='bbox 2000 2050 2097 2070; x_wconf 74' lang='lat' dir='ltr'>vitiorum</span> <span class='ocrx_word' id='word_1_541' title='bbox 2126 2055 2182 2071; x_wconf 73' lang='lat' dir='ltr'>reco—</span> <span class='ocrx_word' id='word_1_542' title='bbox 2231 2062 2233 2065; x_wconf 88' lang='lat'><em>.</em></span> 
     </span>
     <span class='ocr_line' id='line_1_108' title="bbox 1998 2076 2232 2103; baseline 0.009 -7"><span class='ocrx_word' id='word_1_543' title='bbox 1998 2077 2090 2103; x_wconf 76' lang='lat' dir='ltr'>ptionum</span> <span class='ocrx_word' id='word_1_544' title='bbox 2114 2076 2182 2098; x_wconf 70' lang='lat' dir='ltr'>edim</span> <span class='ocrx_word' id='word_1_545' title='bbox 2228 2092 2232 2094; x_wconf 35' lang='grc' dir='ltr'><em>ψ</em></span> 
     </span>
    </p>
   </div>
   <div class='ocr_carea' id='block_1_22' title="bbox 1999 2103 2182 2177">
    <p class='ocr_par' dir='ltr' id='par_1_27' title="bbox 1999 2103 2182 2177">
     <span class='ocr_line' id='line_1_109' title="bbox 1999 2103 2182 2124; baseline 0.005 -1"><span class='ocrx_word' id='word_1_546' title='bbox 1999 2105 2019 2123; x_wconf 80' lang='lat' dir='ltr'>et</span> <span class='ocrx_word' id='word_1_547' title='bbox 2034 2103 2087 2123; x_wconf 70' lang='lat' dir='ltr'>alias</span> <span class='ocrx_word' id='word_1_548' title='bbox 2103 2103 2182 2124; x_wconf 70' lang='lat' dir='ltr'>simite·</span> 
     </span>
     <span class='ocr_line' id='line_1_110' title="bbox 1999 2129 2182 2155; baseline 0 -5"><span class='ocrx_word' id='word_1_549' title='bbox 1999 2129 2019 2150; x_wconf 85' lang='lat' dir='ltr'>in</span> <span class='ocrx_word' id='word_1_550' title='bbox 2030 2129 2126 2155; x_wconf 76' lang='lat' dir='ltr'>partibus</span> <span class='ocrx_word' id='word_1_551' title='bbox 2133 2134 2182 2150; x_wconf 84' lang='lat' dir='ltr'>con·</span> 
     </span>
     <span class='ocr_line' id='line_1_111' title="bbox 1999 2156 2172 2177; baseline 0.006 -1"><span class='ocrx_word' id='word_1_552' title='bbox 1999 2156 2069 2177; x_wconf 76' lang='lat' dir='ltr'>trariis</span> <span class='ocrx_word' id='word_1_553' title='bbox 2079 2157 2172 2177; x_wconf 67' lang='lat' dir='ltr'>revocat.</span> 
     </span>
    </p>
   </div>
   <div class='ocr_carea' id='block_1_23' title="bbox 2198 0 2253 3195">
    <p class='ocr_par' dir='ltr' id='par_1_28' title="bbox 2198 0 2253 3195">
     <span class='ocr_line' id='line_1_112' title="bbox 2198 0 2253 3195; baseline 0 0"><span class='ocrx_word' id='word_1_554' title='bbox 2198 0 2253 3195; x_wconf 95' lang='lat' dir='ltr'> </span> 
     </span>
    </p>
   </div>
  </div>
 </body>
</html>
