2253 3195
13 234 67 260 An.
85 232 113 259 C.
132 231 193 259 ¹60¹

11 602 13 634 ¹,
45 608 163 630 Exordium.

11 640 13 647 ,

44 937 200 974 131110311111131-

21 980 52 1001 lae
67 979 118 1000 Sixti
131 979 200 1000 PRV.

57 1085 137 1106 Abusus
151 1091 201 1106 non-

21 1112 68 1133 nulli
87 1117 112 1132 ae
136 1112 201 1132 dubia

20 1139 39 1160 in
48 1138 101 1159 iltius
109 1143 202 1164 exequu—

21 1165 82 1187 tione.
93 1165 124 1185 ret
138 1165 201 1185 etiam

19 1192 39 1212 in
45 1191 136 1212 fraudem
144 1197 202 1212 exor-

22 1221 42 1239 ta
56 1220 108 1239 sunt.

819 233 967 257 ctAEttnNs
987 233 1044 257 VIII
1066 233 1116 256 ΓΡ.

259 280 330 312 dem
344 280 436 313 Statu
452 281 606 319 existunt,
618 282 725 324 farore
737 291 798 314 non
817 281 957 314 33131111)-

259 344 333 366 rum
344 334 463 378 absque
476 334 567 367 Sedis
580 334 785 377 Apostob'cae
795 334 925 367 licentia
934 335 953 366 ¹.

1640 221 1696 254 711

990 293 1098 325 peram
1116 282 1360 324 interpretantes
1373 308 1380 319 ,
1400 280 1525 313 illarum
1548 286 1578 313 et
1599 279 1733 313 aliorum

991 335 1085 368 etiam
1100 335 1317 367 Romanorum
1338 333 1529 367 Pontificum
1550 333 1735 376 praedeees-

935 400 941 401 ⁷
991 398 1099 421 sorum
1124 392 1307 421 nostrorum
1334 386 1598 420 constitutionum
1624 391 1736 419 contra

243 423 375 451 Clemens
392 424 562 458 episcopus,
588 430 693 451 servus
711 430 867 450 servorum
881 423 942 455 Dei,

344 477 380 504 ad
396 481 572 511 perpetuam
588 478 631 505 rei
647 479 829 505 memoriam.

260 548 439 581 Romanum
471 549 562 582 decet
603 548 790 581 Pontificem
826 558 958 581 suorum

215 600 496 644 praedeeessorum
522 601 765 634 constitutiones
789 601 956 636 innovare,

215 665 251 688 ac
271 654 465 697 quandoque
478 665 530 687 eas
550 655 713 687 declarare
733 660 763 687 et
776 653 956 693 extendere,

214 718 254 740 ne
267 707 392 741 illarum
411 708 610 741 observantia
627 713 757 752 propter
777 707 958 750 aliquorum

215 771 344 803 pravam
369 761 667 804 interpretationem
694 760 887 799 retardetur,
914 760 960 792 vel

215 813 256 846 ob
280 814 447 847 hominum
461 814 616 847 malitiam
631 814 817 847 earumdem
832 814 961 847 effectus

216 866 377 900 eludatur.

261 919 319 963 gt.
337 920 420 954 Alias
439 920 598 964 siquidem
612 920 713 954 felicis
731 919 962 953 recordationis

215 973 321 1007 Sixtus
334 974 418 1018 Papa
431 974 470 1015 V,
487 974 713 1017 praedecessor
725 980 844 1015 noster,
861 978 916 1007 etc.
937 974 958 1007 ².

261 1027 275 1069 ξ
299 1025 330 1060 2.
349 1026 425 1060 Cum
443 1032 561 1067 autem,
585 1028 667 1061 sicut
687 1028 882 1070 experientia
899 1027 959 1060 do-

217 1080 298 1120 cuit,
323 1085 530 1123 posteaquam
555 1081 736 1124 praedictae
763 1080 839 1113 Sixti
864 1091 962 1124 prae—

217 1133 393 1167 decessoris
429 1133 552 1166 litterae
577 1140 786 1173 emanarunt,
816 1133 962 1167 nonnulli

217 1187 323 1221 Status
343 1187 440 1220 nostri
465 1187 678 1222 Ecclesiastici
704 1188 900 1221 habitatores
932 1194 958 1221 et

216 1241 354 1281 subditi,
382 1246 547 1284 praetextu
572 1241 790 1285 permissionis
815 1241 844 1273 in
871 1241 962 1274 dictis

216 1293 293 1327 Sixti
328 1293 584 1337 praedecessoris
615 1293 726 1326 litteris
768 1299 935 1326 contentae
952 1321 958 1333 ,

217 1347 304 1390 quod
321 1347 474 1380 nimirum
495 1347 580 1380 omni
608 1347 684 1380 dieti
710 1347 816 1381 Status
848 1348 962 1380 Eccle—

216 1399 332 1433 siastici
349 1400 533 1440 habitatori,
560 1400 623 1434 sive
642 1406 792 1433 extraneo
805 1401 869 1433 sive
889 1400 963 1433 sub-

217 1453 295 1494 dito,
323 1454 446 1487 licitum
467 1454 506 1487 sit
524 1455 562 1488 de
587 1454 679 1487 honis
707 1455 771 1487 suis
796 1454 963 1487 stabilibus

218 1506 250 1538 in
269 1507 381 1540 eodem
397 1506 485 1541 Statu
507 1507 728 1541 Ecclesiastico
743 1507 960 1548 existentibus,

218 1571 424 1603 quocumque
456 1561 518 1594 3110
551 1572 647 1604 quam
673 1561 884 1602 venditionis,
908 1571 963 1594 seu

216 1614 476 1657 permutationis,
496 1621 527 1647 et
544 1614 726 1648 donationis
745 1614 839 1647 titulo
856 1614 964 1658 dispo-

217 1677 304 1708 nere,
333 1667 381 1700 vel
401 1667 434 1699 in
460 1667 738 1711 consanguineOS,
760 1668 806 1701 vel
828 1668 860 1701 in
886 1667 964 1701 alios

217 1720 256 1753 de
281 1720 367 1754 dicto
381 1720 472 1754 Statu
491 1731 555 1754 non
574 1721 744 1754 existentes
765 1721 831 1764 (qui
858 1727 962 1754 tamen

216 1773 300 1806 intra
323 1773 511 1815 triennium,
542 1774 588 1807 vel
607 1775 638 1807 in
667 1774 815 1807 cumdem
841 1774 963 1807 Statum

217 1826 396 1860 habitatum
408 1827 544 1868 veniant,
563 1827 606 1861 vel
628 1827 712 1861 bona
727 1827 790 1871 ipsa
808 1828 838 1860 in
852 1827 962 1867 alium,

217 1891 272 1913 seu
290 1880 367 1914 alios
387 1881 582 1914 habitatores
603 1887 633 1915 et
653 1881 810 1921 subditOS,
825 1887 860 1915 ut
873 1892 964 1926 prae-

217 1933 328 1974 fertur,
341 1934 556 1977 transferant),
569 1934 643 1967 licet
660 1934 756 1967 iidem
772 1933 964 1967 habitatores

217 1993 247 2020 et
260 1987 381 2020 subditi
398 1997 463 2020 non
477 1987 626 2030 ignorent
650 1987 683 2020 13
709 1987 870 2031 praedicta
888 1987 963 2020 Sixti

217 2040 470 2084 praedecessoris
494 2041 725 2085 permissione,
745 2041 829 2074 iuxta
848 2041 964 2074 verisi-

219 2093 326 2127 milem
348 2093 433 2126 illius
458 2100 611 2135 mentem,
631 2093 703 2127 illos
721 2100 844 2127 tantum
870 2104 961 2127 com—

218 2146 372 2190 prehendi
392 2175 398 2187 ,
429 2147 482 2190 qui
503 2147 535 2180 in
553 2147 702 2181 eumdem
719 2147 842 2180 Statum
857 2149 964 2181 Eccle-

188 2198 192 2200 ‘
219 2201 380 2233 siasticum
405 2201 582 2234 habitatum
607 2202 654 2234 vel
680 2201 788 2235 venire
812 2207 964 2245 possunt,

219 2254 265 2286 vel
281 2253 495 2287 verisimiliter
511 2254 634 2287 venturi
651 2260 734 2295 sunt,
752 2254 965 2287 nihilominus

219 2307 319 2341 dictas
351 2307 427 2341 Sixti
460 2307 715 2351 praedecessoris
742 2307 862 2341 litteras
887 2318 961 2350 per-

259 2414 265 2438 t
291 2413 426 2440 Consonat
446 2413 558 2440 Constit.
580 2420 624 2440 vm
657 2413 802 2440 Clementis
826 2413 871 2440 vt:
902 2414 966 2441 Etsi

220 2457 361 2490 solertem,
379 2458 430 2484 rol.
455 2465 490 2491 tv,
515 2466 574 2493 pag.
603 2458 664 2484 481.
689 2457 847 2484 Constitutio
877 2460 965 2484 autem

220 2502 283 2529 Sixti
300 2502 396 2537 unae
412 2502 548 2537 praesenti
569 2502 730 2535 declaratur,
742 2501 840 2536 legitur
850 2502 963 2533 votvm,

222 2554 280 2581 pag.
297 2547 359 2579 580,
380 2546 492 2581 eiusque
512 2546 633 2572 initium:
655 2545 837 2573 Sollicitudo.

255 2591 272 2618 2
288 2590 426 2618 Oniittitur
445 2590 582 2617 residuum
606 2590 685 2617 huius
710 2590 880 2623 narratu-ae,
902 2590 965 2625 quia

222 2634 411 2662 indicationem
433 2634 521 2661 tmttm·
547 2634 630 2660 hahes
650 2635 674 2660 in
700 2633 869 2669 praa-ceileuti
892 2637 963 2660 nota.

991 440 1076 484 ipsos
1091 440 1202 483 quovis
1219 440 1314 474 modo
1331 439 1569 482 disponentium
1587 439 1735 474 effectum

991 492 1121 525 eludere
1146 500 1308 534 conantes,
1336 492 1412 526 etin
1438 492 1565 525 illarum
1579 492 1734 531 fraudem,

992 546 1058 578 sive
1079 556 1211 585 amore,
1247 546 1311 579 sive
1343 545 1416 579 odio
1449 545 1480 577 in
1507 555 1580 578 suos
1604 551 1633 577 et
1659 544 1737 578 alios

994 600 1082 638 moti,
1108 599 1171 633 sive
1195 599 1255 632 3113
1277 600 1390 642 quavis
1415 599 1537 632 ratione
1572 598 1671 639 ducti,
1699 598 1737 630 de

975 652 1058 685 *suis
1077 651 1170 685 honis
1189 651 1356 684 stabilibus
1376 652 1409 684 in
1432 651 1543 685 eodem
1569 651 1656 685 Statu
1679 651 1737 684 Ec-

993 705 1168 739 clesiastico
1201 706 1407 739 existentibus
1425 734 1431 745 ,
1469 716 1533 739 303
1573 706 1676 739 solum
1706 705 1736 738 in

995 760 1248 802 consanguineos
1265 765 1294 793 et
1309 760 1390 793 alios
1411 760 1449 793 de
1467 759 1551 793 dicto
1568 760 1657 793 Statu
1674 770 1737 793 non

994 814 1162 846 existentes
1194 813 1352 856 privatos,
1380 813 1435 846 sed
1459 813 1491 846 in
1520 823 1738 856 quascumque

995 866 1090 900 etiam
1110 867 1367 903 communitates.
1388 866 1623 906 universitates,
1645 866 1739 900 colle-

994 919 1057 962 gia,
1085 930 1121 952 ac
1146 919 1240 953 etiam
1258 919 1289 951 in
1309 919 1469 962 principes
1489 925 1655 953 extrancos
1673 924 1736 951 tam

995 971 1100 1013 nobis,
1113 978 1141 1005 ct
1152 971 1254 1005 eidem
1269 972 1339 1005 Sedi
1356 972 1478 1005 ratione
1494 972 1592 1013 feudi,
1613 977 1667 1005 aut
1677 972 1739 1004 alia

996 1035 1199 1069 quacumque
1227 1036 1322 1059 causa
1347 1025 1527 1066 subiectos,
1553 1036 1648 1069 quam
1673 1036 1738 1058 non

996 1078 1155 1112 subiectos
1180 1079 1247 1122 (qui
1268 1078 1414 1112 videlicet
1431 1079 1462 1112 in
1481 1079 1619 1122 propriis
1643 1078 1739 1111 ditio-

995 1131 1099 1171 nibus,
1122 1133 1169 1165 vel
1190 1132 1264 1165 alibi
1281 1132 1444 1175 degentes,
1461 1133 1493 1165 in
1504 1133 1651 1165 eumdem
1672 1132 1740 1165 Sta-

997 1191 1062 1218 tum
1102 1184 1360 1219 Ecelesiasticum
1398 1185 1585 1218 habitatum-
1617 1185 1681 1225 vel,
1707 1191 1742 1218 ut

997 1239 1185 1281 praefertur,
1208 1238 1314 1272 venire
1339 1248 1403 1271 303
1430 1244 1573 1282 possunt,
1593 1238 1640 1272 vel
1662 1238 1741 1271 veri-

996 1291 1144 1325 similiter
1167 1291 1291 1325 venturi
1323 1302 1387 1325 non
1417 1293 1504 1334 sunt)
1530 1297 1741 1328 testamento,

996 1344 1169 1385 codicillis,
1191 1345 1317 1388 legato,
1347 1344 1608 1385 fideicommisso,
1637 1345 1738 1378 dona-

997 1398 1082 1432 tione
1099 1409 1135 1431 03
1149 1408 1243 1431 causa
1264 1399 1387 1439 mortis,
1402 1398 1448 1430 vel
1466 1398 1525 1431 3113
1539 1408 1742 1441 quacumque

997 1452 1106 1484 ultima
1133 1451 1295 1485 voluntate
1320 1451 1419 1484 libere
1448 1450 1620 1494 disponere
1649 1460 1742 1494 posse

998 1504 1229 1547 praetendant,
1264 1515 1318 1538 seu
1351 1504 1543 1547 disponant,
1577 1514 1613 1537 ea
1636 1504 1742 1537 forsan

997 1557 1174 1591 intentione
1192 1563 1286 1601 atque
1304 1557 1452 1596 consilio,
1471 1562 1506 1590 ut
1530 1556 1743 1590 communita-

997 1616 1061 1652 tes,
1082 1611 1317 1649 universitates,
1344 1611 1495 1653 collegia,
1520 1621 1555 1643 ac
1581 1609 1743 1654 principes

997 1664 1139 1698 extranei
1156 1665 1357 1704 huiusmodi,
1384 1664 1422 1697 ad
1445 1674 1525 1707 quos
1549 1663 1634 1697 dicta
1656 1663 1743 1697 bona

998 1718 1036 1751 de
1061 1719 1130 1751 iure
1147 1717 1313 1762 pervenire
1337 1728 1403 1750 non
1433 1723 1584 1761 possunt,
1620 1722 1651 1749 et
1686 1717 1741 1759 qui

998 1772 1139 1815 alioquin
1164 1771 1336 1815 praedictis
1361 1771 1456 1804 bonis
1485 1781 1547 1804 non
1573 1769 1739 1813 indigent,

997 1825 1107 1859 eadem
1121 1825 1204 1858 hona
1222 1824 1254 1857 13
1275 1824 1420 1857 fraudem
1438 1823 1518 1867 legis
1544 1833 1743 1866 consequen-

997 1887 1054 1918 tes,
1082 1879 1136 1912 1113
1153 1879 1200 1911 vel
1217 1879 1278 1911 alia
1302 1878 1432 1911 illorum
1453 1879 1523 1911 loco
1544 1876 1688 1920 personis
1705 1877 1743 1909 ad

998 1933 1080 1966 dicta
1097 1932 1180 1965 bona
1198 1930 1371 1964 obtinenda
1386 1930 1594 1974 incapacibus
1608 1934 1638 1963 et
1651 1929 1743 1962 inha-

999 1986 1129 2024 bilibus,
1152 1985 1200 2018 via
1218 1984 1338 2018 scilicet
1358 1984 1669 2018 confidentiariaaut
1682 1982 1743 2015 3113

999 2039 1136 2078 ratione,
1165 2038 1308 2071 tribuant
1337 2043 1367 2071 et
1388 2038 1421 2070 in
1442 2037 1509 2071 illas
1542 2037 1742 2075 transferant,

999 2098 1092 2135 atquc
1114 2092 1155 2125 ita
1173 2091 1296 2125 evenire
1317 2091 1414 2135 possit
1435 2097 1463 2124 et
1482 2090 1616 2127 eveniat,
1638 2094 1673 2122 ut
1690 2089 1741 2121 di-

999 2155 1066 2178 ctae
1092 2156 1245 2189 personae
1271 2145 1439 2188 incapaces
1464 2150 1494 2177 et
1518 2142 1688 2182 inhabiles,
1712 2142 1743 2174 id

1000 2198 1085 2241 quod
1110 2209 1166 2242 per
1191 2209 1222 2231 se
1241 2209 1275 2230 ar
1302 2198 1419 2230 directe
1440 2196 1584 2230 obtinere
1608 2206 1673 2229 non
1693 2206 1745 2228 va-

999 2253 1074 2291 lent,
1087 2263 1143 2296 per
1157 2251 1374 2295 interpositam
1392 2260 1562 2294 personam
1573 2255 1603 2282 et
1623 2249 1745 2281 indire-

1000 2313 1047 2338 cte
1079 2305 1230 2348 consequi
1263 2309 1389 2348 sperent
1420 2309 1450 2337 et
1487 2308 1741 2346 consequantur,

999 2365 1108 2391 eontra
1133 2357 1331 2391 verisimilem
1350 2356 1425 2389 dicti
1445 2356 1522 2395 Sixti
1556 2355 1743 2399 praedeces-

999 2411 1079 2443 soris
1099 2410 1322 2449 intentionem,
1341 2410 1395 2453 qui
1410 2419 1445 2441 ex
1467 2409 1637 2452 praedictis
1651 2414 1745 2451 atque

1001 2464 1070 2497 aliis
1084 2464 1179 2497 011313
1198 2464 1301 2497 causis
1318 2463 1464 2496 animum
1483 2473 1574 2496 suum
1591 2467 1746 2495 1330130-

1000 2517 1144 2550 ventibus
1164 2518 1195 2549 in
1214 2516 1421 2560 permissione
1438 2516 1587 2559 superius
1601 2524 1746 2558 expressa

1000 2571 1039 2605 de
1064 2571 1138 2614 ipsis
1156 2571 1453 2611 communitatibus,
1469 2570 1744 2609 universitatibus,

1000 2625 1176 2664 collegiis-et
1189 2624 1387 2667 principibus
1395 2623 1744 2667 extraneispraedictis,

1749 232 1797 258 Λ3.
1816 232 1842 259 C.
1867 233 1928 260 1001
