2253 3195
70 235 120 261 An.
137 233 165 260 C.
190 233 255 260 1597

101 1354 171 1374 'finito
186 1353 258 1379 aliquo

74 1379 168 1405 insigniti
178 1379 205 1400 ad
215 1379 258 1399 ossi-

75 1407 108 1427 eia
116 1407 151 1427 hic
160 1412 258 1432 expressa

73 1433 239 1454 inhabilitantur.

102 1833 190 1858 Legato,
204 1832 260 1852 vice-

77 1859 260 1884 tega10.etc.,cum-

77 1886 261 1912 mittitpraesentis

77 1912 157 1933 decreti
168 1917 260 1938 exequu-

78 1938 161 1959 tionem.

886 234 1032 258 CLEMENS
1050 234 1107 257 VIII
1128 234 1176 257 1¹1³.

269 281 488 325 capitanealus
509 288 534 314 (¹1
570 282 735 325 potestatis
755 283 922 318 locorum,
956 293 1011 314 seu

270 341 427 368 terrarum
444 336 594 368 territorii
610 336 713 368 dictae
738 336 883 372 vivimus,
908 336 1012 368 officia

268 388 358 421 utilia
378 394 561 432 nuncupata
588 389 759 425 nominari,
784 399 840 432 per
860 388 1013 421 scrutinia

269 441 354 483 eligi,
379 447 407 474 et
430 442 548 474 electos
569 442 771 478 confirmari,
796 442 826 473 in
849 442 1009 473 imbursa-

269 493 420 530 tionibus,
436 500 470 527 ut
486 501 610 532 vocant,
627 495 665 527 de
684 505 765 527 novo
787 495 941 527 faciendis
955 495 1013 527 im—

269 553 434 591 posterum
454 548 551 591 poni,
580 549 628 581 vel
651 548 842 586 imbursari,
867 548 1010 586 extrahi,

269 612 325 634 seu
345 602 422 634 alias
447 601 593 645 deputari
619 607 648 634 et
668 602 786 634 assumi
807 602 895 634 nullo
917 602 1013 635 modo

269 665 381 698 posse:
410 655 545 687 durante
575 664 649 687 vero
679 654 911 687 imhursatione
946 655 1015 687 illo-

270 718 342 741 rum
364 708 509 741 videlicet
531 707 729 744 officialium,
754 708 808 751 qui
841 708 1013 740 imbursari

270 768 524 798 consueverunt,
548 762 610 795 iam
640 763 743 800 facta,
766 762 875 805 siquos
900 773 936 795 ex
957 773 1012 795 su-

270 815 422 859 pradictis
443 826 501 859 per
526 821 726 858 praesentem
754 821 896 848 nostram
929 816 1012 849 Con-

269 868 469 902 stitutionem
495 869 534 901 ab
560 869 746 902 huiusmodi
776 869 965 902 muneribus
986 875 1016 902 et

270 921 383 955 officiis
404 922 539 955 exclusis
559 923 713 956 hactenus
727 923 833 956 forsan
853 923 884 955 in
906 933 942 955 ea
959 933 1016 966 po-

270 975 337 1008 sitis
363 976 411 1008 vel
436 975 643 1017 imbursatis,
675 976 797 1009 extrahi
824 976 1012 1018 contigerit,

272 1038 384 1061 eorum
399 1029 532 1062 nomina
551 1029 657 1062 statim
676 1034 772 1073 atque
794 1035 932 1062 extracta
950 1030 1016 1062 fue-

271 1083 349 1122 rint,
373 1083 507 1115 laeerari
529 1094 584 1116 seu
604 1083 738 1121 aboleri,
759 1088 790 1115 et
812 1093 924 1115 eorum
944 1083 1016 1115 loco

271 1134 350 1167 alios
370 1145 435 1168 non
455 1136 599 1169 exclusos
621 1136 743 1168 extrahi
766 1136 894 1175 debere,
907 1141 1016 1169 aucto-

271 1187 364 1220 ritate
377 1188 565 1232 apostolica,
576 1195 686 1222 tenore
700 1189 931 1233 praesentium,
946 1200 1017 1233 per—

271 1246 368 1284 petuo
389 1242 558 1275 statuimus
583 1248 679 1286 atque
701 1243 915 1276 decernimus.

318 1297 334 1336 ξ
360 1294 390 1327 2.
419 1296 550 1329 Necnon
572 1296 702 1329 eosdem
721 1297 935 1335 marchiones,
960 1297 1018 1330 du-

274 1359 326 1382 ces
344 1355 374 1382 et
386 1349 558 1393 principes,
575 1360 611 1382 ac
631 1350 729 1383 etiam
750 1350 884 1383 comites
896 1356 926 1383 et
939 1350 1018 1383 alios

274 1402 421 1446 superius
432 1413 597 1446 expressos
617 1404 658 1436 ad
678 1404 899 1437 reformatoris
919 1409 1018 1437 status

274 1454 429 1488 libertatis
443 1461 474 1488 et
485 1456 652 1498 regiminis
673 1456 776 1490 dictae
794 1457 928 1490 civitatis
950 1468 1019 1490 mu-

273 1518 345 1549 nus,
369 1519 405 1542 ac
426 1514 568 1542 caeteros
590 1509 805 1552 magistratus,
829 1510 955 1554 aliaque
973 1511 1019 1543 of-

274 1562 347 1595 ficia
367 1568 398 1595 et
417 1573 553 1596 munera
580 1563 725 1596 eiusdem
751 1564 886 1597 civitatis
917 1564 1020 1608 impo-

274 1621 394 1648 sterum
418 1615 594 1649 obtinenda
618 1627 750 1659 prorsus
780 1617 1021 1650 inhabilitamus

236 1697 241 1699 ,
274 1679 310 1702 ac
331 1668 489 1702 inhabiles
510 1675 540 1702 et
559 1669 727 1714 incapaces
753 1670 886 1703 facimus
916 1676 947 1704 et
966 1671 1021 1704 de-

275 1724 445 1756 claramus.

320 1775 385 1820 §3
409 1776 565 1815 Quocirca
593 1776 717 1810 dilectis
745 1777 819 1810 filiis
849 1784 959 1810 nostro
990 1783 1021 1811 et

275 1830 364 1864 Sedis
380 1830 581 1874 Apostolicae
594 1830 625 1863 in
637 1831 749 1863 eadem
770 1831 894 1864 civitate
915 1832 1020 1864 Bono-

276 1882 396 1916 niensis
416 1883 455 1916 de
475 1883 575 1917 latere
595 1884 713 1927 legato,
737 1895 794 1918 seu
814 1885 882 1918 eius
906 1885 1021 1918 vicele-

277 1942 362 1978 gato,
386 1942 440 1970 aut
459 1937 667 1979 gubernatori
687 1949 773 1971 nune
793 1945 821 1972 et
853 1949 912 1983 pro
938 1944 1020 1972 tem-

276 2000 355 2033 pore
371 1990 528 2031 existenti,
541 1990 573 2023 in
584 1991 700 2024 virtute
720 1997 848 2025 sanetae
868 1993 1021 2026 obedien-

278 2043 339 2076 tiae
353 2043 561 2085 iniungimus‚
578 2044 728 2078 omnibus
746 2056 832 2085 vero,
846 2052 875 2079 et
888 2046 1021 2089 singulis

277 2096 545 2130 reformatoribus
565 2097 709 2130 eiusdem
741 2104 840 2131 status
866 2099 1021 2132 libertatis

278 2160 315 2182 ac
351 2149 501 2192 regimini
533 2150 636 2183 dictae
672 2151 807 2185 civitatis
839 2153 1019 2196 praesenti-

279 2202 338 2235 bus
369 2208 400 2235 et
423 2202 554 2244 futuris,
579 2203 637 2235 sub
664 2204 854 2247 privationis
882 2205 956 2237 dicti
978 2205 1022 2237 of-

278 2254 343 2288 ficii
364 2255 600 2294 reformatoris‚
617 2266 743 2289 necnon
762 2257 1019 2299 magistratuum,

281 2308 472 2350 dignitatum
494 2315 524 2342 et
543 2309 723 2342 officiorum
751 2320 809 2353 per
836 2320 890 2343 eos
912 2310 1023 2353 quovis

281 2361 378 2394 modo
399 2362 617 2403 obtentorum,
639 2373 675 2395 ac
695 2367 871 2406 perpetuae
891 2363 1020 2395 inhabi-

282 2414 378 2447 litatis
397 2415 437 2448 ad
457 2415 511 2447 illa
529 2421 560 2448 et
574 2415 635 2448 alia
651 2415 862 2459 imposterum
875 2416 1023 2449 obtinen-

283 2468 333 2508 da,
356 2478 392 2501 ac
405 2469 600 2512 pecuniariis
620 2475 730 2502 nostro
746 2475 776 2503 et
788 2470 923 2503 Romani
942 2470 1025 2503 Pon-

1046 281 1188 314 districte
1208 280 1423 324 praecipimus
1437 290 1475 311 ns·
1492 279 1616 322 aliquos
1629 278 1790 310 marchio-

1047 346 1113 371 nes,
1138 334 1432 377 ducesprinripes,
1449 340 1500 366 aut
1525 333 1620 365 etiam
1643 331 1788 367 comites,

1048 389 1092 421 ¹rel
1119 389 1197 421 alios
1222 387 1370 431 superius
1401 397 1567 431 expressos
1598 392 1628 418 et
1660 385 1791 418 inferius

1047 441 1273 484 exprimendos
1287 441 1325 473 ad
1341 440 1563 473 reformatoris
1573 439 1715 471 eiusdem
1731 443 1793 470 sta—

1050 501 1097 527 tus
1118 494 1273 527 libertatis
1295 500 1323 526 et
1345 493 1512 536 regiminis
1533 493 1635 525 dictae
1657 491 1793 524 civitatis

1050 558 1176 583 munus„
1201 558 1273 579 rum
1296 558 1354 590 pro
1376 553 1520 589 tempore
1541 544 1710 584 vacaverit,
1734 555 1791 576 nec

1049 611 1113 633 non
1131 601 1171 633 ad
1189 606 1332 633 caeteros
1347 600 1561 642 magistratus,
1577 599 1703 642 aliaque
1725 609 1794 630 mu-

1050 664 1126 687 nera
1146 660 1175 686 et
1203 654 1307 686 officia
1337 653 1539 696 supradicta,
1564 663 1637 685 cnm
1670 653 1708 684 de
1734 651 1795 683 illis

1049 708 1189 751 provisio
1210 707 1356 740 facienda
1374 707 1446 745 erit,
1463 706 1597 749 posthac
1617 705 1722 743 nohis,
1738 716 1794 738 seu

1050 762 1195 794 Romano
1216 760 1363 793 Pontifici
1385 770 1443 803 pro
1464 766 1609 803 tempore
1636 759 1791 795 existenti,

1050 814 1238 851 nominare,
1273 824 1328 846 seu
1357 813 1415 856 ipsi
1449 813 1624 856 respective
1654 813 1791 854 eligere,

1051 867 1262 906 confirmare,
1294 866 1494 903 imbnrsare,
1519 865 1706 903 extrahere,
1742 871 1795 897 aut

1051 921 1128 953 alias
1150 921 1324 963 deputare,
1348 929 1534 957 assumere,
1559 919 1723 962 recipere,
1747 919 1795 951 vel

1051 974 1221 1007 admittere
1242 974 1364 1017 possint.
1384 979 1413 1006 et
1436 973 1575 1005 debeant
1593 983 1660 1011 seu,
1685 972 1796 1015 quovis

1051 1029 1159 1061 colore
1184 1028 1232 1060 vel
1254 1033 1438 1070 praetextu,
1467 1027 1606 1059 audeant
1629 1026 1673 1058 vel
1703 1036 1796 1069 prae-

1051 1086 1192 1114 sumant.

1096 1136 1112 1176 g
1131 1134 1161 1167 4.
1179 1134 1357 1173 Caeterum,
1374 1140 1409 1166 ut
1429 1143 1581 1177 praesens
1601 1138 1710 1165 nostra
1722 1142 1798 1165 con-

1051 1187 1173 1220 stitutio
1202 1187 1367 1231 perpetuis
1392 1187 1506 1219 suturis
1534 1186 1733 1230 temporibus
1758 1186 1798 1218 ad

1052 1242 1179 1285 plenam
1201 1251 1327 1281 eorum,
1344 1241 1383 1273 ad
1404 1250 1485 1283 quos
1503 1244 1635 1283 spectat,
1650 1239 1798 1271 notitiam

1053 1295 1248 1333 deducatur,
1272 1301 1303 1327 et
1323 1295 1362 1327 ab
1390 1295 1541 1328 omnibus
1569 1293 1798 1326 inviolabiliter

1052 1350 1258 1386 observetur,
1280 1355 1391 1387 motu,
1420 1348 1553 1381 scientia
1580 1353 1610 1380 et
1634 1347 1799 1390 potestatis

1052 1402 1253 1445 plenitudine
1274 1402 1444 1440 similibus,
1469 1401 1639 1434 statuimus
1660 1406 1691 1433 et
1712 1401 1799 1433 ordi-

1053 1466 1178 1497 namus,
1210 1466 1338 1489 necnon
1363 1455 1629 1488 reformatoribus
1656 1455 1799 1487 eiusdem

1054 1515 1152 1542 status
1180 1509 1360 1547 libertatis,
1385 1520 1421 1542 ac
1446 1508 1619 1541 vexillifero
1645 1507 1796 1545 iustitiae,

1055 1569 1085 1596 et
1111 1562 1248 1595 antianis
1276 1562 1379 1595 dictae
1406 1561 1541 1594 civitatis
1570 1571 1656 1594 nunc
1681 1566 1712 1594 et
1739 1570 1799 1603 pro

1055 1622 1201 1660 tempore
1214 1616 1432 1656 existentibus,
1454 1616 1512 1648 sub
1532 1615 1654 1648 eisdem
1668 1614 1794 1657 poenis,

1055 1670 1246 1703 mandamus
1267 1675 1303 1703 ut>
1321 1675 1506 1713 praesentes
1532 1674 1658 1701 nostras
1677 1668 1799 1701 litteras

1054 1723 1242 1767 priusquam
1274 1723 1348 1756 novi
1380 1723 1609 1755 reformatores
1624 1749 1631 1762 ,
1655 1732 1714 1754 nec
1734 1731 1799 1754 non

1055 1778 1151 1811 etiam
1181 1777 1337 1809 vexillifer
1367 1782 1397 1809 et
1428 1776 1572 1815 amiani,
1600 1786 1634 1807 ac
1667 1774 1800 1818 praefati

1056 1830 1261 1873 magistratus
1286 1835 1317 1863 et
1342 1830 1494 1863 officiales
1516 1830 1613 1871 (cum
1645 1827 1800 1860 nimirum

1055 1884 1196 1917 officium
1218 1883 1440 1916 reformatoris
1460 1882 1634 1922 vacaverit,
1657 1882 1706 1914 vel
1727 1891 1801 1913 cum

1055 1938 1192 1971 aliorum
1210 1937 1455 1979 magistratuum
1477 1941 1509 1969 et
1526 1935 1711 1968 officialium
1727 1944 1802 1977 pro-

1055 1991 1133 2024 visio
1160 1991 1306 2024 sacienda
1334 1990 1415 2032 erit)
1436 1989 1560 2023 statutis
1592 1994 1621 2021 et
1652 1987 1802 2031 praefixis

1055 2044 1256 2088 temporibus
1287 2045 1326 2077 de
1356 2054 1445 2076 more
1479 2042 1710 2081 nominentur,
1739 2040 1798 2073 eli-

1056 2103 1189 2140 gantur,
1213 2098 1435 2130 imbnrsentur
1465 2102 1496 2129 et
1515 2095 1725 2128 extrahantur
1751 2104 1801 2126 re-

1056 2151 1206 2195 spective,
1222 2150 1317 2184 toties
1331 2150 1456 2193 quoties
1471 2148 1719 2187 nominationes,
1737 2148 1801 2179 ele-

1057 2204 1194 2243 ctiones,
1218 2203 1489 2243 imlnirsationes,
1514 2213 1569 2235 seu
1591 2200 1802 2234 extractiones

1057 2257 1144 2297 fient,
1168 2257 1200 2289 in
1222 2257 1293 2290 loco
1319 2257 1359 2289 ad
1383 2257 1443 2289 hoe
1462 2256 1556 2289 solito
1575 2261 1605 2288 et
1625 2259 1799 2293 consueto,

1058 2311 1121 2342 alta
1141 2316 1171 2342 et
1192 2310 1386 2352 intelligibili
1407 2320 1483 2342 voce
1505 2309 1578 2351 legi.
1603 2314 1633 2340 et
1653 2307 1803 2339 omnibus

1058 2363 1214 2404 similiter,
1231 2364 1270 2396 ad
1292 2374 1373 2407 quos
1394 2363 1543 2406 pertinet,
1561 2361 1715 2394 insinuari
1730 2371 1802 2393 eum

1059 2416 1174 2450 effectu
1195 2417 1322 2449 faciant.

1105 2471 1120 2511 ἓ
1146 2469 1176 2502 5.
1197 2470 1241 2502 Ac.
1262 2469 1392 2513 insuper
1412 2469 1445 2501 in
1466 2478 1670 2512 quacumque
1693 2466 1801 2500 nomi-

282 2520 377 2553 tificis
396 2532 455 2565 pro
474 2527 619 2566 tempore
640 2522 802 2555 existentis
823 2523 956 2556 arbitrio
970 2524 1025 2556 de-
1060 2523 1202 2561 natione,
1227 2523 1401 2561 electione,
1425 2523 1659 2555 imbursatione
1672 2550 1679 2562 ,
1700 2528 1804 2555 extra-

284 2574 455 2615 clarandis‚
471 2580 502 2608 et
520 2575 589 2619 ipso
611 2576 693 2609 sacto
709 2575 921 2617 incurrendis,
944 2576 1028 2609 aliis—

285 2638 346 2671 que
378 2628 474 2661 etiam
505 2627 637 2661 inferius
665 2628 885 2662 describendis
902 2629 1025 2674 poenis.

335 2690 413 2719 Bult.
435 2691 516 2719 Rom.
542 2691 601 2719 Vol.
622 2691 657 2719 X.
886 2691 920 2719 45

1062 2577 1167 2610 ctione
1188 2582 1218 2610 et
1238 2576 1457 2620 assumptione
1474 2577 1514 2609 ad
1532 2575 1718 2609 huiusmodi
1739 2585 1805 2608 ma-

1063 2630 1229 2673 gistratus,
1250 2641 1385 2664 munera
1406 2635 1437 2663 et
1457 2630 1562 2664 officia
1582 2640 1640 2673 pro
1662 2635 1805 2673 tempore

1692 220 1755 253 353
1803 229 1851 255 An.
1875 228 1902 254 e.
1921 228 1987 254 1597

1835 1142 1938 1162 Praesens
1949 1147 1997 1161 con-

1813 1169 1894 1188 stitutit)
1911 1168 1931 1187 in
1947 1174 1999 1194 qua-

1814 1195 1864 1215 lihet
1894 1195 1997 1214 electioni*

1814 1221 1935 1241 officialium
1978 1228 1988 1240 e

1814 1248 1888 1274 gemla.

1842 2469 1868 2490 Et
1884 2470 2003 2490 examinan-

1820 2496 1868 2517 dum
1892 2503 1917 2516 an
1943 2497 2003 2516 electi

1820 2523 1861 2543 sint
1877 2523 1896 2543 in
1908 2529 1932 2543 ea
1949 2528 2004 2542 rom-

1820 2550 1941 2575 praelietur.
