2253 3195
34 1481 175 1501 contumuit-a·

19 1513 72 1528 mem
110 1507 176 1527 indul-

23 1533 110 1554 ntiarum
125 1533 176 1556 fieri,

10 1584 11 1589 1
33 1560 66 1581 hie
81 1560 149 1585 iubet:

43 2275 107 2296 Prout
120 2277 182 2297 etlam

24 2307 103 2323 >ss0rllnl
135 2309 184 2328 01]ss-

25 2334 49 2358 ¹¹¹3
60 2330 184 2350 —commuui-

14 2357 113 2377 itionem.

801 257 946 281 CLEMENS
967 256 1024 280 VIII
1044 252 1094 279 1¹5¹.

184 309 319 352 desuper
335 312 513 351 opportune
531 305 697 350 providere
720 306 870 345 volente&
888 317 924 337 cx

185 366 255 394 voto
276 361 372 394 ctiam
391 360 616 394 veneraldlimu
640 362 772 392 fratrum
795 365 922 391 nostro-

184 424 254 446 rum
280 414 310 447 S.
330 415 363 446 R.
386 414 418 446 Ε.
443 412 659 447 Cat-‹linalium
680 411 924 455 Congregationi

185 468 356 501 Sacrorum
375 468 502 500 Rituum
520 467 787 511 praepositorum,
811 465 927 507 quibus

185 521 244 554 hoc
276 521 443 564 negocium
485 519 729 552 examinamlum
759 518 924 551 commisi-

186 585 267 613 mus,
291 585 325 607 ac
343 585 378 606 ex
404 579 487 606 certa
511 579 620 605 nostra
645 572 775 605 scientia
800 578 829 604 et
856 582 924 603 ma-

186 634 257 661 tura
290 627 531 665 deliberatione,
560 625 664 669 queml
688 625 870 658 institutum
899 630 925 657 et

186 681 282 713 ritum
293 680 515 718 absolutionis,
531 690 628 723 quam
646 685 770 716 vocant,
797 685 826 712 et
843 689 929 711 com-

186 734 435 768 municationem
467 733 759 776 indulgentiarum,
795 733 928 775 quaein

186 786 350 830 praedicto
375 786 490 819 Ordine
523 786 590 818 sieri
616 786 739 825 solent,
769 787 851 818 lianc
890 786 929 818 de

187 846 311 874 caetero
343 842 478 872 formam
516 840 672 882 (antiqua
697 839 929 873 consuetudine

186 903 316 936 prorsus
336 898 489 936 perpetuo
506 890 671 935 abrogata)
696 892 727 925 in
741 897 930 936 perpetuum

187 946 306 980 servari
332 947 489 985 volumus,
511 950 605 988 atque
622 946 795 989 apostolica
815 952 927 979 aucto-

187 999 290 1038 ritate,
318 1005 426 1032 tenore
451 999 679 1043 praesentium,
700 1004 853 1043 perpetuo
870 1006 932 1032 sta-

188 1053 309 1085 tuimus
326 1057 357 1085 et
375 1052 575 1092 ordinamus,
598 1058 633 1085 ut
646 1052 799 1085 nimirum
820 1051 932 1085 diebus

188 1105 300 1145 solitis,
327 1111 382 1138 aut
406 1105 444 1137 ab
460 1105 643 1148 Apostoliea
660 1105 739 1138 Sede
757 1105 931 1145 concessis,

188 1157 436 1191 communicatio
450 1157 732 1199 indulgentiarum,
745 1169 824 1201 quas
837 1169 930 1201 prae-

189 1211 293 1244 dictus
307 1210 392 1244 Ordo
409 1211 519 1244 Beatac
540 1211 655 1243 Mariae
671 1211 710 1244 de
723 1211 878 1250 Mercede,
898 1222 934 1244 ex

190 1264 396 1298 concessione
421 1270 452 1297 et
473 1264 597 1297 indulto
618 1264 706 1297 Sedis
734 1265 935 1308 Apostolicae

190 1317 259 1350 aliis
282 1323 385 1361 potest
404 1317 652 1357 communicare⁷
679 1328 743 1351 non
761 1324 866 1351 autem
880 1318 935 1352 ab·

191 1371 319 1411 solutio,
343 1376 377 1404 ut.
401 1372 491 1415 prius
509 1371 620 1412 tiebat,
641 1372 710 1405 lieri
735 1372 843 1415 possit.

236 1424 293 1467 §3.
311 1425 502 1458 Huiusmodi
519 1436 591 1458 vero
609 1425 936 1459 communicationem

192 1478 465 1521 indulgentiarum
480 1479 702 1512 tantummodo
723 1479 937 1512 confratribus

192 1537 220 1563 et
245 1531 474 1565 consororibus
499 1532 640 1565 eiusdem
666 1532 793 1565 Ordinis
822 1533 854 1564 in
880 1543 933 1566 ec-

192 1585 293 1618 clesiis
317 1584 415 1628 ipsius
439 1585 564 1618 Ordinis
584 1585 803 1628 praesentibus
828 1592 858 1619 et
872 1596 936 1619 non

191 1638 271 1678 aliiS,
299 1644 330 1672 et
346 1637 459 1670 diebus
478 1638 680 1681 supradictis,
700 1648 773 1670 cum
794 1638 934 1681 psalmis,

192 1691 355 1725 versieulis
379 1696 409 1723 et
429 1691 647 1732 orationibus,
675 1703 755 1735 quae
781 1692 844 1725 iam
869 1693 934 1726 Ro-

193 1755 262 1777 mae
285 1744 471 1787 recognita,
500 1750 528 1777 et
554 1756 571 1776 a
592 1744 709 1777 dilecto
738 1745 803 1778 filio
828 1751 938 1778 nostro

193 1799 224 1832 in
249 1799 333 1832 Urbe
356 1798 473 1831 vicario
499 1798 662 1842 probatae,
682 1805 709 1831 et
726 1809 742 1830 a
760 1798 844 1831 dicta
861 1799 939 1832 Con-

193 1851 376 1895 gregatione
409 1852 595 1884 reformatae
620 1857 712 1890 sunt,
740 1851 806 1884 sieri
830 1851 935 1886 liceat,

194 1905 232 1938 Et
256 1905 294 1938 ad
327 1905 445 1939 dictam
482 1905 804 1938 communicationem
828 1905 937 1939 indul-

195 1957 374 1999 gentiarum
395 1956 530 1998 singulis
551 1956 663 1989 diebus
685 1956 858 1999 praedictis
879 1956 938 1989 ob-

196 2010 376 2050 tinendam,
400 2010 574 2042 confratres
591 2016 619 2042 et
646 2020 833 2043 consorores
854 2020 942 2053 prae-

197 2062 275 2096 dicti
310 2063 373 2095 sint
408 2063 562 2103 contriti,
600 2063 760 2103 confessi,
787 2074 822 2095 ac
855 2073 943 2096 sacra

198 2116 427 2150 Communione
452 2116 572 2155 refecti,
599 2117 674 2149 alias
698 2116 940 2159 praedic-tasin-

198 2168 340 2212 ‹lulgenti
351 2179 376 2201 is
394 2179 458 2201 non
473 2174 719 2212 consequantur.

243 2222 257 2265 ἓ
282 2222 312 2254 4.
335 2222 666 2255 Communicationem
690 2222 785 2255 etiam
821 2222 941 2254 oratio-

199 2286 289 2316 num,
315 2276 520 2313 ieiuniorum,
542 2276 724 2315 missarum,
744 2276 945 2318 aliorumque

199 2330 358 2363 bonorum
384 2340 538 2374 operum,
579 2340 660 2374 quae
688 2330 768 2363 siunt
793 2329 824 2361 in
860 2329 945 2362 dicto

200 2382 318 2416 Ordine
342 2382 534 2426 supradietis
562 2382 698 2422 diebus,
732 2381 945 2414 confratribus

201 2440 323 2469 tantum
343 2441 372 2468 et
397 2435 623 2469 consororibus
638 2463 646 2476 ,
682 2434 736 2477 qui
763 2440 946 2477 praesentes

200 2489 336 2529 fuerint,
356 2493 391 2521 ut
407 2488 444 2520 de
471 2487 680 2531 indulgentiis
705 2498 801 2531 supra
827 2487 945 2520 (lictum

202 2548 261 2582 est,
287 2542 356 2575 fieri
385 2552 476 2585 pesse
500 2541 714 2585 permittimus
738 2547 769 2573 et
794 2541 944 2574 concedin

202 2605 282 2628 mus.
327 2595 439 2627 Forma
474 2599 579 2627 autem
604 2594 698 2627 liuius
724 2594 944 2627 communica-

203 2648 297 2681 tionis
324 2648 389 2681 sieri
418 2650 561 2680 volumus
586 2648 680 2680 nudis
700 2653 727 2679 et
750 2647 948 2692 simplicibus

1612 242 1673 275 719

961 303 1061 337 verbis
1085 304 1117 335 in
1143 303 1227 335 hune
1259 303 1322 335 fere
1351 299 1481 333 modum
1497 327 1504 340 ,
1540 300 1701 334 videlicet:

962 359 1036 391 Item
1053 355 1326 391 communicamus
1337 353 1438 393 vobis,
1450 355 1574 394 fratres,
1587 355 1706 387 oratio-

961 421 1027 452 nes,
1055 409 1190 449 ieiunia,
1214 408 1342 447 missas,
1376 406 1644 451 peregrinationes
1676 413 1706 440 et

962 463 1086 496 labores
1122 473 1180 506 pro
1217 461 1413 494 redimendis
1446 460 1541 493 ctiam
1575 459 1706 503 captivis

962 522 1125 560 susceptos
1139 544 1146 558 ,
1171 522 1357 558 caeteraque
1382 526 1480 558 opera
1500 515 1602 553 bona,
1625 525 1706 557 quae

963 581 1017 614 per
1033 570 1086 603 Dei
1111 566 1246 613 gratiam
1267 570 1298 602 in
1324 574 1433 602 nostra
1457 567 1707 610 Congregatione

963 629 991 656 et
1009 622 1128 655 Ordine
1146 622 1237 655 fiunt.
1256 622 1291 654 In
1309 621 1438 654 nomine
1456 620 1610 660 l'atriS,et
1624 620 1706 659 Filii,

964 681 993 708 et
1016 675 1151 718 Spiritus
1167 674 1286 708 Sancti.
1308 674 1417 706 Amen.

1009 733 1024 770 ξ’
1047 729 1076 762 5.
1106 728 1270 762 Caeterum
1285 737 1429 771 expresse
1449 726 1656 769 prohibemus
1670 736 1709 759 ne

964 783 1101 826 populus
1121 782 1153 814 in
1174 781 1364 821 civitatibus,
1386 781 1477 814 terris
1501 786 1531 813 et
1555 781 1632 814 locis
1649 791 1708 824 pu-

965 834 1045 868 blice
1069 835 1220 868 invitetur
1249 845 1266 867 a
1292 833 1367 867 dicti
1392 832 1519 866 Ordinis
1544 833 1709 866 Fratribus

965 889 1003 921 ad
1014 900 1086 922 suas
1096 889 1244 923 ecelesias
1253 888 1292 921 ad
1302 889 1558 930 consequendam
1567 887 1711 931 supradi-

966 948 1049 975 ctam
1072 941 1396 975 communicationem
1422 940 1710 984 indulgentiarum,

967 1001 997 1028 et
1013 995 1171 1028 bonorum
1197 1005 1354 1038 operuni;
1379 995 1439 1027 hoc
1458 999 1503 1026 est
1523 994 1557 1027 in
1582 993 1708 1037 plateis,

967 1049 1023 1082 viis
1046 1054 1077 1081 ct
1101 1048 1178 1081 Iocis
1202 1048 1340 1092 publicis
1358 1058 1423 1081 non
1448 1052 1650 1091 apponantur
1663 1057 1711 1079 ce-

968 1103 1060 1135 dulae
1080 1102 1262 1145 impressae,
1287 1112 1343 1134 seu
1368 1101 1616 1144 manuscriptae,
1643 1100 1713 1143 qui-

968 1156 1028 1188 bus
1053 1155 1213 1188 indicetur
1236 1160 1266 1188 et
1290 1156 1512 1199 promulgetur
1537 1154 1607 1187 talis
1627 1164 1713 1187 eom-

970 1209 1144 1242 municatio
1162 1208 1444 1251 indulgentiarum.

1014 1262 1076 1304 QG.
1104 1261 1288 1294 lllandantes
1313 1266 1482 1304 propterea
1503 1261 1660 1293 universis
1685 1265 1716 1293 et

971 1315 1106 1359 singulis
1130 1314 1275 1348 eiusdem
1299 1313 1425 1347 Ordinis
1442 1313 1662 1357 superioribus
1686 1318 1716 1346 et

971 1369 1134 1409 fratribus,
1152 1374 1185 1401 ut
1210 1367 1437 1411 praescriptam
1470 1367 1552 1399 lianc
1580 1367 1716 1399 formam

972 1427 1125 1465 perpetuo
1146 1421 1314 1454 observare
1341 1420 1514 1459 studeant,
1542 1429 1599 1452 nec
1629 1420 1715 1452 illam

971 1474 1194 1517 quovismodo
1214 1473 1382 1518 praeterire
1398 1472 1536 1506 audeant
1553 1482 1608 1506 seu
1628 1482 1717 1515 prae-

972 1534 1118 1562 sumant:
1153 1528 1280 1561 irritum
1305 1527 1515 1561 nibilominus
1547 1526 1718 1560 decernen-

973 1587 1017 1614 tes
1038 1588 1067 1614 et
1093 1582 1188 1614 inane
1213 1580 1367 1625 quiequid
1393 1590 1483 1613 secus
1503 1590 1599 1624 super
1616 1579 1664 1612 his
1678 1580 1718 1612 ab

973 1634 1059 1678 ipsis,
1073 1634 1185 1677 quavis
1199 1633 1398 1673 auctoritate,
1416 1633 1551 1666 scienter
1567 1634 1614 1666 rel
1628 1632 1718 1676 igno—

972 1693 1092 1727 ranter,
1119 1687 1290 1731 contigerit
1314 1686 1471 1720 attentari.

1018 1741 1086 1783 §⁴7-
1115 1741 1185 1774 Non
1209 1740 1410 1774 obstantibus
1434 1739 1719 1773 constitutionibus

973 1801 1002 1827 et
1021 1794 1279 1828 ordinationibus
1297 1793 1496 1837 apostolicis,
1518 1803 1555 1825 ac
1575 1792 1718 1826 eiusdem

975 1847 1119 1888 Ordinis,
1145 1848 1241 1881 etiam
1262 1848 1452 1888 iuramento,
1478 1846 1721 1880 confirmatione

977 1902 1172 1945 apostoliea,
1195 1901 1243 1935 vel
1268 1901 1380 1945 quavis
1405 1900 1555 1933 firmitate
1576 1900 1638 1932 alia
1663 1910 1717 1932 ro-

976 1954 1110 1994 boratis,
1137 1955 1262 1988 statutis
1288 1959 1318 1987 et
1335 1953 1639 1993 consuetudinibus;
1658 1952 1722 1996 pri>

979 2007 1099 2050 vilegiis
1122 2018 1263 2051 quoque,
1291 2006 1422 2041 indultis
1447 2012 1476 2040 et
1501 2006 1616 2040 litteris
1644 2015 1722 2049 apo—

978 2060 1100 2095 stolicis
1114 2060 1215 2094 eidem
1234 2060 1356 2100 Ordiui‚
1377 2071 1411 2093 ac
1430 2057 1621 2103 supradictis
1638 2058 1723 2090 illius

979 2113 1198 2158 superioribus
1223 2120 1251 2146 et
1284 2113 1459 2153 fratribus,
1498 2123 1534 2145 ac
1559 2111 1724 2155 quibusvis

979 2168 1048 2201 aliis
1066 2168 1096 2200 in
1114 2167 1311 2201 contrarium
1329 2167 1577 2210 praemissorum
1591 2174 1724 2208 quomo-

980 2221 1104 2254 dolibet
1130 2220 1308 2260 concessis,
1329 2218 1526 2253 confirmatis
1542 2229 1577 2251 ae
1602 2227 1721 2262 appro-

980 2275 1077 2315 batis,
1105 2275 1299 2317 eaeterisque
1316 2272 1485 2307 contrariis
1510 2272 1721 2315 quibuscum-

981 2338 1054 2371 que.

1025 2381 1138 2414 Datum
1163 2381 1281 2413 Romae
1309 2379 1393 2423 apud
1418 2380 1449 2411 S.
1477 2379 1616 2412 Marcum
1633 2406 1640 2420 ‚
1667 2377 1726 2411 sub

981 2434 1099 2466 annulo
1116 2433 1299 2471 piscatoris,
1326 2432 1422 2466 ‹lielx
1448 2431 1537 2472 iulii,
1559 2431 1725 2464 millesimo

981 2486 1209 2520 sexcentesimo
1227 2485 1380 2522 secundo,
1401 2485 1610 2519 Pontificatus
1627 2484 1726 2518 nostri

982 2551 1064 2574 anno
1090 2551 1131 2573 xi.

1720 252 1768 279 An.
1786 253 1812 279 C.
1838 253 1899 279 1001

1760 733 1852 759 Populus
1868 739 1907 753 uon

1725 760 1851 781 initiandus,

1756 1264 1822 1285 Huius
1837 1266 1914 1284 consti-

1731 1291 1817 1311 tutionis
1842 1291 1914 1311 eliser-

1732 1320 1824 1338 iantiam
1853 1323 1913 1343 prae-

1731 1345 1811 1365 scribit.

1760 1742 1853 1772 De'rogat
1870 1748 1919 1762 con-

1735 1772 1813 1790 [rarus.
