2253 3195
0 1713 6 1740 l

0 1750 6 1766 r

45 277 90 304 An.
107 274 134 301 C.
159 273 224 301 1603

69 548 186 569 clausulae.

71 1717 163 1739 Nunnius
178 1723 229 1744 apo-

47 1746 132 1766 stolicus
169 1751 230 1770 prau-

46 1771 110 1793 senus
128 1772 230 1792 constitu-

47 1799 109 1820 tionis
136 1804 230 1824 exequu-

47 1827 85 1847 lor.

857 275 1004 299 CLEMENS
1022 275 1079 298 vul
1097 275 1147 298 Pr.

240 327 270 354 et
287 323 465 366 respective
482 321 1137 367 possintetvaleant‚apostolica¹turbari
1180 328 1231 354 aut
1276 321 1458 364 inquietari.
1502 320 1758 354 Contradictores

241 375 568 417 auetoi·itate,ten01'e
586 376 985 420 praesentium,perpetuo
1018 375 1179 418 quoslibet
1206 385 1240 407 ae
1272 374 1456 418 praemissis
1489 384 1553 407 non
1583 379 1755 418 parentes,

241 428 448 462 concedimus
470 434 499 462 et
518 429 733 472 indulgemus.

287 483 302 523 ξ
322 481 351 514 3.
372 482 587 515 Decernentes
608 489 792 526 praesentes
814 483 935 515 litteras
955 488 986 515 et

242 534 273 567 in
287 535 332 568 eis
346 541 496 569 contenta
514 547 737 580 quaecumque
751 537 790 569 de
804 537 932 580 subrept
942 536 986 569 io-

241 588 301 625 nis,
326 590 373 622 vel
398 590 611 633 obreptionis,
632 597 687 622 aut,
707 590 863 623 nullitatis
889 590 982 627 vitio,

241 652 297 674 seu
318 642 505 675 intentionis
526 649 664 683 nostrae,
680 644 726 676 rel
749 644 811 676 alio
830 654 986 687 quocum-

241 706 304 738 que
336 696 463 729 defectu
490 696 618 736 notari,
647 696 851 740 impugnari,
879 703 933 730 aut
954 697 984 729 in

242 748 290 781 ius
321 749 367 781 vel
397 749 428 782 in
460 750 709 782 controversiam
745 750 887 783 revocari
922 761 984 783 non

241 812 353 845 posse,
380 803 435 835 sed
464 803 532 835 illas
557 813 685 846 semper
706 808 733 835 et
757 809 912 847 perpetuo
935 815 985 836 va-

240 854 321 888 lfflas
342 861 369 888 et
400 856 546 889 efficaces
571 855 726 892 existere,
751 867 890 900 suosque
911 858 982 900 ple-

240 908 348 941 narios
366 914 396 942 et
417 908 559 951 integros
580 908 712 941 etl'eetus
730 909 850 949 sortiri,
863 921 898 942 ac
913 921 986 953 per-

240 968 338 1006 petuo
365 961 594 995 inviolabiliter
618 962 800 1001 observari3
825 962 933 1006 sieque
954 969 985 996 et

240 1026 305 1048 non
326 1015 429 1056 aliter,
446 1026 504 1059 per
518 1026 740 1060 quoscumque
761 1016 893 1053 iudices,
908 1028 986 1061 qua-

241 1068 287 1102 vis
311 1069 501 1102 auctoritate
520 1070 700 1111 fungentes,
725 1070 820 1102 etiam
841 1070 871 1103 S.
897 1071 931 1103 R.
948 1071 981 1103 E.

241 1121 437 1162 cardinales,
466 1128 496 1155 et
523 1121 627 1155 dietae
657 1123 746 1156 Sedis
778 1123 931 1163 nuncios,
955 1130 986 1157 et

242 1175 525 1209 causarumPalatii
536 1175 709 1219 Apostoliei
724 1176 899 1213 auditores,
912 1178 986 1209 sub-

242 1229 306 1262 lata
327 1229 372 1263 eis
404 1235 435 1263 et
459 1240 571 1263 eorum
602 1229 732 1262 cuilibet
759 1230 870 1273 quavis
896 1230 987 1263 aliter

242 1282 406 1317 iudicandi
444 1289 475 1316 et
508 1283 742 1327 interpretandi
776 1284 924 1317 facultate
956 1290 984 1317 et

241 1336 442 1377 auctoritate,
463 1336 584 1380 ubique
605 1342 635 1369 et
656 1336 687 1369 in
707 1347 913 1381 quacumque
940 1337 986 1370 in-

242 1389 359 1422 stantia
390 1389 614 1433 interpretari,
639 1389 772 1423 iudicari
803 1396 834 1423 et
859 1391 985 1423 definiri

243 1443 380 1483 debere3
404 1443 529 1476 irritum
553 1454 682 1487 quoque
703 1450 734 1476 et
762 1444 855 1477 inane
886 1444 982 1488 quid-

243 1496 322 1540 quid
342 1507 434 1530 seeus
454 1507 551 1540 super
568 1496 617 1530 bis
637 1507 655 1529 a
676 1507 852 1541 quoquam,
877 1498 987 1541 quavis

244 1550 445 1591 auctoritate,
466 1550 606 1584 scienter
630 1551 678 1583 vel
700 1551 895 1593 ignoranter,
909 1562 986 1584 eon-

244 1603 353 1647 tigerit
370 1604 529 1637 attentari.

289 1657 304 1700 §
321 1656 352 1690 4.
372 1657 409 1690 Et
425 1657 637 1690 nihilominus
655 1657 773 1691 dilecto
793 1657 859 1691 tilio
877 1664 986 1691 nostro

246 1716 276 1743 et
296 1710 398 1744 dictae
419 1710 509 1744 Sedis
529 1711 561 1744 in
582 1711 748 1755 praedicto
777 1722 877 1754 regno
902 1712 984 1745 Nea-

245 1763 390 1808 politano
420 1764 539 1797 nuncio
570 1775 656 1798 nune
691 1771 720 1798 et
752 1775 810 1809 pro
842 1771 987 1809 tempore

245 1817 413 1858 existenti,
436 1828 495 1861 per
522 1824 725 1862 praesentes,
752 1824 840 1851 motu
866 1818 984 1860 simili,

245 1870 478 1904 committimus
499 1877 530 1904 et
550 1872 752 1913 mandamus,
775 1878 932 1916 quatenus
946 1873 989 1906 ei-

245 1925 318 1958 dem
337 1924 494 1958 maiestati
517 1931 588 1959 tuae
617 1937 653 1959 ac
685 1926 813 1970 proregi
834 1932 865 1959 et
885 1927 990 1970 capel—

245 1979 318 2012 lano
337 1979 464 2020 maiori,
488 1979 623 2023 aliisque
645 1980 827 2024 praedietis,
852 1981 990 2013 auctori-

245 2037 308 2065 tate
327 2037 447 2073 nostra,
465 2032 626 2074 assistens,
643 2039 827 2077 praesentes
848 2033 986 2074 litteras,

245 2091 276 2118 et
303 2085 334 2117 in
363 2085 408 2118 cis
436 2091 588 2119 contenta
616 2097 856 2130 quaecumque,
881 2086 935 2118 ubi
961 2092 991 2120 et

246 2139 376 2183 quando
397 2149 478 2183 opus
496 2144 527 2172 et
544 2140 670 2183 quoties
691 2140 864 2184 requisitus
882 2140 986 2181 fuerit,

246 2191 475 2226 inviolabiliter
501 2199 659 2237 perpetuo
680 2193 720 2226 ab
748 2193 827 2233 illis,
849 2193 888 2225 ad
911 2204 991 2237 quos

246 2251 382 2290 spectat,
406 2246 455 2279 vel
480 2257 539 2290 pro
572 2252 716 2290 tempore
745 2247 991 2290 quomodolibet

247 2299 414 2343 spectabit,
442 2305 600 2343 perpetuo
621 2299 795 2340 observari,
817 2299 990 2342 omniaque

247 2358 278 2385 et
294 2352 420 2395 singula
437 2353 510 2394 alia,
524 2364 607 2397 quae
621 2353 651 2385 in
667 2352 851 2397 praemissis
863 2358 893 2385 ct
906 2353 991 2385 ‹tii-ea

248 2417 284 2439 ea
315 2406 434 2440 suerint
464 2407 712 2451 quomodolibet
744 2406 925 2439 iim-essarta
962 2411 991 2438 et

247 2466 441 2504 opportuna,
465 2461 568 2501 saciat„
593 2461 723 2494 mandet
744 2466 774 2493 et
794 2465 987 2502 exequatur,

247 2524 312 2547 non
331 2515 520 2558 permittens
537 2514 692 2557 singulos,
706 2525 787 2558 quos
807 2518 991 2557 praesentes

249 2573 459 2608 concernunt,
487 2568 533 2600 vel
555 2578 614 2611 pro
633 2573 778 2611 tempore
796 2575 991 2600 concernere

249 2620 437 2663 eontigerit,
462 2626 575 2654 eontra
596 2621 724 2654 illarum
747 2626 907 2655 tenorem,
936 2628 992 2662 per

249 2678 470 2719 quoscumque
481 2673 726 2718 quomodolibet
738 2671 911 2710 molestari,
922 2677 991 2714 per-

1019 440 1076 472 per
1096 440 1245 463 censuras
1267 429 1509 467 ecclesiasticas,
1533 440 1569 462 ae
1588 429 1682 462 etiam
1705 439 1759 472 pe-

1019 482 1178 515 cuniarias
1198 492 1330 526 poenas,
1342 482 1466 525 aliaque
1485 487 1668 525 opportuna
1683 481 1760 514 iuris

1019 542 1047 569 et
1071 536 1143 569 faeti
1164 536 1317 575 remedia,
1335 536 1551 579 appellatione
1569 535 1756 579 postposita,

1019 589 1208 622 auctoritate
1223 594 1340 627 nostra,
1352 589 1599 632 compescendo,
1613 588 1759 621 invocato

1019 643 1058 675 ad
1080 642 1162 681 boc,
1186 642 1210 674 si
1237 652 1317 686 opus
1350 642 1466 677 suerit.
1491 641 1609 675 auxilio
1635 640 1759 674 brachii

1020 696 1204 728 saecularis.

1064 750 1080 791 g
1101 748 1131 781 ἶ).
1148 749 1216 782 Non
1229 749 1429 782 obstantibus
1443 748 1628 792 praemissis
1641 759 1677 781 ae
1689 747 1760 791 qui-

1020 802 1125 835 busvis
1143 802 1337 845 apostolicis,
1358 812 1483 835 necnon
1504 802 1535 834 in
1557 801 1760 845 provinciali-

1019 855 1078 887 bus
1099 855 1145 888 vel
1167 855 1372 897 generaliljms
1392 855 1536 888 conciliis
1565 854 1657 887 editis
1677 865 1757 887 con-

1018 907 1238 940 stitutionibus
1260 913 1289 940 et
1315 907 1584 947 ordinationibus,
1601 917 1635 940 ac
1657 907 1759 940 dictae

1019 961 1177 995 Ecclesiae
1194 962 1433 1006 Neapolitanae,
1447 961 1541 995 etiam
1564 961 1757 1001 iuramento,

1019 1014 1264 1048 confirmatione
1285 1015 1478 1059 apostolica,
1502 1015 1548 1048 vel
1577 1014 1687 1058 quavis
1707 1014 1761 1047 fir-

1021 1068 1129 1101 mitate
1151 1068 1212 1101 alia
1239 1068 1399 1102 roboratis
1427 1068 1551 1102 statutis
1575 1073 1603 1101 et
1625 1078 1761 1101 consue-

1021 1121 1195 1162 tudinibus,
1219 1122 1392 1166 privilegiis
1412 1132 1558 1166 quoque,
1579 1121 1711 1155 indultis
1732 1127 1763 1154 et

1020 1175 1132 1208 litteris
1152 1175 1335 1218 apostolicis
1354 1180 1464 1209 contra
1482 1174 1658 1219 praemissa
1676 1185 1759 1218 quo-

1660 262 1722 295 887
1770 271 1817 299 An.
1841 272 1870 299 c.
1889 271 1956 299 1603

1824 756 1958 777 (instantium

1775 784 1893 809 derogatio.

1021 1228 1195 1261 modolibet
1218 1228 1322 1268 editis,
1352 1228 1606 1272 disponentibus,
1631 1238 1762 1261 conees-
1783 1252 1787 1256 .

1020 1282 1082 1321 sis,
1107 1281 1305 1315 confirmatis
1326 1288 1356 1315 et
1376 1282 1555 1321 innovatis,
1586 1281 1702 1325 quibus
1722 1291 1758 1314 o-

1022 1335 1149 1367 mnibus
1170 1341 1201 1368 et
1225 1334 1370 1377 singulis,
1395 1335 1488 1368 etiam
1508 1334 1532 1367 si
1554 1344 1612 1378 pro
1634 1334 1762 1367 illorum

1020 1388 1192 1422 sufficienti
1208 1388 1429 1431 derogatione,
1443 1388 1481 1421 de
1503 1388 1564 1421 illis
1585 1397 1763 1430 eorumque

1021 1442 1094 1475 totis
1116 1442 1298 1481 tenoribus,
1323 1442 1444 1475 mentio
1465 1452 1521 1475 seu
1553 1441 1683 1485 quaevis
1703 1440 1764 1473 alia

1021 1496 1182 1539 expressio
1206 1495 1374 1535 habenda,
1398 1501 1452 1528 aut
1475 1495 1583 1538 aliqua
1609 1493 1765 1538 exquisita

1022 1550 1126 1582 forma
1143 1549 1182 1582 ad
1203 1548 1264 1581 boe
1285 1548 1441 1581 servanda
1459 1548 1553 1587 foret,
1579 1547 1709 1580 illorum
1730 1557 1765 1579 o-

1022 1603 1145 1636 mnium
1166 1608 1197 1635 et
1216 1602 1417 1644 singulorum
1444 1606 1582 1641 tenores,
1606 1610 1761 1643 praesen-

1024 1657 1106 1689 tibus
1127 1666 1185 1700 pro
1205 1656 1300 1699 plene
1321 1660 1352 1688 et
1373 1654 1570 1688 sufficienter
1590 1654 1762 1697 expressis,

1023 1721 1057 1743 ac
1076 1710 1114 1743 de
1136 1709 1233 1742 verbo
1254 1708 1293 1741 ad
1311 1708 1444 1741 verbum
1462 1706 1762 1745 insertisliabcntes,

1023 1763 1084 1796 illis
1102 1763 1179 1795 alias
1199 1762 1230 1794 in
1251 1771 1308 1795 suo
1329 1761 1447 1794 robore
1461 1759 1692 1805 permansuris,
1706 1759 1766 1792 bac

1024 1817 1089 1849 vice
1111 1816 1286 1856 dumtaxat,
1308 1814 1422 1847 barum
1441 1814 1536 1854 serie,
1553 1814 1592 1847 ad
1614 1813 1763 1846 effectum

1024 1869 1296 1914 praemissorum,
1325 1874 1435 1907 motu,
1459 1866 1592 1900 seientia
1622 1872 1648 1899 et
1676 1871 1766 1910 pote-

1024 1923 1113 1956 statis
1138 1921 1338 1966 plenitudine
1363 1920 1540 1960 similibus,
1572 1919 1766 1961 derogamus

1025 1983 1053 2010 et
1081 1976 1119 2008 ad
1149 1975 1280 2019 plenum
1309 1974 1498 2016 derogatum
1525 1983 1593 2006 esse
1620 1972 1768 2005 volumus

1026 2035 1053 2062 et
1072 2029 1285 2065 declaramus,
1299 2027 1497 2071 eaeterisque
1516 2025 1684 2059 contrariis
1698 2024 1767 2068 qui-

1026 2084 1237 2125 buseumque.

1070 2136 1084 2179 g
1105 2135 1134 2168 ti.
1160 2135 1203 2168 Nc
1225 2144 1311 2173 vero,
1336 2144 1418 2177 quae
1440 2133 1478 2165 ad
1499 2132 1681 2176 aliquorum
1703 2131 1764 2163 bo-

1026 2199 1138 2223 norem
1175 2194 1206 2221 et
1243 2186 1499 2231 praerogativam
1537 2184 1763 2224 concedimus,

1025 2243 1106 2283 aliis,
1127 2241 1313 2286 praesertim
1335 2240 1479 2272 locorum
1502 2237 1688 2276 Ordinariis,
1714 2236 1763 2269 ni-

1027 2296 1085 2328 mis
1115 2293 1356 2339 praeiu‹li‹·ialia
1388 2292 1539 2329 existant,
1563 2291 1767 2333 liberumque

1025 2349 1064 2381 sit
1085 2358 1143 2392 pro
1164 2347 1254 2380 libito
1275 2346 1406 2379 clericos
1423 2355 1439 2377 a
1459 2343 1678 2377 iurisdictione
1699 2342 1767 2386 epi-

1025 2412 1197 2445 scoporum
1230 2406 1259 2432 et.
1284 2398 1602 2442 arebiupiscoporum
1624 2396 1682 2429 sub
1702 2395 1765 2428 liu-

1027 2454 1164 2488 iusmodi
1195 2451 1405 2496 exemptionis
1437 2455 1602 2494 praetextu
1634 2449 1763 2482 subtra-

1027 2509 1122 2549 here,
1157 2507 1304 2540 volumus
1335 2511 1363 2538 et
1401 2514 1547 2548 expresse
1579 2503 1770 2535 mandamus

1027 2568 1061 2595 ut
1079 2567 1184 2595 certus
1201 2559 1317 2603 aliquis
1334 2558 1497 2599 regiorum
1513 2557 1765 2601 capellanorum,

1026 2615 1229 2648 sacerdotum
1251 2613 1327 2646 item
1349 2617 1377 2644 et
1408 2611 1599 2645 clericorum
1626 2609 1656 2641 in
1684 2608 1772 2650 regia

1027 2668 1149 2713 capella
1174 2672 1204 2699 et
1225 2666 1255 2698 in
1283 2664 1441 2698 fortalitiis
1463 2663 1634 2708 praedictis
1664 2662 1767 2708 depu-

1824 2134 1966 2154 Praecavetur

1782 2166 1807 2181 ue
1841 2159 1966 2180 Ordiuarin-

1782 2193 1826 2207 runi
1846 2186 1965 2206 iurisdictio

1782 2214 1879 2234 daiumun
1899 2212 1965 2238 patia-

1782 2243 1821 2261 tur.
