2253 3195
62 263 113 292 Au.
128 261 157 290 C.
182 261 248 289 1603

87 747 207 770 clausulae.
219 749 222 752 ’

89 1279 246 1301 Contrariorum

63 1306 181 1333 derogatio.

102 2452 218 2475 'Exordium
234 2459 245 2474 a

62 2479 153 2506 Philippi
162 2481 188 2501 111
197 2485 247 2505 erga

63 2506 141 2528 Sedem
156 2507 193 2533 Ap,
204 2514 246 2528 ine-

63 2533 108 2554 ritis
122 2534 218 2560 petitum.

875 265 1023 289 CLEMENS
1044 266 1100 289 VIII
1122 266 1172 289 I‘I‘.

259 321 349 350 num,
364 312 497 355 eiusque
507 311 659 346 officiales
669 312 1002 356 alitcrappellatioues

259 364 447 404 admittere,
476 371 506 398 et
531 376 641 398 earum
675 377 786 399 causas
807 377 1001 408 cognoscere

260 424 289 451 et
307 418 458 462 expedire
479 419 568 452 nullo
590 420 687 453 modo
708 430 812 463 posse,
832 420 998 464 irritaque,

258 472 347 511 nulla
365 477 396 504 et
413 472 551 505 invalida
568 484 635 506 esse
647 479 678 505 et
691 474 757 506 sore
778 484 1001 517 quaecumque

260 531 346 565 acta,
370 525 498 559 decreta
519 532 549 559 et
569 526 742 559 sententias
764 526 795 559 in
815 526 1001 560 huiusmodi

260 580 374 621 causis,
391 591 456 614 non
476 586 600 613 servata
621 580 725 613 forma
744 580 939 624 supradicta,
958 581 1001 613 sa-

261 634 375 667 eienda
395 639 425 666 et
442 633 584 666 serenda.

307 688 323 729 ξ
352 686 400 720 18.
425 686 540 730 Sicque
559 692 589 720 et
612 697 676 719 non
697 686 800 725 aliter,
829 697 886 730 per
904 697 1000 731 quos-

262 751 401 784 cumque
422 740 544 773 iudiees
572 740 754 773 ordinarios
775 746 805 773 et
825 741 998 782 delegatos,

263 794 359 827 etiam
380 804 550 826 causarum
580 793 693 826 Palatii
714 794 888 837 Apostolici
911 794 1002 826 audi-

263 851 368 886 tores,
401 857 437 879 ac
468 852 595 879 nostros
625 853 656 879 et
684 847 889 890 Apostolicac
913 847 1003 881 Sedis

262 899 415 939 nuncios,
439 911 475 933 ac
499 900 594 933 etiam
623 900 653 934 S.
682 901 717 934 R.
742 901 775 933 Ε.
809 901 999 939 cardinales,

263 953 357 986 etiam
373 954 412 987 de
426 953 526 987 latere
546 954 680 996 legatos,
702 954 851 993 iudicari,
876 954 1001 987 definiri

264 1012 295 1040 et
306 1006 511 1050 interpretari
528 1007 658 1047 debere,
674 1018 711 1040 ae
728 1007 853 1040 irritum
865 1014 896 1040 et
910 1007 1004 1040 inane

263 1060 421 1105 quidquid
453 1071 544 1094 secus
573 1072 669 1105 super
699 1061 747 1094 his
772 1072 789 1094 a
824 1073 1000 1105 quoquam,

263 1114 374 1158 quavis
395 1114 597 1153 auctoritate,
625 1114 764 1147 scienter
784 1115 832 1146 vet
853 1114 1004 1156 ignoran-

264 1173 322 1208 ter,
347 1168 518 1209 contigerit
535 1168 685 1201 attentari
703 1168 918 1201 decernimus.

308 1223 324 1263 ξ
348 1220 398 1254 to.
415 1221 484 1254 Non
499 1221 700 1255 obstantibus
721 1221 1004 1254 constitutionibus

264 1279 295 1307 et
314 1274 574 1307 ordinationibus
592 1275 785 1318 apostolicis,
805 1275 1004 1319 caeterisque

264 1327 434 1360 contrariis
454 1327 724 1371 quelibuscumque.

306 1381 419 1414 Datum
432 1382 553 1414 Romae
569 1382 654 1425 apud
674 1382 703 1415 S.
725 1382 855 1415 Petrum
874 1382 932 1415 sub
949 1393 1001 1415 an-

262 1435 339 1468 nulo
358 1435 550 1475 piscatoris,
583 1436 634 1469 die
660 1447 691 1469 ix
718 1435 855 1469 ianuarii
885 1446 999 1475 noent,

261 1488 468 1533 pontificatus
488 1489 589 1522 nostri
607 1500 690 1522 anno
709 1489 893 1523 undecimo.

296 1551 355 1578 Dat.
370 1551 414 1578 die
434 1552 450 1578 9
468 1551 584 1579 ianuarii
610 1552 684 1585 1603,
706 1552 801 1587 pontif.
818 1561 861 1579 an.
879 1560 912 1579 xi.

557 1725 701 1759 CCCVIII.

260 1823 413 1856 Diversae
431 1823 614 1865 simultate&
637 1824 765 1865 cratiae.
785 1828 813 1856 et
834 1824 1003 1857 concessio-

304 1895 359 1917 nes
377 1895 436 1928 pro
466 1885 635 1928 capellano
661 1886 782 1918 maiori
806 1887 914 1929 ressiac
945 1898 999 1919 ca-

302 1946 408 1989 pellae
427 1947 512 1990 reqis
532 1947 744 1991 Neapolitani
763 1948 781 1980 ¹.

261 2036 443 2065 charissimo
463 2037 494 2064 in
515 2037 632 2065 Christo
657 2038 718 2066 filio
739 2041 844 2066 nostro
866 2039 1003 2073 Philippo

296 2090 507 2125 Hispaniarum
536 2094 567 2118 et.
595 2086 755 2125 utriusque
785 2092 906 2120 Siciliae
940 2094 1003 2128 regi

296 2145 446 2173 catholico

448 2201 603 2233 Clemens
617 2203 711 2244 Papa
725 2203 817 2233 VIII.

345 2272 524 2299 charissime
544 2273 575 2299 in
602 2273 718 2300 Christo
742 2273 784 2299 flti
808 2275 928 2305 noster,

305 2327 435 2354 salutem
451 2330 482 2354 et.
502 2327 701 2360 apostolicam
715 2316 967 2354 benedictionem.

305 2397 451 2432 Gloriosa
476 2398 721 2441 progenitorum
742 2404 871 2431 tuorum
893 2399 924 2431 in
945 2400 1002 2432 Se-

262 2450 334 2483 dent
355 2450 573 2494 Apostolicam
598 2452 791 2495 promerita,
815 2462 850 2484 ac
875 2452 1003 2495 praeei-

261 2514 344 2547 puae
367 2504 541 2537 maiestatis
563 2510 635 2538 tuae
660 2516 735 2547 erga
757 2516 814 2538 nos
842 2506 1006 2538 eamdem-

263 2567 324 2600 que
345 2557 460 2590 Sedent
481 2557 625 2591 sincerae
646 2558 824 2591 devotionis
846 2559 934 2595 tides.
956 2569 1006 2591 re-

263 2610 456 2653 ligionisque
478 2610 654 2644 catholicae
672 2612 900 2655 propagandae
912 2612 1007 2644 ardor

301 2674 311 2699 l
331 2672 367 2699 Ex
382 2673 489 2708 Regest.
506 2673 533 2700 in
553 2674 658 2700 Secret.
678 2674 811 2701 Breviuin.

1682 252 1747 288 883

1036 319 1064 346 et
1086 313 1227 346 studium
1250 323 1307 346 uos
1328 313 1483 346 inducunt
1503 318 1537 346 ut
1557 323 1639 357 quae
1660 313 1698 345 ad
1721 312 1778 344 mi-

1038 366 1209 399 nistrorum
1244 373 1371 399 tuorum
1405 367 1577 405 decorem,
1607 366 1778 409 regiaeque

1036 419 1166 452 ditionis
1187 420 1390 463 splendorem
1418 421 1599 453 conducere
1621 420 1778 463 prospici-

1036 483 1128 513 mus,
1162 474 1338 517 apostolica
1369 474 1559 507 liberalitate
1588 474 1775 513 largiamur.

1036 527 1081 559 Ad
1108 528 1193 570 quod
1225 528 1452 570 praestandum
1483 537 1521 560 eo
1549 527 1701 560 libentius
1731 527 1778 560 iu-

1035 580 1194 619 ducimur,
1212 591 1276 624 quo
1298 580 1356 613 hac
1376 581 1496 614 ratione
1516 581 1687 613 multarum
1703 591 1780 613 con-

1037 634 1275 673 troversiarum,
1305 645 1386 678 quae
1410 645 1445 667 ex
1471 634 1591 677 antiqui
1623 634 1779 677 privilegii

1036 687 1300 730 interpretatione
1325 688 1440 720 exoriri
1462 693 1709 727 consueverunt,
1728 688 1777 720 in-

1036 740 1216 773 commodis
1237 741 1360 773 occurri
1384 751 1476 783 posse
1497 751 1674 784 speramus.

1081 796 1097 836 ξ
1129 794 1158 827 t.
1193 794 1269 827 Cum
1302 794 1428 837 itaque,
1458 795 1539 827 sicut
1570 794 1775 838 accepimus,

1037 848 1140 880 clarae
1163 848 1337 881 memoriae
1358 848 1583 891 Hispaniarum
1606 854 1636 880 et
1655 848 1776 881 utrius-

1037 912 1098 944 que
1125 901 1251 935 Siciliae
1277 912 1367 942 reges
1392 901 1563 938 cassliolich
1593 906 1777 934 antecesso-

1037 964 1086 987 res
1101 954 1163 990 tui,
1188 965 1204 987 a
1219 955 1366 998 pluribus
1384 954 1537 987 Romanis
1557 954 1777 994 Pontificibus,

1039 1007 1339 1050 praedecessoriluis
1356 1008 1482 1045 nostris,
1501 1008 1624 1040 diversa
1644 1007 1777 1048 indulta,

1038 1060 1201 1103 privilegia
1216 1060 1398 1104 gratiasque
1415 1060 1597 1104 spirituales
1611 1066 1642 1094 et
1657 1066 1781 1103 tempo-

1039 1113 1120 1146 rales
1139 1124 1196 1157 pro
1212 1124 1322 1146 eorum
1339 1114 1462 1157 capella
1474 1120 1504 1146 et
1517 1113 1660 1146 eiusdem
1673 1114 1780 1156 capel·

1039 1167 1086 1199 lae
1109 1167 1221 1200 maiori
1245 1168 1411 1211 capellano
1427 1164 1782 1211 nuncupato‚'aliisque

1040 1220 1070 1253 in
1102 1221 1213 1253 eadem
1243 1221 1366 1264 capella
1398 1221 1670 1259 deservientibus,
1694 1221 1780 1254 obti-

1040 1274 1177 1313 nuerint,
1202 1285 1339 1317 qnorum
1374 1274 1564 1313 occasione,
1593 1274 1781 1317 praesertim

1039 1328 1252 1370 quarumdam
1294 1328 1393 1361 felicis
1432 1327 1664 1361 recordationis
1702 1328 1782 1360 Leo-

1038 1381 1086 1414 nis
1106 1381 1140 1419 X,
1169 1382 1227 1414 suli
1249 1382 1358 1414 datum
1385 1392 1408 1415 11
1430 1381 1550 1425 aprilis,
1575 1381 1781 1425 pontificatus

1037 1435 1085 1468 sui
1106 1445 1191 1468 anno
1212 1435 1366 1478 septimo,
1388 1436 1496 1479 plures
1516 1446 1533 1467 a
1554 1435 1663 1468 multis
1688 1434 1780 1467 annis

1038 1488 1121 1521 inter
1146 1488 1315 1531 episcopos
1348 1494 1379 1521 et
1409 1488 1670 1532 archiepiscopos
1690 1488 1781 1529 regni

1038 1542 1238 1586 Neapolitani
1260 1548 1291 1575 et
1311 1542 1495 1586 capellanos
1520 1542 1658 1575 maiores
1678 1541 1709 1574 in
1735 1542 1782 1575 di-

1038 1601 1088 1628 eto
1118 1606 1217 1637 regno
1248 1595 1459 1639 Neapolitano
1487 1595 1694 1634 constitutos,
1722 1606 1781 1638 pro

1040 1654 1184 1692 tempore
1206 1648 1395 1687 existentes,
1419 1648 1673 1688 controversiae,
1698 1648 1781 1681 circa

1038 1701 1266 1735 iurisdictionis
1284 1701 1519 1735 ecclesiasticae
1539 1712 1630 1734 usum
1653 1707 1781 1734 exortae

1037 1761 1160 1795 sunt,et
1176 1755 1323 1798 usquein
1338 1760 1537 1799 praesentem
1554 1755 1637 1787 diem
1654 1754 1777 1797 vigent:

1082 1811 1098 1851 ἓ
1120 1808 1149 1841 Q.
1173 1809 1254 1848 Nos,
1279 1809 1333 1851 qui
1359 1809 1397 1841 de
1422 1808 1606 1852 praemissis
1630 1808 1781 1841 omnibus

1038 1863 1130 1906 plene
1148 1868 1179 1895 et
1199 1862 1394 1895 sufficienter
1415 1862 1578 1895 informati
1600 1873 1721 1902 sumus,
1745 1873 1780 1895 ac

1037 1916 1165 1959 plenam
1189 1915 1336 1948 notitiam
1365 1915 1541 1954 habemns,
1566 1921 1600 1947 ut
1621 1914 1777 1958 imposte-

1038 1980 1107 2001 rum
1123 1980 1234 2001 omnes
1256 1968 1471 2001 dictitationes
1489 1979 1525 2001 ac
1546 1968 1649 2009 iurgia
1666 1979 1780 2011 ampu-

1039 2028 1155 2062 tentur,
1169 2034 1205 2055 ac
1225 2022 1378 2066 periculis
1399 2033 1480 2065 quae
1501 2022 1615 2055 exinde
1636 2021 1780 2055 fidelium

1038 2076 1206 2108 animabus
1228 2076 1364 2108 maxime
1389 2075 1559 2108 imminent
1579 2080 1778 2115 occurratur,

1039 2130 1230 2174 opportunis
1250 2129 1400 2163 remediis
1426 2128 1594 2172 providere
1619 2129 1778 2168 volentes,

1039 2194 1075 2217 ac
1095 2189 1264 2227 propterea
1286 2182 1406 2215 litteras
1421 2182 1534 2215 Leonis
1555 2182 1782 2225 praedeeesso-

1041 2238 1082 2270 ris
1103 2236 1299 2276 huiusmodi,
1315 2241 1345 2269 et
1367 2236 1396 2268 in
1418 2236 1462 2269 eis
1483 2242 1644 2274 contenta,
1661 2246 1697 2268 ac
1711 2235 1784 2268 inde

1039 2297 1174 2334 sequuta
1198 2300 1444 2334 qrmecumque,
1468 2297 1579 2322 contra
1600 2294 1631 2321 et
1652 2295 1781 2332 praeter

1040 2343 1255 2387 praesentium
1289 2349 1445 2381 tenorem,
1470 2342 1624 2375 hacteuus
1648 2350 1785 2385 quomo-

1040 2396 1159 2430 dolibet
1182 2396 1359 2435 observata,
1384 2396 1429 2428 rel
1461 2400 1645 2438 praetensa,
1670 2394 1783 2427 harum

1040 2450 1132 2488 serie,
1157 2450 1349 2491 abrogantes
1370 2455 1399 2481 ct
1419 2449 1632 2487 annullantes,
1657 2459 1692 2481 ac
1712 2459 1782 2480 ma-

1042 2504 1184 2536 iestatem
1207 2508 1315 2540 tuam,
1340 2512 1435 2545 qitzun
1468 2501 1573 2534 divina
1606 2501 1783 2544 opitulante

1041 2556 1151 2599 gratia,
1174 2561 1341 2599 parentum
1365 2561 1492 2588 tuorum
1512 2554 1642 2597 vestigia
1662 2561 1785 2587 sectan-

1043 2616 1117 2647 tem,
1136 2610 1166 2641 in
1186 2609 1253 2642 dies
1275 2609 1374 2651 magis
1392 2620 1428 2641 ae
1450 2608 1550 2650 magis
1567 2614 1733 2641 strenuum
1755 2614 1786 2640 et

1043 2664 1192 2696 invit-tum
1216 2662 1291 2696 fidei
1324 2664 1546 2703 defensorem,
1574 2673 1610 2695 ae
1632 2672 1705 2695 rere
1727 2673 1782 2694 ca-

1794 263 1844 290 An.
1865 261 1977 290 &1603

1830 802 1861 822 Ob
1877 807 1979 822 cont-essa

1795 828 1989 853 regumaoettanis,

1796 855 1906 880 privilegia
1932 855 1980 875 lues

1796 885 1849 902 niter
1858 887 1894 901 eos
1907 884 1927 902 et
1936 882 1979 906 epi-

1795 914 1870 932 senpos
1894 910 1979 928 exortae

1796 936 1886 956 l'uerunt.

1810 1812 1982 1835 Ctemenffiahro-

1796 1841 1850 1865 :ntis
1895 1840 1981 1866 quibu<-

1797 1867 1844 1887 dam
1868 1866 1945 1886 Leonis
1965 1866 1982 1887 X

1796 1893 1870 1914 interi<
1905 1893 1923 1912 in
1957 1893 1982 1913 iis

1797 1926 1850 1945 quae
1864 1920 1982 1946 praeseuti-

1797 1947 1834 1967 lius

1797 1976 1840 1997 tur,

1866 1947 1903 1967 adt
1910 1952 1982 1966 ursan-
