2253 3195
270 234 319 260 Διὶ.
337 234 366 260 C.
388 233 449 261 160t

289 723 404 743 finctores
420 721 457 742 de-

272 751 338 775 putat.
379 750 459 770 slsilulu

271 777 302 797 nis
310 775 413 803 :praemio
426 775 459 797 bis

272 804 326 824 mitte
342 806 394 824 scut.

502 225 564 259 756

471 295 565 317 causa
590 290 620 316 et
639 283 789 316 instantia
805 310 812 321 ,
836 283 961 315 sublata
983 282 1027 315 eis
1048 289 1077 315 et
1100 293 1212 315 eorum

471 338 601 371 cuilibet
620 337 731 380 quavis
756 336 849 369 aliter
871 336 1034 370 iudicandi
1057 342 1088 370 et
1117 337 1213 370 inter-

471 390 617 434 pretandi
639 391 790 423 facultate
804 395 833 422 et
852 390 1054 430 auctoritate,
1079 390 1213 424 iudicari

471 450 501 477 et
521 443 648 476 deliniri
670 443 799 481 debere.
824 453 949 477 necnon
970 444 995 476 si
1009 454 1101 477 secus
1118 455 1214 488 super

470 496 519 529 his
532 507 549 528 a
567 506 744 540 quoquam,
761 496 872 540 quavis
892 496 1094 537 auctoritate⁵
1112 497 1214 530 scien-

472 556 519 582 ter
539 549 585 582 vel
608 549 816 592 ignoranter,
851 549 1022 592 contigerit
1050 550 1210 587 attentari,

472 603 600 636 irritum
619 609 650 637 et.
670 603 764 637 inane
783 604 997 637 decernimus.

518 658 533 698 ξ
563 656 614 689 ll.
650 657 687 690 Ut
715 662 822 690 autem
859 657 1044 690 huiusmodi
1071 657 1215 690 decimae

475 709 598 743 facilius
612 710 790 753 exigantur,
810 710 1042 744 fraternitatem
1063 716 1161 751 tuam,
1180 721 1215 743 ac

475 763 673 796 venerabiles
698 764 812 796 fratres
833 764 1048 807 patriarcham
1070 764 1216 797 Venetia-

475 827 545 849 rum
568 822 597 849 et
615 817 802 861 episcopum
821 817 1024 851 vicentinum
1049 817 1089 851 ad
1114 817 1215 851 dietas

474 871 615 904 decimas
631 871 803 914 exigendas
819 899 826 911 ,
854 872 995 915 ducique
1019 878 1050 905 et
1070 872 1214 905 dominio

472 924 654 968 praedietis,
681 925 746 958 sive
770 925 838 958 eius
856 925 1012 959 ministris
1032 926 1071 958 ad
1095 925 1124 959 id
1141 937 1214 970 spe-

473 977 595 1011 cialiter
608 978 768 1023 deputatis
788 979 906 1019 statim,
923 979 1012 1012 nulla
1027 979 1215 1024 interposita

473 1042 574 1072 mora,
587 1038 615 1065 et
629 1031 698 1065 sine
719 1032 826 1076 aliqua
839 1043 973 1076 prorsus
987 1032 1212 1074 diminutione,

472 1085 519 1118 vel
549 1086 740 1125 retentione,
771 1092 826 1119 aut
851 1086 1094 1127 detractatione,
1119 1087 1214 1120 etiam

472 1149 536 1172 non
573 1139 725 1172 detractis
760 1139 904 1183 quinque
935 1150 995 1183 pro
1030 1133 1216 1174 centenario

471 1193 623 1226 Gamerae
644 1199 771 1227 nostrae
796 1193 980 1237 praedictae
1003 1194 1033 1227 in
1052 1195 1216 1229 exactione

473 1246 583 1279 talium
617 1247 815 1280 deeimarum
849 1247 1003 1291 applicari
1036 1248 1212 1287 consuetis,

474 1299 596 1341 integre
633 1300 887 1342 consignandas,
922 1311 1032 1333 earum
1069 1301 1213 1335 deeima—

474 1364 544 1387 rum
575 1355 764 1388 collectores
791 1361 818 1388 et
849 1362 1014 1389 exactores
1042 1367 1100 1400 per
1125 1368 1217 1401 prae-

474 1414 578 1441 sentes
599 1409 824 1442 constituimus
843 1415 873 1442 et
890 1409 1093 1453 deputamus,
1111 1421 1148 1443 ac
1161 1411 1215 1443 tibi

475 1467 503 1493 et
526 1461 727 1505 patriarchae
749 1462 954 1495 Venetiarum
971 1490 978 1497 .
1002 1473 1039 1495 ac
1064 1463 1216 1508 episcopo

475 1516 690 1549 vicentinensi
707 1527 767 1560 pro
782 1527 890 1558 onere,
906 1517 992 1560 quod
1005 1517 1035 1550 in
1050 1518 1216 1552 exactione

476 1569 635 1602 dictarum
671 1570 870 1603 decimarum
900 1571 1120 1613 sustinebitis,
1151 1572 1216 1605 duo

477 1623 575 1656 millia
593 1628 681 1656 scuta
701 1623 769 1656 auri
797 1623 826 1656 in
850 1634 941 1664 auro,
959 1635 994 1657 ex
1018 1625 1138 1659 eisdem
1160 1626 1216 1659 de-

476 1677 567 1710 cimis
585 1677 787 1717 detrahendi,
811 1684 837 1711 et
859 1678 987 1711 illorum
1010 1679 1214 1714 medietatem

477 1731 630 1764 intervos
654 1741 712 1775 pro
736 1731 862 1775 aequali
883 1732 1042 1776 portione,
1063 1739 1092 1766 et
1113 1734 1217 1778 quoli-

465 1786 529 1820 ‚itssl
548 1795 634 1818 anno
659 1785 803 1818 eiusdem
827 1786 1030 1830 quadriennii
1064 1798 1123 1831 pro
1148 1794 1216 1822 rata

477 1838 691 1871 ‹listribuemli
709 1844 736 1870 et
757 1838 938 1879 diridemli;
962 1839 1118 1884 reliquam
1141 1851 1216 1874 vero

478 1891 681 1924 medietatem
704 1892 993 1926 subcollectoribus
1007 1899 1035 1926 et
1055 1893 1124 1926 aliis
1145 1905 1216 1927 exa-

477 1945 620 1978 ctoribus
651 1951 679 1977 et
713 1946 978 1989 prot-uiatoribus
1013 1947 1052 1979 ad
1087 1948 1214 1981 easdem

477 1999 823 2041 ‹lecimascolligendas
836 2000 1007 2043 deputati&
1024 2000 1119 2034 etiam
1135 2011 1216 2044 quo-

478 2052 551 2085 lilwt
574 2063 659 2085 anno
681 2063 739 2096 pro
755 2059 834 2093 rata,
858 2053 966 2086 liabita
987 2054 1110 2087 ratione
1129 2055 1217 2087 labo-

478 2106 519 2138 ris
540 2111 568 2138 et
588 2106 810 2150 amplitudinis
841 2107 995 2150 cuiusque
1024 2107 1158 2141 civitatis
1186 2114 1214 2141 et

477 2160 644 2199 dioecesis,
659 2160 730 2192 loro
743 2159 913 2204 salai-iijsen
927 2160 1076 2204 stipendii
1093 2166 1118 2193 et
1132 2172 1215 2193 nii-r-

477 2213 574 2252 vedis,
591 2213 772 2255 assignandi
796 2219 822 2246 et
847 2213 1077 2249 distribuemli:
1103 2214 1143 2247 ita
1166 2221 1213 2248 ta-

479 2277 550 2299 uwn
583 2273 617 2298 ut
642 2277 706 2299 non
731 2266 904 2310 quotannis
934 2266 1119 2300 huiusmodi
1152 2268 1216 2300 ‹lm›

479 2321 576 2353 millia
598 2326 698 2360 scuta,
721 2320 822 2353 sedin
846 2326 911 2353 toto
932 2321 1147 2364 quadriennio
1163 2322 1212 2355 in-

479 2381 565 2413 tegra
600 2385 727 2407 summa
755 2374 944 2407 eorumdem
970 2375 1108 2408 «litorum
1147 2376 1216 2408 mil-

480 2427 555 2459 lium
588 2433 751 2459 scutorum
783 2439 841 2471 pro
871 2433 937 2460 rata
966 2428 1107 2471 quolilwt
1131 2439 1216 2461 anno

479 2480 698 2517 ‹li-trabantur,
723 2486 749 2513 ct
770 2486 832 2513 tam
855 2492 908 2513 vos·
926 2487 955 2513 et
978 2487 1116 2514 restrum
1139 2481 1212 2525 qui-

481 2532 575 2570 libet,
599 2544 695 2576 quant
727 2533 784 2577 ipsi
810 2534 1062 2567 suta-ottevtoros
1102 2540 1131 2567 vt
1163 2534 1213 2567 atii

481 2585 647 2627 praeunti,
666 2586 788 2619 ratiom·
811 2588 971 2620 fructuum
991 2587 1211 2626 mesu-siarum,

480 2638 596 2681 quilius
621 2649 704 2670 uum:
726 2650 872 2682 praeesse
897 2639 1134 2681 dignoscimini,
1162 2646 1214 2673 aut

1053 235 1236 258 BULLARIUM
1257 234 1411 259 ROMANUM

1248 282 1280 315 in
1311 287 1475 327 posterum
1497 284 1628 327 praetiei
1644 311 1651 323 ,
1675 284 1722 317 vel
1753 284 1985 318 beneficiorum

1248 337 1453 370 obtentorum
1482 342 1537 370 aut
1556 348 1638 381 quae
1663 337 1820 377 obtinere,
1844 348 1903 371 nec
1922 348 1987 372 non

1249 390 1410 423 fruetuum
1428 417 1435 430 ‚
1465 390 1512 424 vel
1538 390 1730 434 pensionum
1752 397 1987 425 reservatarum

1249 449 1280 476 et
1319 443 1554 486 assignatarum
1588 445 1598 486 (
1614 454 1693 488 quas
1728 449 1759 477 et
1787 454 1869 487 quos
1899 445 1988 479 vobis

1250 497 1404 539 assignari
1437 498 1571 542 posthae
1608 497 1807 540 contigerit)
1848 498 1989 532 decimas

1249 550 1333 594 ipsas
1353 562 1412 595 pro
1432 557 1535 585 vestra
1554 557 1584 586 et
1602 551 1729 585 illarum
1759 558 1838 592 rata,
1862 557 1892 586 et
1913 552 1987 586 illo-

1251 614 1320 636 rum
1343 605 1519 648 quemlibet
1540 611 1701 648 tangente,
1725 605 1850 648 integre
1870 610 1901 638 et
1923 616 1990 639 rea-

1250 657 1323 691 liter
1349 659 1532 702 persolvere
1564 659 1698 693 omnino
1731 659 1926 700 teneamini,
1961 665 1992 693 et

1250 711 1333 745 dicta
1362 712 1577 756 assignatione
1605 720 1634 747 et
1667 713 1893 747 distributione
1915 723 1992 746 con-

1252 765 1328 798 tenti
1350 775 1418 798 esse
1439 765 1594 807 debeatis,
1618 776 1677 799 nec
1697 766 1874 810 quidquam
1903 765 1990 799 aliud

1250 829 1305 852 vos
1325 825 1356 852 et
1375 824 1515 852 vestrum
1535 819 1669 863 quilibet
1690 820 1904 864 praetendere
1918 827 1990 864 p'os-

1250 872 1327 906 sitis.
1927 889 1930 893 ·

1294 927 1310 968 ξ
1333 925 1384 958 12.
1407 925 1474 959 Tibi
1501 931 1531 959 et
1551 925 1620 959 aliis
1647 926 1819 970 praedictis
1833 953 1840 967 ‚
1861 937 1879 959 a
1899 925 1990 960 dictis

1250 979 1459 1024 patriarchis,
1494 980 1745 1024 archiepiscopis
1761 1007 1768 1021 ‚
1809 979 1987 1024 episcopis,

1251 1033 1369 1074 electis,
1390 1034 1686 1075 commendatariis,
1715 1032 1988 1067 administratori-

1251 1087 1321 1128 bus,
1347 1078 1523 1120 ¹abbatibus
1539 1114 1546 1128 ,
1574 1087 1747 1131 prioribus,
1776 1086 1988 1131 praepositis,

1251 1141 1420 1186 capitulis,
1449 1141 1713 1174 conventibus-et
1734 1140 1805 1174 aliis
1832 1140 1989 1185 personis,

1250 1205 1346 1239 supra
1361 1194 1518 1238 expressis
1531 1194 1682 1238 exceptis,
1699 1194 1826 1228 easdem
1838 1193 1990 1234 decimas,

1251 1254 1285 1282 ut
1303 1248 1492 1292 praefertur,
1513 1258 1571 1292 per
1583 1258 1642 1282 nos
1662 1247 1828 1292 impositas
1847 1247 1990 1292 petendi,

1252 1301 1398 1344 exigendi
1419 1307 1450 1335 et
1469 1301 1653 1345 colligendi,
1677 1301 1788 1346 eisque
1809 1307 1872 1335 tam
1894 1301 1926 1334 in
1940 1311 1994 1345 ge-

1252 1366 1328 1389 nere
1349 1366 1446 1400 quam
1472 1355 1677 1395 nominatim,
1701 1360 1732 1388 et
1753 1355 1784 1388 in
1805 1355 1912 1400 specie
1927 1382 1934 1396 ‚
1959 1360 1994 1389 ut

1252 1410 1321 1443 illas
1334 1410 1469 1449 solvant,
1484 1409 1543 1443 sub
1557 1409 1745 1453 privationis
1757 1409 1992 1442 beneficiorum

1252 1463 1542 1497 ecclesiasticorum
1581 1473 1639 1508 per
1667 1473 1721 1496 eos
1748 1462 1995 1507 quomodolibet

1251 1518 1472 1558 obtentorum,
1487 1517 1633 1562 aliisque,
1650 1522 1748 1561 prout
1768 1516 1856 1550 vobis
1873 1515 1994 1550 videbi-

1252 1578 1313 1613 tur,
1330 1571 1443 1616 poenis
1463 1570 1558 1604 etiam
1580 1569 1792 1615 pecuniariis:
1809 1581 1845 1604 ac
1862 1571 1992 1604 demum

1251 1637 1308 1670 per
1338 1624 1510 1659 sententias
1549 1630 1579 1658 et
1610 1634 1766 1658 ‘censuras
1803 1623 1994 1657 ecelesiasti-

1251 1690 1303 1713 eas
1327 1678 1500 1712 mandandi
1522 1683 1549 1712 et
1568 1677 1781 1722 percipiendi,
1804 1688 1841 1711 ae
1860 1688 1920 1722 pro
1940 1688 1994 1712 ea-

1252 1744 1322 1767 rum
1336 1733 1535 1767 decimarum
1551 1731 1686 1766 l'aeiliori
1706 1731 1873 1765 exactione
1890 1743 1990 1765 unum

1252 1788 1297 1821 vel
1321 1787 1429 1831 plures
1449 1786 1710 1824 subcollectores,
1727 1785 1781 1829 qui
1796 1785 1821 1819 si
1843 1785 1874 1818 in
1887 1785 1992 1828 digni-

1253 1847 1314 1874 tate
1340 1839 1555 1874 ecrlesiastica
1584 1838 1749 1872 constituti
1770 1838 1843 1879 sint,
1864 1838 1933 1883 pari
1954 1849 1992 1872 ae

1252 1900 1305 1936 tu,
1333 1894 1441 1937 vigore
1464 1892 1704 1937 praesentium,
1739 1892 1888 1926 facultate
1914 1892 1988 1926 sun-

1251 1954 1378 1989 gantur,
1402 1957 1460 1991 per
1479 1947 1623 1980 locorum
1641 1945 1828 1979 Ordinarios
1849 1945 1880 1978 in
1905 1956 1986 1979 una-

1252 2011 1379 2046 quaque
1397 2000 1533 2040 civitate,
1558 1999 1696 2034 dioecesi
1711 2005 1738 2032 et
1754 1999 1826 2032 loco
1846 1998 1991 2033 sibisub-

1253 2055 1334 2088 iet-to
1355 2064 1414 2098 pro
1429 2059 1573 2097 tempore
1585 2053 1755 2097 deputatos
1774 2052 1987 2097 approbandi,

1252 2108 1376 2141 etiamsi
1397 2107 1451 2151 qui
1474 2118 1510 2141 ex
1529 2106 1604 2151 ipsis
1624 2106 1813 2147 ordinm-iis,
1831 2105 1913 2139 intra
1931 2105 1990 2139 ali-

1251 2174 1346 2207 quem
1376 2162 1505 2195 brevem
1537 2160 1708 2194 terminmn
1734 2165 1838 2194 vestro
1857 2159 1991 2194 arbitrio

1253 2215 1507 2260 praeligemlmn,
1525 2214 1608 2247 viros
1629 2213 1763 2247 idoncos
1775 2213 1814 2246 ad
1837 2213 1867 2247 id
1889 2214 1991 2259 depu-

1253 2276 1318 2302 tari·
1340 2268 1549 2310 neglexerint,
1575 2267 1630 2301 tibi
1652 2267 1747 2301 etiam
1766 2267 1834 2300 sine
1861 2267 1989 2302 illorum

1251 2333 1409 2356 consensu
1431 2327 1534 2354 vestro
1565 2321 1698 2354 arbitrio
1725 2320 1795 2353 illos
1817 2320 1916 2354 libere
1936 2321 1991 2354 de-

1252 2375 1396 2420 putandi,
1411 2381 1440 2408 ct
1463 2375 1632 2419 deputatos
1645 2373 1826 2412 amovendi,
1846 2373 1990 2419 aliosque

1251 2440 1362 2461 «eorum
1379 2429 1462 2468 loco,
1480 2427 1572 2461 toties
1593 2427 1719 2471 quoties
1740 2427 1795 2461 tilii
1817 2427 1987 2469 videbitur,

1250 2481 1466 2515 substituendi
1497 2486 1524 2514 et
1556 2480 1777 2522 subrogandi,
1808 2491 1844 2513 ac
1868 2480 1991 2515 solvere

1251 2540 1434 2567 riu-usantes
1459 2539 1486 2566 et
1510 2533 1714 2572 differentes,
1737 2544 1772 2566 ai·
1798 2533 1991 2575 generaliter

1250 2587 1503 2620 ‹·ontt·a‹lirtm·‹·s
1533 2587 1693 2631 quoslibet
1713 2593 1740 2619 et
1774 2586 1931 2625 rebelles,
1959 2592 1989 2620 ct

1251 2651 1290 2673 ne
1311 2640 1454 2674 ‹lecimae
1474 2639 1658 2674 huiusmodi
1678 2640 1842 2673 solvantur
1858 2649 1989 2683 persua-
