2253 3195
841 222 987 247 CLEMENS
1007 223 1063 247 vin
1085 223 1134 246 rr.
1651 209 1714 244 (317
1761 220 1810 247 An.
1827 219 1854 247 C.
1877 220 1943 247 1600

276 269 341 313 gl.
370 269 459 311 Cum,
487 269 580 304 sicuti
614 281 718 314 nuper
743 271 836 304 nobis
857 272 972 315 exponi
1006 282 1205 305 successores
1223 276 1349 304 nostros
1369 270 1531 304 Romanos
1556 270 1741 307 Pontifices,

57 333 139 355 Causae
152 338 214 358 prac—
230 323 375 356 fecerunt
402 324 509 357 dilecti
540 324 597 356 filii
625 325 840 357 communitas
866 331 896 357 et
916 325 973 357 lto·
1006 336 1060 357 scu
1082 336 1140 368 per
1161 325 1249 357 illum
1265 325 1474 363 cardinalem,
1488 324 1540 368 qni
1562 335 1658 368 super
1678 324 1745 357 Sta-

31 359 215 412 {issssbfti'sshguast'iss
231 377 333 409 mines
353 377 486 410 civitatis
500 384 628 411 nostrae
649 379 890 411 Beneventanac
915 389 973 421 per
1006 384 1055 410 tus
1085 378 1296 410 Ecclesiastici
1336 378 1478 420 negociis
1517 377 1745 411 consultationi

0 223 7 249 t
32 224 79 251 An.
95 222 122 249 C.
148 220 213 249 1600

76 968 155 998 Quibus
169 968 210 989 reis

31 997 159 1016 assecuratio
169 1001 211 1015 non

30 1022 57 1043 sit.
70 1021 211 1042 concedenda.

31 413 120 435 rubrica.
254 431 259 436 .
422 431 431 438 Ἰ
452 432 457 436 .
647 432 652 437 .
885 432 890 436 .

229 431 381 464 dilectum
414 432 516 464 tilium
546 431 752 465 Octavianum
787 433 825 465 de
858 432 972 475 Vipera

228 484 263 517 U.
296 485 317 517 l.
345 485 394 525 D.,
423 496 534 518 eorum
561 486 647 529 apud
673 496 731 518 nos
761 491 970 529 nostramque

226 537 340 570 Sedem
353 538 569 581 Apostolicam
590 545 749 580 agentem,
763 539 849 582 quod
869 539 908 571 ad
928 539 971 571 ci-

226 590 354 623 vitatem
374 591 532 631 eamdem,
548 602 630 634 quae
642 591 786 634 undique
799 591 971 635 provinciis

226 644 317 686 regni
342 644 468 677 Siciliae
499 644 577 677 citra
605 644 743 677 Pharum
773 645 969 678 circumdata

226 695 341 733 existit,
362 702 524 740 tamquam
541 697 580 729 ad
598 697 718 741 asylum
734 697 840 740 plures
865 698 970 740 regni-

226 749 315 782 colae
335 750 559 794 delinquentes
579 761 612 783 se
632 751 777 794 recipere
798 761 970 784 consueve-

226 808 311 843 runt,
328 802 360 834 in
381 803 556 836 maximum
575 804 728 836 damnum
744 809 775 836 et
794 804 968 847 pessimum

227 856 410 899 exemplum
435 857 625 889 eorumdem
650 856 778 889 civium.

270 910 285 953 ἓ
305 909 335 942 2.
356 909 460 948 Quare
479 921 538 943 nos
558 910 762 943 subditorum
783 916 967 943 nostrorum

226 963 326 1007 quieti
354 965 522 998 consulere
552 965 715 1004 volentes,
739 970 770 997 et
795 976 834 998 ne
855 965 969 998 exteris

226 1017 267 1050 ob
293 1017 416 1050 crimen
436 1018 475 1050 ab
497 1028 610 1051 eorum
638 1018 741 1062 patria
765 1018 911 1050 exulibus
936 1018 968 1050 in

227 1071 373 1104 eamdem
400 1071 561 1104 civitatem
583 1077 614 1104 et
635 1071 824 1104 comitatum
850 1071 965 1103 confu-

225 1123 385 1166 gientibus
404 1135 463 1168 per
482 1134 595 1157 eorum
614 1124 886 1157 assecurationem
902 1134 968 1156 ma-

224 1177 271 1219 gis
292 1177 500 1221 delinquendi
520 1177 646 1211 occasio
666 1177 872 1221 praebeatur,
887 1183 968 1210 etne

224 1230 321 1264 etiam
347 1230 379 1263 in
403 1236 505 1264 totum
533 1231 668 1264 facultas
697 1230 968 1273 gubernatorilssms

224 1284 359 1317 civitatis
384 1285 527 1318 eiusdem
549 1296 607 1329 pro
630 1291 774 1329 tempore
800 1285 964 1318 existenti-

223 1338 283 1370 bus
302 1337 341 1371 ab
362 1337 612 1372 immemorabili
630 1345 776 1382 tempore
794 1338 874 1372 citra
892 1349 967 1371 con-

224 1401 322 1431 cessa,
346 1391 599 1425 assecurationes
625 1392 811 1425 huiusmodi
832 1391 967 1424 faciendi

223 1444 373 1485 tollatur,
397 1445 537 1488 aliquam
570 1445 797 1478 rationabilem
829 1446 966 1478 formam

224 1497 362 1541 desuper
384 1498 604 1541 praescribere
624 1500 778 1539 volentes,
807 1499 964 1532 constitu-

224 1550 364 1584 tionibus
381 1551 482 1584 felicis
503 1552 737 1586 recordationis
754 1552 842 1585 Pauli
863 1553 966 1596 Papae

224 1604 318 1645 tertii,
342 1605 389 1637 Pii
410 1605 433 1637 V
454 1611 485 1638 et
509 1606 586 1639 Sixti
604 1606 701 1639 etiam
723 1605 757 1646 V,
779 1606 967 1649 praedeces—

223 1667 332 1690 sorum
353 1663 538 1691 nostrorum
554 1686 561 1699 ,
585 1658 789 1692 inhaerentes
804 1686 811 1695 ,
832 1658 966 1702 illasque

224 1715 382 1753 quatenus
402 1721 483 1754 opus
502 1711 542 1744 sit
560 1711 759 1751 innovantes,
784 1717 872 1744 motu
892 1721 967 1755 pro-

222 1763 305 1807 prio,
329 1769 360 1797 et
380 1775 417 1798 ex
438 1770 525 1798 certa
550 1771 659 1798 nostra
687 1765 820 1798 scientia
844 1770 873 1798 et
894 1775 964 1797 ma-

224 1822 296 1850 tura
317 1817 561 1859 deliberatione,
585 1818 700 1851 harum
721 1818 819 1859 serie,
843 1817 966 1861 praeci—

223 1870 330 1914 pimus
364 1877 395 1904 et
419 1872 568 1905 volumus
597 1872 684 1916 quod
717 1882 896 1915 numquam
929 1872 967 1904 de

224 1929 350 1957 caetero
376 1925 540 1968 perpetuis
566 1925 681 1958 futuris
712 1925 911 1969 temporibus
936 1925 967 1957 in

225 1977 351 2010 civitate
382 1978 547 2021 praedicta
585 1978 692 2012 eiusve
721 1978 903 2019 territorio,
938 1984 967 2011 et

225 2030 390 2071 comitatu,
419 2031 523 2064 laesae
549 2031 724 2064 maiestatis
749 2036 780 2064 et
808 2031 967 2064 assassinii

225 2083 367 2117 criminis
398 2084 461 2125 rei,
489 2094 615 2117 necnon
643 2084 831 2124 monetarii,
859 2084 968 2118 incen-

226 2136 331 2177 diarii,
353 2144 521 2181 raptores,
546 2139 704 2179 latrones,
732 2138 856 2171 viarum
881 2148 969 2180 gras-

224 2195 356 2231 satores,
380 2191 533 2234 pacisque
553 2191 743 2231 violatores,
768 2191 823 2235 qui
843 2192 891 2224 vel
911 2192 969 2224 ho-

226 2243 355 2277 micidia
375 2245 496 2285 dolose,
517 2245 565 2277 vel
586 2250 771 2288 appensate,
795 2255 851 2277 seu
872 2244 966 2277 etiam

225 2297 341 2330 similia
355 2298 494 2341 pariare,
509 2309 565 2331 seu
586 2298 710 2331 maiora
730 2298 864 2331 crimina
882 2308 968 2331 eom-

225 2350 400 2391 miserunt‚
436 2357 467 2384 et
498 2351 710 2395 imposterum
742 2351 963 2391 committent,

224 2414 402 2447 eorumque
431 2404 576 2437 omnium
604 2404 844 2448 praedictorum
873 2414 963 2436 com-

224 2457 334 2500 plices,
357 2467 510 2500 sequaces
531 2462 562 2490 et
580 2458 719 2490 fautores
740 2457 848 2500 aliquo
870 2458 966 2490 modo

224 2509 431 2553 recipiantur,
451 2515 505 2542 aut
524 2510 627 2543 securi
650 2515 681 2543 et
703 2509 760 2543 tuti
781 2510 869 2549 fiant,
894 2510 965 2553 qui-

224 2562 347 2595 nimmo
367 2563 392 2595 si
413 2563 489 2596 illuc
513 2563 728 2607 pervenerint,
750 2563 919 2607 capiantur
936 2570 966 2597 et

192 2619 193 2622 ’
226 2615 345 2649 carceri
375 2616 620 2660 mancipentur,
643 2617 745 2650 donec
774 2627 832 2660 per
856 2628 914 2650 nos
935 2623 962 2650 et

328 2679 402 2706 Ball.
421 2679 503 2706 Rom.
526 2679 586 2707 Vol.
603 2680 629 2706 X
820 2679 853 2707 78

1005 432 1155 474 praeerit,
1179 431 1361 464 ordinatum
1384 431 1488 471 suerit,
1512 432 1588 475 quid
1610 432 1648 464 de
1671 431 1746 475 ipsis

1005 485 1190 517 facinorosis
1211 485 1381 517 carceratis
1403 485 1562 524 agendum
1587 485 1637 517 sit.

1049 539 1065 579 ἕ
1086 537 1115 570 3
1140 538 1200 570 Eos
1221 548 1305 574 vero,
1330 538 1384 581 qui
1405 549 1470 570 non
1491 538 1741 581 praedictorum,

1004 591 1058 622 sed
1079 590 1215 623 aliorum
1238 591 1399 623 minorum
1426 591 1597 623 criminum
1616 591 1660 623 rei
1691 595 1746 623 aut
1768 608 1778 620 η

1005 642 1147 685 inquisiti
1178 643 1317 681 fuerint,
1352 645 1391 676 ad
1427 644 1682 687 permanendum
1713 644 1744 675 in

1004 696 1115 728 eadem
1133 696 1270 735 civitate⁷
1286 697 1441 730 comitatu
1462 703 1493 730 et
1514 697 1674 730 territorio
1688 707 1745 740 per

1004 749 1087 781 illius
1107 749 1356 791 gubernatorem
1371 761 1455 783 nunc
1470 756 1500 784 et
1520 761 1578 794 pro
1599 756 1744 794 tempore

1004 802 1201 841 existentem,
1225 803 1282 835 sul)
1305 803 1516 847 infrascriptis
1544 804 1741 837 conditioni-

1002 855 1061 887 bus
1078 856 1256 888 assecurari
1278 861 1401 889 tantum
1422 857 1638 900 permittimus
1653 862 1680 889 et
1696 857 1744 889 in-

1003 909 1191 950 dulgemus3
1216 910 1277 942 hoc
1302 915 1358 947 est,
1391 911 1544 954 praestita
1572 922 1629 954 per
1660 911 1745 953 ipsos

1003 961 1118 994 idonea
1146 963 1315 1002 cautione,
1336 969 1456 996 attenta
1483 964 1590 997 delicti
1622 969 1651 996 et
1672 975 1744 1007 per-

1002 1025 1153 1047 sonarum
1173 1016 1336 1058 qualitate,
1362 1016 1447 1049 circa
1467 1017 1676 1060 quantitatem
1698 1022 1744 1049 ta-

1003 1078 1076 1100 men
1104 1068 1262 1101 cautionis
1288 1070 1498 1112 praestandae
1528 1069 1660 1102 arbitrio
1688 1080 1745 1111 gu-

1002 1120 1201 1162 bernatoris,
1226 1122 1265 1154 de
1292 1122 1394 1163 bene,
1418 1123 1524 1166 quiete
1556 1128 1587 1156 et
1612 1122 1746 1166 pacifice

1001 1174 1137 1207 vivendo
1167 1181 1234 1208 toto
1267 1181 1432 1219 tempore,
1468 1187 1532 1220 quo
1564 1176 1596 1209 in
1632 1177 1745 1209 eadem

1002 1229 1138 1268 civitate,
1152 1230 1307 1263 comitatu
1326 1236 1355 1263 et
1373 1231 1537 1264 territorio
1559 1237 1652 1263 erunt
1672 1242 1746 1274 per-

1002 1283 1161 1323 mansuri,
1185 1289 1215 1316 et
1236 1284 1275 1316 al»
1301 1284 1424 1323 eadem,
1446 1284 1552 1317 eiusve
1583 1284 1746 1317 territorio

1002 1341 1032 1369 et
1049 1337 1202 1369 comitatu
1220 1348 1285 1370 non
1306 1338 1522 1378 discedendo,
1540 1338 1693 1382 quodque
1715 1338 1746 1371 in

1001 1390 1290 1433 supplicationibus
1307 1401 1366 1434 per
1386 1401 1440 1423 eos
1460 1391 1666 1434 porrigendis
1686 1401 1746 1434 pro

1001 1443 1113 1483 affida,
1137 1454 1193 1477 seu
1213 1444 1452 1477 assecuratione
1478 1445 1664 1478 huiusmodi
1686 1445 1746 1477 ob-

1001 1496 1132 1530 tinenda
1160 1497 1312 1540 proprie,
1342 1497 1506 1531 individue
1538 1503 1568 1531 et
1597 1498 1745 1541 explicite

1001 1551 1187 1593 qualitatem
1202 1551 1320 1591 delicti,
1334 1562 1393 1594 pro
1414 1561 1478 1595 quo
1500 1551 1677 1584 assecurari
1692 1552 1746 1584 de-

1000 1603 1151 1643 siderant,
1168 1615 1241 1637 eum
1263 1604 1347 1637 illius
1368 1604 1618 1638 circumstantiis
1638 1605 1743 1648 expri-

1001 1668 1090 1690 mere
1111 1663 1288 1691 teneantur.
1313 1659 1526 1691 Decernentes
1547 1658 1668 1691 nullam
1690 1668 1744 1700 ge—

1001 1711 1143 1743 neralem
1175 1711 1351 1743 clausulam
1381 1711 1444 1743 illis
1469 1712 1686 1754 profuturam⁷
1715 1716 1745 1743 et

1001 1763 1129 1796 affidam
1168 1770 1263 1807 atque
1304 1765 1577 1797 assecurationem
1614 1774 1744 1797 omnem

1002 1823 1124 1857 contra,
1140 1817 1189 1850 vel
1202 1823 1330 1861 praeter
1347 1818 1484 1850 formam
1502 1817 1599 1850 huius
1617 1823 1745 1851 nostrae

1002 1871 1239 1903 constitutionis
1271 1871 1390 1903 nullius
1428 1882 1497 1904 esse
1534 1871 1661 1904 roboris
1697 1872 1745 1904 vel

1002 1924 1168 1965 momenti,
1180 1924 1289 1967 eisque
1308 1923 1340 1955 in
1357 1924 1458 1956 nihilo
1473 1924 1700 1966 suffragari,ac
1714 1924 1745 1956 in

1003 1977 1140 2010 decretis
1160 1987 1217 2021 per
1238 1978 1486 2019 gubernatorem
1509 1978 1643 2010 civitatis
1663 1978 1746 2010 eins-

1003 2031 1075 2064 dem
1097 2031 1236 2074 desuper
1257 2031 1500 2074 interponendis
1521 2031 1666 2074 proprie,
1695 2042 1747 2063 ex—

1003 2084 1112 2128 plicite
1139 2090 1170 2117 et
1195 2084 1360 2117 individue
1392 2084 1507 2117 delicta
1537 2095 1608 2117 cum
1633 2095 1745 2117 eorum

1002 2137 1211 2181 qualitatibus
1224 2138 1296 2181 (pro
1318 2137 1434 2180 quilius
1452 2137 1537 2180 ipsos
1558 2138 1597 2170 ad
1619 2148 1746 2180 perma-

1002 2191 1143 2223 nendum
1170 2191 1202 2222 in
1228 2191 1340 2223 eadem
1366 2190 1509 2231 civitate,
1534 2191 1695 2223 territorio
1717 2197 1747 2224 et

1002 2241 1157 2274 comitatu
1189 2241 1366 2274 assecurari
1398 2241 1582 2283 contingat)
1610 2241 1746 2285 exprimi

1002 2294 1130 2327 dehere.
1155 2294 1221 2333 Qua
1239 2294 1333 2327 affida
1366 2300 1394 2327 et
1424 2295 1664 2327 assecuratione
1689 2306 1747 2338 per

1002 2350 1152 2382 eumdem
1186 2349 1433 2391 gubernatorem
1451 2377 1457 2387 ,
1478 2355 1513 2381 ut
1534 2349 1743 2392 praedicitur,

1001 2403 1093 2441 faeta,
1110 2403 1226 2436 debeat,
1247 2402 1313 2445 ipse
1335 2403 1373 2435 (le
1392 2414 1439 2441 ea,
1458 2403 1540 2435 infra
1560 2403 1745 2446 quindecim

1002 2456 1126 2489 dierum
1145 2455 1295 2499 spatium,
1311 2455 1355 2487 illi
1374 2455 1605 2499 cardinali,qni
1619 2462 1746 2489 nostrae

1001 2515 1031 2542 et
1055 2520 1276 2542 successorum
1310 2514 1492 2541 nostrornm
1526 2509 1745 2542 Romanorum

1000 2563 1191 2595 Pontificum
1217 2572 1314 2606 snper
1333 2562 1438 2594 Status
1459 2562 1557 2595 nostri
1582 2561 1742 2599 Ecclesia—

999 2617 1067 2650 stici
1088 2616 1231 2659 negociis
1252 2615 1479 2649 consultationi
1497 2627 1553 2650 sen
1578 2617 1744 2652 consultae

1779 547 1892 567 Cantium-s
1908 554 1944 573 ιη’

1776 581 1806 594 unt
1818 582 1841 594 ne
1863 581 1882 594 tn
1899 581 1944 599 {¹⁸1¹-

1783 606 1944 621 tsstsaswcura-

1761 628 1862 647 tionibus.
