2253 3195
0 227 3 243 u
33 216 82 244 An.
103 215 131 243 C.
150 214 218 243 1595
427 215 442 227 '

274 263 402 295 vatione
425 262 570 295 aliorum
589 261 796 295 indultorum
821 262 866 295 eis
886 272 971 294 com-

272 326 455 369 petentium
475 325 494 358 ¹.

444 407 577 434 clemens
592 407 671 441 Papa
681 407 761 438 vm,

374 461 410 488 ad
425 464 601 495 perpetuam
616 460 662 487 rei
677 459 858 487 memoriam.

276 532 521 566 Sacrosanctum
543 532 719 565 catholicae
745 531 820 564 fidei
842 530 972 574 deposi—

55 593 195 615 Prooemium-
232 591 312 625 tum,
329 585 397 618 sine
411 596 475 629 qua
495 586 559 618 Deo
581 585 719 628 placere,
737 590 791 617 aut
811 590 973 617 aeternam

224 639 367 672 salutem
382 638 535 682 consequi
556 638 678 671 nemini
699 638 783 678 licet,
799 643 833 670 ut
853 638 973 670 salvum

231 692 264 725 in
284 692 425 725 Ecclesia
449 692 504 726 Dei
525 698 682 736 perpetuo
709 697 971 729 conservaretur,

231 745 433 789 posterisque
454 745 641 778 inviolatum
657 746 852 785 traderetur,
868 750 975 788 pasto-

231 798 307 831 ralis
326 799 548 831 Romanorum
569 798 771 831 Pontificum-
788 798 972 840 vigilantia,

231 862 359 885 summo
380 862 508 895 semper
528 852 634 885 stivdio
656 857 687 885 et
707 852 912 885 contentione
932 851 977 883 la-

231 904 366 938 boravit.
383 905 445 949 Ipsi
467 905 552 938 enim
573 915 591 937 a
608 904 731 938 Christo
752 904 899 943 Domino,
916 904 976 937 hu-

232 957 281 991 ius
302 964 366 990 tam
387 958 520 1001 pretiosi
539 958 677 1001 depositi
695 963 838 997 auctore,
855 963 886 990 et
898 957 976 990 illud

232 1010 370 1044 fideliter
382 1011 595 1051 custodiendi,
611 1016 642 1044 et
653 1011 774 1044 bonum
796 1021 904 1044 semen
923 1021 977 1054 pa-

234 1064 291 1097 tris
322 1065 459 1097 familias
479 1065 519 1097 ab
549 1064 670 1097 inimici
691 1064 831 1097 bominis
851 1064 978 1097 zizaniis

233 1118 448 1160 discernendi,
461 1124 491 1151 et
501 1119 674 1152 Ecclesiam
688 1119 819 1151 salutari
832 1119 979 1152 doctri-na

235 1172 446 1213 aedificandi,
478 1173 687 1216 praecipuam
719 1183 852 1213 curam,
884 1183 974 1205 sum-

234 1236 385 1269 mamque
405 1231 595 1270 potestatem
623 1226 655 1258 in
679 1226 864 1259 beatissimo
884 1226 978 1259 Petro

235 1280 466 1323 Apostolorum
491 1279 638 1324 principe
668 1285 871 1323 acceperunt.
893 1279 978 1318 Ouo-

234 1333 319 1366 circa
338 1339 466 1367 sanctae
487 1333 665 1367 memoriae
678 1333 821 1367 Gelasius
834 1334 845 1367 l
860 1339 890 1366 et
902 1334 978 1368 Gre—

234 1387 344 1429 gorius
372 1387 433 1428 IX,
462 1387 597 1431 aliisque
625 1387 809 1430 complures
842 1387 977 1420 Romani

232 1440 404 1474 Pontifices
416 1467 424 1481 ,
455 1441 719 1484 praedecessores
754 1441 853 1474 nostri
870 1468 877 1481 ,
911 1441 978 1474 zelo

233 1493 323 1526 zelati
346 1504 405 1537 pro
437 1494 534 1527 domo
554 1494 683 1527 Domini
704 1494 921 1533 exercituum,
945 1500 978 1526 ut

234 1547 318 1580 hanc
338 1547 413 1581 fidei
434 1548 611 1581 catholicae
640 1547 872 1591 doctrinaeque
892 1548 976 1580 inte-

234 1602 382 1644 gritatem
396 1603 516 1635 salvam
530 1602 851 1646 incorrumptamque
872 1602 904 1635 in
924 1602 980 1635 Ec-

235 1654 331 1688 clesia
343 1655 399 1689 Dei
413 1655 599 1696 retinerent,
617 1655 783 1699 apostolici
801 1656 900 1688 animi
914 1666 981 1689 ma-

235 1708 402 1751 gnitudine
416 1720 474 1753 pro
495 1720 588 1743 muro
611 1710 726 1743 domus
745 1710 853 1751 Israel,
870 1710 981 1743 adver-

235 1772 288 1795 sus
315 1761 458 1795 eiusdem
484 1762 560 1796 fidei
580 1763 686 1796 hostes
701 1790 708 1803 ,
731 1763 853 1806 seipsos
873 1773 977 1806 oppo-

235 1821 360 1855 nentes,
372 1826 412 1849 ne
426 1816 554 1850 illorum
571 1817 652 1849 dolis
666 1821 696 1850 et
708 1816 842 1857 insidiis,
859 1816 982 1860 impru-

212 1878 228 1891 ·
237 1870 346 1903 dentes
355 1875 385 1903 et
394 1870 608 1914 simpliciores
617 1870 764 1904 homines
775 1876 978 1914 caperentur,

236 1923 340 1956 lucem
363 1934 381 1956 a
400 1924 553 1965 tenebris,
568 1934 665 1967 prava
682 1935 699 1956 a
713 1924 809 1957 rectis
829 1924 979 1957 seiunxe-

236 1982 322 2017 runt,
346 1988 429 2020 quae
456 1978 640 2020 sequenda,
665 1988 746 2021 quae
767 1978 908 2011 cavenda
929 1989 979 2011 es-

237 2036 317 2072 sent,
342 2031 604 2065 christifidelibus
630 2032 835 2073 delararunt3
858 2032 979 2076 proba-

272 2137 285 2163 1
304 2136 379 2163 Hunc
393 2136 515 2164 Indicem
530 2137 614 2164 habes
629 2137 656 2164 in
672 2138 726 2164 fine
742 2137 855 2164 Concilii
869 2137 983 2164 Triden-

238 2181 297 2214 tini,
313 2185 340 2208 et
353 2182 569 2217 supplementum
586 2181 670 2208 habes
685 2182 712 2208 in
724 2182 866 2216 liberculo,
884 2190 983 2217 paucos

238 2230 300 2254 ante
311 2235 405 2261 annos,
418 2227 518 2254 nostris
533 2227 601 2262 typis
616 2228 733 2262 vulgato.
750 2226 814 2253 Eius
829 2231 918 2254 autem
934 2235 982 2262 ap-

238 2271 428 2307 probationem
445 2271 504 2307 lege
520 2271 546 2298 in
558 2271 599 2298 Pii
614 2271 648 2297 lV
663 2271 801 2298 constitut.
822 2278 893 2305 xciv,
915 2280 983 2307 quae

238 2315 340 2351 incipit:
359 2316 526 2348 Dominici,
542 2319 605 2343 tom.
629 2322 676 2350 ru,
697 2324 758 2351 pag.
774 2315 837 2343 ⁶281.
858 2331 892 2335 »-
912 2315 983 2342 Haec

238 2360 376 2387 scribebat
391 2361 592 2396 Cocqnelinius,
614 2369 685 2387 nunc
707 2369 768 2387 vero
790 2361 883 2387 Index
897 2360 983 2387 libro-

239 2414 306 2433 rum
317 2406 545 2440 prohibitorum,
557 2406 658 2433 Romae
670 2414 797 2432 excussus
815 2405 841 2431 in
855 2405 919 2431 satis
930 2413 984 2432 arn-

239 2450 312 2485 plum
330 2451 453 2477 volumen
475 2450 570 2480 crevit:
597 2451 669 2486 quod
689 2459 771 2486 saepe
787 2450 862 2477 novis
878 2449 983 2476 addita-

240 2495 338 2522 mentis
359 2494 386 2521 in
406 2495 493 2524 lucem
513 2495 611 2531 prodit.
633 2495 719 2531 Super
734 2495 784 2522 hoe
804 2495 893 2522 indice
914 2497 983 2521 tlon-

239 2540 423 2575 gregationem
446 2540 624 2567 cardinalium
645 2540 762 2567 instituit
781 2539 868 2566 Sixtus
884 2539 903 2566 V
924 2538 990 2566 cum'

241 2584 411 2620 amplissimis
426 2584 609 2620 facultatibus,
621 2586 687 2613 utin
703 2585 760 2612 eius
776 2584 883 2613 constit.
900 2591 982 2612 cxvtt:

241 2629 399 2665 Immensa,
416 2634 479 2658 tom.
500 2636 559 2666 vm,
581 2638 641 2667 pag.
662 2630 724 2658 985.
860 2628 948 2665 (amr.)

848 214 995 238 CLEMENS
1014 214 1073 237 Vlll
1091 214 1142 237 PP.

1659 201 1719 235 231

1011 268 1068 300 tos,
1086 261 1274 301 laudabiles,
1287 261 1484 294 orthodoxos
1498 260 1598 293 libros
1611 260 1650 293 ab
1664 261 1756 294 adul-

1010 315 1131 355 terinis,
1143 314 1331 358 perniciosis
1345 320 1376 347 et
1387 314 1591 358 apocryphis,
1603 314 1757 356 singulari

1010 367 1186 409 diligentia,
1211 367 1440 407 distinxerunt;
1457 373 1620 411 postremo
1642 367 1756 400 haere-

1010 421 1148 454 ticorum
1170 421 1268 464 impia
1289 422 1440 463 dogmata
1469 427 1498 454 et
1526 420 1632 459 noxia,
1657 431 1693 454 ac
1705 431 1757 454 ve-

1010 479 1126 506 nenata
1139 474 1268 517 scripta,
1284 474 1495 507 conciliorum
1511 473 1657 514 decretis,
1675 484 1756 517 pon-

1012 527 1116 560 tificiis
1141 527 1436 568 constitutionibus,
1460 533 1514 560 aut
1539 528 1602 560 alio
1632 538 1753 571 oppor-

1012 587 1088 614 tuno
1110 591 1264 614 censurae
1285 591 1402 623 genere
1424 582 1704 614 comdemnarunt.

1055 637 1070 678 ξ
1093 636 1123 668 1,
1145 635 1204 668 Sed
1227 646 1299 668 cum
1320 635 1437 668 nostris
1456 635 1543 668 hisce
1564 635 1757 668 calamitosis

1011 694 1040 721 et
1056 689 1237 722 novissimis
1249 688 1612 732 temporibusantiquus
1624 688 1756 721 humani

1010 743 1136 783 generis
1156 743 1267 781 hostis,
1291 754 1309 775 a
1340 754 1396 775 sua
1425 743 1547 776 malitia
1578 753 1755 786 numquam

1011 797 1175 835 recedens,
1200 797 1239 830 ad
1258 798 1405 830 eamdem
1427 797 1617 830 catholicam
1640 796 1758 830 doctri-

1012 861 1084 883 nam
1113 857 1141 883 et
1167 851 1333 884 veritatem
1356 851 1633 890 labefactandam,
1655 849 1755 893 pesti-

1012 905 1092 937 feras
1112 904 1260 937 haereses
1281 910 1311 937 et
1328 903 1532 937 detestabiles
1552 913 1688 943 errores,
1706 908 1760 935 aut

1012 968 1111 990 novos
1141 957 1332 997 conflasset,
1354 963 1408 990 aut
1434 963 1557 990 veteres
1586 968 1622 990 ex
1652 956 1760 989 inseris

1013 1011 1188 1052 excitasset,
1212 1021 1302 1044 sacra
1320 1010 1507 1044 Tridentina
1528 1010 1674 1054 Synodus
1696 1020 1755 1053 pe-

1013 1065 1172 1098 stilentem
1206 1065 1376 1098 noxiorum
1410 1064 1568 1097 librorum
1606 1063 1733 1107 copiam
1747 1090 1754 1103 ‚

1013 1129 1095 1162 quae
1115 1119 1187 1162 plus
1204 1117 1305 1151 nimio
1327 1124 1520 1157 excreverat,
1543 1127 1691 1150 coercere
1712 1122 1760 1149 at-

1013 1183 1075 1216 que
1095 1172 1222 1205 auferre
1243 1171 1387 1215 cupiens,
1404 1171 1545 1214 primum
1561 1170 1691 1214 quidem
1705 1170 1762 1203 do-

1013 1225 1170 1259 ctissimos
1188 1225 1311 1269 aliquot
1330 1224 1415 1257 viros
1436 1224 1563 1266 delegit,
1578 1224 1633 1267 qui
1646 1224 1683 1256 de
1696 1229 1762 1256 tota

1013 1290 1050 1312 ea
1061 1290 1095 1312 re
1107 1284 1337 1322 cognoscerent
1351 1284 1382 1311 et
1395 1279 1627 1317 deliberarent3
1645 1277 1761 1310 deinde

1014 1344 1099 1374 vero,
1124 1344 1197 1366 cum
1218 1333 1238 1365 ii
1260 1333 1292 1365 in
1313 1332 1448 1374 negocio
1466 1342 1531 1364 non
1551 1341 1665 1374 parum
1687 1341 1762 1374 pro-

1013 1387 1113 1429 gressi
1134 1392 1249 1426 essent,
1271 1386 1360 1419 iustis
1381 1386 1420 1418 de
1440 1385 1543 1418 causis
1564 1385 1677 1418 eadem
1699 1384 1757 1428 Sy-

1014 1441 1118 1474 nodus
1148 1446 1314 1484 permota,
1339 1440 1379 1472 ad
1408 1440 1510 1482 ipsam
1542 1438 1760 1482 Apostolicam

1014 1494 1128 1527 Sedem
1150 1494 1308 1536 integram
1325 1503 1393 1525 rem
1409 1492 1616 1525 deserendam
1637 1491 1756 1524 statuit.

1059 1550 1075 1590 ξ
1097 1548 1126 1580 2.
1151 1549 1262 1591 Itaque
1293 1546 1394 1580 felicis
1425 1545 1661 1579 recordationis
1687 1545 1761 1578 Pius

1014 1602 1099 1644 Papa
1119 1600 1167 1640 IV,
1191 1600 1422 1644 praedecessor
1446 1605 1572 1637 noster,
1604 1597 1658 1641 qui
1687 1603 1761 1630 tunc

1015 1656 1054 1688 ad
1074 1655 1234 1688 Ecclesiae
1255 1654 1474 1697 gubernacula
1494 1652 1644 1693 sedebat,
1668 1663 1762 1696 prae-

1015 1709 1086 1742 latis
1117 1708 1310 1752 quibusdam
1347 1706 1493 1739 doctrina
1528 1711 1558 1738 et
1591 1705 1763 1749 prudentia

1015 1762 1251 1806 praestantibus
1268 1760 1431 1800 adhibitis,
1452 1759 1591 1792 indicem
1606 1758 1762 1791 librorum

1016 1815 1255 1860 prohibitorum
1281 1819 1312 1848 et
1342 1814 1470 1856 regulas
1498 1813 1653 1856 quasdam
1670 1839 1677 1852 ,
1705 1822 1764 1855 per

1016 1880 1089 1902 suas
1109 1869 1230 1901 litteras
1251 1868 1284 1900 in
1304 1867 1409 1900 forma
1433 1866 1538 1899 brevis
1569 1865 1761 1909 promulga-

1017 1923 1070 1963 vit,
1087 1928 1117 1955 et
1134 1920 1320 1954 huiusmodi
1341 1919 1511 1952 noxiorum
1530 1919 1687 1951 librorum
1710 1918 1765 1951 de-

1018 1975 1176 2009 trimentis
1190 1973 1388 2018 depellendis
1406 1978 1588 2017 opportune
1608 1971 1760 2015 proridit.

1017 2029 1196 2069 Caeterum,
1214 2028 1289 2061 licet
1309 2027 1364 2059 illa
1384 2036 1442 2070 pro
1465 2025 1620 2069 temporis
1641 2024 1765 2057 ratione

1018 2083 1194 2127 prudenter
1213 2081 1333 2114 suerint
1354 2086 1429 2113 tunc
1449 2079 1631 2116 constituta,
1656 2083 1764 2111 tamen

1018 2148 1091 2171 cum
1111 2137 1247 2171 Satanae
1267 2134 1392 2174 astutia,
1409 2134 1441 2166 in
1459 2132 1644 2166 huiusmodi
1665 2131 1765 2164 libro-

1017 2201 1090 2223 rum
1122 2190 1281 2229 editione,
1310 2198 1392 2221 nova
1420 2187 1453 2219 in
1484 2187 1550 2219 dies
1580 2186 1664 2218 mala
1689 2195 1761 2217 cre-

1017 2249 1143 2277 scerent
1157 2245 1243 2288 (nam
1258 2248 1330 2287 post
1344 2242 1423 2274 illud
1444 2247 1571 2284 tempus
1592 2239 1644 2272 alii
1667 2239 1763 2272 etiam

1018 2297 1091 2330 libri
1118 2297 1292 2341 perniciosi
1324 2295 1439 2340 partim
1468 2293 1640 2337 conscripti
1670 2298 1766 2336 atque

1018 2351 1111 2391 editi,
1135 2350 1252 2394 partim
1279 2349 1334 2393 qui
1355 2348 1466 2392 scripti
1488 2352 1592 2387 erant„
1617 2352 1648 2379 et
1672 2351 1766 2379 antea

1019 2405 1230 2444 delituerant,
1259 2403 1291 2435 in
1321 2402 1464 2435 medium
1491 2400 1653 2445 prodiere,
1679 2410 1763 2444 quo-

1018 2469 1090 2491 rum
1110 2457 1248 2490 lectione
1273 2455 1488 2499 simpliciores
1509 2459 1540 2487 et
1568 2453 1686 2486 incauti
1707 2453 1766 2486 ho-

1020 2511 1121 2544 mines
1150 2510 1181 2543 in
1202 2520 1327 2543 errores
1349 2508 1456 2542 induci
1479 2508 1569 2540 facile
1590 2506 1763 2551 poterant),

1019 2571 1190 2610 propterca
1210 2564 1282 2608 piae
1302 2563 1479 2597 memoriae
1499 2562 1604 2596 Sixtus
1624 2562 1710 2605 Papa
1728 2561 1763 2601 V,

1019 2620 1249 2665 praedecessor
1278 2624 1408 2659 noster,
1437 2617 1545 2651 multis
1577 2615 1763 2656 illustratis,

1772 212 1820 239 Λη.
1839 213 1867 239 C.
1890 213 1958 240 1595

1786 646 1901 667 Concilium
1914 647 1958 666 Tri-

1774 674 1882 693 ‹tentmum
1903 674 1958 693 hunc

1773 700 1865 720 indicem
1887 700 1957 720 conse-

1773 727 1808 749 cit,
1831 729 1852 746 et
1872 727 1908 746 Pio
1931 726 1957 746 tv

1775 754 1828 773 ithus
1852 753 1959 778 appi-uha-

1773 780 1851 800 tionem
1868 780 1958 802 remisit,

1774 809 1794 825 ut
1805 807 1881 831 legitur
1890 813 1909 826 m
1919 806 1959 826 tine

1774 833 1824 853 dicti
1836 832 1931 853 Concitii.

1818 1552 1867 1573 Pius
1883 1552 1908 1573 Η*
1925 1558 1962 1578 ap-

1776 1579 1882 1606 probavit.
