<?xml version="1.0" encoding="UTF-8"?>
<!DOCTYPE html PUBLIC "-//W3C//DTD XHTML 1.0 Transitional//EN"
    "http://www.w3.org/TR/xhtml1/DTD/xhtml1-transitional.dtd">
<html xmlns="http://www.w3.org/1999/xhtml" xml:lang="en" lang="en">
 <head>
  <title>
</title>
<meta http-equiv="Content-Type" content="text/html;charset=utf-8" />
  <meta name='ocr-system' content='tesseract 3.04.00' />
  <meta name='ocr-capabilities' content='ocr_page ocr_carea ocr_par ocr_line ocrx_word'/>
</head>
<body>
  <div class='ocr_page' id='page_1' title='image "./bullarumdiplomat10cath_0450.png"; bbox 0 0 2253 3195; ppageno 0'>
   <div class='ocr_carea' id='block_1_1' title="bbox 235 225 417 253">
    <p class='ocr_par' dir='ltr' id='par_1_1' title="bbox 235 225 417 253">
     <span class='ocr_line' id='line_1_1' title="bbox 235 225 417 253; baseline 0.005 -2"><span class='ocrx_word' id='word_1_1' title='bbox 235 226 284 252; x_wconf 80' lang='lat' dir='ltr'>An.</span> <span class='ocrx_word' id='word_1_2' title='bbox 300 225 330 253; x_wconf 90' lang='lat' dir='ltr'>C.</span> <span class='ocrx_word' id='word_1_3' title='bbox 351 225 417 253; x_wconf 80' lang='lat'>1597</span> 
     </span>
    </p>
   </div>
   <div class='ocr_carea' id='block_1_2' title="bbox 464 215 528 248">
    <p class='ocr_par' dir='ltr' id='par_1_2' title="bbox 464 215 528 248">
     <span class='ocr_line' id='line_1_2' title="bbox 464 215 528 248; baseline 0 0"><span class='ocrx_word' id='word_1_4' title='bbox 464 215 528 248; x_wconf 80' lang='lat'>406</span> 
     </span>
    </p>
   </div>
   <div class='ocr_carea' id='block_1_3' title="bbox 1015 222 1375 246">
    <p class='ocr_par' dir='ltr' id='par_1_3' title="bbox 1015 222 1375 246">
     <span class='ocr_line' id='line_1_3' title="bbox 1015 222 1375 246; baseline 0 0"><span class='ocrx_word' id='word_1_5' title='bbox 1015 222 1200 246; x_wconf 78' lang='lat' dir='ltr'>BULLARIUM</span> <span class='ocrx_word' id='word_1_6' title='bbox 1220 222 1375 246; x_wconf 75' lang='lat' dir='ltr'>ROMANUM</span> 
     </span>
    </p>
   </div>
   <div class='ocr_carea' id='block_1_4' title="bbox 255 269 1950 316">
    <p class='ocr_par' dir='ltr' id='par_1_4' title="bbox 255 269 1950 316">
     <span class='ocr_line' id='line_1_4' title="bbox 255 269 1950 316; baseline -0.002 -8"><span class='ocrx_word' id='word_1_7' title='bbox 255 288 419 312; x_wconf 76' lang='lat' dir='ltr'>Quaedistmcte</span> <span class='ocrx_word' id='word_1_8' title='bbox 434 273 586 316; x_wconf 80' lang='lat' dir='ltr'>gionariis</span> <span class='ocrx_word' id='word_1_9' title='bbox 602 279 631 306; x_wconf 89' lang='lat' dir='ltr'>ct</span> <span class='ocrx_word' id='word_1_10' title='bbox 649 271 883 315; x_wconf 83' lang='lat' dir='ltr'>stipendiariis,</span> <span class='ocrx_word' id='word_1_11' title='bbox 902 281 1027 304; x_wconf 84' lang='lat' dir='ltr'>necnon</span> <span class='ocrx_word' id='word_1_12' title='bbox 1045 270 1174 303; x_wconf 78' lang='lat' dir='ltr'>auxilia·</span> <span class='ocrx_word' id='word_1_13' title='bbox 1209 269 1341 312; x_wconf 84' lang='lat' dir='ltr'>singulis</span> <span class='ocrx_word' id='word_1_14' title='bbox 1358 270 1654 310; x_wconf 80' lang='lat' dir='ltr'>excommunicans,</span> <span class='ocrx_word' id='word_1_15' title='bbox 1679 270 1950 304; x_wconf 79' lang='lat' dir='ltr'><strong>anathematizatis</strong></span> 
     </span>
    </p>
   </div>
   <div class='ocr_carea' id='block_1_5' title="bbox 235 314 420 392">
    <p class='ocr_par' dir='ltr' id='par_1_5' title="bbox 235 314 420 392">
     <span class='ocr_line' id='line_1_5' title="bbox 235 314 420 339; baseline -0.005 -6"><span class='ocrx_word' id='word_1_16' title='bbox 235 314 420 339; x_wconf 70' lang='lat' dir='ltr'>singulisproqua-</span> 
     </span>
     <span class='ocr_line' id='line_1_6' title="bbox 235 339 419 360; baseline -0.005 0"><span class='ocrx_word' id='word_1_17' title='bbox 235 341 295 360; x_wconf 79' lang='lat' dir='ltr'>litate</span> <span class='ocrx_word' id='word_1_18' title='bbox 326 339 419 360; x_wconf 79' lang='lat' dir='ltr'>criminis</span> 
     </span>
     <span class='ocr_line' id='line_1_7' title="bbox 235 366 420 392; baseline -0.005 -6"><span class='ocrx_word' id='word_1_19' title='bbox 235 369 256 386; x_wconf 76' lang='lat' dir='ltr'>et</span> <span class='ocrx_word' id='word_1_20' title='bbox 274 366 420 392; x_wconf 73' lang='lat' dir='ltr'>participatio-</span> 
     </span>
    </p>
   </div>
   <div class='ocr_carea' id='block_1_6' title="bbox 235 393 406 418">
    <p class='ocr_par' dir='ltr' id='par_1_6' title="bbox 235 393 406 418">
     <span class='ocr_line' id='line_1_8' title="bbox 235 393 406 418; baseline 0 -6"><span class='ocrx_word' id='word_1_21' title='bbox 235 393 267 413; x_wconf 72' lang='lat' dir='ltr'>nis</span> <span class='ocrx_word' id='word_1_22' title='bbox 279 393 406 418; x_wconf 73' lang='lat' dir='ltr'>infliguntur.</span> 
     </span>
    </p>
   </div>
   <div class='ocr_carea' id='block_1_7' title="bbox 1972 217 2238 250">
    <p class='ocr_par' dir='ltr' id='par_1_7' title="bbox 1972 217 2238 250">
     <span class='ocr_line' id='line_1_9' title="bbox 1972 217 2238 250; baseline 0.011 -3"><span class='ocrx_word' id='word_1_23' title='bbox 1972 221 2021 247; x_wconf 72' lang='lat' dir='ltr'>An.</span> <span class='ocrx_word' id='word_1_24' title='bbox 2039 220 2148 248; x_wconf 67' lang='lat'>01597</span> <span class='ocrx_word' id='word_1_25' title='bbox 2183 247 2186 250; x_wconf 17' lang='grc' dir='ltr'><em>Α</em></span> <span class='ocrx_word' id='word_1_26' title='bbox 2235 217 2238 234; x_wconf 69' lang='lat'><em>³</em></span> 
     </span>
    </p>
   </div>
   <div class='ocr_carea' id='block_1_8' title="bbox 2008 283 2149 303">
    <p class='ocr_par' dir='ltr' id='par_1_8' title="bbox 2008 283 2149 303">
     <span class='ocr_line' id='line_1_10' title="bbox 2008 283 2149 303; baseline 0.007 -1"><span class='ocrx_word' id='word_1_27' title='bbox 2008 283 2149 303; x_wconf 71' lang='lat' dir='ltr'>A-lmnncntui·</span> 
     </span>
    </p>
   </div>
   <div class='ocr_carea' id='block_1_9' title="bbox 1964 303 2219 329">
    <p class='ocr_par' dir='ltr' id='par_1_9' title="bbox 1964 303 2219 329">
     <span class='ocr_line' id='line_1_11' title="bbox 1964 303 2219 329; baseline 0 0"><span class='ocrx_word' id='word_1_28' title='bbox 1964 309 2112 329; x_wconf 80' lang='lat' dir='ltr'>christifideles</span> <span class='ocrx_word' id='word_1_29' title='bbox 2126 311 2149 329; x_wconf 89' lang='lat' dir='ltr'>ut</span> <span class='ocrx_word' id='word_1_30' title='bbox 2176 311 2179 314; x_wconf 96' lang='grc'><em>“</em></span> <span class='ocrx_word' id='word_1_31' title='bbox 2214 303 2219 305; x_wconf 57' lang='grc'><strong>’</strong></span> 
     </span>
    </p>
   </div>
   <div class='ocr_carea' id='block_1_10' title="bbox 435 322 2148 420">
    <p class='ocr_par' dir='ltr' id='par_1_10' title="bbox 435 322 2148 420">
     <span class='ocr_line' id='line_1_12' title="bbox 435 322 2148 367; baseline -0.001 -9"><span class='ocrx_word' id='word_1_32' title='bbox 435 325 490 358; x_wconf 90' lang='lat' dir='ltr'>riis</span> <span class='ocrx_word' id='word_1_33' title='bbox 514 324 737 367; x_wconf 84' lang='lat' dir='ltr'>copiis‚etiam</span> <span class='ocrx_word' id='word_1_34' title='bbox 763 323 901 356; x_wconf 75' lang='lat' dir='ltr'>externis</span> <span class='ocrx_word' id='word_1_35' title='bbox 926 329 954 356; x_wconf 90' lang='lat' dir='ltr'>et</span> <span class='ocrx_word' id='word_1_36' title='bbox 973 322 1171 366; x_wconf 76' lang='lat' dir='ltr'>alienigenis,</span> <span class='ocrx_word' id='word_1_37' title='bbox 1209 328 1239 355; x_wconf 84' lang='lat' dir='ltr'>et</span> <span class='ocrx_word' id='word_1_38' title='bbox 1264 322 1453 362; x_wconf 87' lang='lat' dir='ltr'>maledictis,</span> <span class='ocrx_word' id='word_1_39' title='bbox 1474 328 1510 364; x_wconf 33' lang='lat' dir='ltr'>et-</span> <span class='ocrx_word' id='word_1_40' title='bbox 1524 323 1718 365; x_wconf 83' lang='lat' dir='ltr'>cuicumque</span> <span class='ocrx_word' id='word_1_41' title='bbox 1734 323 1874 363; x_wconf 87' lang='lat' dir='ltr'>illorum,</span> <span class='ocrx_word' id='word_1_42' title='bbox 1893 334 1950 356; x_wconf 88' lang='lat' dir='ltr'>no·</span> <span class='ocrx_word' id='word_1_43' title='bbox 1965 335 2045 356; x_wconf 58' lang='lat' dir='ltr'>evanui</span> <span class='ocrx_word' id='word_1_44' title='bbox 2067 341 2148 356; x_wconf 57' lang='lat' dir='ltr'>excom-</span> 
     </span>
     <span class='ocr_line' id='line_1_13' title="bbox 435 374 1950 420; baseline -0.001 -10"><span class='ocrx_word' id='word_1_45' title='bbox 435 383 464 411; x_wconf 89' lang='lat' dir='ltr'>et</span> <span class='ocrx_word' id='word_1_46' title='bbox 477 378 546 410; x_wconf 86' lang='lat' dir='ltr'>aliis</span> <span class='ocrx_word' id='word_1_47' title='bbox 559 376 828 420; x_wconf 86' lang='lat' dir='ltr'>quibuscumque,</span> <span class='ocrx_word' id='word_1_48' title='bbox 845 375 991 416; x_wconf 86' lang='lat' dir='ltr'>iter,seu</span> <span class='ocrx_word' id='word_1_49' title='bbox 1005 376 1172 409; x_wconf 84' lang='lat' dir='ltr'>transitum</span> <span class='ocrx_word' id='word_1_50' title='bbox 1209 374 1294 407; x_wconf 87' lang='lat' dir='ltr'>mina</span> <span class='ocrx_word' id='word_1_51' title='bbox 1318 380 1347 407; x_wconf 87' lang='lat' dir='ltr'>et</span> <span class='ocrx_word' id='word_1_52' title='bbox 1381 374 1574 417; x_wconf 80' lang='lat' dir='ltr'>cognomina</span> <span class='ocrx_word' id='word_1_53' title='bbox 1598 374 1760 419; x_wconf 89' lang='lat' dir='ltr'>ipsorum,</span> <span class='ocrx_word' id='word_1_54' title='bbox 1787 386 1824 409; x_wconf 89' lang='lat' dir='ltr'>ac</span> <span class='ocrx_word' id='word_1_55' title='bbox 1848 377 1874 408; x_wconf 91' lang='lat' dir='ltr'>si</span> <span class='ocrx_word' id='word_1_56' title='bbox 1898 375 1950 408; x_wconf 80' lang='lat' dir='ltr'>hic</span> 
     </span>
    </p>
   </div>
   <div class='ocr_carea' id='block_1_11' title="bbox 433 427 1183 1795">
    <p class='ocr_par' dir='ltr' id='par_1_11' title="bbox 433 427 1183 1795">
     <span class='ocr_line' id='line_1_14' title="bbox 434 427 1173 474; baseline -0.001 -11"><span class='ocrx_word' id='word_1_57' title='bbox 434 442 492 474; x_wconf 88' lang='lat' dir='ltr'>per</span> <span class='ocrx_word' id='word_1_58' title='bbox 512 427 624 463; x_wconf 76' lang='lat' dir='ltr'>eorum</span> <span class='ocrx_word' id='word_1_59' title='bbox 650 431 718 462; x_wconf 88' lang='lat' dir='ltr'>loca</span> <span class='ocrx_word' id='word_1_60' title='bbox 741 435 770 462; x_wconf 87' lang='lat' dir='ltr'>et</span> <span class='ocrx_word' id='word_1_61' title='bbox 796 428 934 462; x_wconf 87' lang='lat' dir='ltr'>ditiones</span> <span class='ocrx_word' id='word_1_62' title='bbox 959 430 1173 462; x_wconf 87' lang='lat' dir='ltr'>concesserint</span> 
     </span>
     <span class='ocr_line' id='line_1_15' title="bbox 435 481 1175 526; baseline -0.001 -11"><span class='ocrx_word' id='word_1_63' title='bbox 435 489 465 516; x_wconf 89' lang='lat' dir='ltr'>et</span> <span class='ocrx_word' id='word_1_64' title='bbox 489 482 701 526; x_wconf 74' lang='lat' dir='ltr'>permiserint,</span> <span class='ocrx_word' id='word_1_65' title='bbox 721 482 917 525; x_wconf 82' lang='lat' dir='ltr'>quicumque</span> <span class='ocrx_word' id='word_1_66' title='bbox 942 481 963 514; x_wconf 91' lang='lat' dir='ltr'>ii</span> <span class='ocrx_word' id='word_1_67' title='bbox 988 482 1117 522; x_wconf 80' lang='lat' dir='ltr'>suerint,</span> <span class='ocrx_word' id='word_1_68' title='bbox 1145 487 1175 515; x_wconf 38' lang='lat' dir='ltr'>et,</span> 
     </span>
     <span class='ocr_line' id='line_1_16' title="bbox 434 534 1175 578; baseline 0 -11"><span class='ocrx_word' id='word_1_69' title='bbox 434 535 637 578; x_wconf 84' lang='lat' dir='ltr'>quantumvis</span> <span class='ocrx_word' id='word_1_70' title='bbox 654 536 790 575; x_wconf 81' lang='lat' dir='ltr'>excelsa,</span> <span class='ocrx_word' id='word_1_71' title='bbox 820 540 851 568; x_wconf 87' lang='lat' dir='ltr'>et</span> <span class='ocrx_word' id='word_1_72' title='bbox 875 534 986 578; x_wconf 79' lang='lat' dir='ltr'>regali,</span> <span class='ocrx_word' id='word_1_73' title='bbox 1013 541 1044 568; x_wconf 90' lang='lat' dir='ltr'>et</span> <span class='ocrx_word' id='word_1_74' title='bbox 1075 534 1175 578; x_wconf 88' lang='lat' dir='ltr'>impe-</span> 
     </span>
     <span class='ocr_line' id='line_1_17' title="bbox 434 587 1174 630; baseline 0.001 -11"><span class='ocrx_word' id='word_1_75' title='bbox 434 587 503 620; x_wconf 88' lang='lat' dir='ltr'>riali</span> <span class='ocrx_word' id='word_1_76' title='bbox 528 587 681 630; x_wconf 79' lang='lat' dir='ltr'>dignitate</span> <span class='ocrx_word' id='word_1_77' title='bbox 705 587 942 628; x_wconf 81' lang='lat' dir='ltr'>praefulserint‚</span> <span class='ocrx_word' id='word_1_78' title='bbox 969 588 1066 621; x_wconf 87' lang='lat' dir='ltr'>etiam</span> <span class='ocrx_word' id='word_1_79' title='bbox 1088 587 1174 630; x_wconf 89' lang='lat' dir='ltr'>quod</span> 
     </span>
     <span class='ocr_line' id='line_1_18' title="bbox 434 640 1174 683; baseline 0.001 -12"><span class='ocrx_word' id='word_1_80' title='bbox 434 640 560 683; x_wconf 77' lang='lat' dir='ltr'>speciali</span> <span class='ocrx_word' id='word_1_81' title='bbox 585 645 661 673; x_wconf 86' lang='lat' dir='ltr'>nota</span> <span class='ocrx_word' id='word_1_82' title='bbox 687 640 861 683; x_wconf 78' lang='lat' dir='ltr'>indigeant,</span> <span class='ocrx_word' id='word_1_83' title='bbox 881 651 939 674; x_wconf 87' lang='lat' dir='ltr'>nec</span> <span class='ocrx_word' id='word_1_84' title='bbox 957 640 1017 673; x_wconf 91' lang='lat' dir='ltr'>sub</span> <span class='ocrx_word' id='word_1_85' title='bbox 1033 640 1174 683; x_wconf 79' lang='lat' dir='ltr'>generali</span> 
     </span>
     <span class='ocr_line' id='line_1_19' title="bbox 434 692 1174 736; baseline -0.003 -10"><span class='ocrx_word' id='word_1_86' title='bbox 434 692 636 736; x_wconf 77' lang='lat' dir='ltr'>expressione</span> <span class='ocrx_word' id='word_1_87' title='bbox 662 693 804 733; x_wconf 84' lang='lat' dir='ltr'>veniant,</span> <span class='ocrx_word' id='word_1_88' title='bbox 825 693 884 736; x_wconf 90' lang='lat' dir='ltr'>ipsi</span> <span class='ocrx_word' id='word_1_89' title='bbox 902 703 1032 736; x_wconf 84' lang='lat' dir='ltr'>quoque</span> <span class='ocrx_word' id='word_1_90' title='bbox 1049 703 1174 725; x_wconf 82' lang='lat' dir='ltr'>excom-</span> 
     </span>
     <span class='ocr_line' id='line_1_20' title="bbox 435 745 1172 779; baseline 0.001 -3"><span class='ocrx_word' id='word_1_91' title='bbox 435 745 659 779; x_wconf 86' lang='lat' dir='ltr'>municationis</span> <span class='ocrx_word' id='word_1_92' title='bbox 676 745 806 779; x_wconf 87' lang='lat' dir='ltr'>maioris</span> <span class='ocrx_word' id='word_1_93' title='bbox 823 750 853 779; x_wconf 88' lang='lat' dir='ltr'>et.</span> <span class='ocrx_word' id='word_1_94' title='bbox 869 745 1099 778; x_wconf 70' lang='lat' dir='ltr'>maledictionis</span> <span class='ocrx_word' id='word_1_95' title='bbox 1117 754 1172 777; x_wconf 87' lang='lat' dir='ltr'>ae-</span> 
     </span>
     <span class='ocr_line' id='line_1_21' title="bbox 434 797 1177 841; baseline 0 -11"><span class='ocrx_word' id='word_1_96' title='bbox 434 803 541 831; x_wconf 78' lang='lat' dir='ltr'>ternae</span> <span class='ocrx_word' id='word_1_97' title='bbox 566 799 692 831; x_wconf 89' lang='lat' dir='ltr'>vinculo</span> <span class='ocrx_word' id='word_1_98' title='bbox 719 798 825 841; x_wconf 82' lang='lat' dir='ltr'>ligati,</span> <span class='ocrx_word' id='word_1_99' title='bbox 856 804 887 831; x_wconf 89' lang='lat' dir='ltr'>et</span> <span class='ocrx_word' id='word_1_100' title='bbox 907 797 1052 831; x_wconf 86' lang='lat' dir='ltr'>censuris</span> <span class='ocrx_word' id='word_1_101' title='bbox 1076 797 1177 830; x_wconf 87' lang='lat' dir='ltr'>eccle-</span> 
     </span>
     <span class='ocr_line' id='line_1_22' title="bbox 433 850 1177 895; baseline 0 -12"><span class='ocrx_word' id='word_1_102' title='bbox 433 851 568 884; x_wconf 86' lang='lat' dir='ltr'>siasticis</span> <span class='ocrx_word' id='word_1_103' title='bbox 584 851 739 891; x_wconf 89' lang='lat' dir='ltr'>innodati,</span> <span class='ocrx_word' id='word_1_104' title='bbox 753 851 926 895; x_wconf 88' lang='lat' dir='ltr'>divinoque</span> <span class='ocrx_word' id='word_1_105' title='bbox 944 850 1086 894; x_wconf 72' lang='lat' dir='ltr'>percussi</span> <span class='ocrx_word' id='word_1_106' title='bbox 1103 861 1177 884; x_wconf 84' lang='lat' dir='ltr'>ana—</span> 
     </span>
     <span class='ocr_line' id='line_1_23' title="bbox 435 903 1176 947; baseline -0.001 -10"><span class='ocrx_word' id='word_1_107' title='bbox 435 905 573 937; x_wconf 80' lang='lat' dir='ltr'>themate</span> <span class='ocrx_word' id='word_1_108' title='bbox 611 905 674 937; x_wconf 88' lang='lat' dir='ltr'>sint</span> <span class='ocrx_word' id='word_1_109' title='bbox 704 914 743 937; x_wconf 87' lang='lat' dir='ltr'>eo</span> <span class='ocrx_word' id='word_1_110' title='bbox 782 904 871 947; x_wconf 89' lang='lat' dir='ltr'>ipso,</span> <span class='ocrx_word' id='word_1_111' title='bbox 905 914 965 937; x_wconf 88' lang='lat' dir='ltr'>nec</span> <span class='ocrx_word' id='word_1_112' title='bbox 996 903 1035 936; x_wconf 90' lang='lat' dir='ltr'>de</span> <span class='ocrx_word' id='word_1_113' title='bbox 1074 904 1176 937; x_wconf 86' lang='lat' dir='ltr'>salute</span> 
     </span>
     <span class='ocr_line' id='line_1_24' title="bbox 433 957 1178 1001; baseline -0.001 -11"><span class='ocrx_word' id='word_1_114' title='bbox 433 958 557 991; x_wconf 88' lang='lat' dir='ltr'>animae</span> <span class='ocrx_word' id='word_1_115' title='bbox 575 957 698 1001; x_wconf 87' lang='lat' dir='ltr'>aliquid</span> <span class='ocrx_word' id='word_1_116' title='bbox 718 968 859 1000; x_wconf 86' lang='lat' dir='ltr'>unquam</span> <span class='ocrx_word' id='word_1_117' title='bbox 875 963 1003 1000; x_wconf 84' lang='lat' dir='ltr'>sperent</span> <span class='ocrx_word' id='word_1_118' title='bbox 1021 963 1075 990; x_wconf 83' lang='lat' dir='ltr'>aut</span> <span class='ocrx_word' id='word_1_119' title='bbox 1088 967 1178 1000; x_wconf 88' lang='lat' dir='ltr'>prae-</span> 
     </span>
     <span class='ocr_line' id='line_1_25' title="bbox 434 1010 1177 1053; baseline -0.001 -9"><span class='ocrx_word' id='word_1_120' title='bbox 434 1017 574 1052; x_wconf 88' lang='lat' dir='ltr'>sumant,</span> <span class='ocrx_word' id='word_1_121' title='bbox 602 1011 662 1044; x_wconf 89' lang='lat' dir='ltr'>nisi</span> <span class='ocrx_word' id='word_1_122' title='bbox 688 1016 758 1044; x_wconf 92' lang='lat' dir='ltr'>ante</span> <span class='ocrx_word' id='word_1_123' title='bbox 785 1010 880 1043; x_wconf 81' lang='lat' dir='ltr'>finem</span> <span class='ocrx_word' id='word_1_124' title='bbox 905 1011 986 1043; x_wconf 86' lang='lat' dir='ltr'>vitae</span> <span class='ocrx_word' id='word_1_125' title='bbox 1011 1010 1177 1053; x_wconf 87' lang='lat' dir='ltr'>poeniten-</span> 
     </span>
     <span class='ocr_line' id='line_1_26' title="bbox 435 1063 1178 1108; baseline -0.003 -11"><span class='ocrx_word' id='word_1_126' title='bbox 435 1065 508 1097; x_wconf 86' lang='lat' dir='ltr'>tiam</span> <span class='ocrx_word' id='word_1_127' title='bbox 535 1071 676 1107; x_wconf 75' lang='lat' dir='ltr'>agentes,</span> <span class='ocrx_word' id='word_1_128' title='bbox 711 1064 837 1108; x_wconf 83' lang='lat' dir='ltr'>praevia</span> <span class='ocrx_word' id='word_1_129' title='bbox 867 1063 1025 1106; x_wconf 68' lang='lat' dir='ltr'>condigna</span> <span class='ocrx_word' id='word_1_130' title='bbox 1057 1063 1178 1096; x_wconf 81' lang='lat' dir='ltr'>satissa-</span> 
     </span>
     <span class='ocr_line' id='line_1_27' title="bbox 435 1116 1178 1162; baseline -0.001 -13"><span class='ocrx_word' id='word_1_131' title='bbox 435 1118 559 1158; x_wconf 77' lang='lat' dir='ltr'>ctione‚</span> <span class='ocrx_word' id='word_1_132' title='bbox 588 1118 788 1162; x_wconf 84' lang='lat' dir='ltr'>Apostolicae</span> <span class='ocrx_word' id='word_1_133' title='bbox 813 1117 904 1150; x_wconf 88' lang='lat' dir='ltr'>Sedis</span> <span class='ocrx_word' id='word_1_134' title='bbox 937 1117 1058 1159; x_wconf 84' lang='lat' dir='ltr'>gremio</span> <span class='ocrx_word' id='word_1_135' title='bbox 1090 1116 1178 1150; x_wconf 88' lang='lat' dir='ltr'>heni-</span> 
     </span>
     <span class='ocr_line' id='line_1_28' title="bbox 435 1169 1176 1215; baseline -0.003 -11"><span class='ocrx_word' id='word_1_136' title='bbox 435 1181 496 1214; x_wconf 72' lang='lat' dir='ltr'>gne</span> <span class='ocrx_word' id='word_1_137' title='bbox 520 1171 658 1215; x_wconf 76' lang='lat' dir='ltr'>recepti,</span> <span class='ocrx_word' id='word_1_138' title='bbox 684 1177 713 1204; x_wconf 86' lang='lat' dir='ltr'>et</span> <span class='ocrx_word' id='word_1_139' title='bbox 740 1170 883 1204; x_wconf 85' lang='lat' dir='ltr'>fidelium</span> <span class='ocrx_word' id='word_1_140' title='bbox 916 1170 1029 1203; x_wconf 86' lang='lat' dir='ltr'>unitati</span> <span class='ocrx_word' id='word_1_141' title='bbox 1060 1169 1176 1203; x_wconf 83' lang='lat' dir='ltr'>suerint</span> 
     </span>
     <span class='ocr_line' id='line_1_29' title="bbox 436 1222 1180 1266; baseline -0.004 -11"><span class='ocrx_word' id='word_1_142' title='bbox 436 1224 573 1266; x_wconf 66' lang='lat' dir='ltr'>gratiose</span> <span class='ocrx_word' id='word_1_143' title='bbox 599 1223 748 1259; x_wconf 70' lang='lat' dir='ltr'>restituti.</span> <span class='ocrx_word' id='word_1_144' title='bbox 769 1228 862 1266; x_wconf 89' lang='lat' dir='ltr'>prout</span> <span class='ocrx_word' id='word_1_145' title='bbox 888 1233 924 1256; x_wconf 85' lang='lat' dir='ltr'>ex</span> <span class='ocrx_word' id='word_1_146' title='bbox 949 1232 1035 1256; x_wconf 86' lang='lat' dir='ltr'>nunc</span> <span class='ocrx_word' id='word_1_147' title='bbox 1061 1222 1132 1255; x_wconf 91' lang='lat' dir='ltr'>illos</span> <span class='ocrx_word' id='word_1_148' title='bbox 1148 1228 1180 1256; x_wconf 69' lang='lat' dir='ltr'>et,</span> 
     </span>
     <span class='ocr_line' id='line_1_30' title="bbox 436 1276 1180 1319; baseline -0.001 -10"><span class='ocrx_word' id='word_1_149' title='bbox 436 1276 612 1319; x_wconf 86' lang='lat' dir='ltr'>quemlibet</span> <span class='ocrx_word' id='word_1_150' title='bbox 632 1287 742 1310; x_wconf 92' lang='lat' dir='ltr'>eorum</span> <span class='ocrx_word' id='word_1_151' title='bbox 762 1276 903 1310; x_wconf 73' lang='lat' dir='ltr'>censuris</span> <span class='ocrx_word' id='word_1_152' title='bbox 924 1276 1072 1309; x_wconf 83' lang='lat' dir='ltr'>omnibus</span> <span class='ocrx_word' id='word_1_153' title='bbox 1088 1286 1180 1318; x_wconf 85' lang='lat' dir='ltr'>prae-</span> 
     </span>
     <span class='ocr_line' id='line_1_31' title="bbox 437 1328 1180 1372; baseline 0.001 -12"><span class='ocrx_word' id='word_1_154' title='bbox 437 1329 529 1362; x_wconf 76' lang='lat' dir='ltr'>dictis</span> <span class='ocrx_word' id='word_1_155' title='bbox 543 1329 747 1368; x_wconf 86' lang='lat' dir='ltr'>innodamus,</span> <span class='ocrx_word' id='word_1_156' title='bbox 768 1334 797 1362; x_wconf 85' lang='lat' dir='ltr'>ct</span> <span class='ocrx_word' id='word_1_157' title='bbox 819 1328 1020 1361; x_wconf 83' lang='lat' dir='ltr'>anathemate</span> <span class='ocrx_word' id='word_1_158' title='bbox 1034 1328 1180 1372; x_wconf 87' lang='lat' dir='ltr'>percuti-</span> 
     </span>
     <span class='ocr_line' id='line_1_32' title="bbox 439 1381 1181 1424; baseline -0.001 -10"><span class='ocrx_word' id='word_1_159' title='bbox 439 1392 522 1421; x_wconf 73' lang='lat' dir='ltr'>mus,</span> <span class='ocrx_word' id='word_1_160' title='bbox 547 1393 604 1415; x_wconf 91' lang='lat' dir='ltr'>nec</span> <span class='ocrx_word' id='word_1_161' title='bbox 622 1391 686 1415; x_wconf 92' lang='lat' dir='ltr'>non</span> <span class='ocrx_word' id='word_1_162' title='bbox 711 1382 794 1414; x_wconf 89' lang='lat' dir='ltr'>ultra</span> <span class='ocrx_word' id='word_1_163' title='bbox 819 1381 895 1414; x_wconf 89' lang='lat' dir='ltr'>alias</span> <span class='ocrx_word' id='word_1_164' title='bbox 913 1392 1063 1424; x_wconf 86' lang='lat' dir='ltr'>poenasa</span> <span class='ocrx_word' id='word_1_165' title='bbox 1083 1382 1181 1415; x_wconf 83' lang='lat' dir='ltr'>saeris</span> 
     </span>
     <span class='ocr_line' id='line_1_33' title="bbox 437 1433 1181 1480; baseline -0.001 -13"><span class='ocrx_word' id='word_1_166' title='bbox 437 1434 615 1480; x_wconf 82' lang='lat' dir='ltr'>canonibus</span> <span class='ocrx_word' id='word_1_167' title='bbox 639 1440 669 1467; x_wconf 89' lang='lat' dir='ltr'>et</span> <span class='ocrx_word' id='word_1_168' title='bbox 694 1433 877 1478; x_wconf 85' lang='lat' dir='ltr'>apostolicis</span> <span class='ocrx_word' id='word_1_169' title='bbox 897 1433 1181 1467; x_wconf 86' lang='lat' dir='ltr'>constitutionibus</span> 
     </span>
     <span class='ocr_line' id='line_1_34' title="bbox 438 1485 1182 1530; baseline 0 -11"><span class='ocrx_word' id='word_1_170' title='bbox 438 1487 585 1527; x_wconf 78' lang='lat' dir='ltr'>inflictas,</span> <span class='ocrx_word' id='word_1_171' title='bbox 607 1497 672 1527; x_wconf 90' lang='lat' dir='ltr'>eos,</span> <span class='ocrx_word' id='word_1_172' title='bbox 686 1487 711 1520; x_wconf 83' lang='lat' dir='ltr'>si</span> <span class='ocrx_word' id='word_1_173' title='bbox 729 1485 932 1520; x_wconf 82' lang='lat' dir='ltr'>ecclesiastici</span> <span class='ocrx_word' id='word_1_174' title='bbox 957 1486 1087 1527; x_wconf 84' lang='lat' dir='ltr'>suerint,</span> <span class='ocrx_word' id='word_1_175' title='bbox 1104 1497 1182 1530; x_wconf 88' lang='lat' dir='ltr'>qua-</span> 
     </span>
     <span class='ocr_line' id='line_1_35' title="bbox 437 1539 1180 1583; baseline 0.001 -12"><span class='ocrx_word' id='word_1_176' title='bbox 437 1551 577 1583; x_wconf 76' lang='lat' dir='ltr'>cumque</span> <span class='ocrx_word' id='word_1_177' title='bbox 609 1539 782 1583; x_wconf 79' lang='lat' dir='ltr'>dignitate,</span> <span class='ocrx_word' id='word_1_178' title='bbox 812 1539 1016 1582; x_wconf 89' lang='lat' dir='ltr'>quantumvis</span> <span class='ocrx_word' id='word_1_179' title='bbox 1051 1539 1180 1582; x_wconf 60' lang='lat' dir='ltr'>speciali</span> 
     </span>
     <span class='ocr_line' id='line_1_36' title="bbox 437 1592 1178 1636; baseline -0.001 -11"><span class='ocrx_word' id='word_1_180' title='bbox 437 1599 511 1626; x_wconf 89' lang='lat' dir='ltr'>nota</span> <span class='ocrx_word' id='word_1_181' title='bbox 536 1593 631 1635; x_wconf 77' lang='lat' dir='ltr'>digna</span> <span class='ocrx_word' id='word_1_182' title='bbox 665 1593 904 1636; x_wconf 71' lang='lat' dir='ltr'>praefulgeant·‚</span> <span class='ocrx_word' id='word_1_183' title='bbox 934 1592 959 1624; x_wconf 89' lang='lat' dir='ltr'>si</span> <span class='ocrx_word' id='word_1_184' title='bbox 983 1603 1058 1625; x_wconf 81' lang='lat' dir='ltr'>vero</span> <span class='ocrx_word' id='word_1_185' title='bbox 1083 1592 1178 1631; x_wconf 81' lang='lat' dir='ltr'>laici,</span> 
     </span>
     <span class='ocr_line' id='line_1_37' title="bbox 437 1644 1180 1688; baseline -0.003 -9"><span class='ocrx_word' id='word_1_186' title='bbox 437 1656 548 1679; x_wconf 89' lang='lat' dir='ltr'>eorum</span> <span class='ocrx_word' id='word_1_187' title='bbox 575 1645 656 1679; x_wconf 83' lang='lat' dir='ltr'>filios</span> <span class='ocrx_word' id='word_1_188' title='bbox 688 1651 715 1679; x_wconf 87' lang='lat' dir='ltr'>et</span> <span class='ocrx_word' id='word_1_189' title='bbox 743 1644 974 1679; x_wconf 83' lang='lat' dir='ltr'>descendentes</span> <span class='ocrx_word' id='word_1_190' title='bbox 1006 1656 1108 1688; x_wconf 87' lang='lat' dir='ltr'>usque</span> <span class='ocrx_word' id='word_1_191' title='bbox 1142 1645 1180 1678; x_wconf 87' lang='lat' dir='ltr'>ad</span> 
     </span>
     <span class='ocr_line' id='line_1_38' title="bbox 437 1698 1183 1742; baseline 0.001 -13"><span class='ocrx_word' id='word_1_192' title='bbox 437 1704 582 1740; x_wconf 84' lang='lat' dir='ltr'>quartam</span> <span class='ocrx_word' id='word_1_193' title='bbox 598 1698 835 1742; x_wconf 79' lang='lat' dir='ltr'>generationem</span> <span class='ocrx_word' id='word_1_194' title='bbox 863 1708 1087 1742; x_wconf 72' lang='lat' dir='ltr'>quoscumque</span> <span class='ocrx_word' id='word_1_195' title='bbox 1105 1709 1183 1741; x_wconf 85' lang='lat' dir='ltr'>qua-</span> 
     </span>
     <span class='ocr_line' id='line_1_39' title="bbox 438 1751 1181 1795; baseline -0.001 -11"><span class='ocrx_word' id='word_1_196' title='bbox 438 1751 513 1786; x_wconf 90' lang='lat' dir='ltr'>libet</span> <span class='ocrx_word' id='word_1_197' title='bbox 530 1752 715 1785; x_wconf 79' lang='lat' dir='ltr'>huiusmodi</span> <span class='ocrx_word' id='word_1_198' title='bbox 733 1752 888 1795; x_wconf 67' lang='lat' dir='ltr'>dignitate</span> <span class='ocrx_word' id='word_1_199' title='bbox 905 1751 1132 1789; x_wconf 81' lang='lat' dir='ltr'>ecclesiastica,</span> <span class='ocrx_word' id='word_1_200' title='bbox 1147 1762 1181 1784; x_wconf 77' lang='lat' dir='ltr'>a«-</span> 
     </span>
    </p>
   </div>
   <div class='ocr_carea' id='block_1_12' title="bbox 439 1857 1203 2591">
    <p class='ocr_par' dir='ltr' id='par_1_12' title="bbox 439 1857 1203 2591">
     <span class='ocr_line' id='line_1_40' title="bbox 439 1857 1181 1895; baseline 0.001 -5"><span class='ocrx_word' id='word_1_201' title='bbox 439 1858 583 1892; x_wconf 84' lang='lat' dir='ltr'>sionibus</span> <span class='ocrx_word' id='word_1_202' title='bbox 603 1864 633 1892; x_wconf 89' lang='lat' dir='ltr'>et</span> <span class='ocrx_word' id='word_1_203' title='bbox 655 1858 839 1895; x_wconf 80' lang='lat' dir='ltr'>benefieiis,</span> <span class='ocrx_word' id='word_1_204' title='bbox 868 1864 896 1891; x_wconf 93' lang='lat' dir='ltr'>et</span> <span class='ocrx_word' id='word_1_205' title='bbox 926 1857 1104 1891; x_wconf 77' lang='lat' dir='ltr'>redditibus</span> <span class='ocrx_word' id='word_1_206' title='bbox 1132 1868 1181 1891; x_wconf 85' lang='lat' dir='ltr'>ec-</span> 
     </span>
     <span class='ocr_line' id='line_1_41' title="bbox 439 1910 1184 1954; baseline -0.001 -12"><span class='ocrx_word' id='word_1_207' title='bbox 439 1911 622 1944; x_wconf 70' lang='lat' dir='ltr'>clesiasticis</span> <span class='ocrx_word' id='word_1_208' title='bbox 647 1911 854 1954; x_wconf 80' lang='lat' dir='ltr'>quantumvis</span> <span class='ocrx_word' id='word_1_209' title='bbox 878 1910 1005 1954; x_wconf 51' lang='lat' dir='ltr'>speciali</span> <span class='ocrx_word' id='word_1_210' title='bbox 1038 1916 1112 1944; x_wconf 88' lang='lat' dir='ltr'>nota</span> <span class='ocrx_word' id='word_1_211' title='bbox 1137 1910 1184 1942; x_wconf 91' lang='lat' dir='ltr'>di-</span> 
     </span>
     <span class='ocr_line' id='line_1_42' title="bbox 440 1964 1184 2007; baseline 0.001 -11"><span class='ocrx_word' id='word_1_212' title='bbox 440 1964 529 2005; x_wconf 67' lang='lat' dir='ltr'>gnis,</span> <span class='ocrx_word' id='word_1_213' title='bbox 552 1976 589 1998; x_wconf 82' lang='lat' dir='ltr'>ex</span> <span class='ocrx_word' id='word_1_214' title='bbox 614 1974 710 2003; x_wconf 83' lang='lat' dir='ltr'>nunc,</span> <span class='ocrx_word' id='word_1_215' title='bbox 741 1970 832 2007; x_wconf 87' lang='lat' dir='ltr'>prout</span> <span class='ocrx_word' id='word_1_216' title='bbox 867 1975 902 1996; x_wconf 73' lang='lat' dir='ltr'>cx</span> <span class='ocrx_word' id='word_1_217' title='bbox 929 1970 1003 1996; x_wconf 88' lang='lat' dir='ltr'>lunc</span> <span class='ocrx_word' id='word_1_218' title='bbox 1028 1970 1184 2007; x_wconf 85' lang='lat' dir='ltr'>perpetuo</span> 
     </span>
     <span class='ocr_line' id='line_1_43' title="bbox 442 2016 1182 2060; baseline 0.001 -13"><span class='ocrx_word' id='word_1_219' title='bbox 442 2017 613 2060; x_wconf 77' lang='lat' dir='ltr'>privamus,</span> <span class='ocrx_word' id='word_1_220' title='bbox 633 2027 668 2050; x_wconf 82' lang='lat' dir='ltr'>ac</span> <span class='ocrx_word' id='word_1_221' title='bbox 690 2017 728 2049; x_wconf 88' lang='lat' dir='ltr'>ad</span> <span class='ocrx_word' id='word_1_222' title='bbox 755 2017 807 2049; x_wconf 89' lang='lat' dir='ltr'>illa</span> <span class='ocrx_word' id='word_1_223' title='bbox 831 2023 859 2049; x_wconf 87' lang='lat' dir='ltr'>et</span> <span class='ocrx_word' id='word_1_224' title='bbox 887 2016 946 2049; x_wconf 89' lang='lat' dir='ltr'>alia</span> <span class='ocrx_word' id='word_1_225' title='bbox 973 2016 1182 2060; x_wconf 82' lang='lat' dir='ltr'>imposterum</span> 
     </span>
     <span class='ocr_line' id='line_1_44' title="bbox 440 2064 1201 2114; baseline 0 -13"><span class='ocrx_word' id='word_1_226' title='bbox 440 2069 611 2102; x_wconf 85' lang='lat' dir='ltr'>obtinenda</span> <span class='ocrx_word' id='word_1_227' title='bbox 638 2080 768 2114; x_wconf 77' lang='lat' dir='ltr'>prorsus</span> <span class='ocrx_word' id='word_1_228' title='bbox 793 2068 1043 2102; x_wconf 70' lang='lat' dir='ltr'>inhabiliuunus.</span> <span class='ocrx_word' id='word_1_229' title='bbox 1074 2070 1110 2102; x_wconf 83' lang='lat' dir='ltr'>Et</span> <span class='ocrx_word' id='word_1_230' title='bbox 1138 2064 1201 2111; x_wconf 72' lang='lat' dir='ltr'>ul]</span> 
     </span>
     <span class='ocr_line' id='line_1_45' title="bbox 442 2122 1185 2166; baseline -0.003 -10"><span class='ocrx_word' id='word_1_231' title='bbox 442 2125 540 2156; x_wconf 64' lang='lat' dir='ltr'>if-rius</span> <span class='ocrx_word' id='word_1_232' title='bbox 564 2124 594 2156; x_wconf 95' lang='lat' dir='ltr'>in</span> <span class='ocrx_word' id='word_1_233' title='bbox 619 2134 730 2156; x_wconf 76' lang='lat' dir='ltr'>eornm</span> <span class='ocrx_word' id='word_1_234' title='bbox 758 2123 872 2163; x_wconf 62' lang='lat' dir='ltr'>regnis,</span> <span class='ocrx_word' id='word_1_235' title='bbox 901 2122 1082 2166; x_wconf 83' lang='lat' dir='ltr'>provinciis,</span> <span class='ocrx_word' id='word_1_236' title='bbox 1110 2122 1185 2155; x_wconf 81' lang='lat' dir='ltr'>civi-</span> 
     </span>
     <span class='ocr_line' id='line_1_46' title="bbox 443 2175 1184 2219; baseline -0.001 -11"><span class='ocrx_word' id='word_1_237' title='bbox 443 2177 559 2209; x_wconf 67' lang='lat' dir='ltr'>iniibus</span> <span class='ocrx_word' id='word_1_238' title='bbox 575 2183 602 2210; x_wconf 85' lang='lat' dir='ltr'>et</span> <span class='ocrx_word' id='word_1_239' title='bbox 623 2176 699 2210; x_wconf 66' lang='lat' dir='ltr'>locis</span> <span class='ocrx_word' id='word_1_240' title='bbox 717 2175 977 2219; x_wconf 82' lang='lat' dir='ltr'>quibuscumque</span> <span class='ocrx_word' id='word_1_241' title='bbox 1002 2185 1184 2208; x_wconf 80' lang='lat' dir='ltr'>sacramen-</span> 
     </span>
     <span class='ocr_line' id='line_1_47' title="bbox 443 2227 1184 2267; baseline 0 -6"><span class='ocrx_word' id='word_1_242' title='bbox 443 2236 546 2262; x_wconf 81' lang='lat' dir='ltr'>torum</span> <span class='ocrx_word' id='word_1_243' title='bbox 574 2235 604 2262; x_wconf 86' lang='lat' dir='ltr'>ct</span> <span class='ocrx_word' id='word_1_244' title='bbox 629 2229 808 2262; x_wconf 89' lang='lat' dir='ltr'>divinorum</span> <span class='ocrx_word' id='word_1_245' title='bbox 835 2227 1029 2267; x_wconf 70' lang='lat' dir='ltr'>officiorum,</span> <span class='ocrx_word' id='word_1_246' title='bbox 1064 2234 1093 2260; x_wconf 65' lang='lat' dir='ltr'>vt</span> <span class='ocrx_word' id='word_1_247' title='bbox 1128 2229 1184 2261; x_wconf 79' lang='lat' dir='ltr'>liu-</span> 
     </span>
     <span class='ocr_line' id='line_1_48' title="bbox 445 2280 1186 2320; baseline -0.004 -4"><span class='ocrx_word' id='word_1_248' title='bbox 445 2283 528 2316; x_wconf 81' lang='lat' dir='ltr'>mani</span> <span class='ocrx_word' id='word_1_249' title='bbox 553 2282 701 2315; x_wconf 63' lang='lat' dir='ltr'>‹cuum-ii</span> <span class='ocrx_word' id='word_1_250' title='bbox 728 2292 841 2320; x_wconf 85' lang='lat' dir='ltr'>usum,</span> <span class='ocrx_word' id='word_1_251' title='bbox 864 2287 892 2313; x_wconf 87' lang='lat' dir='ltr'>ut</span> <span class='ocrx_word' id='word_1_252' title='bbox 921 2280 959 2312; x_wconf 71' lang='lat' dir='ltr'>de</span> <span class='ocrx_word' id='word_1_253' title='bbox 983 2280 1052 2313; x_wconf 74' lang='lat' dir='ltr'>aliis</span> <span class='ocrx_word' id='word_1_254' title='bbox 1078 2280 1186 2314; x_wconf 77' lang='lat' dir='ltr'>civita—</span> 
     </span>
     <span class='ocr_line' id='line_1_49' title="bbox 445 2333 1203 2378; baseline -0.003 -11"><span class='ocrx_word' id='word_1_255' title='bbox 445 2335 528 2368; x_wconf 77' lang='lat' dir='ltr'>tibus</span> <span class='ocrx_word' id='word_1_256' title='bbox 552 2342 581 2369; x_wconf 76' lang='lat' dir='ltr'>et</span> <span class='ocrx_word' id='word_1_257' title='bbox 608 2336 684 2369; x_wconf 81' lang='lat' dir='ltr'>locis</span> <span class='ocrx_word' id='word_1_258' title='bbox 709 2335 856 2378; x_wconf 70' lang='lat' dir='ltr'>superius</span> <span class='ocrx_word' id='word_1_259' title='bbox 881 2333 1037 2378; x_wconf 69' lang='lat' dir='ltr'>expressis·</span> <span class='ocrx_word' id='word_1_260' title='bbox 1062 2334 1203 2374; x_wconf 77' lang='lat' dir='ltr'>&lt;lictum¹</span> 
     </span>
     <span class='ocr_line' id='line_1_50' title="bbox 445 2386 1203 2431; baseline -0.001 -12"><span class='ocrx_word' id='word_1_261' title='bbox 445 2395 504 2423; x_wconf 52' lang='lat' dir='ltr'>cast,</span> <span class='ocrx_word' id='word_1_262' title='bbox 523 2395 550 2421; x_wconf 67' lang='lat' dir='ltr'>vt</span> <span class='ocrx_word' id='word_1_263' title='bbox 572 2390 650 2422; x_wconf 79' lang='lat' dir='ltr'>infra</span> <span class='ocrx_word' id='word_1_264' title='bbox 677 2389 770 2421; x_wconf 67' lang='lat' dir='ltr'>ctiam</span> <span class='ocrx_word' id='word_1_265' title='bbox 797 2388 932 2425; x_wconf 65' lang='lat' dir='ltr'>diretur,</span> <span class='ocrx_word' id='word_1_266' title='bbox 950 2386 1182 2426; x_wconf 68' lang='lat' dir='ltr'>intr-rdiciums,</span> <span class='ocrx_word' id='word_1_267' title='bbox 1202 2420 1203 2431; x_wconf 15' lang='grc' dir='ltr'><strong>χ</strong></span> 
     </span>
     <span class='ocr_line' id='line_1_51' title="bbox 446 2440 1183 2485; baseline -0.001 -13"><span class='ocrx_word' id='word_1_268' title='bbox 446 2442 572 2474; x_wconf 78' lang='lat' dir='ltr'>illorum</span> <span class='ocrx_word' id='word_1_269' title='bbox 599 2448 762 2485; x_wconf 81' lang='lat' dir='ltr'>praeterea</span> <span class='ocrx_word' id='word_1_270' title='bbox 787 2440 1002 2484; x_wconf 74' lang='lat' dir='ltr'>singularibus</span> <span class='ocrx_word' id='word_1_271' title='bbox 1029 2440 1183 2483; x_wconf 81' lang='lat' dir='ltr'>personis,</span> 
     </span>
     <span class='ocr_line' id='line_1_52' title="bbox 446 2492 1203 2537; baseline -0.003 -12"><span class='ocrx_word' id='word_1_272' title='bbox 446 2494 503 2526; x_wconf 77' lang='lat' dir='ltr'>nisi</span> <span class='ocrx_word' id='word_1_273' title='bbox 522 2508 554 2525; x_wconf 62' lang='lat' dir='ltr'>&gt;uz</span> <span class='ocrx_word' id='word_1_274' title='bbox 577 2496 770 2528; x_wconf 60' lang='lat' dir='ltr'>correxi-rint</span> <span class='ocrx_word' id='word_1_275' title='bbox 797 2501 824 2527; x_wconf 84' lang='lat' dir='ltr'>et</span> <span class='ocrx_word' id='word_1_276' title='bbox 852 2506 868 2526; x_wconf 87' lang='lat' dir='ltr'>a</span> <span class='ocrx_word' id='word_1_277' title='bbox 891 2492 1070 2537; x_wconf 64' lang='lat' dir='ltr'>prin-missis</span> <span class='ocrx_word' id='word_1_278' title='bbox 1093 2492 1203 2525; x_wconf 62' lang='lat' dir='ltr'>almi-1</span> 
     </span>
     <span class='ocr_line' id='line_1_53' title="bbox 447 2545 1162 2591; baseline -0.001 -13"><span class='ocrx_word' id='word_1_279' title='bbox 447 2548 570 2579; x_wconf 66' lang='lat' dir='ltr'>nii-*rint</span> <span class='ocrx_word' id='word_1_280' title='bbox 599 2547 735 2580; x_wconf 86' lang='lat' dir='ltr'>divinam</span> <span class='ocrx_word' id='word_1_281' title='bbox 756 2547 970 2591; x_wconf 73' lang='lat' dir='ltr'>praedic-imus</span> <span class='ocrx_word' id='word_1_282' title='bbox 996 2545 1162 2579; x_wconf 64' lang='lat' dir='ltr'>ultioni-m.</span> 
     </span>
    </p>
   </div>
   <div class='ocr_carea' id='block_1_13' title="bbox 1193 810 1206 2613">
    <p class='ocr_par' dir='ltr' id='par_1_13' title="bbox 1193 810 1206 2613">
     <span class='ocr_line' id='line_1_54' title="bbox 1193 810 1206 2613; baseline 0 0"><span class='ocrx_word' id='word_1_283' title='bbox 1193 810 1206 2613; x_wconf 95' lang='lat' dir='ltr'> </span> 
     </span>
    </p>
   </div>
   <div class='ocr_carea' id='block_1_14' title="bbox 492 2598 1188 2644">
    <p class='ocr_par' dir='ltr' id='par_1_14' title="bbox 492 2598 1188 2644">
     <span class='ocr_line' id='line_1_55' title="bbox 492 2598 1188 2644; baseline -0.001 -12"><span class='ocrx_word' id='word_1_284' title='bbox 492 2602 505 2639; x_wconf 55' lang='grc' dir='ltr'>ᾖ</span> <span class='ocrx_word' id='word_1_285' title='bbox 532 2601 580 2632; x_wconf 64' lang='grc'>28.</span> <span class='ocrx_word' id='word_1_286' title='bbox 609 2601 740 2633; x_wconf 77' lang='lat' dir='ltr'>ltetnum</span> <span class='ocrx_word' id='word_1_287' title='bbox 767 2599 958 2644; x_wconf 79' lang='lat' dir='ltr'>supradictis</span> <span class='ocrx_word' id='word_1_288' title='bbox 982 2598 1133 2633; x_wconf 83' lang='lat' dir='ltr'>omnibns</span> <span class='ocrx_word' id='word_1_289' title='bbox 1157 2603 1188 2631; x_wconf 85' lang='lat' dir='ltr'>et</span> 
     </span>
    </p>
   </div>
   <div class='ocr_carea' id='block_1_15' title="bbox 1208 426 1961 1737">
    <p class='ocr_par' dir='ltr' id='par_1_15' title="bbox 1208 426 1961 1737">
     <span class='ocr_line' id='line_1_56' title="bbox 1210 426 1951 472; baseline 0.003 -14"><span class='ocrx_word' id='word_1_290' title='bbox 1210 426 1241 459; x_wconf 88' lang='lat' dir='ltr'>in</span> <span class='ocrx_word' id='word_1_291' title='bbox 1265 426 1370 470; x_wconf 82' lang='lat' dir='ltr'>specie</span> <span class='ocrx_word' id='word_1_292' title='bbox 1388 427 1507 460; x_wconf 84' lang='lat' dir='ltr'>inserta</span> <span class='ocrx_word' id='word_1_293' title='bbox 1523 434 1639 467; x_wconf 88' lang='lat' dir='ltr'>essent,</span> <span class='ocrx_word' id='word_1_294' title='bbox 1659 427 1880 470; x_wconf 77' lang='lat' dir='ltr'>praesent-ihus</span> <span class='ocrx_word' id='word_1_295' title='bbox 1893 438 1951 472; x_wconf 91' lang='lat' dir='ltr'>pro</span> 
     </span>
     <span class='ocr_line' id='line_1_57' title="bbox 1208 479 1952 523; baseline 0.003 -12"><span class='ocrx_word' id='word_1_296' title='bbox 1208 479 1365 522; x_wconf 82' lang='lat' dir='ltr'>expressis</span> <span class='ocrx_word' id='word_1_297' title='bbox 1376 479 1534 519; x_wconf 86' lang='lat' dir='ltr'>similiter,</span> <span class='ocrx_word' id='word_1_298' title='bbox 1547 485 1583 512; x_wconf 88' lang='lat' dir='ltr'>ut</span> <span class='ocrx_word' id='word_1_299' title='bbox 1592 479 1811 523; x_wconf 88' lang='lat' dir='ltr'>supradictum</span> <span class='ocrx_word' id='word_1_300' title='bbox 1822 486 1881 521; x_wconf 81' lang='lat' dir='ltr'>est,</span> <span class='ocrx_word' id='word_1_301' title='bbox 1896 480 1952 513; x_wconf 85' lang='lat' dir='ltr'>ha-</span> 
     </span>
     <span class='ocr_line' id='line_1_58' title="bbox 1208 532 1949 576; baseline 0.001 -12"><span class='ocrx_word' id='word_1_302' title='bbox 1208 532 1330 573; x_wconf 82' lang='lat' dir='ltr'>benteS‚</span> <span class='ocrx_word' id='word_1_303' title='bbox 1359 532 1633 573; x_wconf 85' lang='lat' dir='ltr'>communionem,</span> <span class='ocrx_word' id='word_1_304' title='bbox 1659 532 1949 576; x_wconf 85' lang='lat' dir='ltr'>participationem,</span> 
     </span>
     <span class='ocr_line' id='line_1_59' title="bbox 1209 585 1952 628; baseline 0 -11"><span class='ocrx_word' id='word_1_305' title='bbox 1209 585 1438 618; x_wconf 85' lang='lat' dir='ltr'>commercium</span> <span class='ocrx_word' id='word_1_306' title='bbox 1457 585 1674 628; x_wconf 86' lang='lat' dir='ltr'>quorumlibet</span> <span class='ocrx_word' id='word_1_307' title='bbox 1696 585 1952 619; x_wconf 84' lang='lat' dir='ltr'>christifidelium</span> 
     </span>
     <span class='ocr_line' id='line_1_60' title="bbox 1208 637 1953 682; baseline -0.001 -11"><span class='ocrx_word' id='word_1_308' title='bbox 1208 638 1432 672; x_wconf 87' lang='lat' dir='ltr'>interdicimus</span> <span class='ocrx_word' id='word_1_309' title='bbox 1470 644 1501 672; x_wconf 86' lang='lat' dir='ltr'>ct</span> <span class='ocrx_word' id='word_1_310' title='bbox 1540 638 1748 681; x_wconf 85' lang='lat' dir='ltr'>prohibemus</span> <span class='ocrx_word' id='word_1_311' title='bbox 1768 650 1777 677; x_wconf 91' lang='lat'>·‚</span> <span class='ocrx_word' id='word_1_312' title='bbox 1813 637 1953 682; x_wconf 87' lang='lat' dir='ltr'>ipsisque</span> 
     </span>
     <span class='ocr_line' id='line_1_61' title="bbox 1210 687 1953 734; baseline -0.001 -11"><span class='ocrx_word' id='word_1_313' title='bbox 1210 691 1471 724; x_wconf 84' lang='lat' dir='ltr'>christifidelibus</span> <span class='ocrx_word' id='word_1_314' title='bbox 1495 687 1705 734; x_wconf 81' lang='lat' dir='ltr'>iniungimus,</span> <span class='ocrx_word' id='word_1_315' title='bbox 1732 696 1767 724; x_wconf 87' lang='lat' dir='ltr'>ut</span> <span class='ocrx_word' id='word_1_316' title='bbox 1791 691 1877 734; x_wconf 89' lang='lat' dir='ltr'>ipsos</span> <span class='ocrx_word' id='word_1_317' title='bbox 1901 700 1953 722; x_wconf 92' lang='lat' dir='ltr'>ex-</span> 
     </span>
     <span class='ocr_line' id='line_1_62' title="bbox 1209 742 1954 784; baseline -0.001 -8"><span class='ocrx_word' id='word_1_318' title='bbox 1209 743 1475 784; x_wconf 86' lang='lat' dir='ltr'>communicatos,</span> <span class='ocrx_word' id='word_1_319' title='bbox 1495 743 1779 776; x_wconf 82' lang='lat' dir='ltr'>anathematizatos</span> <span class='ocrx_word' id='word_1_320' title='bbox 1802 748 1834 776; x_wconf 86' lang='lat' dir='ltr'>et</span> <span class='ocrx_word' id='word_1_321' title='bbox 1859 742 1954 775; x_wconf 81' lang='lat' dir='ltr'>male-</span> 
     </span>
     <span class='ocr_line' id='line_1_63' title="bbox 1211 795 1952 838; baseline -0.003 -9"><span class='ocrx_word' id='word_1_322' title='bbox 1211 795 1314 829; x_wconf 89' lang='lat' dir='ltr'>dictos</span> <span class='ocrx_word' id='word_1_323' title='bbox 1345 796 1480 835; x_wconf 83' lang='lat' dir='ltr'>evitent,</span> <span class='ocrx_word' id='word_1_324' title='bbox 1508 801 1539 829; x_wconf 89' lang='lat' dir='ltr'>et</span> <span class='ocrx_word' id='word_1_325' title='bbox 1570 796 1704 833; x_wconf 82' lang='lat' dir='ltr'>saciant,</span> <span class='ocrx_word' id='word_1_326' title='bbox 1732 801 1888 838; x_wconf 86' lang='lat' dir='ltr'>quantum</span> <span class='ocrx_word' id='word_1_327' title='bbox 1921 795 1952 827; x_wconf 92' lang='lat' dir='ltr'>in</span> 
     </span>
     <span class='ocr_line' id='line_1_64' title="bbox 1211 847 1955 890; baseline -0.003 -8"><span class='ocrx_word' id='word_1_328' title='bbox 1211 849 1256 882; x_wconf 86' lang='lat' dir='ltr'>eis</span> <span class='ocrx_word' id='word_1_329' title='bbox 1279 855 1338 890; x_wconf 86' lang='lat' dir='ltr'>est,</span> <span class='ocrx_word' id='word_1_330' title='bbox 1365 850 1405 882; x_wconf 86' lang='lat' dir='ltr'>ab</span> <span class='ocrx_word' id='word_1_331' title='bbox 1429 849 1499 881; x_wconf 88' lang='lat' dir='ltr'>aliis</span> <span class='ocrx_word' id='word_1_332' title='bbox 1527 848 1649 889; x_wconf 85' lang='lat' dir='ltr'>evitari,</span> <span class='ocrx_word' id='word_1_333' title='bbox 1676 859 1735 882; x_wconf 88' lang='lat' dir='ltr'>nec</span> <span class='ocrx_word' id='word_1_334' title='bbox 1759 847 1799 881; x_wconf 85' lang='lat' dir='ltr'>ad</span> <span class='ocrx_word' id='word_1_335' title='bbox 1823 858 1878 882; x_wconf 89' lang='lat' dir='ltr'>eos</span> <span class='ocrx_word' id='word_1_336' title='bbox 1897 854 1955 881; x_wconf 86' lang='lat' dir='ltr'>aut</span> 
     </span>
     <span class='ocr_line' id='line_1_65' title="bbox 1210 902 1951 946; baseline -0.001 -11"><span class='ocrx_word' id='word_1_337' title='bbox 1210 902 1351 946; x_wconf 76' lang='lat' dir='ltr'>aliquem</span> <span class='ocrx_word' id='word_1_338' title='bbox 1384 903 1526 946; x_wconf 86' lang='lat' dir='ltr'>ipsorum</span> <span class='ocrx_word' id='word_1_339' title='bbox 1559 902 1757 935; x_wconf 81' lang='lat' dir='ltr'>frumentum</span> <span class='ocrx_word' id='word_1_340' title='bbox 1774 928 1781 941; x_wconf 83' lang='lat'>,</span> <span class='ocrx_word' id='word_1_341' title='bbox 1808 907 1951 944; x_wconf 84' lang='lat' dir='ltr'>segetes,</span> 
     </span>
     <span class='ocr_line' id='line_1_66' title="bbox 1210 954 1954 999; baseline -0.004 -10"><span class='ocrx_word' id='word_1_342' title='bbox 1210 956 1315 997; x_wconf 86' lang='lat' dir='ltr'>blada,</span> <span class='ocrx_word' id='word_1_343' title='bbox 1338 966 1466 999; x_wconf 87' lang='lat' dir='ltr'>panem,</span> <span class='ocrx_word' id='word_1_344' title='bbox 1486 955 1607 994; x_wconf 88' lang='lat' dir='ltr'>vinum,</span> <span class='ocrx_word' id='word_1_345' title='bbox 1636 965 1778 994; x_wconf 89' lang='lat' dir='ltr'>carnem,</span> <span class='ocrx_word' id='word_1_346' title='bbox 1797 960 1851 988; x_wconf 86' lang='lat' dir='ltr'>aut</span> <span class='ocrx_word' id='word_1_347' title='bbox 1869 954 1954 987; x_wconf 88' lang='lat' dir='ltr'>aliud</span> 
     </span>
     <span class='ocr_line' id='line_1_67' title="bbox 1212 1006 1956 1052; baseline -0.004 -10"><span class='ocrx_word' id='word_1_348' title='bbox 1212 1009 1441 1052; x_wconf 86' lang='lat' dir='ltr'>quodcumque</span> <span class='ocrx_word' id='word_1_349' title='bbox 1473 1012 1670 1041; x_wconf 83' lang='lat' dir='ltr'>commeatus</span> <span class='ocrx_word' id='word_1_350' title='bbox 1701 1013 1733 1040; x_wconf 87' lang='lat' dir='ltr'>et</span> <span class='ocrx_word' id='word_1_351' title='bbox 1768 1006 1877 1040; x_wconf 86' lang='lat' dir='ltr'>cibarii</span> <span class='ocrx_word' id='word_1_352' title='bbox 1901 1017 1956 1049; x_wconf 81' lang='lat' dir='ltr'>ge-</span> 
     </span>
     <span class='ocr_line' id='line_1_68' title="bbox 1212 1059 1953 1104; baseline -0.003 -10"><span class='ocrx_word' id='word_1_353' title='bbox 1212 1072 1284 1103; x_wconf 78' lang='lat' dir='ltr'>nuS,</span> <span class='ocrx_word' id='word_1_354' title='bbox 1306 1061 1460 1095; x_wconf 79' lang='lat' dir='ltr'>veletiam</span> <span class='ocrx_word' id='word_1_355' title='bbox 1486 1059 1649 1104; x_wconf 79' lang='lat' dir='ltr'>pecunias,</span> <span class='ocrx_word' id='word_1_356' title='bbox 1676 1069 1811 1103; x_wconf 87' lang='lat' dir='ltr'>pannos,</span> <span class='ocrx_word' id='word_1_357' title='bbox 1838 1065 1953 1098; x_wconf 83' lang='lat' dir='ltr'>vestes,</span> 
     </span>
     <span class='ocr_line' id='line_1_69' title="bbox 1212 1113 1953 1156; baseline -0.005 -8"><span class='ocrx_word' id='word_1_358' title='bbox 1212 1115 1327 1148; x_wconf 86' lang='lat' dir='ltr'>aliasve</span> <span class='ocrx_word' id='word_1_359' title='bbox 1352 1125 1402 1147; x_wconf 88' lang='lat' dir='ltr'>res</span> <span class='ocrx_word' id='word_1_360' title='bbox 1427 1119 1456 1147; x_wconf 90' lang='lat' dir='ltr'>et</span> <span class='ocrx_word' id='word_1_361' title='bbox 1481 1123 1603 1147; x_wconf 85' lang='lat' dir='ltr'>merces</span> <span class='ocrx_word' id='word_1_362' title='bbox 1632 1113 1755 1146; x_wconf 79' lang='lat' dir='ltr'>deferre</span> <span class='ocrx_word' id='word_1_363' title='bbox 1770 1139 1778 1153; x_wconf 82' lang='lat'><em>‚</em></span> <span class='ocrx_word' id='word_1_364' title='bbox 1806 1118 1953 1156; x_wconf 86' lang='lat' dir='ltr'>portare,</span> 
     </span>
     <span class='ocr_line' id='line_1_70' title="bbox 1213 1166 1956 1209; baseline -0.001 -9"><span class='ocrx_word' id='word_1_365' title='bbox 1213 1168 1259 1201; x_wconf 85' lang='lat' dir='ltr'>vel</span> <span class='ocrx_word' id='word_1_366' title='bbox 1292 1168 1338 1201; x_wconf 90' lang='lat' dir='ltr'>eis</span> <span class='ocrx_word' id='word_1_367' title='bbox 1373 1167 1529 1207; x_wconf 88' lang='lat' dir='ltr'>vendere,</span> <span class='ocrx_word' id='word_1_368' title='bbox 1564 1173 1618 1200; x_wconf 90' lang='lat' dir='ltr'>aut</span> <span class='ocrx_word' id='word_1_369' title='bbox 1655 1166 1716 1199; x_wconf 86' lang='lat' dir='ltr'>alio</span> <span class='ocrx_word' id='word_1_370' title='bbox 1750 1175 1956 1209; x_wconf 87' lang='lat' dir='ltr'>quocumque</span> 
     </span>
     <span class='ocr_line' id='line_1_71' title="bbox 1214 1219 1957 1260; baseline -0.004 -6"><span class='ocrx_word' id='word_1_371' title='bbox 1214 1221 1311 1255; x_wconf 90' lang='lat' dir='ltr'>modo</span> <span class='ocrx_word' id='word_1_372' title='bbox 1336 1221 1474 1260; x_wconf 86' lang='lat' dir='ltr'>tradere,</span> <span class='ocrx_word' id='word_1_373' title='bbox 1494 1220 1540 1253; x_wconf 90' lang='lat' dir='ltr'>vel</span> <span class='ocrx_word' id='word_1_374' title='bbox 1565 1221 1596 1253; x_wconf 93' lang='lat' dir='ltr'>in</span> <span class='ocrx_word' id='word_1_375' title='bbox 1621 1230 1675 1253; x_wconf 88' lang='lat' dir='ltr'>cos</span> <span class='ocrx_word' id='word_1_376' title='bbox 1701 1219 1883 1259; x_wconf 83' lang='lat' dir='ltr'>transferre,</span> <span class='ocrx_word' id='word_1_377' title='bbox 1901 1224 1957 1252; x_wconf 91' lang='lat' dir='ltr'>aut</span> 
     </span>
     <span class='ocr_line' id='line_1_72' title="bbox 1214 1271 1957 1315; baseline -0.001 -8"><span class='ocrx_word' id='word_1_378' title='bbox 1214 1274 1351 1308; x_wconf 86' lang='lat' dir='ltr'>vicissim</span> <span class='ocrx_word' id='word_1_379' title='bbox 1370 1273 1409 1306; x_wconf 87' lang='lat' dir='ltr'>ab</span> <span class='ocrx_word' id='word_1_380' title='bbox 1428 1273 1488 1306; x_wconf 89' lang='lat' dir='ltr'>illis</span> <span class='ocrx_word' id='word_1_381' title='bbox 1505 1283 1623 1311; x_wconf 87' lang='lat' dir='ltr'>emere,</span> <span class='ocrx_word' id='word_1_382' title='bbox 1644 1273 1691 1305; x_wconf 89' lang='lat' dir='ltr'>vel</span> <span class='ocrx_word' id='word_1_383' title='bbox 1710 1283 1842 1315; x_wconf 88' lang='lat' dir='ltr'>quoquo</span> <span class='ocrx_word' id='word_1_384' title='bbox 1859 1271 1957 1306; x_wconf 89' lang='lat' dir='ltr'>modo</span> 
     </span>
     <span class='ocr_line' id='line_1_73' title="bbox 1215 1324 1959 1370; baseline -0.001 -11"><span class='ocrx_word' id='word_1_385' title='bbox 1215 1327 1356 1370; x_wconf 88' lang='lat' dir='ltr'>recipere</span> <span class='ocrx_word' id='word_1_386' title='bbox 1381 1331 1598 1369; x_wconf 80' lang='lat' dir='ltr'>praesumant,</span> <span class='ocrx_word' id='word_1_387' title='bbox 1625 1335 1683 1358; x_wconf 93' lang='lat' dir='ltr'>nec</span> <span class='ocrx_word' id='word_1_388' title='bbox 1709 1324 1805 1358; x_wconf 81' lang='lat' dir='ltr'>etiam</span> <span class='ocrx_word' id='word_1_389' title='bbox 1830 1324 1959 1368; x_wconf 87' lang='lat' dir='ltr'>permit-</span> 
     </span>
     <span class='ocr_line' id='line_1_74' title="bbox 1215 1377 1958 1421; baseline -0.001 -8"><span class='ocrx_word' id='word_1_390' title='bbox 1215 1386 1294 1420; x_wconf 84' lang='lat' dir='ltr'>tant,</span> <span class='ocrx_word' id='word_1_391' title='bbox 1314 1386 1346 1413; x_wconf 88' lang='lat' dir='ltr'>ut</span> <span class='ocrx_word' id='word_1_392' title='bbox 1366 1379 1444 1412; x_wconf 88' lang='lat' dir='ltr'>haec</span> <span class='ocrx_word' id='word_1_393' title='bbox 1461 1378 1501 1410; x_wconf 87' lang='lat' dir='ltr'>ab</span> <span class='ocrx_word' id='word_1_394' title='bbox 1517 1379 1586 1412; x_wconf 87' lang='lat' dir='ltr'>aliis</span> <span class='ocrx_word' id='word_1_395' title='bbox 1603 1378 1693 1417; x_wconf 81' lang='lat' dir='ltr'>siant,</span> <span class='ocrx_word' id='word_1_396' title='bbox 1712 1377 1855 1421; x_wconf 87' lang='lat' dir='ltr'>alioquin</span> <span class='ocrx_word' id='word_1_397' title='bbox 1873 1378 1958 1421; x_wconf 90' lang='lat' dir='ltr'>ipsos</span> 
     </span>
     <span class='ocr_line' id='line_1_75' title="bbox 1215 1430 1960 1476; baseline -0.001 -12"><span class='ocrx_word' id='word_1_398' title='bbox 1215 1442 1345 1476; x_wconf 85' lang='lat' dir='ltr'>quoque</span> <span class='ocrx_word' id='word_1_399' title='bbox 1369 1442 1460 1466; x_wconf 86' lang='lat' dir='ltr'>secus</span> <span class='ocrx_word' id='word_1_400' title='bbox 1483 1431 1646 1471; x_wconf 47' lang='lat' dir='ltr'>facientes</span> <span class='ocrx_word' id='word_1_401' title='bbox 1665 1431 1842 1474; x_wconf 78' lang='lat' dir='ltr'>singulares</span> <span class='ocrx_word' id='word_1_402' title='bbox 1865 1430 1960 1464; x_wconf 90' lang='lat' dir='ltr'>nimi-</span> 
     </span>
     <span class='ocr_line' id='line_1_76' title="bbox 1216 1484 1959 1529; baseline -0.001 -10"><span class='ocrx_word' id='word_1_403' title='bbox 1216 1496 1286 1519; x_wconf 90' lang='lat' dir='ltr'>rum</span> <span class='ocrx_word' id='word_1_404' title='bbox 1313 1495 1475 1529; x_wconf 78' lang='lat' dir='ltr'>personas,</span> <span class='ocrx_word' id='word_1_405' title='bbox 1503 1485 1634 1528; x_wconf 87' lang='lat' dir='ltr'>paribus</span> <span class='ocrx_word' id='word_1_406' title='bbox 1651 1484 1959 1518; x_wconf 74' lang='lat' dir='ltr'>excommunicatio-</span> 
     </span>
     <span class='ocr_line' id='line_1_77' title="bbox 1216 1537 1960 1578; baseline -0.001 -7"><span class='ocrx_word' id='word_1_407' title='bbox 1216 1539 1276 1578; x_wconf 78' lang='lat' dir='ltr'>nis,</span> <span class='ocrx_word' id='word_1_408' title='bbox 1298 1538 1508 1572; x_wconf 83' lang='lat' dir='ltr'>anathematis</span> <span class='ocrx_word' id='word_1_409' title='bbox 1533 1543 1563 1571; x_wconf 86' lang='lat' dir='ltr'>et</span> <span class='ocrx_word' id='word_1_410' title='bbox 1588 1537 1832 1577; x_wconf 88' lang='lat' dir='ltr'>maledictionis,</span> <span class='ocrx_word' id='word_1_411' title='bbox 1853 1537 1960 1570; x_wconf 89' lang='lat' dir='ltr'>civita-</span> 
     </span>
     <span class='ocr_line' id='line_1_78' title="bbox 1217 1590 1959 1632; baseline -0.004 -8"><span class='ocrx_word' id='word_1_412' title='bbox 1217 1598 1262 1624; x_wconf 79' lang='lat' dir='ltr'>tes</span> <span class='ocrx_word' id='word_1_413' title='bbox 1287 1601 1373 1631; x_wconf 86' lang='lat' dir='ltr'>vcro,</span> <span class='ocrx_word' id='word_1_414' title='bbox 1392 1597 1503 1630; x_wconf 86' lang='lat' dir='ltr'>terras,</span> <span class='ocrx_word' id='word_1_415' title='bbox 1531 1596 1632 1623; x_wconf 81' lang='lat' dir='ltr'>castra</span> <span class='ocrx_word' id='word_1_416' title='bbox 1658 1596 1685 1623; x_wconf 90' lang='lat' dir='ltr'>et</span> <span class='ocrx_word' id='word_1_417' title='bbox 1712 1590 1793 1629; x_wconf 87' lang='lat' dir='ltr'>loca,</span> <span class='ocrx_word' id='word_1_418' title='bbox 1821 1599 1959 1632; x_wconf 89' lang='lat' dir='ltr'>quorum</span> 
     </span>
     <span class='ocr_line' id='line_1_79' title="bbox 1217 1641 1961 1685; baseline -0.004 -8"><span class='ocrx_word' id='word_1_419' title='bbox 1217 1645 1350 1685; x_wconf 86' lang='lat' dir='ltr'>domini,</span> <span class='ocrx_word' id='word_1_420' title='bbox 1363 1644 1410 1678; x_wconf 89' lang='lat' dir='ltr'>vel</span> <span class='ocrx_word' id='word_1_421' title='bbox 1421 1643 1680 1683; x_wconf 84' lang='lat' dir='ltr'>communitates,</span> <span class='ocrx_word' id='word_1_422' title='bbox 1692 1648 1721 1676; x_wconf 87' lang='lat' dir='ltr'>ct</span> <span class='ocrx_word' id='word_1_423' title='bbox 1736 1641 1961 1676; x_wconf 87' lang='lat' dir='ltr'>universitates</span> 
     </span>
     <span class='ocr_line' id='line_1_80' title="bbox 1217 1694 1961 1737; baseline -0.003 -7"><span class='ocrx_word' id='word_1_424' title='bbox 1217 1703 1328 1731; x_wconf 85' lang='lat' dir='ltr'>contra</span> <span class='ocrx_word' id='word_1_425' title='bbox 1342 1697 1483 1737; x_wconf 74' lang='lat' dir='ltr'>set-erint,</span> <span class='ocrx_word' id='word_1_426' title='bbox 1496 1695 1701 1729; x_wconf 82' lang='lat' dir='ltr'>ecclesiastici</span> <span class='ocrx_word' id='word_1_427' title='bbox 1716 1695 1875 1728; x_wconf 80' lang='lat' dir='ltr'>interdicti</span> <span class='ocrx_word' id='word_1_428' title='bbox 1893 1694 1961 1728; x_wconf 89' lang='lat' dir='ltr'>vin-</span> 
     </span>
    </p>
   </div>
   <div class='ocr_carea' id='block_1_16' title="bbox 439 1747 1961 1848">
    <p class='ocr_par' dir='ltr' id='par_1_16' title="bbox 439 1747 1961 1848">
     <span class='ocr_line' id='line_1_81' title="bbox 1199 1747 1961 1793; baseline -0.004 -10"><span class='ocrx_word' id='word_1_429' title='bbox 1199 1750 1308 1790; x_wconf 54' lang='lat' dir='ltr'>,eulis‚</span> <span class='ocrx_word' id='word_1_430' title='bbox 1337 1755 1370 1783; x_wconf 91' lang='lat' dir='ltr'>ut</span> <span class='ocrx_word' id='word_1_431' title='bbox 1394 1749 1612 1793; x_wconf 87' lang='lat' dir='ltr'>supradictum</span> <span class='ocrx_word' id='word_1_432' title='bbox 1634 1754 1693 1787; x_wconf 89' lang='lat' dir='ltr'>est,</span> <span class='ocrx_word' id='word_1_433' title='bbox 1709 1747 1914 1786; x_wconf 87' lang='lat' dir='ltr'>innodamus,</span> <span class='ocrx_word' id='word_1_434' title='bbox 1925 1758 1961 1781; x_wconf 89' lang='lat' dir='ltr'>ac</span> 
     </span>
     <span class='ocr_line' id='line_1_82' title="bbox 439 1801 1201 1848; baseline 0.003 -13"><span class='ocrx_word' id='word_1_435' title='bbox 439 1805 593 1844; x_wconf 69' lang='lat' dir='ltr'>ecelesiis,</span> <span class='ocrx_word' id='word_1_436' title='bbox 622 1805 833 1844; x_wconf 85' lang='lat' dir='ltr'>monasteriis,</span> <span class='ocrx_word' id='word_1_437' title='bbox 861 1804 1080 1848; x_wconf 77' lang='lat' dir='ltr'>dignitatibus,</span> <span class='ocrx_word' id='word_1_438' title='bbox 1108 1801 1201 1848; x_wconf 51' lang='lat' dir='ltr'>pen?</span> 
     </span>
    </p>
   </div>
   <div class='ocr_carea' id='block_1_17' title="bbox 1217 1799 1965 2641">
    <p class='ocr_par' dir='ltr' id='par_1_17' title="bbox 1217 1799 1964 2376">
     <span class='ocr_line' id='line_1_83' title="bbox 1217 1799 1962 1844; baseline -0.005 -8"><span class='ocrx_word' id='word_1_439' title='bbox 1217 1803 1312 1836; x_wconf 89' lang='lat' dir='ltr'>simili</span> <span class='ocrx_word' id='word_1_440' title='bbox 1345 1802 1442 1835; x_wconf 90' lang='lat' dir='ltr'>modo</span> <span class='ocrx_word' id='word_1_441' title='bbox 1474 1802 1533 1834; x_wconf 90' lang='lat' dir='ltr'>illis</span> <span class='ocrx_word' id='word_1_442' title='bbox 1557 1800 1832 1839; x_wconf 83' lang='lat' dir='ltr'>connunnionem,</span> <span class='ocrx_word' id='word_1_443' title='bbox 1865 1799 1962 1844; x_wconf 87' lang='lat' dir='ltr'>parti-</span> 
     </span>
     <span class='ocr_line' id='line_1_84' title="bbox 1218 1852 1962 1900; baseline -0.004 -11"><span class='ocrx_word' id='word_1_444' title='bbox 1218 1856 1409 1900; x_wconf 87' lang='lat' dir='ltr'>cipationem</span> <span class='ocrx_word' id='word_1_445' title='bbox 1428 1861 1456 1888; x_wconf 92' lang='lat' dir='ltr'>et</span> <span class='ocrx_word' id='word_1_446' title='bbox 1477 1855 1706 1887; x_wconf 75' lang='lat' dir='ltr'>commercium</span> <span class='ocrx_word' id='word_1_447' title='bbox 1729 1853 1865 1887; x_wconf 90' lang='lat' dir='ltr'>aliorum</span> <span class='ocrx_word' id='word_1_448' title='bbox 1884 1852 1962 1886; x_wconf 80' lang='lat' dir='ltr'>side·</span> 
     </span>
     <span class='ocr_line' id='line_1_85' title="bbox 1218 1906 1962 1950; baseline -0.004 -8"><span class='ocrx_word' id='word_1_449' title='bbox 1218 1911 1296 1943; x_wconf 90' lang='lat' dir='ltr'>lium</span> <span class='ocrx_word' id='word_1_450' title='bbox 1332 1908 1566 1942; x_wconf 86' lang='lat' dir='ltr'>interdicimus.</span> <span class='ocrx_word' id='word_1_451' title='bbox 1591 1907 1814 1950; x_wconf 81' lang='lat' dir='ltr'>Significantes</span> <span class='ocrx_word' id='word_1_452' title='bbox 1847 1906 1962 1940; x_wconf 85' lang='lat' dir='ltr'>nibilo-</span> 
     </span>
     <span class='ocr_line' id='line_1_86' title="bbox 1219 1958 1961 1999; baseline -0.005 -4"><span class='ocrx_word' id='word_1_453' title='bbox 1219 1963 1324 1995; x_wconf 82' lang='lat' dir='ltr'>minus</span> <span class='ocrx_word' id='word_1_454' title='bbox 1343 1961 1404 1994; x_wconf 89' lang='lat' dir='ltr'>illis</span> <span class='ocrx_word' id='word_1_455' title='bbox 1431 1960 1594 1996; x_wconf 72' lang='lat' dir='ltr'>universis,</span> <span class='ocrx_word' id='word_1_456' title='bbox 1615 1970 1685 1999; x_wconf 72' lang='lat' dir='ltr'>nosy</span> <span class='ocrx_word' id='word_1_457' title='bbox 1706 1959 1738 1992; x_wconf 93' lang='lat' dir='ltr'>in</span> <span class='ocrx_word' id='word_1_458' title='bbox 1763 1965 1911 1993; x_wconf 88' lang='lat' dir='ltr'>eventum</span> <span class='ocrx_word' id='word_1_459' title='bbox 1930 1958 1961 1992; x_wconf 88' lang='lat' dir='ltr'>in</span> 
     </span>
     <span class='ocr_line' id='line_1_87' title="bbox 1218 2013 1963 2060; baseline -0.004 -11"><span class='ocrx_word' id='word_1_460' title='bbox 1218 2027 1313 2060; x_wconf 91' lang='lat' dir='ltr'>quem</span> <span class='ocrx_word' id='word_1_461' title='bbox 1345 2015 1442 2059; x_wconf 82' lang='lat' dir='ltr'>aliqui</span> <span class='ocrx_word' id='word_1_462' title='bbox 1473 2015 1615 2058; x_wconf 86' lang='lat' dir='ltr'>ipsorum</span> <span class='ocrx_word' id='word_1_463' title='bbox 1647 2019 1757 2047; x_wconf 88' lang='lat' dir='ltr'>contra</span> <span class='ocrx_word' id='word_1_464' title='bbox 1788 2013 1963 2057; x_wconf 87' lang='lat' dir='ltr'>praemissa</span> 
     </span>
     <span class='ocr_line' id='line_1_88' title="bbox 1218 2067 1960 2113; baseline -0.005 -10"><span class='ocrx_word' id='word_1_465' title='bbox 1218 2069 1337 2113; x_wconf 88' lang='lat' dir='ltr'>aliquid</span> <span class='ocrx_word' id='word_1_466' title='bbox 1363 2068 1508 2108; x_wconf 78' lang='lat' dir='ltr'>fecerint,</span> <span class='ocrx_word' id='word_1_467' title='bbox 1534 2067 1641 2101; x_wconf 82' lang='lat' dir='ltr'>statim</span> <span class='ocrx_word' id='word_1_468' title='bbox 1659 2068 1697 2099; x_wconf 88' lang='lat' dir='ltr'>ad</span> <span class='ocrx_word' id='word_1_469' title='bbox 1717 2067 1960 2111; x_wconf 86' lang='lat' dir='ltr'>particularem,</span> 
     </span>
     <span class='ocr_line' id='line_1_89' title="bbox 1219 2121 1962 2167; baseline -0.003 -12"><span class='ocrx_word' id='word_1_470' title='bbox 1219 2134 1255 2155; x_wconf 73' lang='lat' dir='ltr'>ac</span> <span class='ocrx_word' id='word_1_471' title='bbox 1276 2123 1445 2167; x_wconf 81' lang='lat' dir='ltr'>specialem</span> <span class='ocrx_word' id='word_1_472' title='bbox 1471 2121 1729 2165; x_wconf 83' lang='lat' dir='ltr'>supradictarum</span> <span class='ocrx_word' id='word_1_473' title='bbox 1755 2130 1962 2153; x_wconf 81' lang='lat' dir='ltr'>censurarum</span> 
     </span>
     <span class='ocr_line' id='line_1_90' title="bbox 1218 2174 1964 2216; baseline -0.003 -8"><span class='ocrx_word' id='word_1_474' title='bbox 1218 2182 1246 2209; x_wconf 89' lang='lat' dir='ltr'>et</span> <span class='ocrx_word' id='word_1_475' title='bbox 1275 2175 1449 2214; x_wconf 82' lang='lat' dir='ltr'>interdicti,</span> <span class='ocrx_word' id='word_1_476' title='bbox 1469 2174 1670 2216; x_wconf 87' lang='lat' dir='ltr'>aliarumque</span> <span class='ocrx_word' id='word_1_477' title='bbox 1689 2183 1865 2216; x_wconf 84' lang='lat' dir='ltr'>poenarum</span> <span class='ocrx_word' id='word_1_478' title='bbox 1891 2182 1964 2216; x_wconf 86' lang='lat' dir='ltr'>pro·</span> 
     </span>
     <span class='ocr_line' id='line_1_91' title="bbox 1220 2226 1963 2270; baseline -0.005 -8"><span class='ocrx_word' id='word_1_479' title='bbox 1220 2229 1458 2263; x_wconf 82' lang='lat' dir='ltr'>nunciationem</span> <span class='ocrx_word' id='word_1_480' title='bbox 1483 2233 1513 2260; x_wconf 87' lang='lat' dir='ltr'>et</span> <span class='ocrx_word' id='word_1_481' title='bbox 1538 2226 1827 2270; x_wconf 80' lang='lat' dir='ltr'>promulgationem</span> <span class='ocrx_word' id='word_1_482' title='bbox 1853 2231 1963 2259; x_wconf 86' lang='lat' dir='ltr'>eontra</span> 
     </span>
     <span class='ocr_line' id='line_1_92' title="bbox 1219 2277 1964 2325; baseline -0.003 -13"><span class='ocrx_word' id='word_1_483' title='bbox 1219 2280 1390 2325; x_wconf 67' lang='lat' dir='ltr'>quemlibet</span> <span class='ocrx_word' id='word_1_484' title='bbox 1411 2280 1552 2324; x_wconf 87' lang='lat' dir='ltr'>ipsorum</span> <span class='ocrx_word' id='word_1_485' title='bbox 1571 2278 1760 2312; x_wconf 89' lang='lat' dir='ltr'>nominatim</span> <span class='ocrx_word' id='word_1_486' title='bbox 1778 2282 1810 2311; x_wconf 86' lang='lat' dir='ltr'>et</span> <span class='ocrx_word' id='word_1_487' title='bbox 1826 2277 1964 2311; x_wconf 88' lang='lat' dir='ltr'>irremis-</span> 
     </span>
     <span class='ocr_line' id='line_1_93' title="bbox 1220 2333 1594 2376; baseline -0.008 -10"><span class='ocrx_word' id='word_1_488' title='bbox 1220 2333 1355 2366; x_wconf 82' lang='lat' dir='ltr'>sibiliter</span> <span class='ocrx_word' id='word_1_489' title='bbox 1378 2343 1446 2376; x_wconf 76' lang='lat' dir='ltr'>pro(</span> <span class='ocrx_word' id='word_1_490' title='bbox 1458 2342 1594 2365; x_wconf 73' lang='lat' dir='ltr'>essums.</span> 
     </span>
    </p>

    <p class='ocr_par' dir='ltr' id='par_1_18' title="bbox 1220 2382 1965 2641">
     <span class='ocr_line' id='line_1_94' title="bbox 1264 2382 1964 2428; baseline -0.006 -9"><span class='ocrx_word' id='word_1_491' title='bbox 1264 2387 1279 2426; x_wconf 64' lang='grc' dir='ltr'>ξ</span> <span class='ocrx_word' id='word_1_492' title='bbox 1299 2384 1352 2419; x_wconf 61' lang='lat'>⁹29.</span> <span class='ocrx_word' id='word_1_493' title='bbox 1368 2385 1407 2418; x_wconf 87' lang='lat' dir='ltr'>Ut</span> <span class='ocrx_word' id='word_1_494' title='bbox 1421 2390 1527 2418; x_wconf 83' lang='lat' dir='ltr'>autem</span> <span class='ocrx_word' id='word_1_495' title='bbox 1544 2383 1716 2428; x_wconf 80' lang='lat' dir='ltr'>praemissa</span> <span class='ocrx_word' id='word_1_496' title='bbox 1733 2382 1882 2416; x_wconf 87' lang='lat' dir='ltr'>omnibus</span> <span class='ocrx_word' id='word_1_497' title='bbox 1899 2393 1964 2416; x_wconf 91' lang='lat' dir='ltr'>ma-</span> 
     </span>
     <span class='ocr_line' id='line_1_95' title="bbox 1220 2435 1965 2481; baseline -0.003 -10"><span class='ocrx_word' id='word_1_498' title='bbox 1220 2439 1267 2481; x_wconf 62' lang='lat' dir='ltr'>gis</span> <span class='ocrx_word' id='word_1_499' title='bbox 1292 2438 1501 2477; x_wconf 74' lang='lat' dir='ltr'>innotescant,</span> <span class='ocrx_word' id='word_1_500' title='bbox 1528 2436 1684 2470; x_wconf 76' lang='lat' dir='ltr'>universis</span> <span class='ocrx_word' id='word_1_501' title='bbox 1707 2442 1735 2469; x_wconf 85' lang='lat' dir='ltr'>et</span> <span class='ocrx_word' id='word_1_502' title='bbox 1763 2435 1897 2479; x_wconf 78' lang='lat' dir='ltr'>singulis</span> <span class='ocrx_word' id='word_1_503' title='bbox 1913 2446 1965 2469; x_wconf 87' lang='lat' dir='ltr'>ve—</span> 
     </span>
     <span class='ocr_line' id='line_1_96' title="bbox 1222 2489 1964 2533; baseline -0.004 -9"><span class='ocrx_word' id='word_1_504' title='bbox 1222 2491 1417 2525; x_wconf 82' lang='lat' dir='ltr'>nerabilibus</span> <span class='ocrx_word' id='word_1_505' title='bbox 1442 2489 1591 2524; x_wconf 77' lang='lat' dir='ltr'>trau-ibus</span> <span class='ocrx_word' id='word_1_506' title='bbox 1617 2489 1815 2533; x_wconf 78' lang='lat' dir='ltr'>patriarchis,</span> <span class='ocrx_word' id='word_1_507' title='bbox 1842 2489 1964 2523; x_wconf 76' lang='lat' dir='ltr'>arc-bie-</span> 
     </span>
     <span class='ocr_line' id='line_1_97' title="bbox 1223 2541 1964 2587; baseline -0.001 -13"><span class='ocrx_word' id='word_1_508' title='bbox 1223 2544 1377 2587; x_wconf 77' lang='lat' dir='ltr'>piscopis,</span> <span class='ocrx_word' id='word_1_509' title='bbox 1412 2542 1570 2587; x_wconf 73' lang='lat' dir='ltr'>episcopis</span> <span class='ocrx_word' id='word_1_510' title='bbox 1601 2541 1734 2584; x_wconf 84' lang='lat' dir='ltr'>aliisque</span> <span class='ocrx_word' id='word_1_511' title='bbox 1773 2541 1964 2585; x_wconf 81' lang='lat' dir='ltr'>patriarcba-</span> 
     </span>
     <span class='ocr_line' id='line_1_98' title="bbox 1223 2594 1960 2641; baseline -0.004 -11"><span class='ocrx_word' id='word_1_512' title='bbox 1223 2597 1312 2638; x_wconf 85' lang='lat' dir='ltr'>lium‚</span> <span class='ocrx_word' id='word_1_513' title='bbox 1335 2596 1668 2641; x_wconf 81' lang='lat' dir='ltr'>uietropolitanartun,</span> <span class='ocrx_word' id='word_1_514' title='bbox 1691 2600 1721 2629; x_wconf 84' lang='lat' dir='ltr'>et</span> <span class='ocrx_word' id='word_1_515' title='bbox 1745 2594 1881 2628; x_wconf 85' lang='lat' dir='ltr'>aliarum</span> <span class='ocrx_word' id='word_1_516' title='bbox 1906 2603 1960 2627; x_wconf 79' lang='lat' dir='ltr'>ca-</span> 
     </span>
    </p>
   </div>
   <div class='ocr_carea' id='block_1_18' title="bbox 1965 362 2087 382">
    <p class='ocr_par' dir='ltr' id='par_1_19' title="bbox 1965 362 2087 382">
     <span class='ocr_line' id='line_1_99' title="bbox 1965 362 2087 382; baseline -0.016 0"><span class='ocrx_word' id='word_1_517' title='bbox 1965 362 2087 382; x_wconf 71' lang='lat' dir='ltr'>manicatos.</span> 
     </span>
    </p>
   </div>
   <div class='ocr_carea' id='block_1_19' title="bbox 2006 2377 2243 2411">
    <p class='ocr_par' dir='ltr' id='par_1_20' title="bbox 2006 2377 2243 2411">
     <span class='ocr_line' id='line_1_100' title="bbox 2006 2377 2243 2411; baseline -0.008 -4"><span class='ocrx_word' id='word_1_518' title='bbox 2006 2386 2080 2407; x_wconf 69' lang='lat' dir='ltr'>Fur-m·</span> <span class='ocrx_word' id='word_1_519' title='bbox 2095 2383 2162 2411; x_wconf 73' lang='lat' dir='ltr'>pnbtt·</span> <span class='ocrx_word' id='word_1_520' title='bbox 2200 2387 2201 2390; x_wconf 78' lang='grc'>’</span> <span class='ocrx_word' id='word_1_521' title='bbox 2239 2377 2243 2388; x_wconf 88' lang='grc'><em>’</em></span> 
     </span>
    </p>
   </div>
   <div class='ocr_carea' id='block_1_20' title="bbox 1979 2412 2163 2486">
    <p class='ocr_par' dir='ltr' id='par_1_21' title="bbox 1979 2412 2163 2486">
     <span class='ocr_line' id='line_1_101' title="bbox 1979 2412 2163 2438; baseline -0.005 -5"><span class='ocrx_word' id='word_1_522' title='bbox 1979 2412 2042 2433; x_wconf 69' lang='lat' dir='ltr'>eamn</span> <span class='ocrx_word' id='word_1_523' title='bbox 2063 2416 2163 2438; x_wconf 67' lang='lat' dir='ltr'>praenun-</span> 
     </span>
     <span class='ocr_line' id='line_1_102' title="bbox 1979 2439 2163 2460; baseline -0.016 0"><span class='ocrx_word' id='word_1_524' title='bbox 1979 2441 2020 2460; x_wconf 81' lang='lat' dir='ltr'>tum</span> <span class='ocrx_word' id='word_1_525' title='bbox 2031 2439 2163 2460; x_wconf 69' lang='lat' dir='ltr'>conmtuuo·</span> 
     </span>
     <span class='ocr_line' id='line_1_103' title="bbox 1979 2472 2031 2486; baseline -0.019 0"><span class='ocrx_word' id='word_1_526' title='bbox 1979 2472 2031 2486; x_wconf 75' lang='lat' dir='ltr'>nom.</span> 
     </span>
    </p>
   </div>
   <div class='ocr_carea' id='block_1_21' title="bbox 2157 0 2253 3195">
    <p class='ocr_par' dir='ltr' id='par_1_22' title="bbox 2157 0 2253 3195">
     <span class='ocr_line' id='line_1_104' title="bbox 2157 0 2253 3195; baseline 0 0"><span class='ocrx_word' id='word_1_527' title='bbox 2157 0 2253 3195; x_wconf 95' lang='lat' dir='ltr'> </span> 
     </span>
    </p>
   </div>
  </div>
 </body>
</html>
