2253 3195
93 259 144 285 An.
162 258 191 285 (ἶ.
212 259 276 286 1598

122 1651 243 1673 Exordium.

110 2024 222 2046 Concessio
231 2025 273 2052 pri-

89 2052 218 2078 vilegiorum.

905 260 1051 284 CLEMENS
1074 261 1129 284 t'ltt
1151 261 1199 283 ΓΡ.

290 308 329 340 de
352 307 446 340 rebus
468 308 627 341 Ecclesiae
652 314 678 341 ct
706 309 855 342 Gamerae
878 309 1035 352 Apostoli-

290 371 345 393 cae
366 371 430 393 uon
453 361 652 399 alienandis,
677 362 812 405 aliisque
834 362 1035 394 constitutio-

289 414 384 447 nibus
402 415 598 458 apostolicis,
611 426 647 448 ae
662 416 761 459 ipsius
774 416 924 449 Gamerae
939 415 1032 448 etiam

290 468 484 507 iuramento,
509 469 755 501 confirmatione
776 469 962 512 apostolica,
986 469 1033 501 vel

290 522 400 565 quavis
419 521 569 554 firmitate
591 521 652 553 alia
673 521 843 561 roboratis,
860 521 984 554 statutis
1005 527 1034 554 ct

290 575 599 614 consuetudinilms‚
630 574 828 617 caeterisque
865 573 1034 606 contrariis

289 627 561 671 quibuscumque.

333 682 448 713 Datum
469 680 635 713 Ferrariae
665 680 723 712 sub
754 680 874 712 annulo
895 680 1034 713 Piscato-

290 735 352 775 ris,
377 735 428 767 die
448 745 526 768 xv111
548 735 616 767 iulii
638 744 805 774 iunxcvnt,
830 734 1033 778 pontificatus

288 788 390 821 nostri
409 799 494 821 anno
513 799 568 821 vn.

324 850 436 878 Dat.die
459 851 489 878 18
505 851 562 878 iulii
585 851 662 885 1598,
684 851 780 887 pontif.
803 859 846 878 an.
865 859 912 878 rii.

606 1030 714 1064 CXCII.

288 1127 416 1161 Similis
440 1127 596 1160 concessio
610 1127 857 1171 pririleyiorum
882 1128 1032 1162 Commu-

332 1190 434 1222 m'tali
457 1190 574 1222 Terrae
593 1189 684 1224 Comi
699 1191 719 1223 ¹.

333 1278 456 1307 Dilectis
472 1278 544 1306 filiis
559 1278 756 1306 universitati
771 1282 802 1307 et
817 1279 987 1307 hominibus

489 1335 588 1360 terrae
608 1335 730 1360 nostrae
747 1333 828 1362 Genti

431 1395 626 1426 Clemens
653 1396 767 1436 Papa
787 1395 880 1426 VIII.

566 1468 673 1495 nitenti
691 1468 756 1501 filii,

323 1522 452 1550 salutem
471 1524 502 1549 et
526 1522 721 1556 apostolicam
744 1522 995 1550 benedictionem.

332 1593 376 1626 Ex
393 1598 546 1626 consueta
566 1593 701 1626 Romani
720 1593 882 1626 Pontificis
901 1599 930 1626 et
947 1595 1032 1637 Apo-

288 1646 419 1680 stolieae
460 1646 549 1679 Sedis
588 1646 787 1688 benignitate
802 1673 809 1687 ,
844 1652 971 1680 nostros
1003 1653 1033 1680 et

289 1699 433 1733 eiusdem
453 1699 543 1732 Sedis
561 1699 707 1732 subditos
728 1699 890 1732 sax-oribus
911 1705 939 1732 et
961 1710 1032 1742 gra-

289 1754 339 1787 tiis
369 1753 506 1786 libenter
530 1753 778 1796 prosequimur,
802 1759 898 1797 prout
919 1764 1031 1787 eorum

288 1807 364 1841 fidei
385 1813 415 1841 et
436 1807 614 1840 devotionis
639 1807 806 1841 sinceritas
825 1808 979 1851 postulat,
996 1819 1033 1841 ac

288 1861 366 1895 alias
386 1861 419 1894 in
444 1861 581 1895 Domino
612 1861 785 1895 salubriter
815 1862 1032 1906 conspicimus

289 1915 452 1959 expedire.

333 1969 349 2011 ξ
371 1968 401 2001 1.
425 1967 505 2001 Hinc
526 1973 573 2001 est
599 1969 686 2011 quod
707 1979 765 2002 nos
794 1968 906 2001 vestris
927 1969 1007 2002 votis
1021 1996 1028 2010 ‚

289 2027 444 2066 quantum
465 2032 537 2054 cum
558 2021 695 2054 Domino
724 2032 895 2065 possumus
910 2049 917 2063 ,
940 2022 1032 2055 beni-

289 2086 350 2119 gne
370 2085 528 2116 annuere,
552 2085 588 2108 ac
612 2086 666 2108 vos
687 2075 803 2109 nostris
824 2081 854 2108 et
873 2077 1033 2120 Apostoli-

289 2140 344 2163 cae
365 2129 455 2162 Sedis
482 2128 708 2162 benefieiis-in
740 2129 848 2162 debita
876 2130 971 2163 nobis
1003 2136 1033 2164 et

289 2183 394 2216 eidem
412 2182 486 2216 Sedi
506 2182 569 2215 fide
590 2192 626 2215 ac
647 2183 817 2216 devotione
835 2184 936 2226 magis
957 2194 1033 2217 con-

289 2236 402 2277 tinere,
426 2241 458 2269 et
477 2246 667 2269 conservare
687 2236 841 2277 volentes,
865 2237 1029 2281 supplica-

289 2290 431 2322 tionibus
451 2294 556 2322 vestro
584 2289 716 2322 nomine
743 2289 835 2323 nobis
866 2289 1033 2324 humiliter

287 2343 444 2387 porrectis
462 2343 630 2384 inclinati,
654 2353 691 2376 ex
711 2343 844 2376 diversis
864 2343 1029 2387 petitioni-

288 2396 348 2429 bus
378 2402 482 2430 vestro
513 2396 645 2430 nomine
675 2396 768 2430 nobis
799 2396 931 2437 oblatis,
955 2397 1033 2430 haee

288 2450 378 2484 vobis
391 2451 599 2484 concedenda
612 2450 772 2484 duximus.
784 2451 823 2484 Ut
837 2450 934 2492 igitur
944 2461 1034 2483 arma

288 2514 344 2537 seu
364 2503 502 2546 insignia
522 2503 612 2537 istius
639 2503 855 2537 universitatis
868 2530 875 2544 ‚
899 2503 1033 2546 insigni-

289 2558 349 2591 bus
370 2557 535 2600 gentilitiis
555 2558 671 2591 domus
696 2562 825 2590 nostrae
846 2557 1030 2590 Aldobran-

290 2611 406 2653 dinae,
429 2616 484 2644 aut
504 2611 734 2655 cuiuscumque
765 2610 942 2645 malueritis
963 2610 1033 2644 illo-

309 2666 312 2670 ί
327 2675 336 2702 1
359 2674 398 2702 Ex
414 2674 523 2711 Regest.
539 2674 566 2702 in
587 2674 688 2703 Secret.
710 2673 843 2702 Brevium.

1718 249 1775 280 ,ttit

1073 320 1142 340 rum
1157 308 1257 352 partis
1271 319 1425 341 exornare
1440 307 1584 344 ral‹=atis;
1602 314 1699 350 utque
1717 307 1812 339 vestri

1070 363 1218 394 consules
1250 362 1358 394 solitas
1379 367 1405 394 ct
1429 362 1576 405 antiquas
1608 361 1813 394 auctoritates

1070 421 1098 447 et
1117 415 1397 458 praeemimntiaS,
1414 426 1449 447 ac
1464 415 1603 458 primum
1627 415 1732 447 locum
1755 414 1813 446 im-

1071 468 1209 501 mediate
1230 474 1299 511 post
1322 469 1570 510 gubernatorem
1593 468 1735 501 eiusdem
1753 473 1814 500 ter-

1069 532 1122 553 rae
1144 532 1202 564 pro
1225 527 1368 564 tempore
1390 522 1574 554 existentem
1604 521 1761 555 retineant
1782 528 1813 554 et

1069 574 1228 613 babeant,
1257 575 1446 607 auctoritate
1477 575 1672 618 apostolica,
1702 581 1813 607 tenore

1068 627 1298 670 praesentium,
1321 633 1480 671 perpetuo
1502 628 1709 661 concedimus
1721 629 1812 661 etin-

1069 681 1249 723 dulgemus.

1113 733 1180 776 §⁶2-
1204 734 1376 767 Consilium
1407 745 1480 767 vcro
1508 735 1651 768 ciusdem
1685 741 1808 776 terrac,

1069 788 1154 820 iuxta
1174 788 1311 821 sormam
1333 793 1538 825 statutorum,
1557 788 1598 821 ita
1612 794 1646 821 ut
1659 800 1731 821 cum
1744 790 1811 822 sola

1068 841 1197 874 lieentia
1219 841 1257 874 'et
1284 841 1463 874 assistentia
1483 841 1720 883 gubernatoris,
1744 842 1812 875 sine

1068 905 1131 938 qua
1152 900 1258 927 tamen
1284 895 1405 927 nullam
1427 894 1590 938 suscipere
1610 895 1713 928 valeat
1734 895 1812 928 deli-

1068 948 1280 988 berationem,
1293 949 1566 992 quandocumque
1580 948 1721 989 libuerit,
1734 959 1811 982 con-

1068 1001 1194 1043 gregari
1225 1002 1335 1045 possit.
1365 1001 1552 1045 statutaque
1584 1008 1751 1046 praeterea
1782 1009 1813 1036 et.

1068 1054 1287 1088 ordinationes
1307 1054 1406 1098 ipsius
1422 1061 1535 1096 terrae,
1552 1060 1616 1088 tam
1638 1056 1746 1099 quoad
1766 1056 1812 1089 ci-

1068 1108 1151 1149 vilia,
1173 1119 1269 1152 quam
1291 1110 1399 1153 quoad
1419 1109 1599 1143 criminalia
1620 1110 1812 1153 (dummodo

1068 1167 1175 1195 tamen
1195 1162 1228 1194 in
1248 1173 1319 1203 usu,
1336 1168 1367 1196 et
1380 1162 1466 1196 licita
1483 1162 1546 1196 sint
1563 1168 1594 1196 et
1613 1163 1758 1204 honesta,
1776 1174 1812 1197 ac

1067 1216 1164 1249 sacris
1189 1216 1366 1249 canonibus
1384 1222 1414 1250 et
1432 1217 1715 1251 constitutiOnibus
1736 1229 1813 1262 apo-

1066 1269 1206 1310 stolicis,
1231 1275 1261 1302 et
1280 1269 1412 1303 Coneilii
1442 1270 1620 1303 Tridentini
1652 1271 1809 1311 decretis,

1067 1333 1192 1356 necnon
1224 1323 1364 1356 libertati
1389 1323 1644 1365 ecclesiasticae,
1674 1335 1710 1357 ac
1735 1324 1814 1358 fide-

1067 1375 1147 1409 litati
1165 1382 1197 1410 et
1216 1376 1420 1410 obedientiae
1440 1377 1661 1410 Romanorum
1682 1378 1814 1411 Pontifi-

1067 1440 1151 1470 cum,
1176 1435 1207 1463 et
1226 1430 1360 1463 Sanctae
1380 1431 1544 1464 Romanae
1564 1430 1740 1472 Ecclesiae,
1757 1431 1812 1465 Se-

1067 1482 1180 1526 disque
1201 1483 1403 1527 Apostolicae
1421 1483 1553 1516 minime
1574 1484 1810 1528 adversentur),

1067 1536 1134 1569 sine
1154 1542 1260 1570 tamen
1280 1537 1480 1581 praeiudicio
1505 1537 1809 1580 bannimentorum,

1067 1590 1258 1624 auctoritate
1270 1597 1301 1624 et
1323 1597 1434 1624 tenore
1454 1591 1638 1635 praedictis,
1655 1598 1812 1636 perpetuo

1067 1643 1298 1678 confirmamus
1312 1650 1342 1678 et
1354 1645 1584 1689 approbamus,
1597 1645 1725 1690 illisque
1736 1657 1812 1690 per-

1066 1703 1182 1741 petuae
1207 1709 1243 1736 ac
1274 1698 1469 1732 inviolabilis
1490 1699 1684 1742 apostolicae
1704 1699 1809 1732 firmi-

1069 1751 1139 1784 tatis
1160 1752 1260 1785 robur
1280 1751 1461 1792 adiicimus,
1482 1763 1519 1785 ac
1539 1757 1658 1786 statuta
1678 1753 1813 1787 damno-

1068 1815 1139 1837 rum
1166 1804 1327 1845 datorum‚
1352 1815 1426 1838 cum
1444 1805 1664 1849 duplicatione
1684 1816 1808 1849 poena-

1067 1869 1138 1891 rum
1170 1858 1368 1892 universitati
1399 1864 1544 1899 vestrae,
1574 1870 1611 1892 ac
1641 1859 1808 1903 partibus,

1067 1911 1184 1955 quibus
1205 1912 1359 1945 damnum
1380 1912 1504 1957 illatum
1526 1912 1633 1953 suerit,
1649 1912 1735 1946 iuxta
1749 1914 1813 1946 sor-

1068 1976 1153 1998 mam
1169 1971 1361 1999 statutorum
1381 1966 1659 2010 applicandarum‚
1674 1973 1704 2000 et
1715 1968 1811 2001 etiam

1067 2025 1184 2053 statuta
1197 2025 1228 2053 et
1247 2020 1448 2064 provisiones
1470 2020 1596 2063 collegii
1610 2021 1811 2054 notariorum

1068 2073 1170 2107 dictae
1192 2079 1311 2115 terrae,
1339 2074 1409 2117 pari
1432 2074 1529 2107 modo
1557 2074 1589 2106 in
1610 2074 1761 2107 omnibus
1782 2080 1813 2108 et

1067 2139 1125 2172 per
1145 2128 1266 2169 onmia,
1290 2133 1321 2161 et
1341 2138 1413 2161 cum
1435 2128 1628 2171 supradictis
1649 2128 1810 2162 limitatio-

1067 2181 1161 2214 nibus
1182 2181 1414 2214 confirmamus
1435 2186 1462 2214 et
1490 2180 1719 2225 approbamus.
1743 2181 1808 2214 Vo-

1067 2236 1115 2269 bis
1134 2241 1314 2279 praeteiea,
1342 2240 1376 2267 ut
1394 2245 1474 2268 nova
1496 2240 1613 2268 statuta
1633 2240 1664 2268 et
1683 2235 1812 2268 ordina-

1070 2290 1190 2331 tiones,
1218 2295 1315 2333 prout
1335 2300 1445 2323 rerum
1466 2295 1497 2322 et
1519 2294 1703 2333 temporum
1726 2301 1808 2333 qua-

1068 2342 1138 2375 litas
1157 2343 1309 2385 exegerit,
1326 2353 1384 2386 pro
1404 2342 1491 2375 bono
1512 2347 1634 2375 vestrae
1656 2342 1812 2376 universi-

1069 2396 1140 2429 tatis
1158 2395 1612 2439 rcgimine,quandocumque
1634 2396 1723 2430 vobis
1743 2397 1812 2440 pla-

1068 2449 1181 2489 cuerit,
1205 2460 1223 2482 a
1248 2459 1306 2493 pro
1328 2454 1472 2492 tempore
1494 2454 1599 2482 tamen
1620 2449 1737 2491 legato,
1753 2461 1810 2484 seu

1068 2503 1243 2545 vicelegato
1263 2502 1459 2535 Ferrarieusi
1481 2502 1692 2536 examinanda
1706 2509 1736 2536 et
1749 2514 1808 2548 ap-

1067 2555 1245 2600 probanda,
1261 2555 1380 2596 sacere;
1405 2561 1502 2599 utque
1521 2556 1606 2589 circa
1626 2556 1711 2590 bona
1731 2557 1811 2590 divi-

1067 2609 1172 2643 sibilia
1192 2609 1368 2643 Casamaris
1399 2615 1430 2643 et
1454 2610 1618 2652 Malaffitti,
1646 2621 1701 2644 vos
1725 2611 1808 2645 libe-

1070 2674 1136 2698 ram
1157 2664 1318 2698 statuendi
1338 2669 1368 2698 et
1381 2664 1594 2707 deliberandi,
1618 2664 1704 2699 iuxta
1724 2666 1808 2700 anti-

1829 257 1876 283 Λιι.
1895 258 1923 283 (ζῐ.
1945 256 2010 283 15th

1876 743 1939 763 Consu
1947 746 1985 763 ma!
1992 744 2011 763 io

1827 770 1908 789 comitii
1917 775 1962 790 cum
1974 776 2011 790 :m-

1826 798 1924 816 ctoritate
1933 799 2011 817 statuta

1826 822 1937 843 condendi.
