2253 3195
517 283 918 344 SEBASTIANUS
957 280 1191 340 FRANCO
1237 280 1306 337 ΕΤ
1350 279 1499 337 FILII

359 478 673 559 Miloni
740 474 1205 555 vssULLARu
1277 451 1659 554 ROMANI

787 688 929 717 NOVI
962 686 1243 716 EDITORES

688 839 957 885 LECTORI
1006 838 1344 885 BENEVOLO

908 996 1124 1032 SALUTEM.

274 1309 464 1352 Alterum
494 1309 633 1361 Magni
658 1307 837 1350 Romani
860 1306 1032 1348 Bullarii
1053 1304 1266 1354 volumen,
1290 1304 1413 1346 totius
1438 1302 1572 1355 operis
1594 1302 1819 1346 decimum,

224 1382 450 1435 opitulante
487 1381 598 1427 Deo,
635 1380 827 1422 secundis
857 1379 967 1421 curis
996 1378 1257 1423 adornatum,
1288 1391 1332 1418 ex
1365 1382 1506 1417 nostro
1538 1374 1817 1426 typographeo

226 1453 371 1506 prodit.
403 1452 494 1501 Qua
516 1467 557 1495 es
578 1453 618 1494 in
641 1452 834 1494 Sanctam
865 1450 1101 1492 Romanam
1123 1448 1353 1491 Ecclesiam
1376 1446 1648 1495 observantia,
1673 1445 1821 1486 Lector

225 1524 389 1576 optime,
420 1538 501 1576 quo
524 1524 562 1565 in
586 1523 771 1575 graviora
802 1522 938 1564 studia
967 1535 1107 1563 amore
1139 1520 1350 1572 abriperis,
1382 1518 1572 1560 lubenter
1593 1531 1639 1558 ac
1662 1515 1818 1568 prolixo

226 1596 364 1638 animo
393 1595 495 1637 illud
526 1595 675 1646 excipe.
707 1593 801 1635 Non
823 1593 1015 1645 equidem
1048 1592 1289 1633 dubitamus
1312 1590 1424 1642 quin,
1446 1590 1528 1631 sive
1550 1589 1588 1630 in
1612 1602 1658 1629 eo
1682 1602 1819 1628 rerum

225 1666 477 1708 maiestatem
509 1665 883 1717 praestantiamque
915 1663 1123 1715 inspicias,
1156 1663 1238 1704 sive
1268 1661 1520 1713 diligentiam
1553 1659 1822 1710 studiumque

227 1745 414 1780 nostrum
456 1743 719 1789 percontere,
769 1750 873 1788 opus
915 1736 1041 1777 hocce
1085 1733 1224 1786 magni
1277 1733 1460 1774 facturus
1508 1731 1585 1779 sis,
1632 1729 1823 1781 lectuque

227 1809 516 1862 dignissimum
550 1808 872 1853 existimaturus,
910 1821 1005 1849 cum
1037 1807 1077 1848 in
1108 1820 1155 1848 ea
1185 1804 1425 1858 praesertim
1456 1811 1641 1855 tempora
1675 1801 1822 1843 incide-

227 1881 374 1931 rimus,
395 1881 435 1922 in
459 1880 612 1932 quibus
641 1879 806 1922 infimae
829 1879 959 1932 plebis
979 1878 1282 1921 homunciones
1303 1875 1403 1917 nihil
1426 1874 1637 1927 antiquius
1671 1873 1826 1915 habent

229 1967 355 2005 quam
386 1959 429 1994 ut
458 1952 596 1994 omnia
626 1965 750 1998 sacra,
784 1952 942 1993 honore
972 1950 1170 2002 cultuque
1200 1946 1502 2001 prosequenda,
1534 1946 1698 1988 adunco
1720 1958 1821 1987 naso

230 2023 451 2071 fastidiant3
481 2023 679 2065 novitates
708 2029 846 2065 autem
877 2021 1046 2074 periculi
1078 2020 1220 2073 plenas
1248 2019 1411 2062 nedum
1443 2032 1513 2060 ore
1541 2016 1824 2070 profiteantur,

232 2099 305 2139 ast,
334 2093 560 2135 stultissimi
591 2101 625 2135 et
656 2093 877 2139 vanissimi,
908 2093 1031 2135 corde
1062 2092 1382 2144 amplectantur,
1414 2089 1523 2142 illius
1561 2089 1825 2130 immemores

231 2171 302 2206 aut
331 2164 467 2217 potius
496 2164 621 2209 inscii,
657 2165 767 2217 quod
798 2165 1022 2217 Apostolus
1052 2164 1103 2206 ad
1133 2163 1399 2205 Timotheum
1430 2161 1653 2204 scribebat:
1691 2158 1726 2201 O
1762 2159 1824 2200 Ti-

231 2235 387 2285 modwe,
406 2235 617 2287 depositam
649 2235 803 2283 custodi,
826 2236 1000 2277 devitans
1026 2236 1222 2287 profanas
1253 2248 1388 2275 vvocum
1419 2233 1602 2274 novitates
1623 2238 1654 2273 ec
1675 2230 1826 2282 apposi-

232 2307 351 2348 tiones
365 2306 461 2358 falsi
473 2308 648 2348 nominis
661 2306 877 2348 scientiae&
897 2306 981 2354 Eia,
1003 2305 1261 2358 perridiculis
1280 2319 1424 2347 eorum
1443 2302 1600 2345 sabellis
1617 2301 1826 2344 Ecclesiae

233 2375 467 2420 Catholicae
502 2378 690 2420 veritates
726 2376 981 2419 firmissimas
1016 2390 1303 2428 opponamus,
1336 2374 1726 2427 psendosophorum
1764 2372 1829 2413 de-

233 2447 468 2491 liramenti&
495 2448 845 2501 blasphemiisque
888 2448 1087 2490 Vaticana
1125 2446 1320 2495 oracula,
1363 2446 1716 2495 obstrnamusque
1759 2457 1830 2485 ora

273 2662 286 2689 ι
307 2661 395 2697 Epist.
414 2661 437 2694 1,
457 2669 496 2695 w,
514 2661 560 2688 20.
