2253 3195
269 225 318 252 An.
335 225 364 252 c.
389 225 457 253 1596
502 215 566 249 270.)

277 1239 449 1262 Exhibitisaerc-

263 1267 368 1287 nitoribus
392 1272 449 1286 man-

263 1294 320 1314 datis
339 1292 449 1318 exequuti-

265 1321 295 1341 vis
316 1326 354 1345 pei·
369 1319 449 1339 iudices

264 1347 363 1367 relaxatis
374 1349 448 1366 contra

263 1374 361 1394 barones.

467 284 530 318 que
549 284 720 314 summam,
738 279 774 307 ut
793 273 984 317 praefertur,
1007 273 1210 307 ascendenti-

466 327 526 360 bus
542 338 601 371 per
616 328 766 360 mandata
783 326 983 370 exequutiva‚
1007 336 1026 358 a
1045 325 1210 370 quibusvis

467 381 625 414 iudicibus
649 381 752 421 Urbis,
776 386 832 413 aut
857 379 989 413 alterius
1017 379 1078 412 loci
1103 380 1210 414 Status

465 434 632 478 praedicti,
654 435 781 468 decreta
804 440 835 467 et
853 434 992 467 relaxata
1016 434 1206 475 docuerint,

465 488 597 531 ipsaque
618 488 770 521 mandata
791 487 1005 528 exhibuerint,
1026 498 1124 531 quam
1144 487 1209 531 pri-

465 550 564 577 mum,
580 541 702 584 absque
711 541 784 581 ,ulla
806 540 971 581 dilatione,
991 551 1057 574 non
1077 541 1209 574 obstan-

464 593 548 627 tibus
565 593 824 637 quibuseumque
844 593 1101 634 inhibitionibus,
1122 593 1206 626 dila-

465 648 616 688 tionibus,
631 648 874 692 supersessoriis
888 648 924 682 in
935 649 1043 692 forma
1054 659 1121 682 ‘non
1133 659 1210 692 qra-

466 706 564 742 vetur,
581 708 636 735 aut
657 702 735 736 alias
755 702 1001 746 quomodolibet
1019 703 1058 735 ab
1079 702 1209 736 iisdem-

465 761 541 795 met,
558 755 606 788 vel
627 755 698 788 aliis
718 755 889 796 iudicibus,
906 761 959 789 aut
981 755 1078 788 etiam
1099 755 1208 789 forsan

464 819 482 841 a
499 808 603 849 nobis,
625 809 691 842 sive
711 809 750 843 de
770 809 885 843 ordine
909 820 946 842 ac
966 809 1119 842 mandato
1143 819 1205 842 no-

463 867 530 895 stro
550 862 706 895 emanatis
727 868 758 895 et
780 862 979 901 emanandis‚
997 872 1077 906 quas
1096 872 1208 895 omnes

463 920 494 947 ct
506 914 659 957 singulas,
682 925 719 948 ex
736 925 833 956 nunc,
846 915 1037 948 auctoritate
1057 925 1209 959 praesen-

463 967 558 1007 tium,
586 978 795 1008 revocamus,
819 968 1024 1002 annullamus
1049 973 1079 1001 et
1104 968 1208 1001 irrita-

463 1031 550 1059 mus,
584 1020 795 1065 infrascriptis
825 1021 930 1055 modis
962 1027 993 1055 et
1024 1021 1136 1054 formis
1157 1032 1207 1054 sa-

463 1074 573 1108 tisfieri
594 1079 726 1114 curent,
750 1075 904 1108 mandent
931 1080 963 1108 et
989 1085 1063 1108 cum
1092 1074 1207 1108 effectu

463 1128 593 1168 saciant,
613 1127 777 1161 videlicet:

509 1180 574 1223 53.
598 1180 841 1214 Praedictorum
869 1181 1097 1225 deputatorum
1129 1191 1207 1214 con-

465 1233 619 1276 gregatio,
640 1233 790 1266 exhibitis
821 1233 980 1267 mandatis
1010 1233 1204 1277 praedictis,

465 1287 586 1331 absque
604 1286 666 1319 alia
686 1286 837 1320 citatione
863 1292 893 1319 et
923 1287 986 1320 tela
1014 1286 1204 1331 iudiciaria,

465 1346 495 1373 et
515 1339 583 1373 sine
603 1339 668 1372 ulla
687 1350 803 1372 causae
828 1339 1023 1382 cognitione,
1046 1350 1144 1384 super
1156 1351 1208 1374 xe-

464 1393 558 1427 ritate
579 1393 691 1427 crediti
706 1421 714 1434 ,
738 1394 786 1426 vel
817 1393 1015 1427 discussione
1045 1394 1203 1434 iustitiae,

463 1453 517 1480 aut
534 1447 699 1487 nullitatis,
721 1446 946 1480 mandatorum
970 1447 1203 1485 relaxatorum,

464 1506 628 1544 tamquam
654 1499 734 1533 meri
761 1505 791 1533 et
816 1500 888 1544 puri
921 1505 1153 1544 exequutores,
1177 1505 1209 1533 et

462 1554 595 1598 propria
622 1553 813 1587 auctoritate
841 1559 872 1586 et
897 1553 1064 1593 mandato,
1089 1559 1119 1586 et
1138 1553 1208 1586 sine

464 1607 539 1640 vitio
559 1607 653 1650 spolii
679 1612 910 1640 attentatorum
922 1633 929 1647 ,
953 1612 1009 1640 aut
1027 1606 1182 1640 nullitatis
1196 1634 1203 1648 ,

462 1660 607 1693 omnium
621 1666 652 1693 et
665 1670 945 1704 quarumcumque
959 1660 1134 1701 civitatum,
1145 1665 1208 1694 ter-

462 1724 583 1755 rarum,
600 1719 789 1753 castrorum,
807 1714 973 1753 casalium,
997 1714 1203 1758 palatiorum,

462 1773 494 1800 et
513 1767 649 1800 aliorum
670 1767 830 1800 bonorum
853 1767 1070 1801 immobilium
1089 1773 1153 1800 tam
1175 1768 1206 1800 in

462 1820 546 1854 Urbe
566 1820 700 1864 eiusque
721 1820 884 1861 districtu,
909 1831 1006 1864 quam
1034 1820 1110 1854 alibi
1136 1821 1207 1853 ubi-

462 1884 600 1917 cumque
621 1874 652 1906 in
675 1880 784 1907 nostro
797 1873 886 1907 Statu
904 1874 1128 1908 Ecclesiastico
1142 1874 1205 1908 exi-

461 1927 627 1966 stentium,
643 1927 683 1960 ad
704 1927 790 1971 ipsos
806 1927 980 1971 principeS,
997 1928 1105 1967 duces,
1123 1938 1206 1960 mar-

462 1979 604 2020 chiones,
628 1980 762 2013 comites
781 1980 829 2013 vel
856 1980 1004 2019 barones,
1027 1986 1083 2014 aut
1103 1979 1205 2013 domi-

462 2033 560 2066 cellos
579 2043 814 2077 quoscumque,
838 2039 949 2067 contra
969 2044 1060 2077 quoS,
1084 2033 1130 2066 vel
1149 2043 1205 2067 eo-

462 2098 532 2119 rum
553 2092 712 2125 auctores,
737 2093 887 2130 parentes
907 2093 934 2119 et
962 2087 1090 2130 quosvis
1116 2093 1204 2120 :inte-

462 2150 621 2178 cessores,
643 2150 698 2173 seu
731 2139 945 2173 haereditaria
977 2150 1089 2173 eorum
1121 2140 1205 2173 bona

462 2203 685 2236 quaecumque
701 2193 851 2226 mandata
865 2193 1061 2232 huiusmodi,
1077 2204 1112 2226 cx
1127 2204 1206 2237 qua-

462 2246 506 2278 vis
526 2257 638 2284 causa,
662 2252 693 2279 ut
717 2256 813 2290 supra
837 2246 957 2279 dictum
984 2252 1041 2284 est,
1067 2247 1205 2279 relaxata

463 2299 591 2337 suerint,
606 2299 653 2332 vel
675 2309 788 2333 eorum
807 2305 942 2343 partein,
957 2299 1092 2332 arbitrio
1106 2299 1206 2343 ipsius

463 2352 719 2393 conen-gationis
745 2352 993 2396 pertinentium,
1017 2359 1044 2385 et
1075 2363 1132 2397 per
1151 2363 1206 2386 eos

463 2415 668 2448 quocumque
693 2405 785 2438 titulo
816 2405 1017 2443 habitorum,
1041 2412 1073 2438 ct
1093 2406 1206 2449 quovis

464 2459 560 2490 motio
581 2464 742 2491 tentorum
765 2464 794 2491 et
815 2469 1046 2503 possessorum,
1071 2460 1202 2497 realem,

463 2511 619 2543 actualem
634 2517 661 2543 et
673 2513 876 2555 corporalem
891 2512 1138 2556 possessionem,
1149 2522 1206 2545 no-

463 2564 549 2596 minc
569 2566 719 2598 Gamerae
741 2566 944 2609 Apostolicae
973 2566 1043 2609 capi
1070 2571 1103 2600 et
1128 2565 1205 2599 reti-

464 2617 531 2649 neri
553 2617 592 2649 ad
613 2618 820 2651 commodum
843 2624 949 2652 tamen
977 2625 1007 2652 et
1036 2618 1204 2652 utilitatem

1054 225 1238 250 BULLARIUM
1254 225 1408 251 ROMANUM

1963 261 1966 263 v
2001 226 2050 253 An.
2067 226 2096 254 c.
2117 226 2191 261 ‚¹⁵9ss
2238 213 2241 244 f

1244 275 1433 308 eorumdem
1454 276 1651 310 creditorum
1662 287 1720 321 per
1732 285 1875 310 mensem
1895 276 1988 310 dum-

1244 333 1328 361 taxat
1348 328 1536 363 immediate
1556 335 1757 374 sequentem,
1773 340 1791 363 a
1809 330 1860 364 die
1873 335 1986 374 captae

1243 381 1473 424 possessionis3
1497 392 1515 415 a
1543 392 1607 426 qua
1628 382 1680 416 die
1706 382 1811 416 omnis
1842 382 1985 426 ipsorum

1243 433 1438 478 principum,
1470 435 1600 474 ducum,
1630 435 1867 476 marchionum,
1890 435 1986 469 haro-

1243 497 1333 528 num,
1347 498 1403 521 seu
1424 489 1671 522 domicellorum
1693 495 1724 523 et
1743 489 1882 522 aliorum
1895 499 1987 533 prae-

1243 540 1403 574 dictorum
1425 541 1605 575 iurisdictio
1617 569 1624 582 ,
1647 547 1678 576 et
1696 542 1781 575 illius
1797 541 1986 576 exercitium

1243 599 1338 637 atque
1356 595 1593 629 administratio
1605 595 1734 639 penitus
1751 601 1864 636 cesset,
1878 601 1910 629 et
1921 606 1988 629 ces-

1243 657 1313 686 sare
1334 648 1465 689 debeat,
1489 648 1533 682 ita
1563 649 1743 693 quodipsi
1770 659 1835 682 non
1866 648 1987 692 possint

1242 711 1301 744 per
1319 712 1364 742 se,
1387 702 1435 735 vel
1453 702 1532 735 alios
1550 702 1582 735 in
1603 702 1794 743 civitatibus,
1811 701 1915 742 terris,
1935 712 1988 735 ca-

1242 754 1326 794 stris,
1351 755 1520 795 casalibus,
1544 755 1671 799 palatiis
1691 761 1722 789 et
1750 755 1821 788 aliis
1850 755 1928 789 locis
1957 760 1987 789 et

1242 807 1335 841 bonis
1354 808 1526 852 praedictis
1546 820 1615 842 sese
1635 809 1793 852 ingerere,
1807 815 1862 842 aut
1878 808 1988 852 aliquo

1242 866 1336 904 paeto
1363 861 1594 902 intromittere,
1618 862 1674 895 sed
1699 861 1831 895 illorum
1856 859 1987 895 iu'risdi-

1243 914 1306 948 ctio
1332 921 1363 948 et
1389 915 1625 949 administratio
1645 926 1744 960 penes
1768 915 1887 949 dictam
1908 925 1987 949 con-

1243 967 1475 1011 gregationem,
1498 980 1555 1003 seu
1581 979 1736 1013 personas
1755 969 1795 1002 ab
1821 979 1858 1002 ea
1884 969 1986 1013 depu—

1244 1022 1374 1062 tandas,
1397 1028 1584 1061 remaneat,
1608 1022 1742 1056 omnino
1768 1027 1882 1056 curent
1901 1027 1933 1056 et
1951 1031 1986 1055 re

1242 1074 1310 1119 ipsa
1330 1081 1503 1119 praestent.

1287 1130 1303 1170 ξ
1324 1128 1354 1161 4.
1383 1128 1451 1168 Quo
1472 1139 1582 1163 mense
1601 1129 1722 1174 elapso,
1745 1128 1898 1169 civitates,
1916 1133 1982 1162 ter·-
2025 1137 2104 1165 mapsa
2113 1143 2173 1160 m·
2226 1147 2229 1159 .

1999 1165 2098 1186 civitates
2113 1167 2135 1186 et
2147 1165 2170 1186 b

1243 1191 1304 1221 ras,
1328 1187 1441 1222 castra,
1465 1182 1599 1223 casalia,
1619 1182 1747 1226 palatia,
1768 1188 1799 1215 et
1819 1181 1881 1215 alia
1899 1181 1985 1215 bona
1999 1197 2118 1239 3:³33?
2135 1196 2169 1213 su

1242 1234 1427 1268 huiusmodi
1441 1235 1659 1269 subhastanda
1669 1240 1863 1279 proponant,
1874 1234 1985 1278 etplus
1999 1243 2168 1297 Essssjssgssss³Ym
2184 1230 2187 1265 ζ

1242 1287 1388 1322 offerenti
1404 1316 1411 1329 ‚
1435 1289 1553 1323 omissa
1579 1289 1708 1333 penitus
1729 1288 1817 1322 omni
1842 1288 1905 1322 alia
1933 1298 1985 1321 so-
2000 1297 2074 1318 sei-enti
2118 1296 2160 1318 oia,

1242 1341 1418 1382 lemnitate,
1443 1348 1473 1375 et
1492 1342 1560 1376 sine
1580 1342 1674 1376 solita
1699 1342 1796 1376 etiam
1817 1341 1985 1375 subhasta-
1999 1326 2038 1345 Μ’

1242 1395 1328 1428 tione
1348 1402 1379 1428 et
1399 1395 1630 1430 deliberatione
1650 1406 1708 1440 per
1729 1405 1843 1429 manus
1869 1405 1981 1429 curso-

1242 1458 1324 1488 rum,
1349 1459 1405 1482 seu
1425 1448 1502 1482 alias
1531 1449 1600 1483 lieri
1627 1454 1792 1489 consueta,
1816 1454 1847 1482 et
1863 1448 1985 1492 absque

1242 1502 1369 1535 illarum
1383 1502 1540 1546 expensis,
1558 1502 1687 1547 praevia
1703 1503 1870 1536 dumtaxat
1888 1501 1985 1535 unius

1242 1551 1337 1584 edicti
1357 1561 1415 1595 per
1435 1551 1503 1585 dies
1523 1551 1709 1596 quindecim
1730 1552 1762 1584 in
1780 1551 1858 1585 locis
1877 1550 1984 1595 publi-

1241 1605 1286 1638 cis
1306 1605 1455 1639 affixione
1474 1606 1515 1639 ad
1535 1605 1802 1639 deliberationem
1822 1605 1894 1649 plus
1907 1603 1984 1638 offe-

1241 1658 1335 1699 renti,
1356 1669 1428 1692 cum
1450 1658 1564 1692 cedula
1584 1657 1759 1691 bancharia
1778 1657 1886 1691 idonei
1900 1667 1986 1691 mer-

1241 1712 1369 1753 catoris,
1392 1717 1517 1746 servata
1538 1717 1657 1754 tamen,
1681 1712 1789 1756 quoad
1808 1720 1982 1755 personas,

1241 1775 1322 1809 quae
1347 1765 1502 1806 civitates,
1518 1771 1629 1805 terras,
1645 1771 1748 1799 castra
1768 1770 1799 1799 ct
1819 1764 1882 1798 alia
1899 1764 1986 1799 bona

1241 1818 1426 1852 huiusmodi
1447 1828 1555 1852 emere
1576 1818 1747 1859 voluerint,
1777 1818 1882 1851 sorma
1907 1827 1984 1852 con-

1239 1871 1413 1905 stitutionis
1433 1871 1534 1905 selicis
1555 1871 1788 1905 recordationis
1818 1870 1896 1906 Sixti
1927 1871 1985 1905 Pa-

1240 1936 1299 1969 pae
1319 1925 1353 1965 V,
1377 1925 1636 1969 praedecessoris
1657 1918 1770 1965 nostri,
1793 1934 1891 1969 super
1910 1934 1985 1969 pro-

1240 1979 1397 2013 bibitione
1425 1978 1585 2012 alienandi
1614 1985 1717 2013 castra
1747 1985 1779 2013 et
1807 1979 1869 2012 alia
1899 1979 1984 2014 bona

1239 2032 1365 2066 stabilia
1389 2032 1420 2065 in
1441 2032 1531 2065 Statu
1551 2032 1773 2066 Ecclesiastico
1793 2032 1959 2066 existentia
1972 2059 1980 2073 ,

1239 2085 1306 2118 sinc
1326 2084 1416 2119 Sedis
1435 2085 1639 2129 Apostolicae
1657 2085 1796 2126 lieentia,
1821 2085 1892 2119 aliis
1911 2095 1985 2130 per-

1239 2138 1326 2172 sonis
1345 2149 1442 2182 quam
1461 2138 1604 2172 vassallis
1624 2138 1768 2172 eiusdem
1788 2139 1904 2179 Status,
1929 2139 1984 2173 de·-

1239 2191 1378 2231 veniant,
1393 2191 1528 2235 illasque
1541 2197 1571 2225 et
1585 2191 1639 2225 illa
1656 2192 1846 2232 deliberent,
1861 2197 1892 2225 et
1908 2201 1983 2226 ven-

1239 2246 1337 2285 dant,
1366 2255 1401 2278 ae
1434 2245 1647 2279 instrumenta
1680 2255 1928 2289 quaecumque,
1951 2250 1983 2279 et

1238 2298 1300 2331 alia
1331 2298 1470 2342 desuper
1502 2298 1681 2332 neccssaria
1710 2304 1741 2331 et
1773 2303 1956 2342 opportuna
1970 2324 1978 2339 ,

1239 2352 1412 2393 obliganda
1432 2351 1528 2385 etiam
1547 2362 1700 2396 personas
1713 2351 1909 2396 principum,
1923 2351 1982 2385 du-

1239 2416 1324 2445 rum,
1342 2406 1578 2444 marchionum,
1595 2406 1754 2439 baronum
1775 2411 1807 2440 et
1825 2404 1982 2440 domicel-

1240 2459 1344 2492 lorum
1366 2459 1618 2503 praedictorum,
1635 2465 1666 2492 et.
1686 2459 1769 2492 bona
1787 2469 1900 2493 eorum
1920 2467 1980 2503 pro

1240 2511 1411 2552 evictionc,
1434 2512 1529 2546 etium
1563 2512 1594 2544 in
1622 2513 1724 2545 forma
1754 2512 1895 2546 eiusdem
1922 2512 1979 2546 Ca-

1241 2575 1348 2599 mcrae
1369 2565 1570 2610 Apostolicae
1590 2566 1753 2600 celebrent
1773 2571 1804 2599 et
1822 2564 1979 2599 celebrari

1241 2619 1367 2653 saciant.
