2253 3195
63 265 113 292 Αιι.
130 264 158 291 C.
186 263 253 292 ¹598

91 747 209 768 clausulae.

80 1065 193 1094 Derugutiu
202 1070 250 1085 eon-

66 1094 186 1112 trariorum.

891 260 1038 285 CLEMENS
1058 260 1115 283 vul
1134 260 1184 283 Pr.

261 313 328 346 eius
348 312 379 346 in
401 312 485 345 dicta
505 311 782 345 administratione
810 319 1011 343 successores

262 366 293 398 in
317 365 428 409 primis
448 371 618 398 teneantur
639 365 726 398 omni
754 364 861 397 studio
883 373 1008 402 curare,

262 424 296 451 ut
317 419 347 451 in
366 417 478 451 eadem
498 418 664 451 academia
678 417 835 450 catholica
848 417 961 459 religio
981 421 1011 448 et

262 471 443 505 obedientia
453 471 543 505 Sedis
554 471 752 515 Apostolicac
770 475 1008 509 conserventur,

262 531 292 558 et
312 536 385 558 cum
407 535 553 568 expressa
581 525 637 557 hac
660 524 856 562 conditione,
879 522 1008 566 privile-

262 580 314 622 gia
333 584 364 612 et
392 579 509 622 gratias
541 577 755 622 supradictas,
777 582 808 609 et
828 586 891 608 non
920 575 1009 615 alias,

263 643 322 665 nec
335 633 398 666 alio
408 631 504 665 modo
519 641 577 665 nos
591 631 786 664 concessisse
797 629 1008 662 declaramus.

308 685 323 727 ξ
343 685 373 718 5.
397 684 514 728 Sicque
528 684 561 717 in
582 683 764 728 praemissis
785 681 935 716 omnibus
956 691 1013 725 per

263 749 485 782 quoscumque
499 737 618 771 iudices
636 737 816 770 ordinarios
836 741 867 769 et
883 735 1011 778 delega-

264 798 332 832 t08‚
355 791 478 837 sublata
495 791 540 824 eis
561 797 590 824 et
611 801 724 824 eorum
752 790 884 823 cuilibet
904 789 1012 832 quavis

264 845 355 879 aliter
375 845 539 878 iudicandi
560 851 591 879 et
611 844 842 888 interpretandi
863 843 1013 877 facultate

264 905 296 932 et
315 899 514 939 auctoritate,
538 898 673 932 iudicari
694 904 725 931 et
750 897 875 931 definiri
896 896 1013 929 debere

265 951 486 985 decernimus.

310 1005 325 1047 ἓ
345 1004 378 1037 6.
399 1004 471 1038 Non
484 1004 685 1038 obstantibus
703 1003 868 1047 quibusvis
888 1008 1014 1045 aposto-

265 1058 345 1098 licis,
369 1069 405 1091 ac
425 1058 458 1090 in
479 1057 713 1091 universalibus
734 1063 765 1089 et
791 1055 1011 1100 synodalibus,

266 1122 302 1144 ac
319 1110 568 1155 provincialibus
588 1110 732 1143 conciliis
763 1109 855 1142 editis
875 1119 1011 1151 genera-

266 1164 348 1197 libus
374 1165 421 1197 vel
453 1163 644 1208 specialibus
671 1162 955 1196 constitutionibus
985 1167 1015 1194 et,

266 1217 545 1258 ordinationibus,
569 1227 606 1249 ac
634 1225 912 1260 quarumcumque
938 1214 1011 1247 uni-

266 1271 449 1305 versitatum
481 1265 660 1303 studiorum
682 1269 894 1312 generalium,
918 1269 1013 1302 etiam

266 1324 460 1363 iuramento,
483 1323 730 1358 confirmatione
751 1323 936 1366 apostolica,
967 1321 1015 1354 vel

267 1378 377 1420 quavis
398 1377 548 1410 firmitate
568 1376 628 1410 alia
647 1377 816 1415 roboratis,
841 1375 965 1408 statutis
985 1380 1016 1408 et

267 1430 566 1471 consuetudinibus,
590 1429 764 1473 privilegiis
783 1439 925 1472 quoque,
962 1428 1012 1460 in-

268 1482 366 1516 dultis
383 1489 411 1516 et
433 1483 547 1516 litteris
568 1482 752 1527 apostolicis
768 1482 799 1514 in
817 1480 1014 1515 contrarium

267 1535 517 1579 praemissorum
526 1536 831 1579 quomodocumque
843 1533 1013 1573 concessis,

269 1588 477 1629 confirmatis,
501 1588 686 1631 approbatis
705 1594 735 1621 et
758 1587 926 1621 innovatis.
942 1585 1017 1624 Qui-

268 1641 328 1675 bus
344 1641 494 1674 omnibus
514 1648 544 1675 et
564 1642 716 1684 singulis,
740 1641 868 1674 illorum
889 1647 1017 1674 tenores

268 1694 490 1738 praesentibus
508 1706 566 1738 pro
580 1695 778 1729 sufficienter
791 1694 947 1738 expressis
962 1694 1016 1726 ba-

1072 308 1207 335 clemens
1229 306 1399 340 episcopus,
1412 311 1518 332 servus
1535 309 1689 330 servorum
1701 301 1763 333 Dei,

1165 363 1200 388 ad
1224 363 1398 395 perpetuam
1421 359 1466 386 rei
1490 357 1669 385 memoriam

1089 415 1203 448 Sancta
1218 415 1359 447 Romana
1377 412 1529 451 Ecclesia,
1549 422 1630 454 quac
1648 410 1730 442 inter
1746 409 1793 441 di·
1836 418 1968 437 rumenam

1046 467 1212 510 sciplinam
1235 472 1266 500 et
1286 465 1540 500 misericordiam
1567 463 1656 506 quasi
1685 462 1793 504 regina

1046 521 1148 560 sedet,
1168 521 1396 553 circumstante
1414 518 1554 552 exercitu
1583 518 1614 550 in
1632 517 1719 559 virga
1739 526 1791 548 re-

1045 574 1190 618 giminis,
1214 580 1259 606 est
1290 574 1385 606 etiam
1409 571 1621 605 moerentium
1644 571 1795 603 consola-—

1047 627 1106 660 trix
1124 627 1155 659 in
1174 626 1351 659 ministerio
1366 625 1500 669 pietatis.
1519 625 1607 658 Sicut
1622 624 1706 657 enim
1725 633 1795 655 reos

1046 686 1076 712 et
1093 686 1300 713 contumaces
1315 679 1397 712 iusta
1415 678 1693 711 animadversione
1709 686 1796 709 coer-

1047 733 1150 767 cendo
1159 733 1232 766 vino
1244 732 1344 765 utitur
1358 731 1581 771 districtionis3
1593 730 1634 762 ita
1651 740 1793 773 quoque,

1048 786 1168 819 eisdem
1187 785 1448 829 resipiscentibus
1466 790 1496 818 et
1518 784 1557 817 ad
1580 794 1635 816 eor
1652 783 1797 816 redeun-

1047 840 1131 874 tibus
1149 840 1356 885 ignoscendo‚
1372 840 1479 872 oleum
1498 838 1628 871 adhibet
1644 836 1795 876 lenitatis,

1047 900 1142 938 atque
1160 905 1197 928 co
1215 900 1308 938 pacto
1318 904 1351 926 se
1366 892 1462 926 modo
1480 892 1638 924 malorum
1654 900 1796 924 severam

1047 948 1208 987 ultricem,
1230 947 1327 979 modo
1353 947 1544 979 clementem
1562 956 1597 977 ac
1616 944 1698 988 piam
1724 953 1798 975 ma-

1049 1007 1128 1034 trem
1148 1000 1306 1033 bonorum
1329 999 1477 1033 ostendit.
1509 999 1552 1031 Ac
1579 1008 1637 1030 nos
1668 995 1798 1039 quidem

1049 1054 1080 1086 in
1101 1053 1224 1086 excelso
1241 1052 1381 1085 iustitiae
1402 1052 1529 1090 throno,
1545 1050 1618 1082 licet
1633 1049 1728 1082 nullis
1745 1060 1798 1082 nor

1049 1106 1121 1139 stris
1142 1105 1276 1145 meritis,
1296 1105 1350 1139 sed
1368 1106 1471 1138 solum
1490 1104 1594 1136 divina
1611 1103 1799 1147 disponente

1050 1160 1218 1192 clementia
1248 1158 1433 1197 constituti,
1457 1158 1517 1190 boc
1546 1167 1621 1189 sane
1650 1155 1797 1195 consilio,

1050 1213 1324 1256 quemadmodum
1342 1222 1416 1245 cum
1435 1221 1515 1254 opus
1536 1211 1606 1250 suit⁷
1637 1209 1798 1243 honorum

1049 1266 1191 1299 eiusdem
1209 1265 1368 1299 Ecclesiae
1389 1268 1599 1308 occupatores
1616 1263 1708 1296 iustis
1724 1273 1800 1306 poe-

1050 1319 1098 1352 nis
1116 1318 1294 1359 affecimus,
1324 1318 1368 1351 ita
1393 1318 1535 1357 eosdem,
1557 1315 1663 1349 cordis
1681 1315 1800 1348 duritia

1050 1372 1206 1416 deposita,
1228 1372 1266 1404 ad
1294 1371 1526 1404 restitutionem
1547 1374 1713 1414 promptos
1734 1380 1798 1402 non

1049 1427 1153 1459 solum
1182 1425 1322 1469 benigne
1343 1424 1518 1464 absolvere,
1545 1423 1599 1457 sed
1619 1434 1800 1466 quaecum-

1049 1491 1111 1524 que
1129 1491 1201 1513 cum
1221 1479 1297 1523 ipsis
1314 1484 1424 1512 nostro
1441 1489 1478 1511 ac
1492 1476 1582 1510 Sedis
1600 1483 1631 1509 et
1650 1476 1800 1510 Gamerae

1050 1533 1251 1576 Apostolicac
1272 1532 1402 1565 nomine
1424 1537 1593 1575 propterea
1618 1535 1751 1563 tractata
1771 1535 1801 1562 et

1051 1586 1202 1619 conclusa
1227 1590 1316 1626 sunt,
1336 1590 1371 1618 ut
1390 1589 1545 1628 perpetuo
1565 1584 1656 1616 firma
1685 1589 1715 1616 et
1733 1587 1799 1615 rata

1051 1641 1200 1680 existant,
1222 1638 1423 1683 Apostolicae
1456 1636 1711 1671 confirmationis
1741 1646 1796 1669 ro-

1051 1693 1127 1726 bore
1144 1693 1345 1726 communire
1363 1692 1464 1735 parati
1481 1701 1602 1724 sumus.

1698 242 1760 274 417
1809 251 1858 276 Λη,
1880 249 1994 277 C.1598

268 1748 391 1790 hentes,
412 1748 472 1782 hac
492 1749 559 1782 vice
580 1748 744 1782 dumtaxat
778 1748 961 1792 specialiter
987 1753 1018 1780 et

269 1813 415 1846 expresse
435 1803 642 1846 derogamus,
662 1803 862 1846 caeterisque
883 1807 1014 1835 contra-

269 1856 325 1889 riis
345 1855 615 1900 quibuscumque.

1096 1748 1110 1787 ξ
1131 1746 1161 1779 i.
1182 1746 1260 1780 Cum
1283 1746 1407 1788 itaque,
1441 1745 1522 1778 sicut,
1549 1744 1684 1777 dilectus
1715 1743 1799 1776 filius
1815 1747 1998 1778 eamr-Eatenus

1814 1776 1928 1796 Feri-siriae
1936 1775 2000 1795 duea-

1052 1806 1161 1834 noster
1178 1801 1290 1833 Petrus
1307 1799 1337 1833 S.
1352 1799 1472 1831 Nicolai
1490 1798 1521 1831 iu
1539 1798 1672 1832 Carcere
1693 1797 1800 1830 diaco·
1814 1802 2001 1850 ffipglesffimffitf

1053 1865 1113 1888 nus
1127 1854 1297 1888 cardinalis
1309 1852 1569 1885 aldoin-andinus
1582 1857 1798 1895 nuncupatus,
1816 1856 1866 1876 dere
1882 1855 1965 1877 statuit,

314 1910 429 1943 Datum
447 1910 569 1943 Romae
590 1910 674 1953 apud
689 1910 718 1943 S.
733 1910 862 1943 Petrum
884 1910 942 1942 sub
964 1919 1019 1941 an-

270 1962 348 1996 nulo
367 1963 552 2001 piscatoris,
582 1963 633 1996 die
651 1972 684 1995 xl
705 1962 840 1996 ianuarii
862 1970 1016 2001 Mnxcvm,

271 2015 477 2059 pontificatus
498 2016 599 2049 nostri
619 2026 705 2049 anno
726 2025 769 2048 Vl.

308 2075 366 2103 Dat.
384 2076 428 2103 die
446 2077 473 2103 11
496 2077 611 2104 ianuarii
633 2077 712 2111 1598,
729 2076 823 2112 pontif.
838 2084 880 2103 an.
900 2083 947 2102 vil.

556 2237 739 2271 CLXXVIII.

275 2337 462 2380 Ratificatio
482 2336 732 2369 conventionum
761 2335 846 2366 inter
863 2333 1019 2365 cardina-

322 2391 415 2424 lemA
422 2390 690 2429 Idobrandinum,
700 2387 930 2422 nomineSedis
939 2387 963 2420 A
969 2397 1024 2430 po-

320 2444 462 2483 stolicae,
479 2447 507 2476 el
527 2443 690 2476 ducissam
707 2441 825 2474 Urbini
834 2443 1023 2484 procurato-

320 2498 371 2529 rio
387 2497 519 2530 nomine
533 2496 680 2530 Caesaris
693 2495 836 2529 Estensis
849 2494 1022 2533 initurum,

321 2561 418 2594 super
436 2550 642 2583 restitutione
662 2548 799 2582 ducatus
828 2547 858 2581 F
858 2547 1022 2581 ermricu-

323 2604 367 2638 sis
388 2604 407 2636 ¹.

315 2670 326 2694 1
345 2667 383 2694 Ex
396 2666 505 2701 Regest.
523 2666 549 2692 in
564 2665 666 2692 Secret.
685 2664 821 2692 Breviurn.

328 2720 407 2749 Buce.
425 2720 509 2748 Rom.
525 2719 586 2747 Vol.
603 2719 638 2747 X.
856 2717 890 2744 53

1053 1914 1162 1941 noster
1182 1907 1361 1940 secundum
1383 1916 1512 1939 carnem
1534 1916 1570 1938 ex
1602 1907 1696 1938 tratre
1724 1914 1798 1947 ger-

1054 1971 1149 1994 mano
1167 1971 1277 2004 nepos,
1301 1965 1331 1992 et
1353 1960 1449 1993 totius
1471 1958 1577 1992 Status
1595 1964 1625 1991 ct
1646 1958 1801 1990 exercitus

1054 2014 1154 2047 nostri
1181 2012 1385 2047 ecclesiastici
1407 2012 1567 2055 generalis
1592 2011 1799 2055 superinten-

1055 2068 1132 2101 dens
1153 2079 1169 2100 a
1187 2066 1281 2101 nobis
1306 2066 1486 2110 specialiter
1506 2076 1578 2098 cum
1608 2064 1803 2108 amplissima

1055 2122 1202 2154 facultate
1220 2121 1403 2164 deputatus,
1419 2119 1588 2152 novissime
1606 2128 1663 2161 per
1684 2118 1804 2151 litteras

1056 2185 1129 2208 suas
1147 2174 1349 2218 significarit.
1371 2178 1540 2216 postquam
1562 2171 1714 2204 nimirum
1737 2171 1803 2204 die-

1056 2227 1116 2261 bus
1133 2227 1277 2271 proxime
1297 2226 1414 2269 clapsis
1432 2226 1553 2258 litteras
1568 2230 1692 2257 nostras
1710 2235 1805 2267 super

1057 2280 1273 2313 declaratione
1294 2284 1323 2312 et
1357 2278 1616 2321 promulgatione
1649 2287 1802 2310 censura-

1058 2344 1129 2366 rum
1143 2338 1174 2366 et
1187 2334 1322 2366 aliarum
1333 2342 1510 2376 poenarum
1528 2336 1639 2364 contra
1653 2330 1805 2363 dilectum

1060 2386 1161 2418 silium
1175 2385 1314 2418 nobilem
1330 2385 1432 2417 virum
1448 2384 1614 2417 Caesarem
1627 2383 1805 2422 Estensem‚

1059 2438 1100 2472 ob
1120 2438 1219 2482 ipsius
1239 2448 1303 2471 non
1322 2437 1514 2481 paritioncm
1546 2436 1723 2469 sententiae
1744 2447 1804 2469 no—

1060 2497 1154 2531 strae,
1178 2502 1274 2535 super
1293 2490 1497 2524 devolutione
1517 2490 1556 2522 ad
1575 2488 1721 2522 camdem
1740 2489 1804 2522 Ro-

1062 2555 1189 2577 manam
1207 2543 1393 2583 Ecclesiam,
1405 2542 1585 2584 Scdcmquc
1599 2548 1627 2574 ct
1643 2542 1807 2575 Cameram

1063 2597 1257 2642 praedictam
1279 2596 1414 2630 civitatis
1431 2601 1462 2628 ct
1475 2594 1610 2628 ducatus
1628 2594 1809 2627 Ferrarien-

1063 2653 1116 2692 sis,
1135 2651 1284 2695 illiusque
1304 2649 1474 2684 comitatus
1492 2654 1524 2682 et
1544 2647 1718 2686 districtus,
1733 2648 1810 2682 alio-
