2253 3195
499 237 563 270 :3:32

468 300 576 327 tronus
596 296 775 327 saeculares
803 299 964 336 spectatae
988 292 1125 329 virtutis,
1152 302 1208 323 no-

468 348 561 380 minis
587 355 613 379 ct
646 347 831 389 probitatis,
857 358 891 378 ac
925 344 1207 388 quadragesimum

467 412 541 433 suat·
563 400 673 432 aetatis
693 410 813 431 annum
837 399 932 442 paulo
951 399 1022 441 plus
1035 398 1082 429 vel
1105 397 1209 429 minus

467 459 615 493 agentes,
640 453 815 495 prat-licere
841 451 958 484 licebit.
985 452 1152 483 Postremo
1173 462 1208 482 cx

467 517 530 548 quo
556 506 658 537 dictus
686 505 820 537 loannes
851 505 1000 537 t'undator
1020 505 1052 536 in
1078 504 1146 536 eius
1167 509 1210 535 tc-

322 576 375 588 ·mw
415 570 451 588 uzn-
467 564 625 591 stamento
646 558 766 597 statuit,
782 564 812 590 ut
833 558 857 590 si
871 557 939 590 eius
953 558 1088 590 cadaver
1102 557 1132 589 in
1145 567 1211 588 tua-

334 601 337 613 ι
409 602 451 640 ⁴{,‘,ss'.
470 612 527 644 iori
549 612 682 644 ccclesia
709 611 783 644 ‹tit-ti
817 611 927 655 oppidi
948 611 1150 654 sepcdiretur,
1175 610 1211 642 il-

366 651 377 666 Η
400 651 429 667 ’Ν
469 664 523 697 lud
553 665 593 697 ad
629 664 796 697 ecclesiam
835 663 963 705 collegii
1000 662 1207 701 huiusmodi,

1053 244 1234 268 inmanium
1258 244 1409 267 uomitum

1243 291 1361 323 tionem
1381 291 1585 332 Anqeticam,
1614 297 1644 323 et
1660 291 1777 335 septies
1798 291 1986 326 Orationem

1244 344 1451 376 Jimm'nicam
1471 343 1607 376 recitare
1628 344 1769 384 debebit,
1793 354 1931 383 necnon,
1952 348 1986 376 ut

1243 408 1355 429 omnes
1368 397 1517 439 virgines,
1536 402 1598 429 tam
1620 396 1776 430 moniales
1796 407 1892 440 quam
1904 397 1985 436 aliae

1245 450 1275 482 in
1307 449 1471 493 praedicto
1502 449 1638 492 collegio
1659 450 1829 491 degentes,
1853 449 1987 491 singulis

1245 502 1358 535 dicbus
1379 503 1508 535 missam
1526 502 1638 535 audire
1658 502 1790 546 possint,
1808 507 1934 546 praeter
1952 503 1987 535 il-

1245 555 1290 587 las
1307 560 1446 598 quatuor
1459 555 1570 588 missas
1583 554 1707 587 ratione
1720 554 1918 598 capellaniae
1932 565 1989 598 per

1246 610 1423 651 praelatum
1450 608 1602 642 Ioannem
1632 609 1835 642 fundatorem
1862 607 1895 640 in
1919 608 1988 652 ipso

1246 661 1382 703 collegio
1409 661 1582 701 institutae,
1606 661 1687 694 aliae
1713 666 1776 694 tres
1798 660 1922 701 missae,
1945 661 1989 693 vi-

269 245 317 271 Au.
339 246 367 272 tl.
389 246 452 272 1597
2002 241 2052 268 An.
2073 240 2100 268 C.
2119 241 2185 271 1597,

2082 460 2145 481 Missa
2164 462 2184 483 in

2003 487 2077 507 cudent
2096 487 2184 509 ecclesii

2003 513 2091 537 siu-„rutis
2111 513 2184 536 diebu·

2003 540 2138 560 celebranda.

288 715 291 719 ,
375 716 376 719 ,
390 712 395 717 t
409 708 451 719 ..ι.,«

268 732 314 747 inat·
343 733 354 746 a
379 728 453 752 put-llis

269 754 347 779 pot-suli
355 755 414 773 cndu.

275 680 304 693 .,,,
360 656 396 694 χ’.
413 657 452 694 ..ssi

270 700 334 720 ΜΝ
440 708 441 711 “
469 723 637 761 postquam
659 717 827 750 aedificata
855 718 957 755 t'orct,
983 716 1207 753 trasscrretur,

468 771 553 804 idem
574 771 710 804 Didacus
731 771 900 814 episcopus
921 770 992 814 piae
1013 769 1081 802 eius
1101 769 1212 801 volun-

469 824 523 856 tati
550 824 732 863 inhaerens,
757 823 918 857 ordinavit
938 823 1024 866 quod
1045 821 1152 854 statim
1176 832 1213 854 ac

468 877 602 910 ccclesia
628 877 672 910 sic
702 877 919 913 aedificanda,
943 876 982 908 ad
1007 875 1068 907 hoc
1098 875 1213 907 idonea

468 930 652 968 videretur,
680 930 792 963 eadem
825 929 972 961 voluntas
1007 927 1212 971 exequutioni

469 983 741 1022 demandaretur;
767 983 796 1015 in
817 983 976 1015 tumulum
997 992 1073 1014 vero
1100 991 1136 1013 ac
1162 991 1212 1014 se-

469 1036 631 1078 pulturam
645 1035 800 1079 praedicti
814 1035 941 1068 loannis
959 1034 1138 1068 fundatoris
1149 1034 1213 1078 pri-

469 1099 557 1120 mum
578 1089 730 1121 sacellum
752 1088 905 1121 ecclesiae
922 1088 1001 1121 nulli
1020 1087 1112 1120 alteri
1124 1087 1213 1120 dein-

468 1152 542 1184 ceps
562 1142 805 1174 conccdendum
832 1141 990 1174 concessit.
1014 1147 1044 1174 et
1072 1141 1213 1183 assigna-

467 1194 526 1234 vit,
556 1194 664 1227 volens
695 1200 729 1227 ut
760 1195 791 1227 in
821 1204 859 1228 eo
888 1194 972 1228 illius
1003 1195 1134 1227 bustum
1166 1194 1214 1227 lu-

468 1252 616 1280 ctuosum
638 1247 826 1287 collocetur,
855 1247 943 1290 quod
961 1247 1124 1280 mandavit
1137 1257 1214 1290 ope-

468 1300 525 1332 riri
545 1300 710 1333 ferialibus
730 1300 823 1342 nigro
840 1311 948 1344 panno
968 1300 1103 1343 vulgari,
1128 1301 1213 1333 festi-

467 1353 513 1385 vis
533 1363 609 1386 vero
624 1359 655 1386 et
667 1353 866 1386 solemnibus
887 1353 1000 1386 diebus
1013 1353 1076 1386 alio
1089 1364 1209 1397 panno,

467 1405 563 1438 etiam
576 1406 681 1447 nigro,
695 1407 751 1439 sed
768 1406 901 1447 sericeo,
913 1416 950 1438 ex
963 1406 1143 1439 redditibus
1156 1407 1213 1439 bo-

466 1469 582 1491 norum
605 1459 732 1501 collegii
760 1459 946 1493 huiusmodi
967 1460 1128 1500 emendo,
1158 1470 1212 1493 cu-

466 1512 515 1544 ius
535 1511 666 1555 quidem
688 1512 815 1554 collegii
835 1512 975 1554 virgines
999 1518 1063 1545 tam
1089 1513 1211 1545 adscri-

465 1571 550 1609 ptae,
574 1577 671 1610 quam
699 1566 900 1599 educationis
921 1577 1017 1600 causa
1036 1566 1069 1599 in
1092 1577 1130 1599 eo
1158 1567 1212 1600 de-

466 1625 588 1661 gentes,
606 1619 736 1652 missam
750 1620 927 1653 solemnem
942 1619 1069 1662 singulo
1083 1631 1212 1664 quoque

465 1682 550 1705 anno
570 1683 629 1715 pro
650 1673 752 1705 salute
773 1672 899 1705 animae
916 1673 1044 1706 loannis
1062 1673 1212 1706 fundato-

466 1725 509 1758 ris
540 1725 726 1758 huiusmodi
751 1725 907 1758 celebrari
927 1725 1061 1766 sacient,
1091 1726 1212 1759 eidem-

466 1789 528 1821 que
548 1778 676 1818 missae,
700 1783 796 1821 prout
817 1779 950 1812 edoctae
970 1779 1097 1819 suerint,
1118 1779 1213 1812 mini-

465 1832 622 1871 strabunt,
640 1837 670 1864 et
691 1842 762 1864 eam
783 1832 915 1875 quidem
934 1833 1019 1865 ultra
1031 1843 1102 1865 eam
1114 1843 1212 1876 quam

466 1884 623 1917 moniales
643 1885 807 1917 celebrare
826 1885 1023 1918 tenebuntur
1043 1886 1143 1918 altera
1161 1885 1212 1918 die

465 1943 538 1981 post
558 1938 902 1971 commemorationem
914 1939 1150 1971 defunctorum.
1165 1940 1212 1972 Ad

466 1989 522 2022 has
549 2000 647 2033 porro
669 1990 782 2023 missas
809 1991 1019 2024 celebrandas
1040 1990 1211 2032 collegium

465 2043 648 2086 praefatum
668 2043 889 2086 suppeditabit
918 2054 972 2076 sex
1001 2054 1131 2082 cereos,
1155 2055 1212 2077 seu

466 2097 561 2137 faces,
573 2107 670 2140 super
691 2088 774 2130 dicta
788 2097 954 2140 sepultura
967 2098 1208 2137 accendendos;

465 2160 575 2183 rursus
603 2150 681 2183 istae
699 2149 837 2192 virgines
857 2150 984 2183 adstare
1004 2151 1141 2184 debeant
1160 2162 1210 2184 su-

465 2203 619 2246 pradictis
633 2209 773 2246 quatuor
786 2203 891 2237 missis
908 2204 1117 2244 solemnibus,
1134 2215 1211 2248 qua·

465 2266 538 2302 rum
572 2256 800 2290 celebrationis
821 2267 899 2290 eura
918 2257 1114 2290 monialibus
1134 2263 1213 2301 quot

466 2309 559 2342 annis
589 2309 766 2350 incumbit,
796 2321 832 2343 ae
861 2310 992 2343 interim
1020 2311 1121 2343 Deum
1152 2321 1212 2354 pro

466 2362 568 2395 salute
589 2362 716 2395 animae
735 2362 866 2395 Ioannis
892 2363 1072 2396 fundatoris
1102 2364 1213 2396 huius-

467 2415 555 2447 modi
588 2415 867 2458 deprecabuntur;
900 2416 984 2449 ultra
1017 2417 1105 2459 quod
1134 2427 1213 2449 una-

467 2477 614 2510 quaeque
635 2478 672 2500 ex
693 2468 813 2501 eisdem
830 2468 1008 2511 virginibus
1028 2469 1134 2502 eidem
1148 2470 1213 2502 col-

466 2519 550 2561 legio
570 2520 738 2564 adscriptis
751 2521 885 2563 singulis
904 2521 1126 2562 hebdomadis,
1151 2522 1213 2555 sal-

468 2577 531 2603 tem
551 2574 661 2613 semel,
678 2584 831 2607 eoronam
854 2574 1093 2608 Sacratissimae
1109 2575 1212 2617 Virgi-

467 2623 516 2656 nis
529 2625 656 2665 Mariae,
679 2626 801 2660 scilicet
819 2627 997 2669 sexagesies
1014 2633 1044 2661 et
1064 2633 1112 2661 ter
1133 2627 1212 2661 Ora-

1247 714 1363 746 delicet
1383 714 1464 747 duae
1491 725 1549 758 pro
1576 715 1677 748 salute
1708 713 1834 747 animae
1863 714 1991 747 loannis

1248 766 1425 800 fundatoris
1456 767 1662 808 huiusmodi,
1695 767 1788 801 tertia
1819 767 1990 800 dominicis

1247 819 1360 853 diebus
1380 830 1440 864 pro
1464 825 1532 853 toto
1552 826 1711 854 conventu
1732 826 1763 854 et
1783 820 1919 862 collegio
1940 831 1991 854 ce-

1248 873 1436 914 lebrabitur,
1448 884 1484 906 ac
1496 873 1612 906 intuitu
1625 873 1850 918 celebrationis
1862 884 1991 906 earum-

1248 926 1321 959 dem
1344 926 1440 959 trium
1468 926 1658 967 missarum,
1682 932 1769 960 certa
1789 927 1993 971 eleemosyna

1247 990 1282 1012 ex
1301 979 1394 1012 bonis
1415 979 1514 1023 ipsius
1533 979 1678 1021 collegii,
1703 980 1743 1012 ad
1763 979 1933 1012 arbitrium
1955 975 1992 1011 il-

1248 1033 1309 1066 lius
1329 1033 1468 1076 patroni,
1492 1032 1650 1066 sacerdoti
1670 1043 1726 1065 seu
1746 1032 1967 1066 sacerdotibus
1981 1060 1989 1073 ,

1248 1086 1303 1130 qui
1334 1096 1387 1119 eas
1418 1086 1650 1119 celebraverint
1676 1091 1707 1118 et
1734 1085 1855 1119 ibidem
1884 1096 1991 1119 sacra-

1248 1145 1356 1172 menta
1383 1139 1598 1173 ecclesiastica
1624 1139 1897 1180 ministraverint,
1921 1150 1993 1173 ero-

1248 1193 1387 1235 gabitur.

1293 1248 1310 1288 g
1330 1246 1361 1279 2.
1385 1246 1488 1285 Quare
1513 1256 1571 1290 pro
1600 1251 1691 1289 parte
1720 1245 1829 1279 Didaci
1849 1245 1991 1290 episcopi

1248 1300 1339 1333 nobis
1367 1299 1426 1332 fuit
1449 1299 1616 1332 humiliter
1640 1299 1856 1342 supplicatum
1881 1305 1992 1343 quate-

1248 1363 1307 1386 nus
1327 1353 1463 1393 statutis,
1496 1352 1794 1393 constitutionibus,
1818 1352 1988 1396 capitulis,

1247 1405 1505 1439 ordinationibus
1525 1411 1557 1439 et
1576 1405 1724 1445 decretis,
1745 1405 1880 1449 aliisque
1900 1416 1993 1449 prae-

1247 1459 1350 1492 missis
1380 1459 1481 1492 robur
1511 1459 1708 1502 apostolicae
1736 1458 1993 1492 confirmationis

1247 1511 1400 1551 adiicere,
1423 1522 1460 1545 ac
1480 1511 1567 1544 iuxta
1595 1512 1726 1544 illorum
1756 1511 1994 1555 praescriptum

1247 1565 1419 1608 collegium
1437 1570 1468 1598 et
1485 1565 1718 1598 monasterium
1731 1564 1920 1598 monialium
1934 1565 1994 1598 hu-

1247 1619 1388 1652 iusmodi
1409 1618 1533 1660 erigere
1555 1624 1585 1651 et
1605 1618 1784 1659 instituere,
1804 1618 1948 1662 aliasque
1960 1618 1994 1652 in

1246 1673 1430 1717 praemissis
1450 1678 1633 1717 opportune
1652 1673 1824 1716 providere
1844 1673 1884 1706 de
1902 1673 1994 1707 beni-

1247 1726 1366 1769 gnitate
1388 1726 1565 1769 apostolica
1585 1726 1805 1769 dignaremur.

1292 1781 1307 1821 ξ
1328 1778 1359 1812 3.
1383 1779 1446 1812 Nos
1471 1778 1591 1821 igitur,
1616 1779 1671 1822 qui
1700 1779 1891 1822 religionem
1921 1779 1992 1812 ubi-

1247 1843 1321 1876 que,
1338 1843 1375 1865 ac
1394 1832 1595 1874 singulorum
1617 1831 1876 1865 christifidelium
1897 1833 1993 1866 devo-

1247 1886 1380 1926 tionem,
1390 1884 1518 1928 pietatis
1527 1895 1657 1928 quoque
1670 1890 1701 1917 et
1713 1885 1868 1918 virtutum
1879 1895 1990 1929 opera,

1247 1938 1365 1971 nostris
1394 1937 1599 1981 potissimum
1629 1938 1851 1981 temporibus,
1874 1949 1994 1982 propa-

1246 1991 1314 2033 gari
1335 1990 1468 2023 sinceris
1489 1996 1677 2034 exoptamus
1694 1990 1873 2034 affectibus,
1897 2002 1990 2025 eum-

1247 2044 1320 2076 dem
1341 2043 1497 2077 Didaeum
1515 2043 1703 2087 episcopum
1721 2054 1740 2077 a
1760 2044 1925 2087 quibusvis
1942 2056 1994 2078 ex-

1247 2097 1549 2130 communicationis
1562 2124 1570 2138 ,
1591 2098 1810 2141 suspensionis
1834 2104 1865 2131 et
1888 2099 1990 2132 inter-

1247 2150 1334 2190 dicti,
1347 2150 1482 2194 aliisque
1494 2150 1718 2184 ecclesiasticis
1731 2151 1908 2192 sententiis,
1919 2162 1993 2185 een-

1246 2202 1329 2237 suris
1349 2208 1380 2236 et
1392 2203 1506 2246 poenis
1519 2214 1537 2236 a
1553 2203 1624 2236 iure
1640 2204 1688 2237 vel
1709 2204 1748 2236 ab
1768 2204 1901 2238 homine
1914 2215 1994 2248 qua-

1246 2256 1292 2289 vis
1319 2256 1489 2289 occasione
1517 2256 1567 2289 vel
1593 2266 1689 2289 causa
1716 2257 1808 2297 latis,
1829 2257 1854 2289 si
1875 2257 1993 2300 quibus

1247 2309 1493 2352 quomodolibet
1512 2309 1686 2343 innodatus
1706 2309 1821 2351 existit,
1850 2310 1890 2343 ad
1910 2310 1990 2343 effe-

1247 2368 1335 2395 ctum
1355 2362 1572 2406 praesentium
1600 2362 1765 2395 dumtaxat
1785 2372 1989 2405 consequen—

1247 2416 1335 2456 dum,
1350 2415 1466 2448 harum
1486 2415 1568 2448 serie
1591 2415 1792 2448 absolventes
1812 2420 1844 2448 et
1864 2415 1993 2448 ahsolu-

1248 2474 1314 2501 tum
1335 2469 1403 2501 sore
1421 2475 1587 2502 censentes
1601 2495 1608 2509 ‚
1631 2479 1691 2501 nec
1714 2479 1780 2501 non
1810 2468 1992 2502 testamenti

1247 2527 1278 2555 et
1302 2522 1527 2555 codicillorum
1547 2532 1605 2565 per
1625 2522 1747 2555 dictum
1766 2521 1921 2557 Ioannem
1946 2527 1992 2554 te-

1247 2580 1400 2608 statorem
1414 2580 1542 2608 tenores
1563 2575 1659 2608 etiam
1677 2575 1818 2612 veriores
1838 2580 1869 2608 et
1888 2576 1987 2616 datas,

1246 2637 1305 2660 nec
1334 2638 1400 2660 non
1426 2628 1587 2661 bonorum
1614 2638 1673 2671 per
1704 2638 1779 2661 eum
1803 2627 1989 2661 relictorum

2048 1253 2188 1275 'rtascatenn'u

2006 1282 2119 1312 episcopus
2125 1285 2189 1310 *prae-

2005 1308 2063 1328 «licta
2075 1312 2145 1328 omma
2154 1311 2189 1336 pe-

2006 1335 2031 1355 tit
2045 1333 2170 1355 consu-mart.

2026 1783 2139 1805 Confirmat
2145 1783 2189 1804 Gle-

2005 1816 2071 1832 mens.
