2253 3195
39 210 87 236 An.
105 208 134 236 C.
153 207 221 234 ¹594

73 1273 227 1295 Contrariorum

44 1300 162 1326 derogatio.

822 236 825 238 Ι
859 203 1005 227 CLEMENS
1025 202 1083 226 VIII
1103 203 1154 226 PP.

235 255 450 292 decretorum,
474 258 667 286 statutorum
688 258 718 285 et
737 252 978 285 ordinationum

234 309 473 352 praedictorum
496 319 552 352 per
575 314 602 341 te
624 308 656 341 in
676 307 861 340 huiusmodi
875 306 980 339 visita-

236 362 323 395 tione
342 362 499 394 sactorum
523 361 666 394 censuris
687 366 717 393 et,
737 360 849 404 poenis
878 360 980 391 ccc-le-
1017 357 1228 399 Confirmatio
1248 356 1418 388 erectionis
1446 354 1578 397 eolleqiz'

235 414 379 452 siasticis,
397 425 433 447 ac
452 414 641 458 privationis
656 413 847 456 dignitatum
868 418 894 445 ct
911 412 981 444 offi-

236 467 360 500 ciorum
374 478 432 510 per
445 478 499 500 cos
513 467 731 502 obtentorum,
744 465 894 508 vocisque
906 464 983 497 acti-

236 531 292 553 vae
310 526 341 553 et
354 520 509 564 passivae,
527 520 662 563 aliisque
684 519 817 551 arbitrio
840 524 895 551 tuo
907 528 983 561 poc—

237 573 296 613 nis,
331 574 427 606 etiam
457 573 584 616 saepius
615 571 837 613 aggravandis,
867 581 983 612 cogere

237 632 268 659 et
279 627 485 670 compellere,
503 632 532 659 et
551 626 691 658 adhunc
705 625 854 658 effectum
869 624 982 656 eadem

238 679 444 719 monasteria,
462 684 648 715 conventus,
664 679 778 711 domos
792 682 823 710 et
841 677 913 710 lora
928 676 984 709 ite-

237 741 309 763 rum
318 730 456 765 visitare.
470 735 501 762 et
512 739 718 773 quocumque
730 729 827 761 modo
842 728 980 766 decreta,
1000 730 1002 756 l

238 789 355 817 statuta
375 789 405 816 et
426 783 645 816 ordinationes
665 782 847 826 praedictas
875 781 906 813 in
928 781 985 814 ol]-

239 837 432 870 servantiam
454 837 619 877 inducere,
633 836 759 879 aliaque
774 835 805 867 in
826 835 984 878 praemis-

239 891 281 924 sis
301 896 331 924 et
352 891 437 924 circa
452 901 489 923 ea
506 889 684 923 necessaria
702 900 757 922 seu
778 888 984 932 quomodoli-

239 944 294 977 bet
313 949 496 988 opportuna
516 943 631 983 facere,
646 942 810 982 ordinare,
830 942 985 974 mandare

240 1003 272 1031 et
291 997 405 1041 exequi
426 997 528 1030 libere
549 1002 580 1029 et
599 996 697 1036 licite,
715 996 906 1028 auctoritate
927 1005 985 1027 no-

240 1057 306 1084 stra
326 1051 516 1095 apostolica,
540 1050 642 1094 possis
672 1055 703 1082 et
731 1050 848 1089 valeas,
874 1049 986 1082 eadem

241 1104 442 1142 auctoritate,
462 1105 591 1148 plenam
606 1103 784 1136 etliberam
805 1103 988 1136 facultatem

242 1157 449 1191 concedimus
468 1163 498 1190 et
515 1156 730 1200 impartimur.

288 1213 304 1254 ἕ
326 1210 357 1244 2.
380 1211 451 1244 Non
471 1210 674 1244 obstantibus
706 1209 990 1243 constitutionibus

243 1271 275 1298 et
292 1264 552 1298 ordinationibus
565 1263 760 1308 apostolicis,
775 1274 811 1296 ac
830 1263 990 1296 dictorum

244 1318 529 1357 monasteriorum,
547 1323 763 1351 conventuum
778 1323 808 1349 et
829 1317 988 1356 locorum,

244 1372 440 1416 illorumque
461 1371 614 1405 ordinum
634 1381 930 1414 quorumcumque,
962 1381 993 1402 e-

244 1426 321 1459 tiam
341 1426 535 1465 iuramento,
551 1424 801 1458 confirmatione
817 1423 994 1467 apostolica

243 1479 293 1512 vel
313 1478 424 1522 quavis
444 1478 596 1511 firmitate
617 1477 678 1510 alia
698 1477 870 1515 roboratis,
888 1482 990 1510 statu-

246 1532 285 1566 tis
299 1538 330 1565 et
342 1532 640 1572 consuetudinibus,
656 1531 831 1574 privilegiis
850 1525 991 1575 quoque,

246 1585 389 1626 indultis,
406 1585 664 1629 exemptionibus
682 1590 713 1617 et
732 1584 846 1617 litteris
867 1590 995 1628 aposto-

246 1638 315 1671 licis
343 1639 376 1671 in
408 1638 606 1672 contrarium
628 1638 880 1682 praemissorum
913 1649 994 1682 quo-

247 1693 488 1735 modocumque
509 1697 540 1725 et
567 1692 626 1724 sub
647 1691 906 1735 quibuscumque
926 1702 995 1724 ver-

247 1746 365 1780 borum
376 1746 488 1779 formis
499 1751 531 1778 et
544 1745 710 1778 tenoribus
731 1745 901 1786 concessis,
919 1756 995 1778 con—

247 1799 395 1840 firmatis,
419 1799 606 1843 approbatis
626 1804 657 1832 et
676 1798 846 1831 innovatis.
874 1799 995 1838 Quibus

248 1854 399 1888 omnibus
420 1860 451 1887 et
471 1854 616 1897 singulis,
637 1853 762 1887 etiamsi
783 1865 842 1898 pro
863 1854 993 1887 illorum

249 1908 420 1942 sufficienti
441 1908 653 1951 derogatione
673 1909 712 1941 de
737 1908 798 1941 illis
816 1919 995 1952 eorumque

250 1962 326 1996 totis
357 1963 525 1996 tenoribus
555 1962 713 2006 specialis,
747 1962 908 2006 specifica,
942 1974 995 1996 ex—

249 2026 361 2059 pressa
381 2021 412 2048 et
439 2016 605 2049 individua
624 2015 746 2048 mentio
777 2016 925 2048 habenda
949 2027 996 2049 es-

252 2074 309 2111 set,
327 2074 455 2102 tenores
475 2069 673 2109 huiusmodi,
689 2079 725 2102 ac
745 2068 770 2102 si
789 2070 828 2102 de
845 2070 942 2102 verbo
957 2070 996 2102 ad

252 2122 399 2162 verbum,
422 2122 503 2155 nihil
524 2122 651 2166 penitus
669 2122 799 2161 omisso,
820 2122 931 2155 inserti
952 2123 998 2155 fo-

252 2180 335 2214 rent,
350 2175 573 2219 praesentibus
586 2185 645 2219 pro
662 2175 859 2208 sufficienter
872 2186 999 2219 expres—

253 2227 295 2261 sis
314 2228 482 2269 habentes‚
496 2229 557 2261 hac
569 2228 637 2261 vice
650 2229 825 2268 dumtaxat,
843 2233 874 2261 et
893 2228 934 2260 ad
955 2228 998 2261 ef-

252 2281 369 2314 fectum
381 2281 611 2325 praesentium,
624 2281 806 2325 specialiter
815 2286 999 2324 etexpresse

254 2345 291 2368 ac
310 2335 464 2368 latissime
480 2335 685 2378 derogamus,
703 2334 903 2378 caeterisque
924 2345 1000 2367 con-

256 2388 361 2421 trariis
381 2389 651 2432 quibuscumque.

299 2442 413 2476 Datum
434 2443 555 2476 Romae
575 2442 661 2486 apud
678 2442 828 2475 Sanctum
844 2442 996 2483 Marcum,
1017 2480 1018 2486 ἵ

257 2495 315 2528 sub
327 2496 446 2528 annulo
456 2495 638 2537 piscatoris,
654 2496 705 2529 die
714 2506 775 2529 xxx
785 2495 853 2528 iulii
866 2505 997 2536 Mnxclv,
1018 2501 1019 2532 }

257 2547 463 2592 pontificatus
483 2549 582 2583 nostri
603 2559 688 2582 anno
706 2559 753 2583 111.

294 2611 353 2639 nat.
369 2597 413 2639 ᾱιὲ
424 2611 458 2639 30
471 2611 530 2640 tuin
541 2612 618 2648 1594,
641 2613 737 2649 ponus.
750 2621 793 2640 an.
807 2618 844 2639 ιιι.

1666 188 1723 221 151
1783 198 1831 224 An.
1851 197 1877 224 C.
1901 198 1968 225 1504

1336 249 1435 283 XCIII.

1597 353 1687 387 Soce'e
1693 358 1722 386 la
1730 354 1771 386 tis

1063 419 1134 450 lesu
1156 418 1426 457 Comutaviensis,
1450 416 1629 459 Praslensis
1649 415 1770 448 dioece'

1060 482 1115 517 sis,
1141 481 1175 512 in.
1197 491 1261 523 quo
1282 480 1424 523 eripitur
1445 478 1648 511 Uniwrsitas
1667 477 1772 510 studii
1804 471 1808 474 ’

1060 542 1235 585 yeneralis,
1260 553 1333 574 cnm
1353 542 1552 574 concessione.
1579 540 1769 584 privileqio-

1064 616 1145 638 rum
1167 605 1184 638 ¹.

1037 704 1172 731 Clemens
1192 703 1364 738 episcopus,
1386 709 1493 730 servus
1519 708 1674 729 servorum
1690 701 1752 731 Dei,

1145 760 1180 785 ad
1201 761 1380 791 perpetuam
1400 757 1446 784 rei
1461 756 1642 783 memoriam.

1063 839 1097 871 ln
1129 848 1220 870 sacra
1241 837 1388 870 coelestis
1416 836 1565 878 clavigeri
1586 837 1677 873 sede,
1703 846 1770 868 me-
1812 845 1926 866 Exordium
1945 845 1972 865 ab

1020 891 1088 923 ritis
1108 891 1180 924 licet
1203 891 1392 934 imparibus,
1416 890 1460 922 Eo
1489 889 1690 932 disponente,
1715 894 1769 931 qui
1785 872 1973 919 {illlssffifhissuslss

1020 944 1174 976 virtutum
1190 949 1220 976 et
1233 943 1440 975 scientiarum
1452 941 1608 975 Dominus
1620 946 1676 981 est,
1694 951 1770 973 con-
1786 928 1857 951 ‘'¹⁸¹¹''

1021 997 1134 1036 stituti‚
1156 1004 1186 1029 et
1200 997 1283 1029 intra
1297 996 1413 1028 mentis
1433 1000 1562 1028 nostrae
1584 1004 1701 1026 arcana
1722 1004 1771 1025 re-

1022 1052 1195 1091 volventes,
1219 1056 1375 1094 quantum
1397 1061 1432 1082 ex
1454 1049 1637 1082 litterarum
1659 1047 1772 1081 studiis

1025 1104 1190 1137 militantis
1217 1104 1371 1137 ecclesiae
1391 1102 1584 1146 respublica,
1602 1101 1773 1134 tenebrosa

1025 1158 1225 1202 ignorantiae
1247 1157 1384 1199 caligine
1415 1167 1451 1189 ac
1482 1156 1653 1188 haeresum
1684 1161 1773 1198 peste.

1026 1212 1167 1256 expulsa,
1189 1217 1358 1253 augeatur,
1383 1209 1481 1243 divini
1503 1208 1645 1241 numinis
1670 1208 1773 1240 cultus

1025 1265 1250 1309 protendatur,
1282 1264 1399 1297 veritas
1420 1267 1626 1304 agnoscatur,
1656 1260 1773 1293 iustitia

1027 1320 1162 1359 colatur,
1185 1318 1330 1361 reliquae
1350 1316 1483 1349 virtutes
1503 1315 1714 1354 illustrentur,
1739 1324 1774 1346 ac

1027 1373 1067 1405 ad
1094 1373 1177 1405 bene
1199 1372 1358 1414 beateque
1377 1369 1550 1402 vivendum
1570 1367 1620 1400 via
1640 1377 1775 1411 praepa-

1028 1431 1133 1466 retur3
1151 1426 1191 1458 ad
1208 1435 1256 1465 ea,
1272 1434 1415 1468 perquac
1433 1421 1539 1456 studia
1559 1421 1627 1464 ipsa
1640 1421 1772 1453 ubilibet

1029 1480 1220 1517 excitentur,
1235 1490 1271 1511 ac
1291 1477 1454 1510 studiosae
1467 1485 1625 1520 personae
1643 1475 1682 1507 ad
1702 1475 1776 1507 bra-

1029 1534 1114 1567 vium
1127 1533 1324 1566 etexcelsum
1338 1531 1504 1565 doctrinae
1519 1529 1680 1572 fastigium
1693 1529 1776 1572 aspi-

1029 1593 1136 1620 rantes
1150 1592 1353 1630 opportunae
1367 1583 1588 1617 subventionis
1601 1582 1776 1625 suscipiant

1029 1640 1195 1680 auxilium,
1219 1639 1359 1672 libenter
1379 1637 1589 1677 intendimus,
1613 1641 1643 1668 et
1665 1635 1696 1668 in
1728 1635 1777 1668 his

1030 1699 1157 1727 nostrae
1178 1691 1404 1726 sollicitudinis
1422 1696 1529 1735 partes
1541 1688 1774 1729 convertimus3

1030 1753 1058 1781 et
1089 1752 1384 1791 propterea-quae
1405 1744 1445 1776 ad
1470 1744 1555 1775 bunc
1589 1742 1738 1775 effectum
1760 1752 1777 1774 a

1029 1801 1089 1845 piis
1110 1799 1266 1844 personis,
1289 1798 1459 1832 nobilitate
1477 1796 1604 1839 generis
1626 1796 1777 1838 fulgenti-

1029 1855 1089 1887 bus
1102 1853 1245 1898 provide,
1263 1858 1350 1895 gesta
1363 1851 1458 1884 fuisse
1470 1850 1633 1890 dicuntur,
1648 1854 1778 1882 nostrae

1030 1906 1287 1941 confirmationis
1304 1904 1467 1949 pracsidio
1482 1904 1686 1943 roboramus,
1701 1903 1778 1936 alia-

1031 1974 1092 2007 que
1114 1967 1145 1995 et
1166 1961 1244 1994 alias
1264 1959 1472 1994 concedimus
1500 1964 1529 1991 et
1563 1957 1775 2001 disponimus,

1031 2020 1128 2059 prout
1149 2014 1338 2048 earumdem
1357 2022 1569 2056 personarum
1590 2015 1663 2043 vota
1684 2021 1780 2054 expo-

1031 2073 1135 2109 scunt,
1149 2077 1287 2107 necnon,
1302 2067 1450 2099 locorum
1465 2071 1495 2097 et
1507 2070 1690 2108 temporum
1702 2074 1780 2107 qua-

1033 2122 1121 2155 litate
1135 2125 1278 2165 pensata,
1295 2120 1327 2152 in
1341 2119 1477 2152 Domino
1498 2117 1714 2161 conspicimus
1731 2127 1780 2150 sa-

1033 2174 1169 2208 lubriter
1189 2173 1352 2218 expedire.

1079 2230 1095 2270 g
1121 2227 1146 2259 1.
1179 2226 1328 2260 Exhibita
1358 2225 1520 2268 siquidem
1551 2223 1644 2257 nobis
1676 2234 1780 2267 nuper
1794 2227 1980 2275 hffliozniffiffiffl

1034 2292 1093 2326 pro
1128 2286 1219 2324 parte
1251 2279 1443 2312 dilectorum
1478 2278 1619 2311 filiorum
1656 2277 1779 2310 Claudii
1795 2270 1981 2328 ggssgagfflggfbffi

1034 2334 1226 2378 Aquavivae,
1242 2331 1417 2377 praepositi
1432 2331 1591 2374 generalis
1611 2330 1780 2364 Societatis
1796 2323 1844 2354 ΠΜ
1855 2324 1981 2355 suthmer-

1034 2389 1116 2427 Iesu,
1151 2397 1211 2419 nec
1242 2396 1307 2418 non
1337 2384 1472 2417 rectoris
1499 2389 1531 2416 et
1563 2383 1779 2426 collegialium

1035 2440 1163 2483 collegii
1184 2440 1328 2473 eiusdem
1349 2437 1517 2471 Societatis
1538 2437 1571 2470 in
1597 2436 1717 2481 oppido
1738 2437 1782 2469 ci-

1037 2494 1132 2527 vitate
1154 2499 1340 2537 nuncupato
1353 2490 1598 2530 Comutaviensi,
1614 2491 1783 2533 Pragensis

1036 2558 1092 2581 seu
1113 2547 1245 2580 alterius
1266 2544 1433 2585 dioecesis,
1457 2544 1555 2578 erecti
1580 2549 1612 2577 et
1631 2544 1779 2585 instituti,

1073 2612 1084 2638 1
1108 2610 1145 2638 Ex
1166 2610 1273 2646 Regest.
1295 2608 1322 2636 in
1346 2608 1447 2636 Secret.
1469 2607 1602 2636 Brevium.
