2253 3195
865 283 959 305 txnnx
980 282 1084 305 nnnt‘u
1636 267 1693 300 901

292 345 492 385 instituatur,
514 343 577 377 542
608 355 637 376 α.
666 344 752 387 Papa
783 343 954 385 collegium
977 342 1145 375 duodecim
1173 341 1444 374 Theutonicorum
1478 339 1582 382 erigit,
1605 339 1683 372 ibid.
1713 340 1743 378 b,-

293 399 425 442 eiusque
444 398 587 440 regimen
609 397 755 430 Patribus
781 396 948 430 Societatis
973 397 1041 429 lesu
1063 395 1243 435 concredit,
1267 394 1331 427 5143
1360 405 1388 426 a.
1413 393 1545 427 Reditus
1571 399 1600 426 et
1618 392 1745 436 privile-

293 451 354 494 gia,
376 451 454 484 ibid.
482 451 509 483 b.

203 505 379 547 Collegium
414 504 625 546 Anglicanum
660 503 843 546 llispalense
877 508 1017 535 erectum
1055 502 1221 534 coufirmat
1248 501 1392 534 Clemens
1419 500 1496 536 Vltt,
1525 498 1588 532 '139
1612 509 1642 531 a.
1681 497 1745 531 Sub

293 558 383 591 Sedis
408 556 608 601 Apostolicae
634 556 833 600 protectione
859 555 1000 599 sust-ipit,
1029 554 1265 598 directionique
1291 555 1347 587 Pr.
1367 554 1437 587 Soc
1466 554 1535 586 lesu
1562 550 1743 590 committit,

294 611 372 644 ibid.
392 611 419 644 b.
436 610 549 644 Omnia
575 610 705 653 insuper
731 615 793 642 tam
820 620 877 652 pro
903 609 1061 652 spirituali
1087 619 1182 651 quam
1211 607 1365 639 materiali
1387 605 1516 648 Collegii
1543 604 1747 638 administra-

296 664 380 698 tione
405 663 634 703 ordinat‚2'bicl.
664 669 694 696 et.
717 673 780 706 seq.
805 673 905 706 usque
932 662 970 694 ad
990 662 1059 701 242,
1081 661 1231 694 omnibus
1245 660 1416 704 Hispaniae
1441 658 1590 704 praelatis
1615 657 1747 691 huiusce

295 717 533 751 constitutionis
558 716 809 760 exequutoribus
832 715 1015 757 designatis,
1043 714 1106 747 142
1131 726 1161 747 a.

208 771 382 814 Collegium
409 770 576 804 Societatis
600 770 670 803 Iesu
704 770 857 802 fundatur
892 769 922 801 in
959 768 1079 812 oppido
1106 767 1352 807 Comutaviensi‚
1381 765 1548 809 pragensis
1580 764 1746 804 dioecesis,

297 823 484 868 reditusque
510 823 568 867 ipsi
598 823 810 865 assignantur,
840 822 902 854 ‘152
935 823 962 855 b.
1002 821 1170 863 Privilegia
1204 821 1334 864 insuper
1367 825 1398 852 et
1430 818 1628 863 parochialia
1667 817 1746 858 iura,

297 876 361 910 153
385 888 405 909 (ι
429 883 459 910 et
485 877 516 916 b,
541 877 667 920 aliaque
693 877 723 909 id
755 886 855 918 genus
882 882 912 908 et
937 875 993 908 dos
1028 875 1235 908 constituitur
1259 885 1276 906 a
1300 873 1438 915 Georgio
1463 872 1601 916 l'opelii,
1629 871 1750 904 barone

297 931 336 964 de
361 930 524 970 Lobroviz,
554 936 649 974 atque
675 930 783 963 onmia
808 931 847 962 ad
884 940 951 962 rem
978 935 1159 972 opportuna
1184 928 1385 967 ordinantur,
1415 925 1479 958 154
1503 926 1542 958 ad
1567 924 1641 958 158.
1669 925 1750 958 Illud

299 990 329 1018 et
353 983 384 1017 in
411 994 448 1017 eo
473 990 614 1017 erectam
640 983 877 1016 universitatem
905 983 1074 1015 confirmat
1099 982 1242 1015 Clemens
1268 991 1339 1013 eum
1373 979 1523 1013 omnibus
1547 978 1651 1019 bonis,
1679 977 1747 1022 pri-

297 1037 430 1080 vilegiis,
458 1037 583 1070 statutis
608 1048 625 1070 a
646 1037 814 1070 fundatore
840 1036 932 1069 editis
957 1041 988 1069 et
1012 1035 1186 1075 concessis,
1214 1034 1277 1068 159
1302 1046 1322 1067 α
1347 1039 1377 1066 et
1402 1034 1429 1066 b.
1466 1032 1640 1066 Confirmat
1665 1042 1748 1074 quo-

298 1101 360 1135 que
385 1091 633 1134 applicationem
660 1090 767 1123 sacelli
793 1090 885 1128 arcis,
903 1100 996 1122 usum
1018 1089 1170 1122 ecclesiae
1188 1087 1381 1132 parochialis
1400 1092 1431 1119 et
1455 1086 1502 1119 ius
1526 1084 1751 1130 praesentandi

299 1145 338 1178 ad
364 1144 514 1177 ecclesias
539 1144 570 1176 in
596 1143 772 1176 ditionibus
797 1143 974 1176 fundatoris
999 1142 1199 1182 constitutas,
1214 1141 1291 1173 ibid.
1310 1140 1552 1173 Universitatem
1572 1138 1751 1172 studiorum

300 1196 377 1230 inibi
403 1196 507 1239 erigit,
536 1196 586 1229 cui
611 1203 812 1229 caeterarum
838 1196 1081 1229 universitatum
1107 1194 1274 1238 privilegia
1299 1193 1462 1232 concedit,
1491 1191 1553 1224 160
1577 1203 1607 1224 α.
1635 1191 1750 1224 Facul-

301 1255 380 1283 tates
404 1250 592 1293 favoresque
627 1250 733 1289 addit,
762 1249 839 1282 ibid.
867 1249 903 1289 b,·
940 1249 1089 1292 bonaque
1122 1247 1230 1280 omnia
1262 1253 1329 1280 rata
1365 1247 1470 1286 habet,
1504 1245 1557 1277 161
1588 1246 1624 1285 b,·
1661 1244 1754 1278 salvis

299 1303 435 1336 servitiis
461 1303 576 1336 debitis
601 1303 754 1336 ecclesiae
778 1301 1023 1341 Comutaviensi,
1053 1300 1115 1333 163
1139 1312 1169 1333 α.

212 1356 387 1399 Collegium
409 1357 605 1390 Duacenum.
630 1356 746 1389 Paulus
766 1356 802 1389 IV
821 1355 1005 1399 Apostolico
1026 1354 1143 1387 nuncio
1158 1353 1202 1386 rin
1230 1353 1337 1396 regnis
1358 1352 1583 1396 Hispaniarum
1614 1351 1701 1384 dedit
1723 1351 1754 1383 in

302 1410 461 1443 mandatis
492 1409 632 1453 aliquam
661 1409 849 1453 pensionem
869 1408 1009 1450 Collegio
1030 1407 1184 1441 Duacensi
1207 1406 1391 1451 applicare,
1416 1405 1473 1438 611
1501 1406 1528 1438 b.
1550 1405 1594 1438 Re
1621 1404 1752 1444 insecta,

301 1463 467 1507 Philippus
487 1464 512 1497 ΙΙ
531 1463 610 1507 petit
626 1463 814 1507 pensionem
837 1462 1086 1506 quingentorum
1107 1461 1304 1494 florenorum
1327 1459 1430 1492 eidem
1452 1458 1588 1501 collegio
1602 1457 1756 1491 reservari

303 1527 399 1560 super
429 1516 584 1550 fructibus
615 1516 800 1549 monasterii
826 1516 855 1549 S.
884 1515 1032 1555 Vedasti,
1056 1514 1120 1547 612
1140 1525 1170 1547 α.
1195 1514 1317 1547 Abbate
1343 1512 1583 1552 consentiente,
1614 1512 1758 1545 Clemens

304 1569 421 1603 dietam
455 1570 642 1613 pensionem
665 1574 815 1607 reservat,
840 1569 919 1602 ibid.
936 1581 948 1609 ‚·
982 1568 1114 1601 liberam
1137 1567 1176 1600 ab
1197 1567 1283 1600 omni
1305 1572 1335 1599 et
1355 1575 1559 1610 quacumque
1580 1564 1704 1598 decima
1727 1569 1758 1597 et

304 1623 366 1656 alia
383 1623 601 1667 impositione,
625 1624 701 1657 ibid.
731 1624 756 1656 b.
782 1623 876 1656 Valor
893 1622 1057 1666 pensionis
1078 1627 1107 1655 et
1129 1627 1254 1664 tempus
1275 1631 1344 1654 eam
1378 1619 1521 1653 solvendi
1551 1618 1752 1663 praefinitur,

305 1675 370 1710 613
389 1688 419 1710 α.
449 1678 575 1710 Poenae
597 1677 627 1710 in
649 1678 779 1710 abbates
801 1677 948 1710 eamdem
974 1686 1037 1708 non
1056 1676 1224 1714 solventes,
1249 1674 1328 1706 ibid.
1351 1674 1377 1706 b.

216 1729 391 1772 Collegium
412 1730 539 1764 Ordinis
558 1731 706 1764 Fratrum
728 1730 990 1764 Praedicatorum
1003 1728 1137 1762 civitatis
1153 1728 1348 1770 Angelorum
1366 1727 1397 1759 in
1415 1726 1512 1760 ludiis
1529 1725 1756 1765 Orientalibus,

306 1783 489 1826 provinciae
509 1784 699 1824 Mexicanae,
727 1785 786 1817 sub
808 1783 1009 1817 invocatione
1032 1783 1062 1816 S.
1086 1781 1249 1821 Ludovici,
1271 1781 1302 1813 in
1324 1780 1486 1824 publicam
1519 1778 1758 1812 universitatem

307 1836 454 1879 erigitur,
474 1837 538 1870 4¹16
559 1849 588 1878 α,
617 1838 711 1882 eique
735 1837 902 1882 privilegia
919 1842 1118 1870 caeterarum
1147 1834 1390 1868 universitatum
1413 1833 1646 1872 conceduntur,
1677 1831 1756 1864 ibid.

307 1890 525 1924 'flascanensis
545 1891 715 1935 episcopus
736 1891 803 1924 eius
824 1896 999 1934 perpetuus
1024 1888 1234 1923 cancellarius
1254 1893 1349 1931 atque
1376 1887 1567 1931 praefectus,
1591 1885 1670 1918 ibid.
1694 1884 1720 1918 b.

221 1942 396 1985 Collegium
418 1954 598 1988 pauperum
616 1945 798 1988 puellarum
817 1950 847 1977 et
868 1943 1101 1976 monasterium
1127 1941 1317 1974 monialium
1345 1940 1377 1972 in
1398 1940 1518 1984 oppido
1544 1938 1677 1972 civitatis
1698 1939 1762 1971 An-

309 1997 467 2037 gelorum,
488 1997 707 2031 Tlascanensis
729 1997 875 2035 civitatis,
900 1997 930 2029 in
951 1996 1049 2030 ludiis
1069 1994 1326 2029 Occidentalibus
1342 2004 1399 2026 suo
1420 2003 1493 2026 aere
1519 1992 1613 2034 erigit
1629 1992 1763 2025 Ioannes

309 2049 463 2089 Baranco‚
490 2049 554 2083 326
574 2051 591 2083 b
612 2056 642 2084 et
660 2061 724 2094 seq.
748 2051 865 2084 Eorum
888 2048 1122 2082 administratio
1144 2053 1172 2081 et
1194 2046 1479 2090 guberni11m,327
1500 2057 1519 2078 α
1541 2050 1571 2078 et
1591 2045 1617 2078 b.
1638 2044 1760 2078 Monia-

311 2102 355 2135 les
375 2103 540 2143 adauctae,
565 2103 691 2147 aliaque
711 2104 750 2136 ab
771 2104 923 2147 episeopo
937 2102 1127 2136 'flascalensi
1143 2102 1182 2134 ad
1204 2112 1270 2133 rem
1290 2100 1448 2139 ordinata,
1469 2098 1532 2132 328
1551 2110 1568 2132 a
1589 2104 1619 2131 et
1640 2099 1677 2137 b,·
1697 2099 1760 2131 Re-

313 2155 406 2197 gulae
425 2167 484 2199 pro
506 2157 654 2199 collegio,
689 2156 752 2189 329
773 2168 792 2189 α
810 2164 841 2190 et
862 2158 889 2191 b.
921 2157 1079 2190 Numerus
1107 2161 1134 2188 et
1158 2155 1215 2187 dos
1235 2153 1410 2197 unicuique
1432 2153 1534 2193 datur,
1556 2151 1619 2185 3:30
1644 2162 1664 2184 α.
1681 2157 1711 2184 et
1732 2151 1759 2183 b.

312 2208 537 2242 Ordinationes
557 2210 597 2243 ad
618 2210 737 2243 bonum
753 2210 896 2254 ipsorum
915 2210 1070 2252 regimen,
1091 2208 1149 2241 3:31
1168 2219 1187 2240 a
1202 2213 1228 2241 et
1245 2207 1271 2239 b.
1295 2207 1399 2240 Onera
1420 2216 1478 2250 pro
1496 2205 1603 2238 anima
1618 2205 1765 2238 fundato-

313 2261 366 2303 ris,
389 2261 453 2295 33⁶2
474 2273 493 2294 a
511 2269 541 2296 et
558 2263 584 2296 b.
609 2262 722 2296 Omnia
741 2263 911 2296 confirmat
932 2263 1086 2302 Pontifex,
1116 2261 1191 2294 ibid.
1223 2262 1239 2293 b
1260 2273 1269 2297 ,·
1300 2259 1538 2302 collegiumque
1551 2264 1581 2291 et
1602 2264 1765 2291 monaste-

314 2316 396 2349 rium
419 2316 523 2359 erigit,
547 2315 611 2350 333
631 2328 660 2349 α.
696 2317 783 2350 Bona
805 2317 922 2349 donata
943 2316 987 2349 eis
1005 2315 1134 2353 asserit,
1166 2313 1333 2358 privilegia
1354 2312 1512 2352 concedit,
1532 2312 1765 2345 Tlascalensem

304 2369 498 2413 *episcopum
520 2375 691 2413 patronum
714 2370 847 2414 deputat
868 2380 939 2403 cum
962 2369 1076 2413 amplis
1097 2367 1310 2407 facultatibus,
1336 2366 1413 2398 ibid.
1428 2377 1438 2402 ,·
1462 2366 1620 2409 pluraque
1640 2364 1702 2397 alia
1727 2364 1766 2398 ad

313 2433 380 2456 rem
402 2423 578 2463 constituit,
602 2422 666 2456 334
686 2434 705 2456 a
725 2428 755 2456 et
772 2424 812 2462 b,·
835 2423 1114 2465 indulgentiasque
1136 2420 1294 2459 coneedit,
1320 2418 1395 2451 ibid.
1418 2424 1448 2451 et
1467 2429 1530 2462 seq.

225 2476 400 2519 Collegium
427 2476 597 2510 Scotorum
619 2476 650 2509 in
670 2477 754 2510 Urbe
776 2476 967 2516 institutum,
991 2475 1055 2508 625
1076 2476 1103 2507 b.
1127 2475 1189 2507 Dos
1209 2474 1236 2506 ei
1256 2472 1426 2515 assignata,
1447 2471 1510 2504 620
1532 2472 1559 2504 b.
1584 2471 1686 2504 Aedes
1704 2471 1769 2504 col-

315 2529 397 2571 legio
433 2530 525 2563 datae
554 2540 680 2563 necnon
712 2529 793 2563 aliae
825 2529 1039 2573 pertinentiae
1066 2531 1320 2565 enumerantur,
1348 2524 1410 2557 027
1441 2536 1471 2558 a.
1502 2524 1676 2567 Collegium
1709 2524 1768 2556 sub

315 2582 515 2626 protectione
535 2583 624 2617 Sedis
645 2583 848 2627 Apostolicae
868 2582 1000 2625 suscipit,
1024 2580 1169 2614 Pontifex
1191 2590 1262 2612 cum
1282 2578 1487 2622 exemptione
1508 2589 1524 2611 a
1546 2576 1769 2610 iurisdictione

317 2646 599 2680 quorumcumque
618 2636 759 2670 iudicum
775 2635 1010 2675 etossicialium,
1031 2633 1190 2667 solutione
1208 2632 1405 2675 gabellarum
1425 2635 1495 2672 eta,
1509 2630 1586 2664 ibid.
1609 2631 1636 2664 b.
1657 2630 1771 2664 Omnia

316 2689 482 2738 privilegia
500 2695 531 2723 et
547 2690 668 2733 gratiae
685 2689 713 2723 ei
734 2690 966 2730 conceduntur,
987 2687 1104 2735 quibus
1128 2687 1269 2729 gaudent
1289 2685 1431 2721 studium
1457 2684 1606 2728 generale
1630 2683 1723 2719 Urbis
1741 2688 1771 2717 et
