2253 3195
259 257 309 285 An.
330 257 359 284 C.
375 256 442 285 1598

284 1913 397 1939 „epulatio
407 1919 449 1934 ma-

290 1948 292 1953 .
334 1944 337 1953 ι

266 1948 283 1965 μ
300 1946 363 1960 tva-u-

1038 258 1220 282 emmaum

458 306 630 339 secretario
659 306 901 339 communitatis
930 305 1064 338 seorsim
1095 305 1200 338 nomi-

458 371 536 393 nare
556 360 690 403 poterit,
716 365 909 403 receptaque
930 359 1115 393 huiusmodi
1136 370 1196 393 no-

460 413 647 450 minatione,
664 423 776 445 omues
796 413 952 446 nominati
975 413 1132 446 scrutinio
1149 424 1201 446 su-

460 466 640 503 liiicientui:
664 473 694 499 et
715 466 806 500 finito
826 466 982 500 scrutinio
996 494 1003 507 ‚
1027 472 1200 510 antequam

459 517 702 561 particularium
723 517 856 551 nomina
880 518 1098 562 publicentur,
1110 517 1131 550 ii
1144 518 1200 551 de-

459 581 547 603 mum
568 582 670 615 usque
694 572 734 604 ad
765 582 936 604 numerum
967 571 1202 615 quinquaginta

459 624 602 668 quinque
623 624 654 657 in
675 625 875 659 consiliarios
892 625 1056 669 sequentis
1073 624 1202 658 triennii

459 678 550 711 electi
575 679 810 720 censebuntur,
834 680 889 724 qui
920 680 1014 724 plura
1048 679 1199 713 consilia-

460 732 581 765 riorum
602 733 819 776 praesentium
839 739 910 766 vota
930 733 1112 772 habuerint;
1128 738 1158 766 et
1177 731 1202 765 si

460 785 491 818 in
512 786 618 829 primo
647 786 803 819 scrutinio
830 797 987 820 numerus
1016 785 1202 819 huiusmodi

460 838 693 882 quinquaginta
714 839 858 883 quinque
878 840 1028 884 impletus
1048 849 1114 872 non
1138 839 1204 871 sue-

462 893 512 932 rit,
536 898 612 926 tunc
629 893 669 926 ad
690 904 804 926 noram
826 893 976 931 aliorum,
999 893 1052 937 qui
1074 903 1205 936 supere-

461 952 534 978 runt
547 946 815 987 nominationem,
825 953 854 980 et
867 957 986 980 novum
998 946 1201 986 scrutinium,

462 999 582 1032 eisdem
603 1000 701 1033 modo
721 1006 750 1033 et
772 1000 873 1033 forma
893 1000 1026 1034 serratis
1041 1027 1048 1040 ,
1071 999 1205 1044 procedi

463 1053 619 1087 tolumus.
644 1054 767 1087 Artium
790 1064 864 1087 vero
885 1053 1109 1087 universitates
1122 1053 1206 1087 intra

463 1107 573 1141 decem
601 1108 668 1142 dies
698 1114 769 1152 post
793 1108 1029 1141 intimationem
1055 1118 1113 1151 per
1137 1118 1205 1141 ma-

463 1162 631 1204 gistratum
650 1162 737 1206 ipsis,
753 1168 789 1195 ut
808 1162 998 1206 praefertur,
1023 1162 1150 1201 saetam,
1166 1162 1205 1195 ad

463 1215 653 1249 electionem
687 1216 824 1249 aliorum
861 1215 957 1248 trium
993 1226 1029 1249 ex
1063 1215 1207 1259 qualibet

464 1279 574 1301 varum
595 1268 865 1308 consiliariorum,
889 1269 928 1302 de
949 1268 1081 1302 diversis
1098 1273 1206 1301 tamen

465 1321 604 1361 familiis,
630 1324 766 1355 sormam
785 1322 815 1355 in
837 1322 1022 1356 huiusmodi
1044 1321 1207 1355 electioni-

488 248 552 281 452

465 1375 522 1408 bus
548 1376 666 1408 serrari
689 1376 815 1409 solitam
837 1376 1050 1416 observando,
1074 1375 1206 1409 omnino

464 1429 652 1468 deveniant,
683 1440 784 1473 eaque
810 1430 907 1467 sacta,
935 1429 1039 1473 capita
1066 1429 1206 1473 ipsarum

464 1482 706 1515 universitatum
728 1483 892 1526 praedicto
919 1482 1118 1525 magistratui
1144 1483 1207 1516 ele—

463 1541 587 1568 ctorum
609 1536 740 1569 nomina
761 1542 984 1580 praesentent,
1007 1536 1117 1580 sicque
1138 1536 1204 1570 ele-

463 1588 515 1627 ‹·ti,
540 1589 717 1623 dummodo
746 1589 916 1633 requisitas
945 1589 1114 1633 qualitates
1144 1589 1204 1622 lia-

463 1643 613 1682 luierint,
647 1643 732 1687 quod
763 1643 881 1677 iudicio
913 1643 1117 1686 magistratus
1148 1654 1207 1687 pro

464 1702 609 1740 tempore
630 1696 794 1730 existentis
821 1697 1034 1741 relinquimus
1048 1725 1055 1738 ,
1080 1697 1111 1730 in
1132 1708 1208 1730 con-

462 1749 534 1782 silio
569 1750 734 1794 praedicto
749 1778 756 1790 ,
778 1750 884 1783 futuro
917 1750 1076 1791 triennio,
1100 1751 1206 1784 locum

464 1803 638 1837 habebunt.

509 1857 578 1899 §8
614 1857 813 1899 Magistratus
845 1869 880 1892 ex
913 1868 1049 1902 corpore
1081 1857 1206 1891 consilii

466 1911 613 1953 eligatur,
633 1911 737 1955 sitque
759 1911 868 1944 decem
891 1922 1114 1955 1‘›ei·sonaruin,
1130 1922 1208 1955 qua-

467 1974 536 1996 rum
559 1974 673 1996 norem
694 1964 875 2007 sapientes,
899 1969 929 1996 et
950 1974 1048 2003 nnus,
1073 1964 1127 2007 qui
1149 1964 1206 1996 erit

466 2023 560 2061 vaput
588 2027 724 2056 corum,
753 2017 846 2050 iudex
874 2017 1054 2061 sapientum
1086 2028 1209 2051 nuncu-

467 2077 599 2115 pentur,
624 2071 654 2103 lii
677 2082 733 2114 per
753 2080 872 2104 annum
895 2076 1017 2104 tantum
1048 2071 1078 2103 in
1109 2071 1209 2114 magi-

466 2131 564 2158 stratu
590 2125 780 2168 persistant3
805 2135 862 2157 nec
884 2124 998 2168 aliquis
1029 2125 1127 2168 possit
1153 2125 1227 2172 itc-¹

468 2190 549 2217 nun,
571 2179 684 2211 eodeni
707 2178 843 2210 durante
865 2178 1016 2216 triennio,
1040 2179 1079 2211 aa
1106 2178 1227 2221 iungi-³

465 2237 599 2264 stratum
635 2231 764 2264 assumi.
798 2232 892 2265 ludex
928 2231 994 2274 ipse
1026 2223 1227 2274 sapientum¹

465 2297 499 2317 ex
523 2295 659 2317 nurnero
682 2284 792 2325 viginti
815 2290 936 2328 septem
960 2285 1104 2328 priorum
1126 2295 1204 2317 von-
1224 2304 1227 2336 ἰ

465 2339 658 2371 siliariorum
686 2344 813 2371 nostrae
835 2344 863 2370 ct
886 2338 1019 2371 llomani
1046 2338 1226 2371 l'outilicis'

467 2404 524 2434 pio
542 2398 685 2435 tempore
707 2391 868 2424 existentis
891 2391 1039 2424 electioni
1062 2402 1205 2424 reserva-

468 2452 589 2480 tmnnr,
613 2451 734 2488 septem
762 2451 867 2478 autent
896 2446 1056 2489 sapientes
1081 2457 1117 2478 ex
1143 2457 1204 2478 nu-

468 2510 556 2530 ιιιι-ιύ
568 2499 802 2541 ιμιίιιιμιῑψίηῐιι
818 2499 960 2542 ‹piinque
976 2499 1204 2543 posteriorum,
1224 2500 1226 2529 ἱ

467 2558 494 2582 ι·ι
522 2552 634 2594 reliqui
661 2552 725 2583 ‹tm›
750 2552 908 2595 ‚sapientes
935 2552 973 2584 ‹lc
995 2563 1130 2585 munero
1153 2547 1225 2584 νο-ἶ

469 2604 629 2646 liquorum
663 2605 773 2636 ‹lert-in
806 2611 833 2636 el
869 2611 941 2638 orto
970 2611 1206 2649 postremorum

469 2657 725 2690 consiliationem
747 2670 874 2702 semper
890 2659 963 2699 eligi
979 2659 1127 2700 debeant,
1151 2659 1206 2693 sed

1241 257 1394 282 Romanum

1234 305 1318 338 hanc
1342 305 1458 338 iudicis
1486 312 1514 338 et
1540 305 1721 349 sapientum
1747 306 1938 339 electionem
1959 316 1977 338 a

1236 364 1302 392 toto
1335 358 1470 392 consilio
1498 358 1639 401 legitime
1674 364 1888 402 congregato,
1919 370 1978 403 per

1236 412 1348 446 decem
1374 413 1487 445 saltem
1510 412 1577 445 dics
1602 418 1674 445 ante
1696 418 1823 456 tempus
1848 412 1974 455 ingres-

1236 476 1289 499 sus
1302 465 1375 498 novi
1391 464 1607 508 magistratus,
1624 465 1669 499 sic
1688 464 1759 498 fieri
1781 465 1899 499 debere
1915 471 1978 499 sta-

1238 518 1366 552 tuimus.

1281 574 1298 615 g
1318 572 1348 606 9.
1373 573 1470 606 ludex
1498 572 1703 617 sapientum,
1731 578 1785 606 aut
1811 571 1851 606 de
1880 572 1979 617 ipsius

1237 625 1351 658 ordine
1371 625 1562 659 secretarius
1579 624 1829 665 communitatis,
1846 624 1980 658 consilio

1237 679 1427 713 electionem
1446 679 1625 714 faciendam
1643 690 1712 713 esse
1731 678 1913 722 significare
1927 679 1982 712 de-

1237 733 1331 775 beat,
1355 740 1452 778 atque
1476 734 1677 768 consiliarios
1705 734 1849 768 monebit
1882 739 1918 767 ut
1948 733 1981 766 in

1989 257 2038 283 An.
2053 255 2082 284 C.
2105 255 2173 283 1598
2196 287 2201 293 ,

2017 583 2090 604 Fui-ma
2101 583 2178 609 eligen-
2229 590 2232 596 ⁴

1994 610 2015 631 ‹li
2026 611 2177 637 magistratum.

1238 786 1423 821 huiusmodi
1445 788 1602 821 electione
1624 788 1656 821 id
1673 788 1816 828 deinum,
1833 787 1920 831 quod
1941 786 2003 820 ad-

1239 840 1401 884 publicam
1422 841 1594 874 utilitatem
1616 847 1647 874 et
1666 851 1838 875 commune
1858 841 1980 874 bonum

1240 893 1398 937 pertinet,
1429 894 1614 935 intueatur,
1644 894 1794 938 illiusque
1820 894 1984 927 dumtaxat

1240 948 1398 980 rationem
1420 948 1577 981 habeatur
1591 975 1598 989 ,
1618 958 1655 981 ac
1684 953 1794 992 postea
1823 947 1920 992 primi
1941 946 1984 980 vi-

1240 1001 1319 1044 ginti
1345 1007 1468 1046 septem
1495 1001 1670 1035 consiliarii
1696 1000 1850 1034 scrutinio
1878 999 1981 1033 subii-

1241 1053 1384 1096 ciantu'r,
1409 1061 1439 1089 et
1459 1055 1484 1089 is
1499 1083 1506 1096 ‚
1529 1055 1584 1099 qui
1605 1056 1699 1099 plura
1719 1060 1791 1088 vota
1815 1064 1894 1098 prae
1913 1064 1985 1087 cae-

1242 1109 1338 1147 teris,
1362 1108 1458 1142 etiam
1479 1109 1519 1142 ad
1540 1108 1746 1142 medietatem
1775 1118 1906 1148 eorum,
1930 1107 1985 1152 qui

1242 1161 1285 1195 ibi
1306 1168 1492 1207 praesentes
1511 1156 1646 1203 suerint,
1669 1172 1735 1195 non
1755 1161 1960 1195 ascendentia
1975 1188 1982 1202 ‚

1241 1215 1280 1248 sit
1301 1221 1333 1248 et
1356 1226 1423 1249 esse
1442 1215 1557 1249 debeat
1582 1215 1677 1249 iudex
1698 1215 1890 1259 sapientum.
1914 1214 1985 1248 Pari

1243 1269 1340 1304 modo
1373 1280 1432 1313 pro
1464 1269 1621 1303 electione
1650 1274 1772 1313 septem
1804 1268 1986 1313 sapientum

1242 1322 1476 1366 quinquaginta
1496 1322 1639 1366 quinque
1657 1321 1851 1366 posteriores
1876 1322 1983 1355 consi-

1243 1376 1324 1408 liarii
1355 1375 1511 1409 scrutinio
1536 1375 1750 1409 subiiciantur
1764 1402 1771 1416 ,
1792 1381 1822 1408 et
1842 1375 1863 1408 ii
1884 1387 1987 1420 usque

1244 1430 1283 1462 ad
1301 1440 1473 1463 numerum
1493 1435 1629 1473 septem,
1654 1429 1685 1462 in
1703 1439 1784 1473 quos
1803 1429 1896 1473 plura
1916 1436 1987 1464 vota

1244 1483 1482 1523 consenseriut,
1507 1483 1538 1516 in
1569 1483 1729 1528 sapientes
1760 1483 1853 1517 electi
1873 1483 1937 1517 sint
1957 1490 1989 1518 et

1243 1547 1311 1570 esse
1343 1542 1546 1571 censeantur.
1580 1537 1746 1581 Denique,
1773 1537 1856 1570 sacto
1891 1537 1987 1571 simili

1243 1590 1399 1624 scrutinio
1430 1591 1541 1624 decem
1569 1596 1599 1623 ct
1627 1596 1700 1624 octo
1727 1589 1985 1624 consiliariorum

1243 1643 1427 1677 artistarum
1443 1671 1450 1684 ‚
1475 1644 1539 1678 duo
1559 1655 1595 1677 ex
1617 1643 1678 1677 illis
1699 1643 1731 1676 in
1751 1649 1900 1677 votorum
1921 1653 1984 1677 nu-

1244 1707 1333 1730 mero
1358 1697 1492 1731 caeteris
1515 1697 1700 1741 superiores
1716 1724 1723 1737 ,
1746 1697 1786 1730 ad
1818 1697 1987 1740 magistra-

1244 1756 1310 1784 tum
1331 1751 1513 1795 sapientum
1539 1756 1752 1784 assumantur.
1785 1751 1819 1784 ln
1840 1750 1904 1785 fine
1923 1761 1983 1784 au-

1245 1811 1306 1838 tem
1328 1804 1468 1845 triennii,
1492 1815 1531 1838 ne
1553 1804 1716 1847 contingat
1746 1803 1777 1837 in
1808 1804 1987 1838 mutatione

1243 1857 1367 1892 consilii
1382 1857 1520 1891 deficere
1537 1857 1769 1900 magistratum,
1786 1863 1857 1901 post
1871 1858 1986 1891 factam

1244 1911 1367 1944 consilii
1387 1910 1639 1949 renovationem,
1664 1910 1757 1943 iudex
1780 1916 1808 1943 et
1827 1910 1987 1954 sapientes

1244 1963 1311 1996 eius
1332 1963 1497 2007 temporis,
1519 1973 1575 2007 per
1595 1963 1707 1996 decem
1720 1962 1786 1996 dies
1798 1969 1871 1996 ante
1889 1963 1986 1997 tinent

1244 2027 1356 2050 eorum
1371 2017 1584 2060 magistratus,
1595 2026 1713 2050 novum
1724 2016 1894 2050 consilium
1909 2027 1987 2050 con·

1244 2081 1388 2113 gregare,
1412 2076 1439 2103 ct
1470 2080 1529 2114 per
1556 2070 1660 2114 ipsum
1680 2069 1850 2103 consilium
1880 2069 1983 2113 inagi-

1243 2130 1377 2157 stratmn
1415 2135 1473 2168 pro
1509 2134 1593 2157 anno
1631 2125 1738 2157 suun-o
1752 2151 1760 2164 ,
1795 2124 1987 2168 supradictis

1245 2179 1341 2212 niodo
1362 2184 1392 2211 ct
1416 2179 1516 2211 forma
1542 2177 1685 2217 servatis,
1712 2177 1889 2211 successive
1910 2177 1985 2221 eligi

1244 2232 1412 2265 curabunt.

1288 2288 1302 2327 ,ξ
1328 2286 1374 2319 lt).
1399 2285 1569 2319 Consultor
1588 2285 1768 2329 sapientum
1788 2295 1824 2318 ex
1845 2285 1985 2319 doctori-

1244 2340 1301 2373 bus
1322 2340 1462 2382 collegii,
1491 2339 1574 2372 iuxta
1594 2339 1736 2379 solitum,
1760 2349 1827 2373 esse
1849 2338 1982 2380 debeat,

1224 2399 1273 2426 *et
1291 2404 1348 2437 per
1369 2393 1588 2435 magistratum
1610 2403 1668 2437 pro
1689 2392 1803 2426 maiori
1825 2398 1913 2436 parte
1931 2402 1986 2425 vo-

1245 2452 1348 2479 torum
1368 2446 1514 2487 eligatur.
1529 2447 1556 2480 ls
1577 2457 1635 2490 per
1655 2457 1789 2485 annum,
1806 2445 1985 2479 sitnulcum

1244 2499 1429 2540 magistratu
1445 2527 1452 2540 ,
1473 2500 1580 2533 officio
1599 2510 1678 2539 suo,
1704 2499 1786 2532 intra
1808 2499 1924 2532 limites
1949 2508 1986 2531 ae

1244 2554 1399 2586 terminos
1419 2553 1618 2587 auctoritatis
1640 2553 1737 2586 iudici
1767 2563 1803 2586 ac
1835 2551 1985 2596 sapienti-

1244 2607 1301 2639 bus
1323 2607 1504 2651 praedictis.
1530 2613 1564 2640 ut
1584 2607 1665 2640 infra
1686 2606 1830 2645 dicetur,
1851 2604 1985 2638 attribu-

1244 2666 1304 2700 tae,
1329 2660 1416 2702 sungi
1439 2659 1563 2694 delicat.

2019 2301 2048 2323 Do
2060 2302 2184 2323 Gnnnitturo

2000 2329 2143 2356 magi-tutin.
