2253 3195
79 294 127 321 An.
143 293 172 320 c.
196 293 262 320 1599

604 341 685 374 CCII.

276 447 432 480 Facultas
462 447 607 490 episcopo
644 446 845 479 Geliemzensi
880 446 1013 489 suppri-

317 509 590 542 mendiunioncm
598 510 719 551 factam
732 519 750 540 (ι
766 508 920 551 Grcqorio
929 508 1019 540 XIII

318 571 536 615 quorumdam
556 570 783 613 beneficiorum
806 571 949 603 militiae
966 570 1014 603 Ss,

318 633 473 666 Maurilii
492 636 520 665 e!
542 633 672 671 Lazari,
696 643 732 664 ac
752 632 900 675 crissemli
920 642 1018 665 novas

316 695 490 738 parochias
514 695 550 727 in
576 694 746 737 balliaqit's
767 695 806 727 de
831 694 965 727 Ternier
990 698 1019 727 et

319 757 465 791 Chablais
482 757 501 790 ¹.

357 836 527 865 Venerabili
547 836 636 864 fratri
656 836 776 864 Claudio
796 836 935 870 episcopo

555 890 744 918 Gabennensi

463 949 618 980 clemens
634 949 728 990 Papa
742 948 834 979 VIII.

283 1018 471 1046 Venerabilis
490 1018 594 1051 frater,
611 1019 741 1045 salutem
762 1020 793 1045 et
813 1016 1011 1051 apostolicam

520 1071 771 1099 benedictionem.

321 1143 416 1183 Alias,
431 1142 512 1175 sicut
529 1141 724 1186 accepimus,
749 1142 850 1174 felicis
870 1142 1021 1175 recorda-

78 1204 262 1254 bgrgltizgiziusfflt
277 1197 373 1230 tionis
390 1196 545 1238 Gregorio
562 1196 667 1239 Papae
680 1195 759 1235 XIII,
780 1195 1021 1238 praedecessori

78 1258 263 1281 sionnainhania-
278 1255 389 1283 nostro
402 1277 409 1289 ,
432 1259 491 1292 pro
512 1254 602 1292 parte
623 1248 727 1281 bonae
748 1248 927 1281 memoriae
947 1248 1021 1281 Em-

79 1288 117 1314 giis
136 1288 170 1308 hic
189 1292 263 1307 receu-

79 1313 263 1362 fflffliiilnzffisss
278 1303 437 1337 manuelis
457 1302 625 1336 philiberti
645 1301 825 1335 Sabaudiac
853 1302 943 1335 ducis
964 1313 1019 1335 ex-

79 1368 120 1389 zari
134 1367 214 1390 univit.
229 1372 263 1387 us-
278 1357 393 1402 posito,
417 1357 503 1401 quod
525 1367 598 1390 cum
620 1356 723 1388 dictus
740 1356 931 1389 Emmanuel
951 1356 1023 1389 Phi-

80 1400 120 1441 gue
131 1394 179 1414 dum
191 1393 211 1413 in
222 1393 261 1413 eis-

94 1426 126 1441 om
157 1420 263 1449 bawariis
278 1411 413 1444 libertus
431 1410 589 1454 quaedam
604 1408 767 1450 balliagia,
780 1408 930 1442 videlicet
950 1409 1024 1442 Ter-

79 1446 263 1503 i'iiiissirssiiiiffl'ssi
278 1465 362 1504 m'er,
386 1462 558 1503 Chablczis,
582 1467 613 1495 et
639 1462 706 1495 Gex
725 1461 783 1494 sub
805 1461 928 1495 ditione
955 1462 1024 1495 eius

78 1500 195 1554 {iii'fflu
211 1506 262 1526 ’ΠΨ
279 1515 450 1560 temporali
467 1515 634 1548 existentia
651 1525 669 1547 a
689 1515 905 1548 Bernensibus
925 1526 1021 1549 recu-

279 1575 432 1614 perasset,
450 1574 481 1603 et
501 1569 540 1602 ad
560 1568 729 1613 pristinam
751 1569 963 1612 temporalem
978 1569 1025 1602 iu-

278 1623 499 1658 risdictionem
518 1633 608 1656 suam
629 1628 831 1663 revocasset,
852 1623 927 1656 licet
951 1624 1024 1657 illo-

278 1688 349 1710 rum
364 1677 559 1721 populorum
581 1675 685 1720 pravis
706 1676 914 1720 opinionibus
932 1682 963 1710 et
975 1677 1024 1709 in-

278 1737 419 1765 veterata
437 1729 620 1763 haereticae
640 1729 796 1773 perfidiae
822 1730 944 1763 malitia
969 1730 1025 1763 ob-

278 1785 408 1818 duratas
440 1789 583 1823 mentes,
611 1783 714 1816 serius
735 1793 832 1827 quam
854 1783 921 1827 ipsc
941 1783 1022 1817 Gre-

277 1838 387 1881 gorius
400 1837 629 1881 praedeccssor
646 1837 790 1880 optabat,
805 1847 918 1871 sanare
931 1848 1025 1881 posse

276 1896 460 1932 vereretur,
484 1891 628 1924 eiusdem
662 1895 769 1923 tamen
791 1890 892 1931 ducis,
918 1896 948 1924 et
967 1902 1026 1935 pu-

278 1945 383 1978 blicae
401 1944 555 1977 ecclesiae
576 1943 755 1977 catholicae
775 1944 907 1977 nomine
934 1945 1026 1978 valde

278 1999 426 2039 laetatus,
450 1998 655 2031 conducibile
673 1998 741 2030 sore
762 1997 977 2039 existimabat,
992 2004 1027 2031 ut

278 2053 429 2093 religiosa
448 2053 520 2085 loca
537 2052 682 2096 ipsorum
700 2052 929 2095 balliagiorum
950 2063 1026 2096 pro-

279 2106 430 2149 phanam,
455 2116 538 2149 quac
559 2105 591 2137 in
611 2105 762 2148 pristinos
782 2116 858 2138 usus
878 2111 909 2138 et
922 2106 1026 2139 officia

279 2159 404 2192 restitui
425 2169 490 2191 non
511 2164 671 2202 poterant,
687 2158 821 2191 militiae
841 2164 1025 2192 sanctorum

279 2212 416 2246 Mauritii
429 2211 590 2251 etLazari‚
608 2211 699 2244 cuius
718 2211 785 2255 ipsc
806 2212 869 2245 dux
890 2222 1026 2254 magnus

280 2265 434 2308 magister
451 2266 616 2306 existebat,
640 2265 749 2309 aliquo
770 2266 869 2298 modo
886 2266 1023 2299 inservi-

280 2325 362 2352 rent.
386 2320 496 2362 Itaquc
523 2318 628 2351 eidem
660 2318 817 2360 Gregorio
847 2319 1027 2362 supplicato

281 2378 440 2416 quatenus
460 2372 625 2416 praedicta
645 2371 813 2412 beneficia,
838 2377 869 2405 et
894 2372 955 2405 alia
975 2372 1027 2415 pia

280 2427 352 2459 loca
370 2426 531 2459 dictorum
550 2426 789 2468 halliagiorum,
811 2431 841 2458 et
860 2436 916 2459 seu
937 2425 968 2458 in
989 2426 1026 2458 il-

282 2480 320 2512 lis
345 2479 595 2512 consistentibus
617 2479 719 2512 dictae
739 2478 872 2512 militiae
892 2479 984 2511 unire
999 2484 1028 2512 et

283 2533 494 2576 incorporare
515 2532 721 2574 ‹lignaretur3
750 2532 834 2565 idem
854 2532 1028 2575 Gregorius

283 2585 574 2630 supplicationibus
607 2585 793 2619 huiusmodi
831 2586 1024 2626 inclinatus,

283 2639 393 2673 omnia
413 2638 570 2672 beneficia
589 2638 805 2672 ecclesiastica
822 2649 894 2672 curn
909 2649 985 2672 cura
999 2644 1029 2672 et

319 2703 331 2727 1
354 2700 392 2727 Ex
413 2700 523 2736 chest.
540 2699 567 2727 in
589 2700 692 2728 Secret.
714 2699 850 2728 Brevium.

883 292 1029 316 CLEMENS
1049 292 1107 315 vlit
1129 292 1177 315 ΓΡ.

1699 278 1762 312 485
1811 287 1859 314 An.
1878 287 1907 314 c.
1925 287 1992 314 1590

1051 340 1118 372 sine
1140 350 1215 372 cura
1237 339 1425 379 saecularia,
1442 343 1470 371 et
1493 337 1682 382 quorumvis
1701 336 1794 370 Ordi-

1051 404 1127 425 num
1161 393 1344 434 regularia„
1370 392 1400 424 in
1433 391 1591 434 balliagiis
1622 390 1795 435 praedictis

1051 446 1267 487 consistentia,
1288 447 1414 479 etiamsi
1435 446 1632 485 saecularia,
1657 444 1792 478 canoni-

1052 505 1139 532 catus
1150 505 1180 532 et
1189 500 1405 543 praebendae,
1417 500 1587 542 dignitates
1599 499 1695 532 etiam
1706 497 1796 542 prin-

1052 552 1182 596 cipales,
1195 558 1397 596 personatus,
1408 552 1715 591 admittistrationes,
1728 561 1798 584 mo-

1052 605 1202 638 nachales
1224 611 1254 638 et
1277 606 1479 639 canonicales
1499 606 1676 649 portiones,
1701 610 1731 638 et
1748 605 1797 638 os-

1053 658 1125 691 licia
1143 659 1239 692 etiam
1258 665 1379 699 curata,
1397 660 1580 692 claustralia
1600 665 1631 692 et
1651 659 1795 700 electiva,

1053 711 1236 755 hospitalia,
1259 712 1458 756 leprosariae
1479 718 1509 745 et
1529 712 1731 745 xenodochia
1751 723 1799 744 es-

1053 771 1134 805 sent,
1156 770 1187 798 ct
1208 765 1270 798 alia
1295 776 1521 809 quaecumque
1542 766 1612 799 loca
1632 766 1795 808 religiosa,

1054 829 1233 862 eorumque
1251 819 1408 859 membra,
1432 818 1593 861 grangias,
1617 818 1796 862 possessio-

1054 882 1110 905 nes
1130 877 1160 904 et
1186 872 1343 916 praedia,
1368 872 1398 904 in
1421 872 1538 916 quibus
1563 873 1671 905 nullus
1696 873 1799 906 ecclc-

1053 925 1201 958 siasticus
1229 926 1333 958 cultus
1357 925 1532 959 saecularis
1551 926 1599 958 vel
1620 926 1777 968 regularis
1790 954 1797 966 ,

1054 989 1109 1011 seu
1141 978 1344 1022 hospitalitas
1373 979 1596 1019 exercebatur,
1620 989 1679 1012 nec
1711 985 1797 1019 tunc,

1053 1033 1166 1066 saltem
1199 1033 1306 1076 quoad
1337 1032 1539 1076 parochiales
1575 1033 1747 1073 ecclesias,
1771 1038 1802 1066 et

1055 1086 1116 1118 alia
1133 1086 1291 1119 beneficia
1311 1086 1526 1119 ecclesiastica
1540 1092 1661 1127 curata,
1678 1086 1801 1119 restitui

1055 1144 1190 1183 poterat,
1214 1150 1362 1183 quaeque
1382 1139 1462 1172 nulli
1483 1139 1640 1172 canonico
1661 1140 1798 1179 collata,

1055 1198 1110 1226 aut
1133 1193 1361 1226 commendata
1376 1220 1383 1233 ,
1411 1203 1466 1225 seu
1485 1193 1667 1233 commissa,
1691 1203 1750 1226 nec
1770 1193 1802 1225 in

1056 1247 1278 1288 ecclesiarum,
1291 1247 1576 1287 monasteriorum,
1593 1247 1802 1291 hospitalium

1057 1307 1088 1334 et
1111 1300 1249 1334 aliorum
1270 1300 1400 1344 piorum
1421 1300 1569 1333 locorum
1590 1306 1666 1333 tunc
1687 1300 1800 1342 vigen—

1057 1354 1148 1395 tium,
1170 1359 1258 1386 extra
1275 1353 1425 1396 balliagia
1446 1354 1611 1397 praedicta
1629 1353 1805 1386 consisten-

1058 1408 1118 1448 tia,
1149 1407 1358 1441 commodum
1387 1413 1418 1440 et
1447 1407 1589 1440 favorem
1617 1407 1726 1447 unita,
1751 1413 1805 1440 aut

1058 1472 1230 1506 suppressa
1250 1467 1366 1501 essent,
1382 1471 1442 1494 nec
1460 1461 1499 1493 ab
1521 1460 1675 1500 ecclesiis,
1693 1471 1805 1494 mona-

1059 1515 1174 1556 steriis,
1198 1515 1358 1559 capitulis,
1383 1515 1605 1555 conventibus,
1625 1514 1803 1553 beneficiis,

1059 1569 1274 1613 hospitalibus
1294 1574 1383 1602 extra
1407 1568 1461 1601 illa
1482 1568 1732 1602 consistentibus
1751 1579 1805 1601 ve-

1060 1623 1117 1655 luti
1138 1622 1228 1655 unita
1249 1623 1484 1666 dependerent,
1506 1628 1560 1656 aut
1578 1633 1614 1656 ea
1633 1621 1679 1655 uti
1702 1632 1806 1656 mern-

1060 1676 1118 1708 bra
1138 1676 1355 1720 pertinerent,
1377 1686 1459 1719 quae
1480 1676 1589 1708 onmia
1609 1676 1695 1708 salva
1719 1680 1749 1708 et
1769 1675 1807 1707 it-

1060 1729 1144 1762 laesa
1170 1729 1254 1761 idem
1275 1728 1450 1771 Gregorius
1479 1739 1611 1762 manere
1636 1729 1803 1769 voluerat,

1060 1782 1203 1822 nomine,
1224 1782 1329 1821 titulo,
1355 1782 1542 1822 donatione,
1566 1782 1681 1815 ordine
1696 1809 1703 1821 ,
1723 1787 1807 1814 statu

1060 1841 1091 1869 et
1115 1835 1252 1868 essentia
1273 1835 1370 1868 etiam
1396 1835 1536 1878 regulari
1558 1836 1590 1868 in
1611 1835 1673 1868 illis
1692 1835 1804 1877 singu-

1060 1890 1109 1929 lis,
1126 1895 1223 1933 prout
1244 1889 1383 1929 fuerant,
1408 1895 1566 1933 perpetuo
1584 1889 1765 1933 suppressis
1779 1894 1809 1922 et

1061 1942 1220 1983 extinctis,
1233 1953 1306 1975 cum
1325 1943 1391 1976 suis
1409 1943 1565 1983 ecclesiis,
1579 1942 1809 1983 domibus,bo-

1060 1996 1120 2036 nis,
1145 1995 1431 2035 iurisdIctionIbus‚
1457 1996 1582 2029 iuribus
1597 2023 1604 2035 ,
1628 1996 1783 2028 fructibus
1798 2023 1805 2036 ,

1061 2049 1231 2090 censibus,
1260 2049 1482 2093 pertinentiis,
1510 2055 1541 2082 et
1569 2049 1752 2082 actionibus
1775 2059 1809 2082 o-

1061 2103 1190 2136 mnibus
1211 2109 1242 2136 et
1263 2103 1534 2147 quibuscumque,
1548 2108 1583 2136 ut
1603 2103 1642 2136 ad
1664 2102 1809 2136 christia-

1061 2168 1121 2191 nae
1146 2157 1220 2190 fidei
1241 2157 1521 2201 propagationem,
1544 2156 1671 2200 aliaque
1684 2156 1809 2189 ratione

1062 2211 1264 2251 inservirent,
1289 2210 1422 2243 militiae
1447 2209 1631 2254 praedictae
1651 2214 1809 2252 perpetuo

1062 2264 1172 2304 univit,
1197 2263 1351 2296 annexuit
1370 2269 1402 2297 et
1422 2263 1650 2307 incorporavit,
1680 2262 1809 2306 praedi-

1062 2323 1211 2361 ctamque
1229 2317 1395 2357 unionem,
1417 2316 1631 2349 annexionem
1653 2321 1684 2348 et
1701 2315 1808 2349 incor-

1062 2371 1266 2415 porationem
1300 2371 1340 2403 ad
1380 2370 1551 2409 ecclesias,
1588 2369 1784 2402 monasteria
1799 2396 1806 2409 ,

1062 2425 1235 2468 prioratus,
1263 2423 1452 2465 dignitates,
1477 2422 1655 2462 beneficia,
1679 2422 1805 2463 officia,

1063 2477 1234 2521 hospitalia
1255 2482 1286 2510 et
1304 2477 1373 2510 loca
1391 2475 1569 2509 saecularia
1587 2481 1617 2509 et
1634 2475 1806 2518 regularia,

1064 2531 1095 2563 in
1119 2530 1236 2574 quibus
1257 2531 1362 2563 cultus
1383 2529 1617 2562 ecclesiasticus
1637 2528 1810 2562 saecularis

1064 2585 1110 2617 vel
1130 2584 1297 2626 regutaris,
1312 2588 1367 2616 aut
1380 2582 1581 2626 hospitalitas
1601 2582 1670 2615 sine
1692 2592 1810 2624 magno

1063 2637 1316 2681 praedictorum,
1334 2642 1430 2680 atque
1443 2635 1623 2669 Sabaudiae
1643 2641 1743 2668 status
1756 2646 1811 2679 pe-

1064 2690 1167 2723 riculo
1181 2695 1212 2723 et
1225 2689 1470 2734 perturbatione
1491 2689 1615 2722 restitui
1636 2698 1701 2722 non
1721 2694 1811 2733 pote-
