2253 3195
308 222 356 249 An.
374 222 402 250 c.
424 223 486 250 1601
538 215 601 248 7322

506 273 640 305 trarium
651 273 902 317 praemissorum
913 274 1158 317 quomodolibet
1172 285 1248 308 con-

506 325 612 366 cessis,
636 325 836 359 confirmatis
856 331 887 359 et
916 327 1112 371 approbatis,
1137 333 1245 361 caete-

506 378 614 421 risque
634 379 803 412 contrariis
820 380 1090 424 quibuscumque.

550 431 565 473 ἓ
585 429 615 463 3.
639 431 678 464 Ut
698 437 805 464 autem
834 439 1020 476 praesentes
1047 434 1172 467 litterae
1189 445 1244 467 ve-

342 495 405 517 rme,
420 495 491 525 asnaa
505 489 606 516 strum
629 485 780 530 omnibus
797 485 1017 527 innotescant,
1041 488 1189 521 volumus
1204 493 1247 520 *ut

307 524 450 548 mmmmm
506 547 618 569 earum
639 539 859 582 transumptis,
883 543 938 573 etc.

549 591 663 624 Datum
688 592 810 625 Romae
835 594 921 636 apud
953 594 983 627 S.
1005 594 1158 634 Marcum,
1187 595 1246 627 sub

505 644 625 677 annulo
644 644 829 686 piscatoris,
851 646 903 679 die
923 647 1036 690 quinta
1055 647 1247 691 septembris

505 706 593 737 unci,
616 697 824 741 pontificatus
843 699 942 732 nostri
963 710 1049 733 anno
1068 712 1098 734 x.

540 758 598 786 Dat.
615 759 658 787 die
677 761 694 787 5
709 761 872 796 septembris
884 761 962 796 1601,
980 762 1076 797 pontis.
1089 771 1132 795 au.
1146 770 1172 790 x.

371 402 384 412 ο

799 911 944 945 CCLXVl.

507 1007 672 1040 Decretum
696 1008 962 1050 Conqreqationis
982 1009 1014 1042 S.
1040 1009 1160 1053 Officii,
1183 1022 1246 1054 quo

549 1074 679 1102 cavetur
701 1071 878 1113 quominus
903 1071 1029 1116 aliquis
1050 1073 1179 1106 litaniis
1200 1073 1247 1106 vel

550 1132 744 1166 Sanctorum
762 1133 811 1166 vel
831 1134 870 1166 B.
885 1134 928 1167 M.
949 1135 982 1168 V.
1005 1139 1140 1176 utatur,
1163 1147 1247 1180 quae

548 1205 570 1227 α
580 1196 834 1239 Conyreyacione
846 1196 1020 1230 Sacrorum
1032 1198 1170 1231 Rituum
1182 1210 1247 1239 uon

548 1258 673 1300 fuerint
692 1259 890 1301 approbatae
904 1259 923 1291 ¹.

550 1337 776 1372 Sanctissimus
794 1339 951 1373 Dominus
974 1345 1084 1374 noster
1103 1341 1248 1375 Clemens

358 1397 454 1418 sonuum
469 1391 592 1435 ti-Papa
613 1391 688 1425 Vlll.
712 1392 869 1431 Quoniam
890 1393 983 1426 multi
1003 1394 1064 1427 hoc
1084 1400 1244 1439 tempore,

305 1424 493 1477 ffiiigevffigiae
506 1445 621 1489 privati
642 1445 738 1478 etiam
756 1445 914 1487 homines,
928 1453 1094 1490 praetextu
1113 1449 1247 1483 alendae

305 1479 359 1498 ’ω’
506 1499 695 1540 devotionis,
716 1509 814 1532 novas
841 1500 986 1544 quotidie
1005 1500 1133 1535 litanias
1153 1504 1244 1536 evul-

505 1557 592 1594 gant,
606 1557 640 1585 ut
653 1552 715 1585 iam
734 1563 836 1597 prope
850 1553 1102 1589 innumerabiles
1124 1557 1246 1591 formae

505 1605 688 1638 litaniarum
707 1605 988 1647 circumferantur,
1004 1614 1035 1641 et
1055 1608 1086 1641 in
1107 1611 1246 1643 nonnul-

505 1658 542 1691 lis
562 1658 689 1702 ineptae
709 1659 896 1701 sententiae,
913 1660 944 1693 in
965 1661 1034 1695 aliis
1051 1663 1152 1706 (quod
1173 1674 1246 1707 gra-

505 1711 573 1745 vius
590 1713 658 1756 cst)
679 1712 881 1756 periculosae
902 1719 933 1747 et
953 1725 1096 1749 errorem
1117 1717 1245 1761 sapien-

505 1770 550 1797 tes
581 1765 786 1798 inveniantur
800 1793 808 1806 ,
841 1777 902 1810 pro
936 1767 1154 1803 sollicitudine
1189 1781 1245 1803 sua

504 1818 655 1861 pastorali
673 1819 844 1862 providere
865 1820 985 1860 volens,
1009 1826 1043 1853 ut
1062 1822 1243 1856 animarum

504 1871 642 1912 devotio,
664 1871 785 1915 Deique
801 1882 838 1905 ac
857 1872 1046 1906 Sanctorum
1069 1874 1240 1917 invocatio,

503 1924 572 1957 sine
591 1924 688 1958 ullius
701 1925 885 1959 detrimenti
897 1926 1071 1970 spiritualis
1085 1929 1240 1972 periculo,

505 1977 664 2010 foveatur:
1083 1982 1087 1985 ⁴

548 2032 565 2072 5
587 2029 615 2063 ’1.
641 2030 800 2074 Praecipit
820 2037 851 2064 ct
877 2032 1021 2073 mandat,
1043 2039 1092 2073 ut,
1113 2035 1244 2068 retentis

322 2085 486 2110 *2⁴¹³‘²·¹·2'f¹·ff···
503 2084 735 2128 antiquissimis
746 2086 1243 2132 etcommunibuslitaniis,quae

304 2113 487 2186 ''xiiiiiiu'ii'ii'
504 2137 534 2170 in
554 2137 732 2179 Breviariis‚
751 2139 938 2180 Missalilius,
954 2140 1195 2175 l‘ontisicalilius
1208 2154 1243 2175 av,
1260 2171 1263 2194 ἱ

304 2199 367 2212 ·’··’”·-
503 2190 681 2224 llitualibus
694 2191 911 2233 continentur,
925 2203 983 2225 ncc
997 2204 1059 2226 non
1074 2194 1192 2227 litaniis
1205 2196 1244 2229 de

503 2244 597 2277 Beata
620 2245 760 2287 Virgine,
781 2256 862 2289 quae
885 2245 915 2278 in
945 2246 1040 2280 Sarra
1061 2248 1138 2281 „tede
1158 2249 1240 2282 Lau-
1260 2271 1262 2283 1

503 2303 611 2331 retana
632 2298 796 2331 decantari
816 2299 937 2339 solent;
953 2299 1150 2344 (purumque
1167 2301 1244 2335 alias

502 2351 627 2385 litanias
641 2352 747 2391 edere,
769 2351 815 2385 vel
838 2351 898 2385 iam
921 2353 1014 2386 editis
1035 2353 1065 2386 in
1087 2354 1239 2395 ecclesiis,

500 2404 564 2436 sive
585 2405 745 2445 oratoriis,
761 2405 825 2438 sive
845 2407 1107 2450 processionibus
1127 2408 1171 2440 uti
1191 2419 1242 2441 vo-

503 2456 630 2497 luerint,
646 2468 698 2490 cas
712 2458 751 2491 ad
765 2459 1053 2500 congregationem
1068 2461 1240 2493 Sacrorum

501 2507 629 2540 llituum
644 2510 931 2552 recognoscendas,
947 2516 975 2543 et
994 2510 1019 2544 si
1038 2521 1119 2554 opus
1132 2511 1237 2550 fuerit,

539 2579 546 2605 t
569 2578 603 2605 lte
620 2579 669 2606 hac
683 2580 898 2616 congregatione
915 2581 1000 2609 habes
1015 2582 1153 2610 constitut.
1166 2590 1239 2610 cun

500 2622 563 2649 Sinti
575 2622 602 2649 V:
625 2623 777 2659 Immensa,
795 2629 859 2653 tom.
876 2632 931 2659 vm,
948 2634 1008 2662 pag.
1025 2626 1087 2654 985.

1095 227 1278 251 BULLAmUM
1298 227 1450 252 Romanu

1261 2199 1347 2225 ‘sum
1365 2203 1421 2226 scu
1444 2192 1582 2225 reditum
1605 2202 1748 2225 annuum
1770 2192 1871 2227 creari
1893 2198 1922 2226 et
1943 2203 2020 2227 con-

1993 253 1998 258 .
2036 231 2130 261 An.G.
2158 229 2198 260 ‘fii

1281 275 1488 318 corrigendas
1499 277 1624 311 mittere
1634 285 1811 320 teneantur,
1827 290 1943 324 neque,
1954 280 2023 314 sine
2148 270 2151 275 ’
2174 270 2178 275 ”

1281 328 1410 362 licentia
1431 335 1460 363 et
1481 331 1716 374 approbatione
1734 334 1917 376 praedictae
1935 334 2020 368 Con-

1281 382 1490 424 gregationis,
1513 394 1566 417 eas
1586 384 1616 417 in
1649 385 1814 429 publicum
1835 387 1946 427 edere,
1969 392 2024 420 aut.

1281 434 1409 477 publice
1429 435 1566 470 recitare
1585 444 1803 480 praesumant,
1824 439 1883 471 sul)
1910 439 2024 482 poenis

1281 487 1379 530 (ultra
1403 490 1586 532 peccatum)
1604 490 1738 523 arbitrio
1750 490 1911 524 Ordinarii
1932 497 1963 525 et
1974 492 2024 526 In-

1281 539 1447 583 quisitoris
1468 551 1578 574 severe
1599 542 1793 585 infligendis.
1844 553 1847 558 ’

1326 592 1384 634 52.
1408 594 1562 628 Praesens
1584 596 1750 629 decretum
1773 597 1891 630 sactum
1912 597 1972 630 suit
1991 597 2024 631 in

1279 753 1357 787 latio
1377 754 1563 798 Apostolico
1584 754 1615 787 in
1643 755 1748 788 Monte
1768 755 1940 797 Quirinali,
1963 767 2020 790 co-

1279 817 1349 839 ram
1379 807 1547 850 praedicto
1567 807 1774 842 Sanctissimo
1797 808 1934 842 Domino
1953 809 2020 843 No-

1279 866 1357 900 stro,
1381 871 1418 894 ac
1438 860 1662 895 illustrissimis
1690 867 1722 895 et
1745 862 2023 896 reverendissimis

1280 915 1419 948 dominis
1439 915 1574 949 Sanctae
1593 915 1758 949 Romanae
1777 915 1938 952 Ecclesiae
1954 927 2024 950 car-

1280 967 1456 1009 dinalibus,
1479 968 1633 1002 adversus
1653 968 1848 1002 haereticam
1877 969 2020 1013 pravita-

1280 1026 1342 1054 tem
1375 1021 1580 1064 generalibus
1611 1022 1876 1066 inquisitoribus,
1911 1028 2023 1057 octavo

1280 1073 1351 1107 idus
1363 1075 1567 1118 septembris,
1580 1085 1665 1109 anno
1683 1085 1700 1108 a
1715 1075 1880 1109 nativitate
1895 1075 2022 1110 Domini

1280 1127 1381 1160 nostri
1401 1128 1470 1161 Iesu
1490 1128 1605 1162 Christi
1625 1139 1714 1163 unm.

1317 1189 1388 1217 Fact.
1406 1190 1451 1218 die
1465 1191 1482 1219 6
1496 1190 1658 1226 septembris
1674 1190 1752 1226 1601,
1764 1199 1808 1218 an.
1825 1199 1839 1217 x
1852 1191 2024 1227 pontificatus

1281 1235 1425 1262 Clementis
1435 1235 1502 1262 Vlll.

1572 1386 1730 1421 CCLXVII.

1282 1476 1466 1509 flectar-atio
1486 1477 1729 1509 constitutionis
1749 1476 1899 1519 Greqorii
1917 1477 2018 1517 XIII,

1324 1540 1420 1573 super
1439 1530 1600 1562 creatione
1619 1539 1773 1562 censuum
1798 1530 1833 1563 iu
1855 1530 1932 1564 locis
1950 1530 2017 1563 rei-

1323 1582 1474 1625 publicae
1495 1582 1659 1616 Genueusi
1676 1582 1828 1615 'subiectis
1845 1582 1865 1616 ¹.

1484 1652 1618 1680 Clemens
1639 1641 1717 1686 rapa
1736 1653 1824 1687 VIII,

1403 1707 1440 1734 ad
1459 1709 1634 1744 perpetuam
1651 1707 1697 1734 rei
1717 1706 1898 1734 memoriam.

1324 1769 1340 1810 g
1363 1768 1392 1800 l.
1418 1767 1503 1801 Alias
1525 1767 1624 1801 felicis
1649 1767 1883 1802 recordationis
1901 1767 2021 1811 Grego-
2035 1771 2135 1819 cmv
2186 1775 2195 1803 '2

1280 1821 1327 1854 rio
1346 1821 1423 1861 Xlll,
1447 1821 1686 1865 praedecessori
1706 1826 1828 1862 nostro,
1851 1831 1910 1865 pro
1930 1825 2145 1878 parte
2180 1821 2195 1866 Ἰ,ζ

1261 1875 1471 1907 :dilectorum
1504 1874 1646 1906 filiorum
1684 1873 1842 1907 nobilium
1878 1870 2134 1908 virorum
2180 1867 2181 1870 ’

1278 1928 1368 1961 ducis
1399 1933 1430 1960 et
1457 1927 1709 1969 gubernatorum
1743 1927 1939 1971 reipublicae
1965 1927 2016 1962 la-

1278 1980 1408 2014 nuensis
1436 1980 1595 2024 exposito,
1618 1980 1704 2024 quod
1727 1980 1799 2014 licet
1819 1981 1942 2015 dudum
1962 1991 2016 2016 re-

1277 2034 1432 2067 colendae
1453 2033 1629 2066 memoriae
1655 2033 1729 2066 Pius
1755 2034 1841 2078 Papa
1860 2033 1899 2075 V,
1923 2033 2018 2068 etiam

1277 2086 1507 2131 praedecessor
1526 2092 1650 2127 noster,
1674 2097 1732 2120 sua
1761 2092 1918 2131 perpetuo
1937 2086 2017 2120 vali-

1279 2146 1349 2172 tura
1363 2139 1602 2180 constitutione,
1622 2139 1704 2172 inter
1717 2139 1780 2173 alia
1788 2139 1934 2173 statuerit
1946 2150 2020 2174 een-

1277 2246 1364 2279 stitui
1397 2246 1486 2279 nullo
1520 2246 1617 2279 modo
1649 2256 1760 2290 posse,
1791 2246 1851 2279 nisi
1885 2246 1916 2279 in
1946 2251 2019 2281 actu

1278 2299 1504 2333 celebrationis
1535 2297 1737 2333 instrumenti
1774 2310 1846 2333 vere
1883 2300 2019 2344 pecunia

1278 2358 1444 2386 munerata
1477 2352 1700 2393 intervenerit,
1729 2363 1766 2385 ac
1797 2353 2018 2397 praesentibus

1277 2406 1403 2439 notario
1417 2411 1447 2438 et
1461 2405 1605 2449 testibus,
1629 2415 1692 2438 non
1713 2411 1819 2439 autem
1838 2405 1938 2450 prius,
1962 2417 2014 2440 re-

1275 2465 1368 2503 cepto
1389 2459 1513 2500 integro
1542 2458 1688 2502 iustoque
1708 2458 1832 2503 pretim
1855 2458 2017 2493 nihilomi-

1276 2522 1334 2545 nus
1364 2511 1395 2544 in
1425 2511 1550 2545 civitate
1580 2511 1725 2545 tanuensi
1758 2511 1912 2545 hactenus
1942 2511 2014 2546 tacti
2061 2543 2116 2569 α..

1275 2564 1391 2597 t'ucrint
1411 2563 1621 2608 quamplures
1641 2574 1766 2606 census,
1790 2569 1817 2597 et
1839 2574 1935 2610 saepe
1955 2574 2014 2598 nu·
2028 2569 2105 2596 ποια

1310 2628 1319 2653 ¹
1345 2625 1380 2653 Ex
1402 2625 1509 2661 ilc-gent.
1526 2624 1551 2652 in
1574 2625 1678 2653 Secret.
1700 2625 1835 2653 Bri-vium.
