<?xml version="1.0" encoding="UTF-8"?>
<!DOCTYPE html PUBLIC "-//W3C//DTD XHTML 1.0 Transitional//EN"
    "http://www.w3.org/TR/xhtml1/DTD/xhtml1-transitional.dtd">
<html xmlns="http://www.w3.org/1999/xhtml" xml:lang="en" lang="en">
 <head>
  <title>
</title>
<meta http-equiv="Content-Type" content="text/html;charset=utf-8" />
  <meta name='ocr-system' content='tesseract 3.04.00' />
  <meta name='ocr-capabilities' content='ocr_page ocr_carea ocr_par ocr_line ocrx_word'/>
</head>
<body>
  <div class='ocr_page' id='page_1' title='image "./bullarumdiplomat10cath/bullarumdiplomat10cath_0778.png"; bbox 0 0 2253 3195; ppageno 0'>
   <div class='ocr_carea' id='block_1_1' title="bbox 266 269 448 297">
    <p class='ocr_par' dir='ltr' id='par_1_1' title="bbox 266 269 448 297">
     <span class='ocr_line' id='line_1_1' title="bbox 266 269 448 297; baseline -0.005 0"><span class='ocrx_word' id='word_1_1' title='bbox 266 270 315 297; x_wconf 81' lang='lat' dir='ltr'>Au.</span> <span class='ocrx_word' id='word_1_2' title='bbox 337 270 367 297; x_wconf 90' lang='lat' dir='ltr'>C.</span> <span class='ocrx_word' id='word_1_3' title='bbox 385 269 448 297; x_wconf 70' lang='lat'>¹601</span> 
     </span>
    </p>
   </div>
   <div class='ocr_carea' id='block_1_2' title="bbox 271 806 416 855">
    <p class='ocr_par' dir='ltr' id='par_1_2' title="bbox 271 806 416 855">
     <span class='ocr_line' id='line_1_2' title="bbox 298 806 416 827; baseline -0.017 0"><span class='ocrx_word' id='word_1_4' title='bbox 298 808 319 827; x_wconf 88' lang='lat' dir='ltr'>tn</span> <span class='ocrx_word' id='word_1_5' title='bbox 335 813 359 827; x_wconf 69' lang='lat' dir='ltr'>co</span> <span class='ocrx_word' id='word_1_6' title='bbox 370 806 416 826; x_wconf 63' lang='lat' dir='ltr'>alm</span> 
     </span>
     <span class='ocr_line' id='line_1_3' title="bbox 271 833 416 855; baseline -0.007 -2"><span class='ocrx_word' id='word_1_7' title='bbox 271 833 416 855; x_wconf 58' lang='lat' dir='ltr'>thigencrabs</span> 
     </span>
    </p>
   </div>
   <div class='ocr_carea' id='block_1_3' title="bbox 420 806 455 852">
    <p class='ocr_par' dir='ltr' id='par_1_3' title="bbox 420 806 455 852">
     <span class='ocr_line' id='line_1_4' title="bbox 420 806 454 826; baseline -0.029 0"><span class='ocrx_word' id='word_1_8' title='bbox 420 806 454 826; x_wconf 87' lang='lat' dir='ltr'>·lu·</span> 
     </span>
     <span class='ocr_line' id='line_1_5' title="bbox 426 839 455 852; baseline 0.034 -1"><span class='ocrx_word' id='word_1_9' title='bbox 426 839 455 852; x_wconf 82' lang='grc' dir='ltr'>ιιι-</span> 
     </span>
    </p>
   </div>
   <div class='ocr_carea' id='block_1_4' title="bbox 271 859 455 880">
    <p class='ocr_par' dir='ltr' id='par_1_4' title="bbox 271 859 455 880">
     <span class='ocr_line' id='line_1_6' title="bbox 271 859 455 880; baseline 0 -1"><span class='ocrx_word' id='word_1_10' title='bbox 271 861 347 880; x_wconf 66' lang='lat' dir='ltr'>mvau.</span> <span class='ocrx_word' id='word_1_11' title='bbox 363 860 397 879; x_wconf 65' lang='lat' dir='ltr'>luixt</span> <span class='ocrx_word' id='word_1_12' title='bbox 411 859 455 879; x_wconf 68' lang='lat' dir='ltr'>‹lie-</span> 
     </span>
    </p>
   </div>
   <div class='ocr_carea' id='block_1_5' title="bbox 271 886 457 907">
    <p class='ocr_par' dir='ltr' id='par_1_5' title="bbox 271 886 457 907">
     <span class='ocr_line' id='line_1_7' title="bbox 271 886 457 907; baseline -0.011 0"><span class='ocrx_word' id='word_1_13' title='bbox 271 888 309 907; x_wconf 70' lang='lat' dir='ltr'>luus</span> <span class='ocrx_word' id='word_1_14' title='bbox 335 886 379 906; x_wconf 76' lang='lat' dir='ltr'>ticri</span> <span class='ocrx_word' id='word_1_15' title='bbox 403 891 457 906; x_wconf 74' lang='lat' dir='ltr'>cun-</span> 
     </span>
    </p>
   </div>
   <div class='ocr_carea' id='block_1_6' title="bbox 271 913 346 933">
    <p class='ocr_par' dir='ltr' id='par_1_6' title="bbox 271 913 346 933">
     <span class='ocr_line' id='line_1_8' title="bbox 271 913 346 933; baseline 0 -1"><span class='ocrx_word' id='word_1_16' title='bbox 271 913 346 933; x_wconf 53' lang='lat' dir='ltr'>suevit</span> 
     </span>
    </p>
   </div>
   <div class='ocr_carea' id='block_1_7' title="bbox 276 1338 416 1386">
    <p class='ocr_par' dir='ltr' id='par_1_7' title="bbox 276 1338 416 1386">
     <span class='ocr_line' id='line_1_9' title="bbox 290 1338 416 1359; baseline 0 0"><span class='ocrx_word' id='word_1_17' title='bbox 290 1339 341 1359; x_wconf 68' lang='lat' dir='ltr'>Eam</span> <span class='ocrx_word' id='word_1_18' title='bbox 351 1338 416 1359; x_wconf 65' lang='lat' dir='ltr'>etiarn</span> 
     </span>
     <span class='ocr_line' id='line_1_10' title="bbox 276 1366 401 1386; baseline 0.008 -2"><span class='ocrx_word' id='word_1_19' title='bbox 276 1369 316 1386; x_wconf 69' lang='lat' dir='ltr'>ctis</span> <span class='ocrx_word' id='word_1_20' title='bbox 343 1366 401 1385; x_wconf 52' lang='lat' dir='ltr'>rastis</span> 
     </span>
    </p>
   </div>
   <div class='ocr_carea' id='block_1_8' title="bbox 277 1392 426 1413">
    <p class='ocr_par' dir='ltr' id='par_1_8' title="bbox 277 1392 426 1413">
     <span class='ocr_line' id='line_1_11' title="bbox 277 1392 426 1413; baseline -0.007 0"><span class='ocrx_word' id='word_1_21' title='bbox 277 1392 385 1413; x_wconf 66' lang='lat' dir='ltr'>Laurentii</span> <span class='ocrx_word' id='word_1_22' title='bbox 394 1394 412 1411; x_wconf 80' lang='lat' dir='ltr'>et</span> <span class='ocrx_word' id='word_1_23' title='bbox 422 1407 426 1412; x_wconf 86' lang='grc'><em>,</em></span> 
     </span>
    </p>
   </div>
   <div class='ocr_carea' id='block_1_9' title="bbox 277 1419 422 1466">
    <p class='ocr_par' dir='ltr' id='par_1_9' title="bbox 277 1419 422 1466">
     <span class='ocr_line' id='line_1_12' title="bbox 278 1419 422 1439; baseline 0.014 -2"><span class='ocrx_word' id='word_1_24' title='bbox 278 1423 280 1431; x_wconf 69' lang='grc'><em>’</em></span> <span class='ocrx_word' id='word_1_25' title='bbox 301 1419 328 1437; x_wconf 73' lang='lat' dir='ltr'>‘tl</span> <span class='ocrx_word' id='word_1_26' title='bbox 352 1419 395 1439; x_wconf 71' lang='lat' dir='ltr'>lieri</span> <span class='ocrx_word' id='word_1_27' title='bbox 411 1424 422 1439; x_wconf 74' lang='lat' dir='ltr'><strong><em>C</em></strong></span> 
     </span>
     <span class='ocr_line' id='line_1_13' title="bbox 277 1446 340 1466; baseline -0.016 0"><span class='ocrx_word' id='word_1_28' title='bbox 277 1446 340 1466; x_wconf 49' lang='lat' dir='ltr'>cwht.</span> 
     </span>
    </p>
   </div>
   <div class='ocr_carea' id='block_1_10' title="bbox 285 2031 434 2049">
    <p class='ocr_par' dir='ltr' id='par_1_10' title="bbox 285 2031 434 2049">
     <span class='ocr_line' id='line_1_14' title="bbox 285 2031 434 2049; baseline -0.007 -1"><span class='ocrx_word' id='word_1_29' title='bbox 285 2031 397 2049; x_wconf 54' lang='lat' dir='ltr'>(Diui-inlisi</span> <span class='ocrx_word' id='word_1_30' title='bbox 406 2031 434 2049; x_wconf 73' lang='lat' dir='ltr'>tn·</span> 
     </span>
    </p>
   </div>
   <div class='ocr_carea' id='block_1_11' title="bbox 287 2198 433 2238">
    <p class='ocr_par' dir='ltr' id='par_1_11' title="bbox 287 2198 433 2238">
     <span class='ocr_line' id='line_1_15' title="bbox 343 2198 433 2216; baseline 0 -6"><span class='ocrx_word' id='word_1_31' title='bbox 343 2198 433 2216; x_wconf 46' lang='lat' dir='ltr'>vaurpun</span> 
     </span>
     <span class='ocr_line' id='line_1_16' title="bbox 287 2217 432 2238; baseline 0 -1"><span class='ocrx_word' id='word_1_32' title='bbox 287 2218 357 2238; x_wconf 64' lang='lat' dir='ltr'>stan-ta</span> <span class='ocrx_word' id='word_1_33' title='bbox 374 2217 432 2237; x_wconf 65' lang='grc' dir='ltr'>(ΜΝ,</span> 
     </span>
    </p>
   </div>
   <div class='ocr_carea' id='block_1_12' title="bbox 427 1338 460 1413">
    <p class='ocr_par' dir='ltr' id='par_1_12' title="bbox 427 1338 460 1413">
     <span class='ocr_line' id='line_1_17' title="bbox 427 1338 460 1358; baseline 0 0"><span class='ocrx_word' id='word_1_34' title='bbox 427 1338 460 1358; x_wconf 85' lang='lat' dir='ltr'>di-</span> 
     </span>
     <span class='ocr_line' id='line_1_18' title="bbox 427 1365 460 1385; baseline 0 0"><span class='ocrx_word' id='word_1_35' title='bbox 427 1365 460 1385; x_wconf 76' lang='lat' dir='ltr'>Ss.</span> 
     </span>
     <span class='ocr_line' id='line_1_19' title="bbox 427 1393 460 1413; baseline -0.091 0"><span class='ocrx_word' id='word_1_36' title='bbox 427 1393 460 1413; x_wconf 70' lang='lat' dir='ltr'>lti-</span> 
     </span>
    </p>
   </div>
   <div class='ocr_carea' id='block_1_13' title="bbox 425 1425 461 1438">
    <p class='ocr_par' dir='ltr' id='par_1_13' title="bbox 425 1425 461 1438">
     <span class='ocr_line' id='line_1_20' title="bbox 425 1425 461 1438; baseline 0 0"><span class='ocrx_word' id='word_1_37' title='bbox 425 1425 461 1438; x_wconf 70' lang='lat' dir='ltr'>un-</span> 
     </span>
    </p>
   </div>
   <div class='ocr_carea' id='block_1_14' title="bbox 436 2031 466 2049">
    <p class='ocr_par' dir='ltr' id='par_1_14' title="bbox 436 2031 466 2049">
     <span class='ocr_line' id='line_1_21' title="bbox 436 2031 466 2049; baseline 0 0"><span class='ocrx_word' id='word_1_38' title='bbox 436 2031 466 2049; x_wconf 75' lang='lat' dir='ltr'>m,</span> 
     </span>
    </p>
   </div>
   <div class='ocr_carea' id='block_1_15' title="bbox 437 2193 469 2211">
    <p class='ocr_par' dir='ltr' id='par_1_15' title="bbox 437 2193 469 2211">
     <span class='ocr_line' id='line_1_22' title="bbox 437 2193 469 2211; baseline 0.031 -1"><span class='ocrx_word' id='word_1_39' title='bbox 437 2193 469 2211; x_wconf 68' lang='lat' dir='ltr'>utu</span> 
     </span>
    </p>
   </div>
   <div class='ocr_carea' id='block_1_16' title="bbox 499 260 561 294">
    <p class='ocr_par' dir='ltr' id='par_1_16' title="bbox 499 260 561 294">
     <span class='ocr_line' id='line_1_23' title="bbox 499 260 561 294; baseline -0.016 0"><span class='ocrx_word' id='word_1_40' title='bbox 499 260 561 294; x_wconf 78' lang='lat'>718</span> 
     </span>
    </p>
   </div>
   <div class='ocr_carea' id='block_1_17' title="bbox 465 314 1240 2708">
    <p class='ocr_par' dir='ltr' id='par_1_17' title="bbox 465 314 1214 734">
     <span class='ocr_line' id='line_1_24' title="bbox 465 314 1212 360; baseline -0.008 -7"><span class='ocrx_word' id='word_1_41' title='bbox 465 319 536 360; x_wconf 83' lang='lat' dir='ltr'>suit,</span> <span class='ocrx_word' id='word_1_42' title='bbox 563 330 600 352; x_wconf 84' lang='lat' dir='ltr'>ac</span> <span class='ocrx_word' id='word_1_43' title='bbox 624 318 730 352; x_wconf 88' lang='lat' dir='ltr'>Sancti</span> <span class='ocrx_word' id='word_1_44' title='bbox 747 316 876 350; x_wconf 85' lang='lat' dir='ltr'>Antonii</span> <span class='ocrx_word' id='word_1_45' title='bbox 902 315 1050 356; x_wconf 79' lang='lat' dir='ltr'>Abhatis,</span> <span class='ocrx_word' id='word_1_46' title='bbox 1071 325 1136 358; x_wconf 88' lang='lat' dir='ltr'>quo</span> <span class='ocrx_word' id='word_1_47' title='bbox 1161 314 1212 347; x_wconf 89' lang='lat' dir='ltr'>die</span> 
     </span>
     <span class='ocr_line' id='line_1_25' title="bbox 465 367 1211 417; baseline -0.008 -11"><span class='ocrx_word' id='word_1_48' title='bbox 465 373 532 417; x_wconf 89' lang='lat' dir='ltr'>ipse</span> <span class='ocrx_word' id='word_1_49' title='bbox 550 371 636 405; x_wconf 92' lang='lat' dir='ltr'>Ordo</span> <span class='ocrx_word' id='word_1_50' title='bbox 656 381 673 403; x_wconf 91' lang='lat' dir='ltr'>a</span> <span class='ocrx_word' id='word_1_51' title='bbox 691 370 792 403; x_wconf 84' lang='lat' dir='ltr'>felicis</span> <span class='ocrx_word' id='word_1_52' title='bbox 805 367 1036 403; x_wconf 89' lang='lat' dir='ltr'>recordationis</span> <span class='ocrx_word' id='word_1_53' title='bbox 1053 367 1211 411; x_wconf 79' lang='lat' dir='ltr'>Gregorio</span> 
     </span>
     <span class='ocr_line' id='line_1_26' title="bbox 465 420 1213 470; baseline -0.009 -11"><span class='ocrx_word' id='word_1_54' title='bbox 465 436 547 470; x_wconf 89' lang='lat' dir='ltr'>papa</span> <span class='ocrx_word' id='word_1_55' title='bbox 562 434 660 464; x_wconf 90' lang='lat' dir='ltr'>nono,</span> <span class='ocrx_word' id='word_1_56' title='bbox 687 421 934 467; x_wconf 76' lang='lat' dir='ltr'>praedecessore</span> <span class='ocrx_word' id='word_1_57' title='bbox 951 425 1074 462; x_wconf 87' lang='lat' dir='ltr'>nostro,</span> <span class='ocrx_word' id='word_1_58' title='bbox 1096 420 1213 453; x_wconf 87' lang='lat' dir='ltr'>confir-</span> 
     </span>
     <span class='ocr_line' id='line_1_27' title="bbox 466 474 1214 518; baseline -0.007 -6"><span class='ocrx_word' id='word_1_59' title='bbox 466 485 570 512; x_wconf 88' lang='lat' dir='ltr'>matus</span> <span class='ocrx_word' id='word_1_60' title='bbox 582 477 658 518; x_wconf 82' lang='lat' dir='ltr'>suit,</span> <span class='ocrx_word' id='word_1_61' title='bbox 674 478 705 510; x_wconf 94' lang='lat' dir='ltr'>in</span> <span class='ocrx_word' id='word_1_62' title='bbox 718 475 916 510; x_wconf 78' lang='lat' dir='ltr'>fundationis</span> <span class='ocrx_word' id='word_1_63' title='bbox 932 481 962 508; x_wconf 90' lang='lat' dir='ltr'>et</span> <span class='ocrx_word' id='word_1_64' title='bbox 978 474 1214 508; x_wconf 84' lang='lat' dir='ltr'>confimationis</span> 
     </span>
     <span class='ocr_line' id='line_1_28' title="bbox 467 528 1214 573; baseline -0.007 -7"><span class='ocrx_word' id='word_1_65' title='bbox 467 530 650 566; x_wconf 88' lang='lat' dir='ltr'>huiusmodi</span> <span class='ocrx_word' id='word_1_66' title='bbox 665 531 865 571; x_wconf 79' lang='lat' dir='ltr'>memoriam,</span> <span class='ocrx_word' id='word_1_67' title='bbox 892 529 1027 573; x_wconf 82' lang='lat' dir='ltr'>singulis</span> <span class='ocrx_word' id='word_1_68' title='bbox 1052 528 1144 562; x_wconf 88' lang='lat' dir='ltr'>annis</span> <span class='ocrx_word' id='word_1_69' title='bbox 1164 538 1214 561; x_wconf 92' lang='lat' dir='ltr'>so-</span> 
     </span>
     <span class='ocr_line' id='line_1_29' title="bbox 467 578 1212 620; baseline -0.004 -5"><span class='ocrx_word' id='word_1_70' title='bbox 467 582 614 617; x_wconf 88' lang='lat' dir='ltr'>lemniter</span> <span class='ocrx_word' id='word_1_71' title='bbox 652 581 914 620; x_wconf 79' lang='lat' dir='ltr'>celebrarentur,</span> <span class='ocrx_word' id='word_1_72' title='bbox 948 578 1212 620; x_wconf 80' lang='lat' dir='ltr'>concesserimus,</span> 
     </span>
     <span class='ocr_line' id='line_1_30' title="bbox 468 632 1211 680; baseline -0.008 -10"><span class='ocrx_word' id='word_1_73' title='bbox 468 641 564 680; x_wconf 89' lang='lat' dir='ltr'>prout</span> <span class='ocrx_word' id='word_1_74' title='bbox 575 636 607 669; x_wconf 90' lang='lat' dir='ltr'>in</span> <span class='ocrx_word' id='word_1_75' title='bbox 620 636 748 676; x_wconf 87' lang='lat' dir='ltr'>nostris,</span> <span class='ocrx_word' id='word_1_76' title='bbox 764 634 824 668; x_wconf 88' lang='lat' dir='ltr'>sub</span> <span class='ocrx_word' id='word_1_77' title='bbox 837 634 900 667; x_wconf 88' lang='lat' dir='ltr'>dat.</span> <span class='ocrx_word' id='word_1_78' title='bbox 922 633 971 667; x_wconf 89' lang='lat' dir='ltr'>die</span> <span class='ocrx_word' id='word_1_79' title='bbox 986 643 1006 666; x_wconf 86' lang='lat' dir='ltr'>x</span> <span class='ocrx_word' id='word_1_80' title='bbox 1019 632 1122 666; x_wconf 87' lang='lat' dir='ltr'>martii</span> <span class='ocrx_word' id='word_1_81' title='bbox 1138 641 1211 673; x_wconf 77' lang='lat' dir='ltr'>Mne,</span> 
     </span>
     <span class='ocr_line' id='line_1_31' title="bbox 469 687 1126 734; baseline -0.008 -11"><span class='ocrx_word' id='word_1_82' title='bbox 469 689 622 734; x_wconf 82' lang='lat' dir='ltr'>expeditis</span> <span class='ocrx_word' id='word_1_83' title='bbox 646 689 758 722; x_wconf 88' lang='lat' dir='ltr'>litteris</span> <span class='ocrx_word' id='word_1_84' title='bbox 783 688 911 732; x_wconf 82' lang='lat' dir='ltr'>plenius</span> <span class='ocrx_word' id='word_1_85' title='bbox 927 687 1126 720; x_wconf 88' lang='lat' dir='ltr'>continetur.</span> 
     </span>
    </p>

    <p class='ocr_par' dir='ltr' id='par_1_18' title="bbox 471 739 1223 1265">
     <span class='ocr_line' id='line_1_32' title="bbox 514 739 1213 788; baseline -0.009 -11"><span class='ocrx_word' id='word_1_86' title='bbox 514 745 529 788; x_wconf 64' lang='grc' dir='ltr'><strong>ἓ</strong></span> <span class='ocrx_word' id='word_1_87' title='bbox 554 743 586 777; x_wconf 77' lang='grc'>’1,</span> <span class='ocrx_word' id='word_1_88' title='bbox 605 743 749 786; x_wconf 81' lang='lat' dir='ltr'>Cumque</span> <span class='ocrx_word' id='word_1_89' title='bbox 774 752 811 775; x_wconf 83' lang='lat' dir='ltr'>ex</span> <span class='ocrx_word' id='word_1_90' title='bbox 836 741 969 784; x_wconf 87' lang='lat' dir='ltr'>antiquo</span> <span class='ocrx_word' id='word_1_91' title='bbox 995 739 1136 774; x_wconf 87' lang='lat' dir='ltr'>eiusdem</span> <span class='ocrx_word' id='word_1_92' title='bbox 1153 739 1213 772; x_wconf 93' lang='lat' dir='ltr'>Or-</span> 
     </span>
     <span class='ocr_line' id='line_1_33' title="bbox 471 792 1216 836; baseline -0.008 -5"><span class='ocrx_word' id='word_1_93' title='bbox 471 797 552 831; x_wconf 80' lang='lat' dir='ltr'>dinis</span> <span class='ocrx_word' id='word_1_94' title='bbox 576 796 736 836; x_wconf 76' lang='lat' dir='ltr'>instituto,</span> <span class='ocrx_word' id='word_1_95' title='bbox 760 794 872 828; x_wconf 87' lang='lat' dir='ltr'>diebus</span> <span class='ocrx_word' id='word_1_96' title='bbox 896 794 926 827; x_wconf 88' lang='lat' dir='ltr'>S.</span> <span class='ocrx_word' id='word_1_97' title='bbox 952 793 1139 827; x_wconf 81' lang='lat' dir='ltr'>Catharinae</span> <span class='ocrx_word' id='word_1_98' title='bbox 1157 792 1216 825; x_wconf 88' lang='lat' dir='ltr'>vir-</span> 
     </span>
     <span class='ocr_line' id='line_1_34' title="bbox 471 846 1214 894; baseline -0.005 -12"><span class='ocrx_word' id='word_1_99' title='bbox 471 850 554 894; x_wconf 82' lang='lat' dir='ltr'>ginis</span> <span class='ocrx_word' id='word_1_100' title='bbox 573 855 603 884; x_wconf 87' lang='lat' dir='ltr'>et</span> <span class='ocrx_word' id='word_1_101' title='bbox 616 849 776 894; x_wconf 74' lang='lat' dir='ltr'>martyris,</span> <span class='ocrx_word' id='word_1_102' title='bbox 793 847 889 881; x_wconf 80' lang='lat' dir='ltr'>feriae</span> <span class='ocrx_word' id='word_1_103' title='bbox 903 852 1035 891; x_wconf 83' lang='lat' dir='ltr'>quartae</span> <span class='ocrx_word' id='word_1_104' title='bbox 1050 846 1214 886; x_wconf 62' lang='lat' dir='ltr'>Cinaram,</span> 
     </span>
     <span class='ocr_line' id='line_1_35' title="bbox 472 896 1219 944; baseline -0.007 -9"><span class='ocrx_word' id='word_1_105' title='bbox 472 909 504 936; x_wconf 89' lang='lat' dir='ltr'>et</span> <span class='ocrx_word' id='word_1_106' title='bbox 539 902 635 936; x_wconf 82' lang='lat' dir='ltr'>feriae</span> <span class='ocrx_word' id='word_1_107' title='bbox 672 901 804 944; x_wconf 86' lang='lat' dir='ltr'>quintae</span> <span class='ocrx_word' id='word_1_108' title='bbox 829 899 860 932; x_wconf 91' lang='lat' dir='ltr'>in</span> <span class='ocrx_word' id='word_1_109' title='bbox 888 899 993 933; x_wconf 72' lang='lat' dir='ltr'>Coena</span> <span class='ocrx_word' id='word_1_110' title='bbox 1027 897 1163 930; x_wconf 76' lang='lat' dir='ltr'>Domini</span> <span class='ocrx_word' id='word_1_111' title='bbox 1187 896 1219 930; x_wconf 88' lang='lat' dir='ltr'>in</span> 
     </span>
     <span class='ocr_line' id='line_1_36' title="bbox 474 951 1217 1000; baseline -0.008 -11"><span class='ocrx_word' id='word_1_112' title='bbox 474 957 543 1000; x_wconf 87' lang='lat' dir='ltr'>ipso</span> <span class='ocrx_word' id='word_1_113' title='bbox 568 955 687 989; x_wconf 86' lang='lat' dir='ltr'>Ordine</span> <span class='ocrx_word' id='word_1_114' title='bbox 712 953 870 987; x_wconf 75' lang='lat' dir='ltr'>absolutio</span> <span class='ocrx_word' id='word_1_115' title='bbox 896 958 927 986; x_wconf 88' lang='lat' dir='ltr'>et</span> <span class='ocrx_word' id='word_1_116' title='bbox 950 951 1136 985; x_wconf 80' lang='lat' dir='ltr'>benedictio</span> <span class='ocrx_word' id='word_1_117' title='bbox 1160 961 1217 993; x_wconf 78' lang='lat' dir='ltr'>ge-</span> 
     </span>
     <span class='ocr_line' id='line_1_37' title="bbox 472 1002 1222 1050; baseline -0.009 -7"><span class='ocrx_word' id='word_1_118' title='bbox 472 1009 590 1043; x_wconf 86' lang='lat' dir='ltr'>neralis</span> <span class='ocrx_word' id='word_1_119' title='bbox 610 1008 677 1041; x_wconf 87' lang='lat' dir='ltr'>fieri</span> <span class='ocrx_word' id='word_1_120' title='bbox 695 1002 814 1047; x_wconf 79' lang='lat' dir='ltr'>soleat,</span> <span class='ocrx_word' id='word_1_121' title='bbox 849 1017 932 1050; x_wconf 87' lang='lat' dir='ltr'>quae</span> <span class='ocrx_word' id='word_1_122' title='bbox 959 1005 1055 1039; x_wconf 87' lang='lat' dir='ltr'>etiam</span> <span class='ocrx_word' id='word_1_123' title='bbox 1082 1015 1139 1048; x_wconf 88' lang='lat' dir='ltr'>per</span> <span class='ocrx_word' id='word_1_124' title='bbox 1162 1014 1222 1037; x_wconf 88' lang='lat' dir='ltr'>nos</span> 
     </span>
     <span class='ocr_line' id='line_1_38' title="bbox 472 1057 1222 1106; baseline -0.009 -10"><span class='ocrx_word' id='word_1_125' title='bbox 472 1062 595 1106; x_wconf 88' lang='lat' dir='ltr'>pridem</span> <span class='ocrx_word' id='word_1_126' title='bbox 613 1061 801 1096; x_wconf 81' lang='lat' dir='ltr'>confirmata</span> <span class='ocrx_word' id='word_1_127' title='bbox 823 1060 894 1100; x_wconf 85' lang='lat' dir='ltr'>suit,</span> <span class='ocrx_word' id='word_1_128' title='bbox 912 1064 1008 1104; x_wconf 90' lang='lat' dir='ltr'>prout</span> <span class='ocrx_word' id='word_1_129' title='bbox 1031 1058 1064 1090; x_wconf 85' lang='lat' dir='ltr'>in</span> <span class='ocrx_word' id='word_1_130' title='bbox 1081 1057 1150 1090; x_wconf 89' lang='lat' dir='ltr'>aliis</span> <span class='ocrx_word' id='word_1_131' title='bbox 1165 1067 1222 1090; x_wconf 88' lang='lat' dir='ltr'>no-</span> 
     </span>
     <span class='ocr_line' id='line_1_39' title="bbox 472 1112 1218 1157; baseline -0.007 -9"><span class='ocrx_word' id='word_1_132' title='bbox 472 1116 558 1156; x_wconf 88' lang='lat' dir='ltr'>stris,</span> <span class='ocrx_word' id='word_1_133' title='bbox 578 1116 638 1149; x_wconf 90' lang='lat' dir='ltr'>sub</span> <span class='ocrx_word' id='word_1_134' title='bbox 657 1114 722 1147; x_wconf 84' lang='lat' dir='ltr'>dat.</span> <span class='ocrx_word' id='word_1_135' title='bbox 739 1113 790 1147; x_wconf 85' lang='lat' dir='ltr'>die</span> <span class='ocrx_word' id='word_1_136' title='bbox 809 1123 850 1146; x_wconf 82' lang='lat' dir='ltr'>xx</span> <span class='ocrx_word' id='word_1_137' title='bbox 867 1112 975 1157; x_wconf 85' lang='lat' dir='ltr'>aprilis</span> <span class='ocrx_word' id='word_1_138' title='bbox 989 1121 1111 1151; x_wconf 77' lang='lat' dir='ltr'>mnxcu,</span> <span class='ocrx_word' id='word_1_139' title='bbox 1135 1121 1218 1154; x_wconf 91' lang='lat' dir='ltr'>pon-</span> 
     </span>
     <span class='ocr_line' id='line_1_40' title="bbox 474 1164 1223 1210; baseline -0.009 -8"><span class='ocrx_word' id='word_1_140' title='bbox 474 1169 613 1202; x_wconf 85' lang='lat' dir='ltr'>tificatus</span> <span class='ocrx_word' id='word_1_141' title='bbox 632 1167 732 1201; x_wconf 81' lang='lat' dir='ltr'>nostri</span> <span class='ocrx_word' id='word_1_142' title='bbox 757 1176 879 1208; x_wconf 77' lang='lat' dir='ltr'>annor,</span> <span class='ocrx_word' id='word_1_143' title='bbox 899 1165 1053 1210; x_wconf 88' lang='lat' dir='ltr'>expeditis</span> <span class='ocrx_word' id='word_1_144' title='bbox 1074 1164 1223 1198; x_wconf 76' lang='lat' dir='ltr'>informa</span> 
     </span>
     <span class='ocr_line' id='line_1_41' title="bbox 473 1218 1176 1265; baseline -0.007 -10"><span class='ocrx_word' id='word_1_145' title='bbox 473 1220 703 1256; x_wconf 86' lang='lat' dir='ltr'>brevislitteris</span> <span class='ocrx_word' id='word_1_146' title='bbox 720 1220 847 1265; x_wconf 84' lang='lat' dir='ltr'>plenius</span> <span class='ocrx_word' id='word_1_147' title='bbox 867 1220 963 1253; x_wconf 87' lang='lat' dir='ltr'>etiam</span> <span class='ocrx_word' id='word_1_148' title='bbox 983 1218 1176 1252; x_wconf 85' lang='lat' dir='ltr'>continetur.</span> 
     </span>
    </p>

    <p class='ocr_par' dir='ltr' id='par_1_19' title="bbox 476 1271 1231 1962">
     <span class='ocr_line' id='line_1_42' title="bbox 521 1271 1224 1318; baseline -0.006 -10"><span class='ocrx_word' id='word_1_149' title='bbox 521 1278 537 1318; x_wconf 66' lang='grc' dir='ltr'>ἓ</span> <span class='ocrx_word' id='word_1_150' title='bbox 562 1275 593 1308; x_wconf 70' lang='lat'>2.</span> <span class='ocrx_word' id='word_1_151' title='bbox 617 1274 682 1315; x_wconf 75' lang='lat' dir='ltr'>Nos</span> <span class='ocrx_word' id='word_1_152' title='bbox 695 1274 835 1308; x_wconf 87' lang='lat' dir='ltr'>volentes</span> <span class='ocrx_word' id='word_1_153' title='bbox 854 1272 1006 1307; x_wconf 87' lang='lat' dir='ltr'>Ordinem</span> <span class='ocrx_word' id='word_1_154' title='bbox 1026 1271 1224 1315; x_wconf 85' lang='lat' dir='ltr'>praedictum</span> 
     </span>
     <span class='ocr_line' id='line_1_43' title="bbox 476 1324 1226 1374; baseline -0.009 -11"><span class='ocrx_word' id='word_1_155' title='bbox 476 1329 610 1374; x_wconf 87' lang='lat' dir='ltr'>eiusque</span> <span class='ocrx_word' id='word_1_156' title='bbox 633 1327 801 1371; x_wconf 81' lang='lat' dir='ltr'>religiosos</span> <span class='ocrx_word' id='word_1_157' title='bbox 825 1325 1033 1371; x_wconf 85' lang='lat' dir='ltr'>amplioribus</span> <span class='ocrx_word' id='word_1_158' title='bbox 1065 1324 1226 1358; x_wconf 81' lang='lat' dir='ltr'>favoribus</span> 
     </span>
     <span class='ocr_line' id='line_1_44' title="bbox 477 1377 1222 1427; baseline -0.009 -11"><span class='ocrx_word' id='word_1_159' title='bbox 477 1390 507 1416; x_wconf 84' lang='lat' dir='ltr'>et</span> <span class='ocrx_word' id='word_1_160' title='bbox 527 1382 638 1427; x_wconf 84' lang='lat' dir='ltr'>gratiis</span> <span class='ocrx_word' id='word_1_161' title='bbox 663 1381 832 1426; x_wconf 82' lang='lat' dir='ltr'>prosequi,</span> <span class='ocrx_word' id='word_1_162' title='bbox 860 1377 1147 1424; x_wconf 87' lang='lat' dir='ltr'>supplicationibus</span> <span class='ocrx_word' id='word_1_163' title='bbox 1171 1377 1222 1410; x_wconf 88' lang='lat' dir='ltr'>di-</span> 
     </span>
     <span class='ocr_line' id='line_1_45' title="bbox 477 1430 1225 1476; baseline -0.011 -5"><span class='ocrx_word' id='word_1_164' title='bbox 477 1436 550 1471; x_wconf 88' lang='lat' dir='ltr'>lecti</span> <span class='ocrx_word' id='word_1_165' title='bbox 577 1436 636 1469; x_wconf 86' lang='lat' dir='ltr'>filii</span> <span class='ocrx_word' id='word_1_166' title='bbox 659 1434 811 1469; x_wconf 89' lang='lat' dir='ltr'>Bernardi</span> <span class='ocrx_word' id='word_1_167' title='bbox 829 1434 866 1467; x_wconf 89' lang='lat' dir='ltr'>de</span> <span class='ocrx_word' id='word_1_168' title='bbox 880 1434 997 1476; x_wconf 80' lang='lat' dir='ltr'>Vargas</span> <span class='ocrx_word' id='word_1_169' title='bbox 1011 1431 1152 1465; x_wconf 86' lang='lat' dir='ltr'>eiusdem</span> <span class='ocrx_word' id='word_1_170' title='bbox 1168 1430 1225 1465; x_wconf 92' lang='lat' dir='ltr'>Or-</span> 
     </span>
     <span class='ocr_line' id='line_1_46' title="bbox 478 1485 1225 1532; baseline -0.008 -10"><span class='ocrx_word' id='word_1_171' title='bbox 478 1490 562 1523; x_wconf 87' lang='lat' dir='ltr'>dinis</span> <span class='ocrx_word' id='word_1_172' title='bbox 599 1487 816 1532; x_wconf 84' lang='lat' dir='ltr'>procuratoris</span> <span class='ocrx_word' id='word_1_173' title='bbox 848 1486 1005 1530; x_wconf 82' lang='lat' dir='ltr'>generalis</span> <span class='ocrx_word' id='word_1_174' title='bbox 1039 1494 1134 1529; x_wconf 90' lang='lat' dir='ltr'>super</span> <span class='ocrx_word' id='word_1_175' title='bbox 1167 1485 1225 1517; x_wconf 87' lang='lat' dir='ltr'>boc</span> 
     </span>
     <span class='ocr_line' id='line_1_47' title="bbox 478 1539 1228 1585; baseline -0.008 -8"><span class='ocrx_word' id='word_1_176' title='bbox 478 1544 570 1578; x_wconf 90' lang='lat' dir='ltr'>nobis</span> <span class='ocrx_word' id='word_1_177' title='bbox 594 1542 757 1576; x_wconf 83' lang='lat' dir='ltr'>humiliter</span> <span class='ocrx_word' id='word_1_178' title='bbox 781 1540 936 1585; x_wconf 81' lang='lat' dir='ltr'>porrectis</span> <span class='ocrx_word' id='word_1_179' title='bbox 957 1539 1117 1580; x_wconf 86' lang='lat' dir='ltr'>inclinati,</span> <span class='ocrx_word' id='word_1_180' title='bbox 1141 1539 1228 1572; x_wconf 92' lang='lat' dir='ltr'>utsi-</span> 
     </span>
     <span class='ocr_line' id='line_1_48' title="bbox 479 1593 1224 1637; baseline -0.008 -6"><span class='ocrx_word' id='word_1_181' title='bbox 479 1598 564 1631; x_wconf 88' lang='lat' dir='ltr'>mitis</span> <span class='ocrx_word' id='word_1_182' title='bbox 589 1596 747 1630; x_wconf 88' lang='lat' dir='ltr'>absolutio</span> <span class='ocrx_word' id='word_1_183' title='bbox 773 1600 802 1628; x_wconf 88' lang='lat' dir='ltr'>et</span> <span class='ocrx_word' id='word_1_184' title='bbox 825 1593 1013 1633; x_wconf 62' lang='lat' dir='ltr'>benedictio</span> <span class='ocrx_word' id='word_1_185' title='bbox 1046 1593 1224 1637; x_wconf 81' lang='lat' dir='ltr'>generalis,</span> 
     </span>
     <span class='ocr_line' id='line_1_49' title="bbox 479 1643 1229 1695; baseline -0.008 -10"><span class='ocrx_word' id='word_1_186' title='bbox 479 1652 575 1686; x_wconf 83' lang='lat' dir='ltr'>ctiam</span> <span class='ocrx_word' id='word_1_187' title='bbox 610 1649 803 1695; x_wconf 77' lang='lat' dir='ltr'>supradictis</span> <span class='ocrx_word' id='word_1_188' title='bbox 832 1648 960 1682; x_wconf 88' lang='lat' dir='ltr'>duobus</span> <span class='ocrx_word' id='word_1_189' title='bbox 997 1643 1112 1682; x_wconf 79' lang='lat' dir='ltr'>&lt;liebus</span> <span class='ocrx_word' id='word_1_190' title='bbox 1143 1646 1229 1680; x_wconf 85' lang='lat' dir='ltr'>sestis</span> 
     </span>
     <span class='ocr_line' id='line_1_50' title="bbox 479 1699 1229 1744; baseline -0.007 -6"><span class='ocrx_word' id='word_1_191' title='bbox 479 1705 510 1738; x_wconf 87' lang='lat' dir='ltr'>S.</span> <span class='ocrx_word' id='word_1_192' title='bbox 540 1703 705 1737; x_wconf 86' lang='lat' dir='ltr'>Laurentii</span> <span class='ocrx_word' id='word_1_193' title='bbox 730 1708 759 1735; x_wconf 90' lang='lat' dir='ltr'>et</span> <span class='ocrx_word' id='word_1_194' title='bbox 785 1702 815 1735; x_wconf 90' lang='lat' dir='ltr'>S.</span> <span class='ocrx_word' id='word_1_195' title='bbox 846 1701 973 1735; x_wconf 78' lang='lat' dir='ltr'>Antonii</span> <span class='ocrx_word' id='word_1_196' title='bbox 1004 1700 1034 1733; x_wconf 90' lang='lat' dir='ltr'>in</span> <span class='ocrx_word' id='word_1_197' title='bbox 1068 1699 1229 1744; x_wconf 83' lang='lat' dir='ltr'>praedicto</span> 
     </span>
     <span class='ocr_line' id='line_1_51' title="bbox 479 1752 1230 1801; baseline -0.007 -11"><span class='ocrx_word' id='word_1_198' title='bbox 479 1758 610 1799; x_wconf 86' lang='lat' dir='ltr'>Ordine,</span> <span class='ocrx_word' id='word_1_199' title='bbox 621 1757 755 1801; x_wconf 86' lang='lat' dir='ltr'>eiusque</span> <span class='ocrx_word' id='word_1_200' title='bbox 773 1754 973 1790; x_wconf 89' lang='lat' dir='ltr'>monasteriis</span> <span class='ocrx_word' id='word_1_201' title='bbox 981 1758 1012 1786; x_wconf 88' lang='lat' dir='ltr'>et</span> <span class='ocrx_word' id='word_1_202' title='bbox 1022 1752 1230 1787; x_wconf 86' lang='lat' dir='ltr'>conventibus</span> 
     </span>
     <span class='ocr_line' id='line_1_52' title="bbox 481 1806 1230 1856; baseline -0.008 -11"><span class='ocrx_word' id='word_1_203' title='bbox 481 1812 547 1846; x_wconf 86' lang='lat' dir='ltr'>fleri</span> <span class='ocrx_word' id='word_1_204' title='bbox 566 1810 677 1856; x_wconf 87' lang='lat' dir='ltr'>possit,</span> <span class='ocrx_word' id='word_1_205' title='bbox 696 1808 884 1843; x_wconf 85' lang='lat' dir='ltr'>auctoritate</span> <span class='ocrx_word' id='word_1_206' title='bbox 904 1806 1100 1852; x_wconf 80' lang='lat' dir='ltr'>apostoliea,</span> <span class='ocrx_word' id='word_1_207' title='bbox 1123 1812 1230 1839; x_wconf 82' lang='lat' dir='ltr'>tenore</span> 
     </span>
     <span class='ocr_line' id='line_1_53' title="bbox 481 1859 1231 1910; baseline -0.008 -12"><span class='ocrx_word' id='word_1_208' title='bbox 481 1864 708 1910; x_wconf 86' lang='lat' dir='ltr'>praesentium,</span> <span class='ocrx_word' id='word_1_209' title='bbox 733 1866 888 1907; x_wconf 88' lang='lat' dir='ltr'>perpetuo</span> <span class='ocrx_word' id='word_1_210' title='bbox 906 1859 1114 1894; x_wconf 84' lang='lat' dir='ltr'>concedimus</span> <span class='ocrx_word' id='word_1_211' title='bbox 1134 1864 1163 1893; x_wconf 91' lang='lat' dir='ltr'>ct</span> <span class='ocrx_word' id='word_1_212' title='bbox 1183 1859 1231 1892; x_wconf 88' lang='lat' dir='ltr'>in-</span> 
     </span>
     <span class='ocr_line' id='line_1_54' title="bbox 481 1919 660 1962; baseline -0.006 -11"><span class='ocrx_word' id='word_1_213' title='bbox 481 1919 660 1962; x_wconf 83' lang='lat' dir='ltr'>dulgemus.</span> 
     </span>
    </p>

    <p class='ocr_par' dir='ltr' id='par_1_20' title="bbox 484 1966 1234 2121">
     <span class='ocr_line' id='line_1_55' title="bbox 527 1966 1233 2015; baseline -0.008 -10"><span class='ocrx_word' id='word_1_214' title='bbox 527 1971 591 2015; x_wconf 73' lang='lat'>§3.</span> <span class='ocrx_word' id='word_1_215' title='bbox 617 1970 686 2005; x_wconf 81' lang='lat' dir='ltr'>Non</span> <span class='ocrx_word' id='word_1_216' title='bbox 717 1967 920 2003; x_wconf 73' lang='lat' dir='ltr'>obstantibus</span> <span class='ocrx_word' id='word_1_217' title='bbox 946 1966 1233 2000; x_wconf 74' lang='lat' dir='ltr'>constitutionibus</span> 
     </span>
     <span class='ocr_line' id='line_1_56' title="bbox 484 2020 1234 2066; baseline -0.009 -7"><span class='ocrx_word' id='word_1_218' title='bbox 484 2031 514 2059; x_wconf 87' lang='lat' dir='ltr'>et</span> <span class='ocrx_word' id='word_1_219' title='bbox 534 2022 793 2060; x_wconf 85' lang='lat' dir='ltr'>ordinationibus</span> <span class='ocrx_word' id='word_1_220' title='bbox 813 2020 1010 2066; x_wconf 82' lang='lat' dir='ltr'>apostolicis,</span> <span class='ocrx_word' id='word_1_221' title='bbox 1039 2020 1234 2064; x_wconf 82' lang='lat' dir='ltr'>caeterisque</span> 
     </span>
     <span class='ocr_line' id='line_1_57' title="bbox 487 2076 952 2121; baseline -0.011 -10"><span class='ocrx_word' id='word_1_222' title='bbox 487 2077 655 2113; x_wconf 85' lang='lat' dir='ltr'>contrariis</span> <span class='ocrx_word' id='word_1_223' title='bbox 679 2076 952 2121; x_wconf 82' lang='lat' dir='ltr'>(piibuscumque.</span> 
     </span>
    </p>

    <p class='ocr_par' dir='ltr' id='par_1_21' title="bbox 487 2127 1238 2442">
     <span class='ocr_line' id='line_1_58' title="bbox 531 2127 1234 2174; baseline -0.01 -9"><span class='ocrx_word' id='word_1_224' title='bbox 531 2133 546 2174; x_wconf 59' lang='grc' dir='ltr'>,ξ</span> <span class='ocrx_word' id='word_1_225' title='bbox 571 2131 601 2164; x_wconf 67' lang='lat' dir='ltr'>ln.</span> <span class='ocrx_word' id='word_1_226' title='bbox 630 2130 785 2164; x_wconf 76' lang='lat' dir='ltr'>Volumus</span> <span class='ocrx_word' id='word_1_227' title='bbox 810 2133 915 2162; x_wconf 90' lang='lat' dir='ltr'>autem</span> <span class='ocrx_word' id='word_1_228' title='bbox 957 2134 991 2161; x_wconf 92' lang='lat' dir='ltr'>ut</span> <span class='ocrx_word' id='word_1_229' title='bbox 1023 2127 1234 2172; x_wconf 80' lang='lat' dir='ltr'>praesentium</span> 
     </span>
     <span class='ocr_line' id='line_1_59' title="bbox 488 2180 1231 2229; baseline -0.008 -11"><span class='ocrx_word' id='word_1_230' title='bbox 488 2183 710 2229; x_wconf 82' lang='lat' dir='ltr'>transumptis,</span> <span class='ocrx_word' id='word_1_231' title='bbox 736 2183 831 2216; x_wconf 88' lang='lat' dir='ltr'>etiam</span> <span class='ocrx_word' id='word_1_232' title='bbox 852 2181 1026 2227; x_wconf 70' lang='lat' dir='ltr'>impressis,</span> <span class='ocrx_word' id='word_1_233' title='bbox 1054 2191 1150 2214; x_wconf 90' lang='lat' dir='ltr'>manu</span> <span class='ocrx_word' id='word_1_234' title='bbox 1171 2180 1231 2213; x_wconf 80' lang='lat' dir='ltr'>ali-</span> 
     </span>
     <span class='ocr_line' id='line_1_60' title="bbox 488 2234 1236 2280; baseline -0.009 -8"><span class='ocrx_word' id='word_1_235' title='bbox 488 2239 578 2272; x_wconf 79' lang='lat' dir='ltr'>cuius</span> <span class='ocrx_word' id='word_1_236' title='bbox 595 2237 711 2272; x_wconf 84' lang='lat' dir='ltr'>notarii</span> <span class='ocrx_word' id='word_1_237' title='bbox 737 2235 855 2280; x_wconf 80' lang='lat' dir='ltr'>publici</span> <span class='ocrx_word' id='word_1_238' title='bbox 881 2235 1069 2279; x_wconf 75' lang='lat' dir='ltr'>subscriptis</span> <span class='ocrx_word' id='word_1_239' title='bbox 1084 2239 1114 2267; x_wconf 84' lang='lat' dir='ltr'>et</span> <span class='ocrx_word' id='word_1_240' title='bbox 1131 2234 1236 2276; x_wconf 77' lang='lat' dir='ltr'>sigillo</span> 
     </span>
     <span class='ocr_line' id='line_1_61' title="bbox 487 2287 1236 2336; baseline -0.009 -10"><span class='ocrx_word' id='word_1_241' title='bbox 487 2293 620 2326; x_wconf 86' lang='lat' dir='ltr'>alicuius</span> <span class='ocrx_word' id='word_1_242' title='bbox 638 2300 791 2336; x_wconf 80' lang='lat' dir='ltr'>personae</span> <span class='ocrx_word' id='word_1_243' title='bbox 807 2290 838 2323; x_wconf 87' lang='lat' dir='ltr'>in</span> <span class='ocrx_word' id='word_1_244' title='bbox 853 2288 1007 2332; x_wconf 71' lang='lat' dir='ltr'>dignitate</span> <span class='ocrx_word' id='word_1_245' title='bbox 1024 2287 1236 2322; x_wconf 70' lang='lat' dir='ltr'>ecclesiastica</span> 
     </span>
     <span class='ocr_line' id='line_1_62' title="bbox 489 2343 1238 2385; baseline -0.005 -8"><span class='ocrx_word' id='word_1_246' title='bbox 489 2345 682 2379; x_wconf 65' lang='lat' dir='ltr'>ronstitutae</span> <span class='ocrx_word' id='word_1_247' title='bbox 696 2344 829 2378; x_wconf 87' lang='lat' dir='ltr'>munitis</span> <span class='ocrx_word' id='word_1_248' title='bbox 844 2343 966 2382; x_wconf 83' lang='lat' dir='ltr'>cadem,</span> <span class='ocrx_word' id='word_1_249' title='bbox 988 2353 1069 2385; x_wconf 83' lang='lat' dir='ltr'>quae</span> <span class='ocrx_word' id='word_1_250' title='bbox 1094 2351 1238 2385; x_wconf 86' lang='lat' dir='ltr'>praesen-</span> 
     </span>
     <span class='ocr_line' id='line_1_63' title="bbox 491 2395 969 2442; baseline -0.01 -10"><span class='ocrx_word' id='word_1_251' title='bbox 491 2399 576 2432; x_wconf 82' lang='lat' dir='ltr'>tibus</span> <span class='ocrx_word' id='word_1_252' title='bbox 599 2398 688 2442; x_wconf 77' lang='lat' dir='ltr'>ipsis,</span> <span class='ocrx_word' id='word_1_253' title='bbox 705 2397 784 2431; x_wconf 84' lang='lat' dir='ltr'>sides</span> <span class='ocrx_word' id='word_1_254' title='bbox 805 2395 969 2429; x_wconf 81' lang='lat' dir='ltr'>habeatur.</span> 
     </span>
    </p>

    <p class='ocr_par' dir='ltr' id='par_1_22' title="bbox 491 2445 1240 2644">
     <span class='ocr_line' id='line_1_64' title="bbox 535 2445 1239 2493; baseline -0.01 -8"><span class='ocrx_word' id='word_1_255' title='bbox 535 2453 648 2485; x_wconf 88' lang='lat' dir='ltr'>Datum</span> <span class='ocrx_word' id='word_1_256' title='bbox 675 2451 792 2485; x_wconf 71' lang='lat' dir='ltr'>Itomae</span> <span class='ocrx_word' id='word_1_257' title='bbox 828 2449 913 2493; x_wconf 85' lang='lat' dir='ltr'>apud</span> <span class='ocrx_word' id='word_1_258' title='bbox 938 2448 969 2481; x_wconf 80' lang='lat' dir='ltr'>S.</span> <span class='ocrx_word' id='word_1_259' title='bbox 990 2448 1154 2486; x_wconf 78' lang='lat' dir='ltr'>Marcum,</span> <span class='ocrx_word' id='word_1_260' title='bbox 1180 2445 1239 2480; x_wconf 81' lang='lat' dir='ltr'>sub</span> 
     </span>
     <span class='ocr_line' id='line_1_65' title="bbox 491 2499 1239 2543; baseline -0.008 -5"><span class='ocrx_word' id='word_1_261' title='bbox 491 2506 609 2539; x_wconf 80' lang='lat' dir='ltr'>annulo</span> <span class='ocrx_word' id='word_1_262' title='bbox 628 2504 808 2543; x_wconf 71' lang='lat' dir='ltr'>Piscatorts,</span> <span class='ocrx_word' id='word_1_263' title='bbox 824 2502 874 2536; x_wconf 89' lang='lat' dir='ltr'>die</span> <span class='ocrx_word' id='word_1_264' title='bbox 888 2511 959 2535; x_wconf 74' lang='lat' dir='ltr'>xxiv</span> <span class='ocrx_word' id='word_1_265' title='bbox 977 2501 1057 2541; x_wconf 87' lang='lat' dir='ltr'>iulii,</span> <span class='ocrx_word' id='word_1_266' title='bbox 1070 2499 1239 2533; x_wconf 83' lang='lat' dir='ltr'>millesimo</span> 
     </span>
     <span class='ocr_line' id='line_1_66' title="bbox 492 2553 1240 2602; baseline -0.008 -11"><span class='ocrx_word' id='word_1_267' title='bbox 492 2558 725 2591; x_wconf 64' lang='lat' dir='ltr'>sexcentesimo</span> <span class='ocrx_word' id='word_1_268' title='bbox 755 2557 882 2602; x_wconf 89' lang='lat' dir='ltr'>primo,</span> <span class='ocrx_word' id='word_1_269' title='bbox 910 2555 1115 2600; x_wconf 76' lang='lat' dir='ltr'>pontificatus</span> <span class='ocrx_word' id='word_1_270' title='bbox 1141 2553 1240 2586; x_wconf 80' lang='lat' dir='ltr'>nostri</span> 
     </span>
     <span class='ocr_line' id='line_1_67' title="bbox 493 2622 625 2644; baseline 0 -1"><span class='ocrx_word' id='word_1_271' title='bbox 493 2623 578 2644; x_wconf 79' lang='lat' dir='ltr'>:inno</span> <span class='ocrx_word' id='word_1_272' title='bbox 599 2622 625 2644; x_wconf 72' lang='lat' dir='ltr'>x.</span> 
     </span>
    </p>

    <p class='ocr_par' dir='ltr' id='par_1_23' title="bbox 531 2672 1096 2708">
     <span class='ocr_line' id='line_1_68' title="bbox 531 2672 1096 2708; baseline -0.007 -8"><span class='ocrx_word' id='word_1_273' title='bbox 531 2674 587 2700; x_wconf 50' lang='lat' dir='ltr'>ltat,</span> <span class='ocrx_word' id='word_1_274' title='bbox 607 2673 648 2701; x_wconf 73' lang='lat' dir='ltr'>ulie</span> <span class='ocrx_word' id='word_1_275' title='bbox 665 2674 698 2700; x_wconf 67' lang='lat' dir='ltr'>“ll</span> <span class='ocrx_word' id='word_1_276' title='bbox 721 2673 775 2700; x_wconf 82' lang='lat' dir='ltr'>iulii</span> <span class='ocrx_word' id='word_1_277' title='bbox 796 2674 871 2705; x_wconf 64' lang='lat' dir='ltr'>terit,</span> <span class='ocrx_word' id='word_1_278' title='bbox 890 2672 984 2708; x_wconf 76' lang='lat' dir='ltr'>pontii.</span> <span class='ocrx_word' id='word_1_279' title='bbox 1009 2679 1053 2698; x_wconf 85' lang='lat' dir='ltr'>an.</span> <span class='ocrx_word' id='word_1_280' title='bbox 1073 2679 1096 2697; x_wconf 83' lang='lat' dir='ltr'>x.</span> 
     </span>
    </p>
   </div>
   <div class='ocr_carea' id='block_1_18' title="bbox 1052 265 1413 291">
    <p class='ocr_par' dir='ltr' id='par_1_24' title="bbox 1052 265 1413 291">
     <span class='ocr_line' id='line_1_69' title="bbox 1052 265 1413 291; baseline -0.008 0"><span class='ocrx_word' id='word_1_281' title='bbox 1052 266 1238 291; x_wconf 69' lang='lat' dir='ltr'>BULLARIUM</span> <span class='ocrx_word' id='word_1_282' title='bbox 1258 265 1413 290; x_wconf 75' lang='lat' dir='ltr'><strong>ROMANUM</strong></span> 
     </span>
    </p>
   </div>
   <div class='ocr_carea' id='block_1_19' title="bbox 1227 1499 1270 2322">
    <p class='ocr_par' dir='ltr' id='par_1_25' title="bbox 1227 1499 1270 2322">
     <span class='ocr_line' id='line_1_70' title="bbox 1227 1499 1270 2322; baseline 0 0"><span class='ocrx_word' id='word_1_283' title='bbox 1227 1499 1270 2322; x_wconf 95' lang='lat' dir='ltr'> </span> 
     </span>
    </p>
   </div>
   <div class='ocr_carea' id='block_1_20' title="bbox 1242 2406 1260 2697">
    <p class='ocr_par' dir='ltr' id='par_1_26' title="bbox 1242 2406 1260 2697">
     <span class='ocr_line' id='line_1_71' title="bbox 1242 2406 1260 2697; baseline 0 498"><span class='ocrx_word' id='word_1_284' title='bbox 1242 2406 1260 2697; x_wconf 95' lang='lat' dir='ltr'> </span> 
     </span>
    </p>
   </div>
   <div class='ocr_carea' id='block_1_21' title="bbox 1352 309 1883 356">
    <p class='ocr_par' dir='ltr' id='par_1_27' title="bbox 1352 309 1883 356">
     <span class='ocr_line' id='line_1_72' title="bbox 1352 309 1883 356; baseline -0.009 -10"><span class='ocrx_word' id='word_1_285' title='bbox 1352 313 1508 356; x_wconf 74' lang='lat' dir='ltr'>Sequitur</span> <span class='ocrx_word' id='word_1_286' title='bbox 1518 312 1624 354; x_wconf 82' lang='lat' dir='ltr'>forma</span> <span class='ocrx_word' id='word_1_287' title='bbox 1644 309 1883 343; x_wconf 75' lang='lat' dir='ltr'>benedictionis.</span> 
     </span>
    </p>
   </div>
   <div class='ocr_carea' id='block_1_22' title="bbox 1360 399 1849 490">
    <p class='ocr_par' dir='ltr' id='par_1_28' title="bbox 1360 399 1849 490">
     <span class='ocr_line' id='line_1_73' title="bbox 1421 399 1803 433; baseline -0.01 -4"><span class='ocrx_word' id='word_1_288' title='bbox 1421 414 1424 418; x_wconf 92' lang='lat'>·</span> <span class='ocrx_word' id='word_1_289' title='bbox 1462 402 1597 429; x_wconf 77' lang='lat' dir='ltr'>Clemens</span> <span class='ocrx_word' id='word_1_290' title='bbox 1618 400 1697 433; x_wconf 85' lang='lat' dir='ltr'>Papa</span> <span class='ocrx_word' id='word_1_291' title='bbox 1716 399 1803 432; x_wconf 85' lang='lat' dir='ltr'>vm,</span> 
     </span>
     <span class='ocr_line' id='line_1_74' title="bbox 1360 451 1849 490; baseline -0.01 -7"><span class='ocrx_word' id='word_1_292' title='bbox 1360 456 1396 483; x_wconf 87' lang='lat' dir='ltr'>ad</span> <span class='ocrx_word' id='word_1_293' title='bbox 1412 457 1588 490; x_wconf 82' lang='lat' dir='ltr'>perpetuam</span> <span class='ocrx_word' id='word_1_294' title='bbox 1602 452 1649 480; x_wconf 82' lang='lat' dir='ltr'>rei</span> <span class='ocrx_word' id='word_1_295' title='bbox 1669 451 1849 480; x_wconf 83' lang='lat' dir='ltr'>memoriam.</span> 
     </span>
    </p>
   </div>
   <div class='ocr_carea' id='block_1_23' title="bbox 2126 0 2253 3195">
    <p class='ocr_par' dir='ltr' id='par_1_29' title="bbox 2126 0 2253 3195">
     <span class='ocr_line' id='line_1_75' title="bbox 2126 0 2253 590; baseline 0 0"><span class='ocrx_word' id='word_1_296' title='bbox 2126 0 2253 590; x_wconf 95' lang='lat' dir='ltr'>  </span> 
     </span>
     <span class='ocr_line' id='line_1_76' title="bbox 2126 590 2253 2607; baseline 0 -103"><span class='ocrx_word' id='word_1_297' title='bbox 2126 590 2253 2607; x_wconf 95' lang='lat' dir='ltr'>       </span> 
     </span>
     <span class='ocr_line' id='line_1_77' title="bbox 2126 2607 2253 3195; baseline 0 0"><span class='ocrx_word' id='word_1_298' title='bbox 2126 2607 2253 3195; x_wconf 95' lang='lat' dir='ltr'> </span> 
     </span>
    </p>
   </div>
   <div class='ocr_carea' id='block_1_24' title="bbox 1250 523 2166 2323">
    <p class='ocr_par' dir='ltr' id='par_1_30' title="bbox 1250 523 2149 1902">
     <span class='ocr_line' id='line_1_78' title="bbox 1293 523 2149 562; baseline -0.011 -1"><span class='ocrx_word' id='word_1_299' title='bbox 1293 528 1370 562; x_wconf 90' lang='lat' dir='ltr'>Cum</span> <span class='ocrx_word' id='word_1_300' title='bbox 1391 527 1430 560; x_wconf 89' lang='lat' dir='ltr'>ad</span> <span class='ocrx_word' id='word_1_301' title='bbox 1451 527 1564 560; x_wconf 87' lang='lat' dir='ltr'>uberes</span> <span class='ocrx_word' id='word_1_302' title='bbox 1591 524 1828 558; x_wconf 79' lang='lat' dir='ltr'>misericordiae</span> <span class='ocrx_word' id='word_1_303' title='bbox 1853 523 1992 562; x_wconf 82' lang='lat' dir='ltr'>fructus,</span> <span class='ocrx_word' id='word_1_304' title='bbox 2039 531 2149 561; x_wconf 75' lang='lat' dir='ltr'>rundau</span> 
     </span>
     <span class='ocr_line' id='line_1_79' title="bbox 1250 558 2098 624; baseline -0.011 -12"><span class='ocrx_word' id='word_1_305' title='bbox 1250 591 1330 624; x_wconf 78' lang='lat' dir='ltr'>quos</span> <span class='ocrx_word' id='word_1_306' title='bbox 1354 580 1439 614; x_wconf 66' lang='lat' dir='ltr'>ordo</span> <span class='ocrx_word' id='word_1_307' title='bbox 1457 580 1491 613; x_wconf 82' lang='grc' dir='ltr'>Β.</span> <span class='ocrx_word' id='word_1_308' title='bbox 1512 578 1627 612; x_wconf 74' lang='lat' dir='ltr'>Mariae</span> <span class='ocrx_word' id='word_1_309' title='bbox 1647 577 1685 610; x_wconf 74' lang='lat' dir='ltr'>de</span> <span class='ocrx_word' id='word_1_310' title='bbox 1705 576 1844 610; x_wconf 70' lang='lat' dir='ltr'>Mercede</span> <span class='ocrx_word' id='word_1_311' title='bbox 1865 575 1995 609; x_wconf 66' lang='lat' dir='ltr'>nedem-</span> <span class='ocrx_word' id='word_1_312' title='bbox 2009 557 2149 622; x_wconf 44' lang='lat' dir='ltr'>raama&amp;</span> 
     </span>
     <span class='ocr_line' id='line_1_80' title="bbox 1250 611 2114 678; baseline -0.008 -11"><span class='ocrx_word' id='word_1_313' title='bbox 1250 633 1366 678; x_wconf 88' lang='lat' dir='ltr'>ptionis</span> <span class='ocrx_word' id='word_1_314' title='bbox 1391 632 1596 676; x_wconf 87' lang='lat' dir='ltr'>Captivorum</span> <span class='ocrx_word' id='word_1_315' title='bbox 1611 658 1618 671; x_wconf 92' lang='lat'>,</span> <span class='ocrx_word' id='word_1_316' title='bbox 1641 630 1696 674; x_wconf 90' lang='lat' dir='ltr'>qui</span> <span class='ocrx_word' id='word_1_317' title='bbox 1717 629 1823 664; x_wconf 90' lang='lat' dir='ltr'>divino</span> <span class='ocrx_word' id='word_1_318' title='bbox 1844 629 1997 662; x_wconf 82' lang='lat' dir='ltr'>instinctu</span> <span class='ocrx_word' id='word_1_319' title='bbox 2011 611 2114 632; x_wconf 49' lang='lat' dir='ltr'>‘mmm‘</span> 
     </span>
     <span class='ocr_line' id='line_1_81' title="bbox 1251 681 1998 731; baseline -0.007 -12"><span class='ocrx_word' id='word_1_320' title='bbox 1251 696 1305 731; x_wconf 87' lang='lat' dir='ltr'>per</span> <span class='ocrx_word' id='word_1_321' title='bbox 1321 686 1465 719; x_wconf 87' lang='lat' dir='ltr'>eiusdem</span> <span class='ocrx_word' id='word_1_322' title='bbox 1483 684 1690 718; x_wconf 86' lang='lat' dir='ltr'>Beatissimae</span> <span class='ocrx_word' id='word_1_323' title='bbox 1711 692 1837 727; x_wconf 86' lang='lat' dir='ltr'>semper</span> <span class='ocrx_word' id='word_1_324' title='bbox 1856 681 1998 725; x_wconf 76' lang='lat' dir='ltr'>Virginis</span> 
     </span>
     <span class='ocr_line' id='line_1_82' title="bbox 1252 735 1999 781; baseline -0.007 -8"><span class='ocrx_word' id='word_1_325' title='bbox 1252 740 1366 773; x_wconf 85' lang='lat' dir='ltr'>Mariae</span> <span class='ocrx_word' id='word_1_326' title='bbox 1391 738 1616 772; x_wconf 84' lang='lat' dir='ltr'>revelationem</span> <span class='ocrx_word' id='word_1_327' title='bbox 1633 738 1666 771; x_wconf 91' lang='lat' dir='ltr'>B.</span> <span class='ocrx_word' id='word_1_328' title='bbox 1687 736 1875 781; x_wconf 67' lang='lat' dir='ltr'>Raymundo</span> <span class='ocrx_word' id='word_1_329' title='bbox 1888 735 1927 769; x_wconf 89' lang='lat' dir='ltr'>de</span> <span class='ocrx_word' id='word_1_330' title='bbox 1942 736 1999 769; x_wconf 85' lang='lat' dir='ltr'>Pe-</span> 
     </span>
     <span class='ocr_line' id='line_1_83' title="bbox 1252 789 2000 834; baseline -0.004 -10"><span class='ocrx_word' id='word_1_331' title='bbox 1252 792 1357 826; x_wconf 76' lang='lat' dir='ltr'>iiasort</span> <span class='ocrx_word' id='word_1_332' title='bbox 1370 801 1473 834; x_wconf 88' lang='lat' dir='ltr'>nuper</span> <span class='ocrx_word' id='word_1_333' title='bbox 1490 801 1507 823; x_wconf 85' lang='lat' dir='ltr'>a</span> <span class='ocrx_word' id='word_1_334' title='bbox 1519 790 1613 823; x_wconf 88' lang='lat' dir='ltr'>nobis</span> <span class='ocrx_word' id='word_1_335' title='bbox 1630 790 1662 822; x_wconf 91' lang='lat' dir='ltr'>in</span> <span class='ocrx_word' id='word_1_336' title='bbox 1681 789 1871 823; x_wconf 90' lang='lat' dir='ltr'>Sanctorum</span> <span class='ocrx_word' id='word_1_337' title='bbox 1889 799 2000 822; x_wconf 88' lang='lat' dir='ltr'>nume-</span> 
     </span>
     <span class='ocr_line' id='line_1_84' title="bbox 1254 841 2001 884; baseline -0.003 -6"><span class='ocrx_word' id='word_1_338' title='bbox 1254 855 1324 878; x_wconf 90' lang='lat' dir='ltr'>rum</span> <span class='ocrx_word' id='word_1_339' title='bbox 1357 845 1468 884; x_wconf 89' lang='lat' dir='ltr'>relato,</span> <span class='ocrx_word' id='word_1_340' title='bbox 1494 849 1525 877; x_wconf 92' lang='lat' dir='ltr'>et</span> <span class='ocrx_word' id='word_1_341' title='bbox 1545 844 1648 876; x_wconf 86' lang='lat' dir='ltr'>clarae</span> <span class='ocrx_word' id='word_1_342' title='bbox 1675 843 1849 876; x_wconf 86' lang='lat' dir='ltr'>memoriae</span> <span class='ocrx_word' id='word_1_343' title='bbox 1885 841 2001 876; x_wconf 88' lang='lat' dir='ltr'>Iacobo</span> 
     </span>
     <span class='ocr_line' id='line_1_85' title="bbox 1253 894 2001 941; baseline -0.004 -11"><span class='ocrx_word' id='word_1_344' title='bbox 1253 898 1436 941; x_wconf 82' lang='lat' dir='ltr'>Aragonum</span> <span class='ocrx_word' id='word_1_345' title='bbox 1465 896 1552 940; x_wconf 80' lang='lat' dir='ltr'>regi,</span> <span class='ocrx_word' id='word_1_346' title='bbox 1579 906 1614 929; x_wconf 90' lang='lat' dir='ltr'>ac</span> <span class='ocrx_word' id='word_1_347' title='bbox 1639 896 1731 929; x_wconf 83' lang='lat' dir='ltr'>Petro</span> <span class='ocrx_word' id='word_1_348' title='bbox 1760 894 1896 928; x_wconf 86' lang='lat' dir='ltr'>Nolasco</span> <span class='ocrx_word' id='word_1_349' title='bbox 1924 895 2001 928; x_wconf 89' lang='lat' dir='ltr'>dicti</span> 
     </span>
     <span class='ocr_line' id='line_1_86' title="bbox 1255 948 2001 994; baseline -0.007 -9"><span class='ocrx_word' id='word_1_350' title='bbox 1255 950 1381 985; x_wconf 83' lang='lat' dir='ltr'>Ordinis</span> <span class='ocrx_word' id='word_1_351' title='bbox 1395 949 1499 994; x_wconf 89' lang='lat' dir='ltr'>primo</span> <span class='ocrx_word' id='word_1_352' title='bbox 1512 949 1682 994; x_wconf 83' lang='lat' dir='ltr'>professori</span> <span class='ocrx_word' id='word_1_353' title='bbox 1694 949 1809 981; x_wconf 80' lang='lat' dir='ltr'>factam</span> <span class='ocrx_word' id='word_1_354' title='bbox 1823 948 2001 987; x_wconf 82' lang='lat' dir='ltr'>institutus,</span> 
     </span>
     <span class='ocr_line' id='line_1_87' title="bbox 1255 1001 2001 1046; baseline -0.004 -9"><span class='ocrx_word' id='word_1_355' title='bbox 1255 1009 1285 1037; x_wconf 90' lang='lat' dir='ltr'>et</span> <span class='ocrx_word' id='word_1_356' title='bbox 1296 1015 1312 1037; x_wconf 90' lang='lat' dir='ltr'>a</span> <span class='ocrx_word' id='word_1_357' title='bbox 1326 1003 1423 1037; x_wconf 88' lang='lat' dir='ltr'>seticis</span> <span class='ocrx_word' id='word_1_358' title='bbox 1436 1002 1666 1037; x_wconf 86' lang='lat' dir='ltr'>recordationis</span> <span class='ocrx_word' id='word_1_359' title='bbox 1679 1002 1832 1046; x_wconf 81' lang='lat' dir='ltr'>Gregorio</span> <span class='ocrx_word' id='word_1_360' title='bbox 1850 1012 1931 1046; x_wconf 87' lang='lat' dir='ltr'>papa</span> <span class='ocrx_word' id='word_1_361' title='bbox 1947 1001 2001 1041; x_wconf 81' lang='lat' dir='ltr'>tx,</span> 
     </span>
     <span class='ocr_line' id='line_1_88' title="bbox 1257 1054 2003 1102; baseline -0.005 -11"><span class='ocrx_word' id='word_1_362' title='bbox 1257 1057 1500 1102; x_wconf 86' lang='lat' dir='ltr'>praedecessore</span> <span class='ocrx_word' id='word_1_363' title='bbox 1513 1061 1634 1096; x_wconf 87' lang='lat' dir='ltr'>nostro,</span> <span class='ocrx_word' id='word_1_364' title='bbox 1652 1055 1861 1089; x_wconf 86' lang='lat' dir='ltr'>confirmatus</span> <span class='ocrx_word' id='word_1_365' title='bbox 1878 1054 1950 1096; x_wconf 82' lang='lat' dir='ltr'>suit,</span> <span class='ocrx_word' id='word_1_366' title='bbox 1970 1054 2003 1087; x_wconf 90' lang='lat' dir='ltr'>in</span> 
     </span>
     <span class='ocr_line' id='line_1_89' title="bbox 1257 1107 2005 1156; baseline -0.007 -10"><span class='ocrx_word' id='word_1_367' title='bbox 1257 1123 1334 1156; x_wconf 77' lang='lat' dir='ltr'>agro</span> <span class='ocrx_word' id='word_1_368' title='bbox 1347 1110 1517 1144; x_wconf 87' lang='lat' dir='ltr'>militantis</span> <span class='ocrx_word' id='word_1_369' title='bbox 1528 1109 1686 1144; x_wconf 78' lang='lat' dir='ltr'>Ecclesiae</span> <span class='ocrx_word' id='word_1_370' title='bbox 1701 1120 1759 1153; x_wconf 91' lang='lat' dir='ltr'>pro</span> <span class='ocrx_word' id='word_1_371' title='bbox 1773 1107 2005 1152; x_wconf 86' lang='lat' dir='ltr'>Redemptione</span> 
     </span>
     <span class='ocr_line' id='line_1_90' title="bbox 1258 1162 2005 1210; baseline -0.005 -10"><span class='ocrx_word' id='word_1_372' title='bbox 1258 1165 1480 1210; x_wconf 81' lang='lat' dir='ltr'>Captivorum,</span> <span class='ocrx_word' id='word_1_373' title='bbox 1513 1164 1568 1208; x_wconf 87' lang='lat' dir='ltr'>qui</span> <span class='ocrx_word' id='word_1_374' title='bbox 1600 1164 1633 1196; x_wconf 89' lang='lat' dir='ltr'>in</span> <span class='ocrx_word' id='word_1_375' title='bbox 1658 1164 1771 1198; x_wconf 83' lang='lat' dir='ltr'>misera</span> <span class='ocrx_word' id='word_1_376' title='bbox 1798 1162 1948 1197; x_wconf 87' lang='lat' dir='ltr'>servitute</span> <span class='ocrx_word' id='word_1_377' title='bbox 1975 1168 2005 1196; x_wconf 88' lang='lat' dir='ltr'>et</span> 
     </span>
     <span class='ocr_line' id='line_1_91' title="bbox 1259 1215 2006 1262; baseline -0.004 -10"><span class='ocrx_word' id='word_1_378' title='bbox 1259 1219 1370 1253; x_wconf 83' lang='lat' dir='ltr'>salutis</span> <span class='ocrx_word' id='word_1_379' title='bbox 1393 1219 1517 1252; x_wconf 86' lang='lat' dir='ltr'>animae</span> <span class='ocrx_word' id='word_1_380' title='bbox 1538 1217 1684 1262; x_wconf 86' lang='lat' dir='ltr'>periculo</span> <span class='ocrx_word' id='word_1_381' title='bbox 1706 1227 1724 1249; x_wconf 81' lang='lat' dir='ltr'>a</span> <span class='ocrx_word' id='word_1_382' title='bbox 1749 1215 1868 1250; x_wconf 87' lang='lat' dir='ltr'>Mauris</span> <span class='ocrx_word' id='word_1_383' title='bbox 1890 1221 1921 1249; x_wconf 87' lang='lat' dir='ltr'>et</span> <span class='ocrx_word' id='word_1_384' title='bbox 1937 1216 2006 1249; x_wconf 90' lang='lat' dir='ltr'>aliis</span> 
     </span>
     <span class='ocr_line' id='line_1_92' title="bbox 1259 1269 2007 1313; baseline -0.004 -8"><span class='ocrx_word' id='word_1_385' title='bbox 1259 1271 1441 1305; x_wconf 80' lang='lat' dir='ltr'>infidelibus</span> <span class='ocrx_word' id='word_1_386' title='bbox 1455 1270 1648 1311; x_wconf 87' lang='lat' dir='ltr'>detinentur,</span> <span class='ocrx_word' id='word_1_387' title='bbox 1662 1269 1815 1303; x_wconf 88' lang='lat' dir='ltr'>continuo</span> <span class='ocrx_word' id='word_1_388' title='bbox 1829 1270 2007 1313; x_wconf 89' lang='lat' dir='ltr'>producere</span> 
     </span>
     <span class='ocr_line' id='line_1_93' title="bbox 1260 1322 2007 1369; baseline -0.003 -12"><span class='ocrx_word' id='word_1_389' title='bbox 1260 1325 1473 1369; x_wconf 78' lang='lat' dir='ltr'>dignoscitur,</span> <span class='ocrx_word' id='word_1_390' title='bbox 1493 1329 1620 1357; x_wconf 83' lang='lat' dir='ltr'>nostrae</span> <span class='ocrx_word' id='word_1_391' title='bbox 1639 1322 1808 1366; x_wconf 81' lang='lat' dir='ltr'>dirigimus</span> <span class='ocrx_word' id='word_1_392' title='bbox 1825 1322 2007 1356; x_wconf 85' lang='lat' dir='ltr'>considera-</span> 
     </span>
     <span class='ocr_line' id='line_1_94' title="bbox 1260 1375 2009 1419; baseline -0.005 -7"><span class='ocrx_word' id='word_1_393' title='bbox 1260 1379 1355 1413; x_wconf 88' lang='lat' dir='ltr'>tionis</span> <span class='ocrx_word' id='word_1_394' title='bbox 1368 1378 1534 1419; x_wconf 85' lang='lat' dir='ltr'>intuitum‚</span> <span class='ocrx_word' id='word_1_395' title='bbox 1555 1377 1647 1411; x_wconf 82' lang='lat' dir='ltr'>facile</span> <span class='ocrx_word' id='word_1_396' title='bbox 1661 1376 1856 1417; x_wconf 84' lang='lat' dir='ltr'>inducimur,</span> <span class='ocrx_word' id='word_1_397' title='bbox 1868 1381 1903 1410; x_wconf 92' lang='lat' dir='ltr'>ut</span> <span class='ocrx_word' id='word_1_398' title='bbox 1917 1375 2009 1410; x_wconf 92' lang='lat' dir='ltr'>Ordi-</span> 
     </span>
     <span class='ocr_line' id='line_1_95' title="bbox 1260 1429 2010 1476; baseline -0.005 -10"><span class='ocrx_word' id='word_1_399' title='bbox 1260 1443 1332 1467; x_wconf 87' lang='lat' dir='ltr'>nem</span> <span class='ocrx_word' id='word_1_400' title='bbox 1359 1431 1559 1476; x_wconf 87' lang='lat' dir='ltr'>praedictum</span> <span class='ocrx_word' id='word_1_401' title='bbox 1580 1430 1769 1475; x_wconf 86' lang='lat' dir='ltr'>specialibus</span> <span class='ocrx_word' id='word_1_402' title='bbox 1794 1429 1955 1465; x_wconf 84' lang='lat' dir='ltr'>favoribus</span> <span class='ocrx_word' id='word_1_403' title='bbox 1979 1433 2010 1463; x_wconf 86' lang='lat' dir='ltr'>et</span> 
     </span>
     <span class='ocr_line' id='line_1_96' title="bbox 1261 1485 2011 1529; baseline -0.004 -11"><span class='ocrx_word' id='word_1_404' title='bbox 1261 1485 1375 1529; x_wconf 79' lang='lat' dir='ltr'>gratiis</span> <span class='ocrx_word' id='word_1_405' title='bbox 1399 1485 1533 1518; x_wconf 87' lang='lat' dir='ltr'>libenter</span> <span class='ocrx_word' id='word_1_406' title='bbox 1553 1492 1802 1528; x_wconf 88' lang='lat' dir='ltr'>prosequamur,</span> <span class='ocrx_word' id='word_1_407' title='bbox 1822 1487 1854 1516; x_wconf 84' lang='lat' dir='ltr'>et</span> <span class='ocrx_word' id='word_1_408' title='bbox 1877 1491 2011 1526; x_wconf 67' lang='lat' dir='ltr'>eaquae</span> 
     </span>
     <span class='ocr_line' id='line_1_97' title="bbox 1262 1534 2012 1582; baseline -0.008 -9"><span class='ocrx_word' id='word_1_409' title='bbox 1262 1539 1346 1574; x_wconf 89' lang='lat' dir='ltr'>circa</span> <span class='ocrx_word' id='word_1_410' title='bbox 1364 1537 1579 1582; x_wconf 89' lang='lat' dir='ltr'>spiritualium</span> <span class='ocrx_word' id='word_1_411' title='bbox 1597 1536 1738 1570; x_wconf 90' lang='lat' dir='ltr'>eiusdem</span> <span class='ocrx_word' id='word_1_412' title='bbox 1757 1534 1887 1569; x_wconf 89' lang='lat' dir='ltr'>Ordinis</span> <span class='ocrx_word' id='word_1_413' title='bbox 1906 1535 2012 1568; x_wconf 89' lang='lat' dir='ltr'>indul-</span> 
     </span>
     <span class='ocr_line' id='line_1_98' title="bbox 1262 1587 2010 1636; baseline -0.007 -11"><span class='ocrx_word' id='word_1_414' title='bbox 1262 1593 1440 1636; x_wconf 77' lang='lat' dir='ltr'>gentiarum</span> <span class='ocrx_word' id='word_1_415' title='bbox 1458 1589 1801 1628; x_wconf 88' lang='lat' dir='ltr'>communicationem,</span> <span class='ocrx_word' id='word_1_416' title='bbox 1820 1598 1877 1632; x_wconf 88' lang='lat' dir='ltr'>pro</span> <span class='ocrx_word' id='word_1_417' title='bbox 1896 1587 2010 1622; x_wconf 86' lang='lat' dir='ltr'>maiori</span> 
     </span>
     <span class='ocr_line' id='line_1_99' title="bbox 1264 1641 2012 1685; baseline -0.005 -8"><span class='ocrx_word' id='word_1_418' title='bbox 1264 1644 1406 1677; x_wconf 82' lang='lat' dir='ltr'>fidelium</span> <span class='ocrx_word' id='word_1_419' title='bbox 1427 1644 1596 1678; x_wconf 83' lang='lat' dir='ltr'>devotione</span> <span class='ocrx_word' id='word_1_420' title='bbox 1626 1649 1657 1676; x_wconf 89' lang='lat' dir='ltr'>et</span> <span class='ocrx_word' id='word_1_421' title='bbox 1682 1641 1925 1683; x_wconf 82' lang='lat' dir='ltr'>aedificatione,</span> <span class='ocrx_word' id='word_1_422' title='bbox 1956 1651 2012 1685; x_wconf 90' lang='lat' dir='ltr'>per</span> 
     </span>
     <span class='ocr_line' id='line_1_100' title="bbox 1263 1693 2008 1739; baseline -0.008 -7"><span class='ocrx_word' id='word_1_423' title='bbox 1263 1698 1405 1733; x_wconf 88' lang='lat' dir='ltr'>eiusdem</span> <span class='ocrx_word' id='word_1_424' title='bbox 1430 1696 1558 1731; x_wconf 87' lang='lat' dir='ltr'>Ordinis</span> <span class='ocrx_word' id='word_1_425' title='bbox 1586 1695 1754 1739; x_wconf 77' lang='lat' dir='ltr'>religiosos</span> <span class='ocrx_word' id='word_1_426' title='bbox 1786 1693 1854 1728; x_wconf 87' lang='lat' dir='ltr'>fieri</span> <span class='ocrx_word' id='word_1_427' title='bbox 1883 1693 1984 1728; x_wconf 83' lang='lat' dir='ltr'>solent</span> <span class='ocrx_word' id='word_1_428' title='bbox 2001 1720 2008 1734; x_wconf 93' lang='lat'>‚</span> 
     </span>
     <span class='ocr_line' id='line_1_101' title="bbox 1264 1747 2009 1786; baseline -0.009 0"><span class='ocrx_word' id='word_1_429' title='bbox 1264 1758 1391 1786; x_wconf 90' lang='lat' dir='ltr'>nostrae</span> <span class='ocrx_word' id='word_1_430' title='bbox 1418 1749 1643 1784; x_wconf 86' lang='lat' dir='ltr'>declarationis</span> <span class='ocrx_word' id='word_1_431' title='bbox 1674 1748 1850 1782; x_wconf 83' lang='lat' dir='ltr'>stabilitate</span> <span class='ocrx_word' id='word_1_432' title='bbox 1876 1747 2009 1781; x_wconf 89' lang='lat' dir='ltr'>robore-</span> 
     </span>
     <span class='ocr_line' id='line_1_102' title="bbox 1265 1800 2012 1849; baseline -0.008 -10"><span class='ocrx_word' id='word_1_433' title='bbox 1265 1817 1347 1847; x_wconf 88' lang='lat' dir='ltr'>mus,</span> <span class='ocrx_word' id='word_1_434' title='bbox 1371 1810 1466 1849; x_wconf 84' lang='lat' dir='ltr'>prout</span> <span class='ocrx_word' id='word_1_435' title='bbox 1487 1804 1518 1837; x_wconf 86' lang='lat' dir='ltr'>in</span> <span class='ocrx_word' id='word_1_436' title='bbox 1539 1803 1676 1837; x_wconf 92' lang='lat' dir='ltr'>Domino</span> <span class='ocrx_word' id='word_1_437' title='bbox 1697 1801 1868 1836; x_wconf 89' lang='lat' dir='ltr'>salubriter</span> <span class='ocrx_word' id='word_1_438' title='bbox 1886 1800 2012 1845; x_wconf 88' lang='lat' dir='ltr'>conspi—</span> 
     </span>
     <span class='ocr_line' id='line_1_103' title="bbox 1266 1857 1546 1902; baseline -0.014 -8"><span class='ocrx_word' id='word_1_439' title='bbox 1266 1861 1366 1894; x_wconf 90' lang='lat' dir='ltr'>cimus</span> <span class='ocrx_word' id='word_1_440' title='bbox 1386 1857 1546 1902; x_wconf 76' lang='lat' dir='ltr'>expedire.</span> 
     </span>
    </p>

    <p class='ocr_par' dir='ltr' id='par_1_31' title="bbox 1266 1907 2166 2323">
     <span class='ocr_line' id='line_1_104' title="bbox 1311 1907 2135 1956; baseline -0.008 -10"><span class='ocrx_word' id='word_1_441' title='bbox 1311 1914 1325 1956; x_wconf 66' lang='grc' dir='ltr'>ξ</span> <span class='ocrx_word' id='word_1_442' title='bbox 1356 1912 1380 1945; x_wconf 93' lang='grc' dir='ltr'>Ι.</span> <span class='ocrx_word' id='word_1_443' title='bbox 1405 1911 1483 1946; x_wconf 92' lang='lat' dir='ltr'>Cum</span> <span class='ocrx_word' id='word_1_444' title='bbox 1504 1910 1625 1954; x_wconf 83' lang='lat' dir='ltr'>itaque,</span> <span class='ocrx_word' id='word_1_445' title='bbox 1656 1909 1739 1942; x_wconf 85' lang='lat' dir='ltr'>sicut</span> <span class='ocrx_word' id='word_1_446' title='bbox 1760 1908 1955 1952; x_wconf 86' lang='lat' dir='ltr'>accepimus,</span> <span class='ocrx_word' id='word_1_447' title='bbox 1981 1907 2013 1940; x_wconf 92' lang='lat' dir='ltr'>in</span> <span class='ocrx_word' id='word_1_448' title='bbox 2029 1933 2135 1956; x_wconf 47' lang='lat' dir='ltr'>scribom„</span> 
     </span>
     <span class='ocr_line' id='line_1_105' title="bbox 1266 1959 2166 2009; baseline -0.009 -9"><span class='ocrx_word' id='word_1_449' title='bbox 1266 1966 1408 2000; x_wconf 86' lang='lat' dir='ltr'>eiusdem</span> <span class='ocrx_word' id='word_1_450' title='bbox 1426 1965 1552 1999; x_wconf 77' lang='lat' dir='ltr'>Ordinis</span> <span class='ocrx_word' id='word_1_451' title='bbox 1568 1961 1781 2003; x_wconf 84' lang='lat' dir='ltr'>conventibus</span> <span class='ocrx_word' id='word_1_452' title='bbox 1798 1972 1833 1995; x_wconf 88' lang='lat' dir='ltr'>ac</span> <span class='ocrx_word' id='word_1_453' title='bbox 1858 1960 2015 2004; x_wconf 82' lang='lat' dir='ltr'>regulari-</span> <span class='ocrx_word' id='word_1_454' title='bbox 2029 1967 2084 2009; x_wconf 58' lang='lat' dir='ltr'>ffl&#39;*</span> <span class='ocrx_word' id='word_1_455' title='bbox 2100 1959 2166 2008; x_wconf 29' lang='lat'>⁰⁰⁴3</span> 
     </span>
     <span class='ocr_line' id='line_1_106' title="bbox 1268 2014 2101 2058; baseline -0.01 -4"><span class='ocrx_word' id='word_1_456' title='bbox 1268 2021 1327 2054; x_wconf 81' lang='lat' dir='ltr'>bus</span> <span class='ocrx_word' id='word_1_457' title='bbox 1352 2018 1512 2058; x_wconf 80' lang='lat' dir='ltr'>Ecclesiis,</span> <span class='ocrx_word' id='word_1_458' title='bbox 1533 2017 1572 2050; x_wconf 88' lang='lat' dir='ltr'>ab</span> <span class='ocrx_word' id='word_1_459' title='bbox 1593 2014 1838 2049; x_wconf 84' lang='lat' dir='ltr'>immemorabili</span> <span class='ocrx_word' id='word_1_460' title='bbox 1861 2020 2014 2058; x_wconf 89' lang='lat' dir='ltr'>tempore,</span> <span class='ocrx_word' id='word_1_461' title='bbox 2030 2014 2101 2036; x_wconf 59' lang='lat' dir='ltr'>candi·</span> 
     </span>
     <span class='ocr_line' id='line_1_107' title="bbox 1268 2067 2016 2107; baseline -0.007 -2"><span class='ocrx_word' id='word_1_462' title='bbox 1268 2085 1303 2106; x_wconf 79' lang='lat' dir='ltr'>ex</span> <span class='ocrx_word' id='word_1_463' title='bbox 1326 2073 1532 2107; x_wconf 74' lang='lat' dir='ltr'>Sannum-mn</span> <span class='ocrx_word' id='word_1_464' title='bbox 1558 2069 1750 2104; x_wconf 79' lang='lat' dir='ltr'>Pontificum</span> <span class='ocrx_word' id='word_1_465' title='bbox 1771 2067 1960 2102; x_wconf 82' lang='lat' dir='ltr'>auctoritate</span> <span class='ocrx_word' id='word_1_466' title='bbox 1985 2072 2016 2101; x_wconf 89' lang='lat' dir='ltr'>et</span> 
     </span>
     <span class='ocr_line' id='line_1_108' title="bbox 1269 2121 2013 2167; baseline -0.007 -8"><span class='ocrx_word' id='word_1_467' title='bbox 1269 2126 1485 2166; x_wconf 70' lang='lat' dir='ltr'>concessione,</span> <span class='ocrx_word' id='word_1_468' title='bbox 1499 2123 1773 2167; x_wconf 75' lang='lat' dir='ltr'>indulgentiarum</span> <span class='ocrx_word' id='word_1_469' title='bbox 1794 2121 2013 2156; x_wconf 87' lang='lat' dir='ltr'>communica-</span> 
     </span>
     <span class='ocr_line' id='line_1_109' title="bbox 1271 2173 2018 2223; baseline -0.009 -10"><span class='ocrx_word' id='word_1_470' title='bbox 1271 2181 1315 2214; x_wconf 92' lang='lat' dir='ltr'>tio</span> <span class='ocrx_word' id='word_1_471' title='bbox 1325 2179 1383 2213; x_wconf 84' lang='lat' dir='ltr'>sub</span> <span class='ocrx_word' id='word_1_472' title='bbox 1395 2178 1535 2223; x_wconf 86' lang='lat' dir='ltr'>quadam</span> <span class='ocrx_word' id='word_1_473' title='bbox 1553 2176 1773 2221; x_wconf 89' lang='lat' dir='ltr'>precationum</span> <span class='ocrx_word' id='word_1_474' title='bbox 1788 2176 1902 2215; x_wconf 82' lang='lat' dir='ltr'>forma,</span> <span class='ocrx_word' id='word_1_475' title='bbox 1921 2173 2018 2208; x_wconf 86' lang='lat' dir='ltr'>certis</span> 
     </span>
     <span class='ocr_line' id='line_1_110' title="bbox 1271 2227 2020 2277; baseline -0.009 -11"><span class='ocrx_word' id='word_1_476' title='bbox 1271 2232 1463 2277; x_wconf 78' lang='lat' dir='ltr'>quilmsdaiu</span> <span class='ocrx_word' id='word_1_477' title='bbox 1488 2231 1562 2264; x_wconf 92' lang='lat' dir='ltr'>anni</span> <span class='ocrx_word' id='word_1_478' title='bbox 1589 2230 1703 2263; x_wconf 80' lang='lat' dir='ltr'>dielms</span> <span class='ocrx_word' id='word_1_479' title='bbox 1730 2227 1797 2261; x_wconf 80' lang='lat' dir='ltr'>lieri</span> <span class='ocrx_word' id='word_1_480' title='bbox 1827 2227 1959 2267; x_wconf 88' lang='lat' dir='ltr'>soleret,</span> <span class='ocrx_word' id='word_1_481' title='bbox 1991 2231 2020 2259; x_wconf 89' lang='lat' dir='ltr'>et</span> 
     </span>
     <span class='ocr_line' id='line_1_111' title="bbox 1272 2281 2020 2323; baseline -0.011 -3"><span class='ocrx_word' id='word_1_482' title='bbox 1272 2287 1354 2320; x_wconf 85' lang='lat' dir='ltr'>cirea</span> <span class='ocrx_word' id='word_1_483' title='bbox 1379 2284 1566 2319; x_wconf 80' lang='lat' dir='ltr'>huiusmodi</span> <span class='ocrx_word' id='word_1_484' title='bbox 1578 2281 1907 2317; x_wconf 83' lang='lat' dir='ltr'>comumnicationem</span> <span class='ocrx_word' id='word_1_485' title='bbox 1925 2289 2020 2323; x_wconf 82' lang='lat' dir='ltr'>quos-</span> 
     </span>
    </p>
   </div>
   <div class='ocr_carea' id='block_1_25' title="bbox 2055 1907 2161 1936">
    <p class='ocr_par' dir='ltr' id='par_1_32' title="bbox 2055 1907 2161 1936">
     <span class='ocr_line' id='line_1_112' title="bbox 2055 1907 2161 1936; baseline 0.009 -8"><span class='ocrx_word' id='word_1_486' title='bbox 2055 1907 2137 1929; x_wconf 69' lang='lat' dir='ltr'>caum</span> <span class='ocrx_word' id='word_1_487' title='bbox 2156 1915 2161 1936; x_wconf 61' lang='lat' dir='ltr'>i,</span> 
     </span>
    </p>
   </div>
   <div class='ocr_carea' id='block_1_26' title="bbox 1272 2334 2166 2586">
    <p class='ocr_par' dir='ltr' id='par_1_33' title="bbox 1272 2334 2022 2491">
     <span class='ocr_line' id='line_1_113' title="bbox 1272 2334 2016 2381; baseline -0.009 -8"><span class='ocrx_word' id='word_1_488' title='bbox 1272 2341 1344 2373; x_wconf 87' lang='lat' dir='ltr'>dam</span> <span class='ocrx_word' id='word_1_489' title='bbox 1355 2339 1474 2372; x_wconf 88' lang='lat' dir='ltr'>abusus</span> <span class='ocrx_word' id='word_1_490' title='bbox 1485 2336 1660 2381; x_wconf 78' lang='lat' dir='ltr'>irrepsisse,</span> <span class='ocrx_word' id='word_1_491' title='bbox 1673 2346 1730 2368; x_wconf 84' lang='lat' dir='ltr'>nec</span> <span class='ocrx_word' id='word_1_492' title='bbox 1741 2340 1859 2367; x_wconf 89' lang='lat' dir='ltr'>certam</span> <span class='ocrx_word' id='word_1_493' title='bbox 1870 2334 2016 2373; x_wconf 83' lang='lat' dir='ltr'>sormam,</span> 
     </span>
     <span class='ocr_line' id='line_1_114' title="bbox 1273 2386 2022 2434; baseline -0.009 -9"><span class='ocrx_word' id='word_1_494' title='bbox 1273 2391 1461 2427; x_wconf 79' lang='lat' dir='ltr'>auctoritate</span> <span class='ocrx_word' id='word_1_495' title='bbox 1493 2389 1687 2434; x_wconf 83' lang='lat' dir='ltr'>apostolica,</span> <span class='ocrx_word' id='word_1_496' title='bbox 1723 2386 1931 2421; x_wconf 83' lang='lat' dir='ltr'>constitutam</span> <span class='ocrx_word' id='word_1_497' title='bbox 1955 2395 2022 2419; x_wconf 85' lang='lat' dir='ltr'>csse</span> 
     </span>
     <span class='ocr_line' id='line_1_115' title="bbox 1273 2438 1823 2491; baseline -0.016 -11"><span class='ocrx_word' id='word_1_498' title='bbox 1273 2450 1438 2491; x_wconf 85' lang='lat' dir='ltr'>appareret</span> <span class='ocrx_word' id='word_1_499' title='bbox 1452 2456 1458 2477; x_wconf 77' lang='lat'>2</span> <span class='ocrx_word' id='word_1_500' title='bbox 1820 2438 1823 2444; x_wconf 73' lang='grc'>’</span> 
     </span>
    </p>

    <p class='ocr_par' dir='ltr' id='par_1_34' title="bbox 1275 2490 2166 2586">
     <span class='ocr_line' id='line_1_116' title="bbox 1320 2490 2166 2543; baseline -0.013 -11"><span class='ocrx_word' id='word_1_501' title='bbox 1320 2504 1335 2538; x_wconf 63' lang='grc' dir='ltr'>ξ</span> <span class='ocrx_word' id='word_1_502' title='bbox 1357 2498 1386 2531; x_wconf 71' lang='lat'>⁶2.</span> <span class='ocrx_word' id='word_1_503' title='bbox 1409 2498 1472 2531; x_wconf 80' lang='lat' dir='ltr'>Nos</span> <span class='ocrx_word' id='word_1_504' title='bbox 1491 2506 1547 2540; x_wconf 91' lang='lat' dir='ltr'>pro</span> <span class='ocrx_word' id='word_1_505' title='bbox 1565 2495 1664 2529; x_wconf 83' lang='lat' dir='ltr'>nostri</span> <span class='ocrx_word' id='word_1_506' title='bbox 1686 2492 1855 2539; x_wconf 77' lang='lat' dir='ltr'>pastoralis</span> <span class='ocrx_word' id='word_1_507' title='bbox 1880 2490 2022 2525; x_wconf 82' lang='lat' dir='ltr'>muneris</span> <span class='ocrx_word' id='word_1_508' title='bbox 2037 2493 2166 2543; x_wconf 60' lang='lat' dir='ltr'>,.„st‡,¹¹&#39;‘¹.‚,s</span> 
     </span>
     <span class='ocr_line' id='line_1_117' title="bbox 1275 2544 2161 2586; baseline -0.014 0"><span class='ocrx_word' id='word_1_509' title='bbox 1275 2552 1382 2586; x_wconf 73' lang='lat' dir='ltr'>‹lebito</span> <span class='ocrx_word' id='word_1_510' title='bbox 1403 2550 1544 2584; x_wconf 83' lang='lat' dir='ltr'>iidclium</span> <span class='ocrx_word' id='word_1_511' title='bbox 1569 2549 1751 2581; x_wconf 87' lang='lat' dir='ltr'>animarum</span> <span class='ocrx_word' id='word_1_512' title='bbox 1766 2545 1871 2586; x_wconf 83' lang='lat' dir='ltr'>saluti,</span> <span class='ocrx_word' id='word_1_513' title='bbox 1885 2556 1919 2577; x_wconf 84' lang='lat' dir='ltr'>ac</span> <span class='ocrx_word' id='word_1_514' title='bbox 1939 2544 2022 2577; x_wconf 79' lang='lat' dir='ltr'>cius·</span> <span class='ocrx_word' id='word_1_515' title='bbox 2037 2550 2161 2574; x_wconf 69' lang='lat' dir='ltr'>novumqu-</span> 
     </span>
    </p>
   </div>
   <div class='ocr_carea' id='block_1_27' title="bbox 1276 2576 2084 2639">
    <p class='ocr_par' dir='ltr' id='par_1_35' title="bbox 1276 2576 2084 2639">
     <span class='ocr_line' id='line_1_118' title="bbox 1276 2576 2084 2639; baseline -0.024 6"><span class='ocrx_word' id='word_1_516' title='bbox 1276 2606 1348 2639; x_wconf 68' lang='lat' dir='ltr'>dfflu</span> <span class='ocrx_word' id='word_1_517' title='bbox 1373 2604 1502 2638; x_wconf 82' lang='lat' dir='ltr'>Ordinis</span> <span class='ocrx_word' id='word_1_518' title='bbox 1527 2602 1633 2636; x_wconf 75' lang='lat' dir='ltr'>decori</span> <span class='ocrx_word' id='word_1_519' title='bbox 1653 2602 1832 2639; x_wconf 78' lang='lat' dir='ltr'>consulere,</span> <span class='ocrx_word' id='word_1_520' title='bbox 1849 2610 1883 2632; x_wconf 80' lang='lat' dir='ltr'>ac</span> <span class='ocrx_word' id='word_1_521' title='bbox 1901 2603 2021 2631; x_wconf 81' lang='lat' dir='ltr'>certam</span> <span class='ocrx_word' id='word_1_522' title='bbox 2037 2576 2084 2595; x_wconf 54' lang='grc' dir='ltr'>Μ’</span> 
     </span>
    </p>
   </div>
   <div class='ocr_carea' id='block_1_28' title="bbox 1278 2651 2023 2702">
    <p class='ocr_par' dir='ltr' id='par_1_36' title="bbox 1278 2651 2023 2702">
     <span class='ocr_line' id='line_1_119' title="bbox 1278 2651 2023 2702; baseline -0.012 -10"><span class='ocrx_word' id='word_1_523' title='bbox 1278 2660 1307 2692; x_wconf 90' lang='lat' dir='ltr'>in</span> <span class='ocrx_word' id='word_1_524' title='bbox 1331 2657 1513 2702; x_wconf 76' lang='lat' dir='ltr'>praemissis</span> <span class='ocrx_word' id='word_1_525' title='bbox 1534 2658 1668 2690; x_wconf 83' lang='lat' dir='ltr'>t&#39;ormaui</span> <span class='ocrx_word' id='word_1_526' title='bbox 1695 2660 1856 2692; x_wconf 80' lang='lat' dir='ltr'>statuere,</span> <span class='ocrx_word' id='word_1_527' title='bbox 1883 2651 2023 2695; x_wconf 83' lang='lat' dir='ltr'>aliasque</span> 
     </span>
    </p>
   </div>
   <div class='ocr_carea' id='block_1_29' title="bbox 2005 235 2214 287">
    <p class='ocr_par' dir='ltr' id='par_1_37' title="bbox 2005 235 2214 287">
     <span class='ocr_line' id='line_1_120' title="bbox 2005 235 2214 287; baseline -0.01 -3"><span class='ocrx_word' id='word_1_528' title='bbox 2005 258 2052 284; x_wconf 80' lang='lat' dir='ltr'>An.</span> <span class='ocrx_word' id='word_1_529' title='bbox 2074 257 2102 284; x_wconf 83' lang='lat' dir='ltr'>G.</span> <span class='ocrx_word' id='word_1_530' title='bbox 2119 259 2151 287; x_wconf 65' lang='lat'>12]</span> <span class='ocrx_word' id='word_1_531' title='bbox 2191 235 2214 282; x_wconf 42' lang='grc' dir='ltr'>,Ξ</span> 
     </span>
    </p>
   </div>
  </div>
 </body>
</html>
