2253 3195
13 258 76 285 An.
92 258 119 285 C.
147 256 211 284 1595

63 736 157 766 Cluniens
172 742 209 757 cas

10 782 11 785 ,
25 766 135 790 supprimit
176 770 208 784 ro-

9 815 11 818 ,
25 795 86 818 mana
101 792 197 816 excepta.

65 2385 211 2408 Praeseniium

27 2411 143 2434 litterarum
150 2413 211 2435 firmi·

844 254 991 278 CLEMENS
1012 254 1068 277 Vttt
1091 254 1128 277 rt*

226 305 284 337 bus
309 314 376 337 esse
407 304 549 343 deberet,
576 304 766 347 impressam
796 313 972 346 cusamque

226 357 333 397 l'uisse,
358 367 494 401 eamque
514 367 572 400 per
591 357 714 390 Statum
742 362 887 389 nostrum
909 356 969 388 Ec-

225 410 438 444 clesiasticum
474 409 714 443 disseminatam
753 419 818 442 non
858 419 972 452 parum

225 463 334 497 damni
356 470 384 496 et
407 464 604 497 incommodi
625 463 760 496 subditis
782 462 899 495 nostris
920 467 969 494 at-

226 517 347 555 tulisse,
372 528 445 550 cnm
467 528 525 550 nos
545 522 617 560 post
641 521 842 559 componam
864 515 991 548 liuius-2

226 570 313 604 modi
327 576 475 603 monetae
495 570 676 607 salsitatem,
699 569 767 602 eius
785 580 877 602 usum
900 580 973 612 pro·
990 610 991 616 ἵ

990 619 1190 669 ]οι·(1ἰῐ]ῐιι·ἰο5
1211 628 1238 654 ct
1263 623 1436 664 delegatos,
1461 621 1555 654 etiam
1583 631 1753 653 causarum

269 678 286 718 ξ
307 676 337 709 2.
354 676 439 709 Licet
458 686 532 709 vero
554 675 759 708 indemnitati
781 675 971 708 eorumdem
989 676 991 714 j

225 623 337 657 hibere
355 623 457 656 coacti
478 623 643 656 fuerimus.

224 729 429 763 subditorum
454 735 651 769 nostrorum,
676 734 832 772 quantum
858 729 968 772 potui-

224 793 316 825 mus,
341 784 618 822 eonsulueritnus·;
653 785 729 828 quia
762 791 890 823 tamen,
912 784 971 817 nisi

223 838 256 871 in
276 844 442 882 posterum
472 838 727 882 prospiciamus,
752 844 881 882 possent
912 838 971 872 ite-

222 902 295 925 rum
316 891 434 925 similia
455 897 485 924 ct
506 892 656 934 graviora
676 893 795 925 damna
816 892 971 935 imposte-

224 955 297 978 rum
316 945 432 978 exoriri
449 957 456 983 ·,
480 956 539 978 nos
559 946 599 978 de
617 951 801 989 opportuno
823 945 855 978 in
877 956 970 988 prae-

223 998 328 1031 missis
350 998 497 1032 remedio
515 999 685 1042 providere
707 999 859 1039 volentes,
882 1005 990 1031 n‘totn‘¹

223 1051 367 1095 proprio,
391 1062 456 1084 non
477 1052 518 1084 ad
535 1051 672 1085 alicuius
686 1051 780 1084 nobis
800 1052 970 1095 superhoc

223 1104 350 1137 oblatae
370 1104 534 1148 petitionis
548 1105 745 1144 instantiam,
761 1105 817 1137 sed
835 1115 870 1137 cx
884 1111 970 1137 certa

223 1157 366 1194 scientia,
391 1168 426 1190 ac
457 1169 546 1191 mera
571 1158 805 1192 deliberatione
836 1164 966 1197 nostra,

222 1211 332 1244 onmia
359 1217 389 1244 et
419 1211 546 1254 singula
575 1211 765 1244 zeceharum
802 1211 906 1244 officia
938 1212 969 1244 in

223 1274 427 1308 quacumque
449 1265 588 1303 civitate,
613 1270 709 1305 terra,
734 1265 781 1298 vel
807 1265 879 1298 loco
900 1265 988 1308 Sta-1

987 1313 1171 1360 {quibusvis
1199 1317 1486 1350 constitutionilnls
1513 1322 1543 1350 et
1572 1317 1752 1350 ordinatio-

987 1366 1099 1403 *nibus
1119 1370 1315 1414 apostolicis,
1338 1382 1374 1403 ac
1399 1371 1525 1404 statutis
1548 1376 1580 1403 et
1611 1381 1750 1404 consue-

225 1323 273 1351 tus
292 1318 394 1351 nostri
420 1318 644 1358 Iit-elesiastici,
667 1318 805 1351 mediate
835 1319 883 1351 vcl
904 1319 967 1351 im-

224 1371 362 1405 mediate
383 1371 530 1412 subiecfi,
548 1378 680 1416 excepta
701 1373 787 1405 alma
806 1373 891 1406 Urbe
914 1383 970 1406 no-

223 1430 299 1465 stra,
323 1425 469 1459 instituta
500 1431 657 1470 perpetuo
682 1426 915 1470 supprimimus
941 1433 988 1479 et}

224 1478 451 1521 extinguimus,
475 1489 673 1523 omnemque
693 1480 969 1524 facultatetn,p1¹i-

225 1532 386 1575 vilegium,
400 1532 561 1566 indultum
576 1538 604 1565 et
619 1543 859 1577 quamcumque
873 1534 967 1567 aliam
987 1559 989 1575 ζ

224 1586 464 1620 concessionem
487 1586 710 1620 cudendarum
740 1593 966 1625 monetarum,

225 1639 320 1672 etiam
339 1650 375 1673 ex
395 1639 488 1672 titulo
513 1650 651 1673 oneroso
672 1640 864 1684 cuicumque
883 1651 971 1673 com-

225 1693 384 1733 munitati,
409 1693 620 1734 universitati,
645 1694 793 1736 collegio,
817 1700 872 1727 aut
895 1706 970 1738 par-

224 1747 414 1780 ticularibus
434 1747 581 1791 personis
605 1747 784 1788 civitatum,
810 1753 970 1782 terrarum

224 1805 256 1834 et
276 1801 424 1834 locorum
446 1801 688 1844 praedictorum
722 1802 861 1835 cuiusvis
892 1813 967 1845 gra-

224 1855 295 1895 dus,
319 1859 431 1894 status,
448 1854 584 1894 ordinis,
600 1854 796 1888 conditionis
817 1860 847 1889 et
867 1856 972 1898 digni-

225 1908 298 1941 tatis
319 1907 466 1949 existant,
483 1919 542 1951 per
562 1919 787 1952 quoscumque
808 1910 971 1943 Romanos

223 1960 396 1994 Pontifices
413 1962 679 2004 praedecessores
699 1967 838 2001 nostros,
855 1974 890 1996 ac
912 1974 971 1997 nos

224 2014 321 2058 ipsos,
345 2015 528 2059 Sedemque
557 2020 589 2048 et
615 2015 782 2049 Cameram
802 2017 967 2060 Apostoli-

224 2078 294 2101 cam
315 2078 466 2101 concessa
490 2074 522 2101 et
545 2069 649 2109 saeta,
673 2069 866 2102 auctoritate
887 2081 967 2114 apo—

224 2121 348 2162 stolica,
361 2126 471 2155 tenore
484 2122 715 2166 praesentium,
726 2128 886 2166 perpetuo
904 2124 971 2157 adi-

225 2175 364 2215 mimus,
389 2175 552 2215 tollimus,
577 2186 739 2209 cassamus
767 2181 795 2209 et
824 2170 972 2210 adnulla-

226 2239 307 2269 mus,
332 2239 368 2261 ac
388 2229 488 2269 nulla,
518 2228 610 2261 irrita
629 2234 661 2261 et
681 2229 821 2262 invalida
842 2240 877 2262 ac
899 2231 971 2264 nnl-

226 2282 287 2315 lius
306 2282 435 2329 roboris
455 2293 523 2315 esse
546 2287 576 2315 et
597 2283 677 2315 sore.

271 2337 287 2378 ξ
301 2335 331 2368 3.
346 2336 600 2379 Praesentesque
612 2335 746 2376 litteras,
762 2335 887 2369 etiamsi
902 2337 972 2380 qui-

227 2399 368 2432 cumque
388 2388 542 2422 interesse
563 2389 729 2429 habentes,
753 2389 800 2422 vel
820 2395 971 2432 praeten-

228 2442 340 2475 dentes
358 2442 463 2475 vocati
488 2448 519 2476 et
540 2442 642 2475 auditi
662 2452 727 2475 non
748 2442 880 2483 suerint,
897 2454 971 2487 per-

227 2499 325 2539 petuo
351 2496 471 2529 validas
498 2501 530 2529 et
559 2495 704 2529 efficaces
735 2496 889 2536 existere,
913 2507 971 2529 nec

228 2539 294 2581 ullo
325 2559 467 2592 unquam
503 2554 650 2593 tempore
683 2550 722 2582 de
753 2549 972 2593 subreptionis

227 2602 276 2635 vel
297 2602 497 2646 obreptionis
516 2603 602 2645 vitio,
626 2608 681 2637 aut,
699 2603 887 2637 intentionis
906 2615 967 2637 no-

229 2660 324 2697 strae,
342 2656 390 2690 vel
408 2656 471 2690 alio
485 2668 692 2701 quocumque
710 2657 837 2691 defectu
851 2658 968 2699 notari,
988 2688 990 2696 ,

1660 239 1689 271 2(
1695 238 1723 269 »ἢ

1008 301 1203 345 impugnari,
1221 299 1400 340 invalidari,
1417 310 1477 332 nec
1495 299 1560 331 ullo
1583 297 1679 330 modo
1698 307 1750 330 re-

1007 355 1125 395 vocari,
1150 359 1204 388 ant
1225 354 1257 387 in
1282 354 1330 387 ins
1351 354 1399 386 vel
1421 351 1675 386 controversiam
1700 361 1754 383 vo-

1007 408 1071 441 cari
1101 414 1153 441 aut
1186 407 1355 451 suspendi,
1380 406 1532 445 limitari,
1556 405 1620 437 sive
1641 404 1753 437 adver-

1007 472 1059 493 sus
1081 461 1150 493 illas
1164 461 1396 504 quodcumque
1415 459 1536 501 gratiae
1550 459 1598 491 vel
1614 457 1753 490 iustitiffl¹

1008 508 1189 547 renwdimn
1222 505 1387 557 impetrari
1418 513 1550 546 minime
1582 522 1675 556 posse
1696 522 1755 544 nec

1007 568 1144 605 ‹letan-03
1168 567 1278 611 sicque
1299 578 1358 610 per
1385 576 1611 610 quoscumque
1633 564 1754 598 iudices

1007 675 1116 718 palatii
1145 675 1312 719 apostolici
1341 675 1523 713 auditores,
1546 686 1580 707 ac
1602 674 1632 707 S.
1657 674 1692 706 R.
1717 674 1749 706 E.

1007 729 1234 770 camerarium,
1260 740 1317 761 nec
1349 739 1412 761 non
1445 729 1597 761 Gamerae
1624 733 1753 760 nostrae

1006 782 1208 826 Apostolicae
1223 782 1444 826 praesidentes
1464 782 1610 822 clericos,
1628 792 1753 814 necnon

1006 841 1037 868 et
1059 836 1297 869 thesaurarintn
1319 841 1465 868 nostrum
1488 835 1684 877 generalem,
1699 846 1753 880 su-

1006 889 1091 922 blata
1115 889 1159 922 eis
1183 895 1215 922 et
1233 901 1346 923 eorum
1367 889 1500 922 cuilibet
1529 888 1639 933 quavis
1660 889 1755 921 aliter

989 943 1170 976 *iudicandi
1204 944 1251 976 rel
1284 943 1519 987 interpretandi
1552 942 1702 975 facultate
1723 947 1754 974 et

1006 996 1210 1037 auctoritate,
1235 996 1371 1029 iudicari
1397 1002 1428 1029 et
1452 995 1581 1029 definiri
1611 995 1749 1035 debere,

1005 1061 1041 1082 ac
1054 1050 1181 1083 irritum
1198 1056 1229 1083 ct
1247 1050 1341 1083 inane
1362 1050 1522 1094 quidquid
1543 1059 1636 1082 secus
1656 1059 1755 1092 super

1005 1103 1054 1135 bis
1068 1114 1085 1135 a
1099 1114 1278 1146 quoquam,
1301 1103 1411 1147 quavis
1432 1102 1636 1142 auctoritate,
1651 1102 1753 1135 scien-

1007 1162 1054 1189 ter
1085 1157 1132 1189 vel
1162 1157 1367 1197 ignoranter,
1396 1156 1565 1199 contigerit
1602 1155 1752 1189 attentari

987 1209 1211 1243 decernunus
1232 1215 1260 1242 ct
1284 1210 1497 1242 declaramus.

1050 1265 1066 1305 ξ
1093 1263 1124 1295 4.
1148 1264 1217 1296 Non
1249 1263 1452 1308 obstantibus
1484 1263 1692 1306 praemissis,
1716 1274 1753 1295 ac

1006 1423 1192 1463 tudinibus,
1217 1424 1314 1456 etiam
1347 1423 1554 1464 iuramento,
1576 1423 1751 1457 confirma-

1005 1477 1092 1510 tione
1113 1478 1301 1522 apostolica‚
1326 1479 1373 1512 vel
1395 1479 1507 1522 quavis
1524 1478 1677 1512 firmitate
1691 1479 1753 1512 alia

1006 1531 1177 1571 roboratis,
1202 1532 1466 1565 concessionibus
1488 1543 1630 1576 quoque,
1655 1532 1751 1566 etiam

1005 1595 1041 1617 ex
1064 1584 1156 1617 titulo
1177 1595 1337 1626 oneroso,
1362 1586 1401 1618 de
1422 1585 1514 1618 dictis
1541 1585 1654 1619 officiis
1685 1596 1753 1619 zec-

1005 1637 1138 1670 charum
1160 1637 1260 1677 sactis,
1289 1649 1325 1670 ac
1345 1638 1543 1682 privilegiis,
1568 1638 1701 1672 indultis
1722 1645 1753 1672 et

1005 1690 1118 1724 litteris
1151 1691 1335 1735 apostolicis
1367 1692 1398 1724 in
1431 1692 1630 1725 contrarium
1659 1704 1754 1736 prae-

1005 1745 1178 1778 missorum
1200 1745 1463 1789 quomodolibet,
1486 1745 1582 1778 etiam
1600 1757 1659 1790 per
1685 1757 1754 1780 ino-

1005 1798 1082 1831 dum
1103 1804 1287 1832 contractus
1308 1798 1392 1832 inter
1411 1809 1469 1832 nos
1501 1805 1529 1832 et
1544 1798 1549 1802 ’
1562 1800 1694 1840 Scdem,
1718 1812 1754 1833 ae

1005 1852 1169 1886 Cameram
1192 1852 1410 1895 Apostoliearn
1433 1864 1469 1885 ex
1490 1863 1565 1893 una,
1591 1859 1622 1886 et
1639 1853 1726 1898 ipsos
1743 1882 1750 1895 ‚

1005 1905 1122 1949 quibus
1143 1915 1296 1938 concessa
1316 1912 1401 1943 sunt,
1427 1917 1463 1938 ex
1484 1906 1546 1939 alia
1566 1906 1636 1939 initi
1652 1912 1683 1940 et
1697 1908 1753 1941 sti-

1005 1959 1117 2002 pulati,
1142 1964 1195 1992 aut
1215 1959 1293 1992 alias
1313 1959 1559 2003 quomodolibet
1579 1961 1750 2002 concessis,

1006 2011 1207 2045 confirmatis
1228 2017 1259 2045 et
1278 2012 1478 2056 approbatis.
1503 2013 1625 2052 Quibus
1643 2014 1750 2047 omni-

1005 2065 1064 2099 bus
1085 2065 1281 2109 etsingnlis,
1299 2065 1425 2099 etiamsi
1438 2067 1477 2099 de
1492 2066 1553 2099 illis
1574 2077 1754 2112 eorumque

1006 2120 1079 2153 totis
1089 2120 1256 2153 tenoribus
1270 2120 1594 2164 specialis,specifica,
1605 2132 1755 2165 expressa

1005 2186 1041 2208 ac
1067 2175 1106 2208 de
1134 2176 1233 2208 verbo
1260 2176 1300 2209 ad
1323 2176 1455 2209 verbum
1488 2176 1607 2209 inserta
1632 2177 1753 2210 mentio

1005 2229 1155 2262 habenda
1175 2234 1268 2269 esset,
1293 2235 1422 2263 tenores
1442 2229 1627 2263 huiusmodi
1654 2241 1750 2274 prae-

1006 2282 1149 2315 sentibus
1169 2293 1230 2326 pro
1248 2283 1405 2326 expressis
1423 2283 1589 2323 habentes,
1610 2283 1669 2316 hac
1686 2283 1754 2317 vice

1007 2336 1172 2369 dumtaxat
1196 2336 1380 2380 specialiter
1412 2342 1442 2369 et
1473 2347 1621 2380 expresse
1652 2338 1750 2371 dero-

1007 2400 1140 2431 gamus,
1173 2390 1373 2434 caeterisque
1406 2390 1577 2423 contrariis
1613 2391 1749 2434 quibus-

1007 2454 1158 2487 cumque.

1050 2497 1164 2529 Datum
1183 2497 1304 2530 Romae
1321 2497 1407 2540 apud
1425 2497 1455 2531 S.
1471 2498 1612 2530 Marcum
1626 2498 1685 2531 sub
1698 2508 1753 2532 an-

1006 2551 1083 2583 nulo
1104 2550 1290 2591 Piscator-is,
1315 2551 1366 2584 die
1386 2561 1418 2584 xi
1440 2550 1508 2584 iulii
1530 2561 1646 2592 iunxcv,
1670 2562 1752 2595 pon—

1008 2603 1145 2637 tificatus
1170 2604 1270 2637 nostri
1297 2614 1381 2637 anno
1403 2615 1443 2638 w.

1042 2667 1103 2694 Dat.
1120 2665 1164 2694 die
1186 2667 1214 2693 11
1233 2666 1290 2694 iulii
1307 2666 1386 2702 1595,
1403 2667 1499 2703 pontis.
1521 2675 1566 2695 an.
1583 2674 1619 2695 tx.

1772 248 1820 273 An.
1838 248 1866 273 (2.
1888 247 1954 274 1595

1796 1266 1887 1296 Dessrogat
1905 1273 1953 1287 eon-

1769 1295 1847 1314 tintus.
