2253 3195
253 220 303 247 An.
324 220 354 247 c.
371 219 439 247 1597
485 210 549 244 368

267 282 398 305 Commissa).
412 282 438 302 ite

215 328 218 329 γ
255 309 332 335 quain
346 309 438 330 rubrica.
471 322 476 327 .

453 269 624 306 voluimus,
649 268 736 311 quod
755 272 899 310 petentes
916 265 1074 299 beneficia
1095 265 1197 299 eccle-

453 322 579 355 siastica
598 321 669 354 aliis
688 320 784 359 uniri,
808 324 997 352 tenerentur
1017 318 1196 365 exprimere

453 386 564 408 verum
595 374 692 407 etiam
723 383 867 406 annuum
893 372 1035 405 valorem
1065 371 1197 404 alterius

452 426 614 465 beneficii,
629 426 681 459 cui
694 424 782 458 aliud
796 424 881 457 uniri
902 429 1077 468 peteretur,
1094 424 1197 468 quod-

453 491 514 523 que
535 479 719 512 commissio
750 489 879 522 semper
899 478 990 511 fieret
1015 478 1055 511 ad
1076 483 1194 521 partes,

453 534 571 567 vocatis
589 542 727 576 quorum
742 532 921 572 interesset,
938 532 1125 571 decanatus,
1138 541 1198 563 nee

452 596 518 619 non
531 585 739 618 canonicatus
752 590 783 618 et
795 585 999 629 praebendae
1016 584 1199 628 praedicto-

452 649 524 672 rum
551 649 644 672 veros
672 649 797 671 annuos
816 639 951 678 valeres,
974 637 1199 681 praesentibus

454 703 512 735 pro
524 692 681 736 expressis
691 692 857 733 habentes,
870 703 907 725 ac
920 692 1079 725 decanum
1092 696 1122 724 et
1134 690 1200 724 sin-

454 746 581 787 gulares
601 746 747 779 eiusdem
758 745 895 790 Capituli
913 755 1068 789 personas
1088 744 1200 777 huius-

456 799 542 831 modi
564 809 582 831 a
595 799 762 843 quibusvis
778 797 1133 837 excommunicationis,
1149 808 1200 831 su-

455 852 635 896 spensionis
655 858 686 885 et
707 853 880 892 interdicti,
900 852 1034 896 aliisque
1052 851 1200 885 ecelesia-

455 906 544 939 sticis
563 905 742 945 sententiis,
756 905 901 939 censuris
914 911 945 939 et
961 906 1076 950 poenis
1093 917 1111 939 a
1131 906 1201 940 iure

456 959 504 992 vel
525 959 564 992 ab
585 959 717 992 homine
730 959 841 1002 quavis
859 959 1026 992 occasione
1041 959 1088 993 vel
1106 970 1202 993 causa

457 1011 548 1052 latis,
571 1012 596 1045 si
618 1012 735 1056 quibus
756 1012 1003 1055 quomodolibet
1029 1012 1202 1046 innodatae

457 1065 610 1105 existunt,
634 1066 674 1098 ad
705 1065 856 1098 effectum
877 1066 1096 1109 praesentium
1118 1077 1199 1099 eon-

457 1118 675 1162 sequendum,
700 1118 815 1151 harum
837 1118 920 1152 serie
950 1119 1152 1152 absolventes
1172 1125 1203 1153 et

458 1172 621 1205 absolutas
642 1172 710 1205 sore
727 1179 905 1212 censentes,
922 1172 1109 1214 huiusmodi
1129 1183 1203 1217 sup-

458 1225 688 1268 plicationibus
718 1225 873 1264 inclinati,
898 1225 1086 1258 fraternitati
1115 1231 1199 1267 tuae,

459 1278 559 1311 frater
579 1278 729 1322 episcope
742 1305 749 1318 ‚
773 1288 828 1311 seu
854 1278 1042 1312 discretioni
1063 1284 1137 1312 tuae
1157 1279 1202 1312 fili

459 1331 618 1371 officialis,
642 1341 700 1374 per
719 1336 903 1375 praesentes
920 1331 1153 1365 committimus
1173 1337 1203 1365 et

461 1384 663 1424 mandamus,
687 1389 721 1416 ut
742 1383 861 1416 voratis
881 1384 1033 1417 vocandis
1053 1384 1092 1417 de
1113 1395 1204 1428 prae-

460 1437 563 1470 missis
585 1443 614 1470 te
641 1437 813 1479 diligenter
833 1437 1005 1478 informes,
1030 1437 1132 1481 iisque
1153 1449 1205 1471 ve-

460 1491 551 1523 ritate
565 1490 622 1523 niti
633 1490 818 1533 compertis,
835 1490 1061 1524 canonicatum
1071 1496 1204 1535 etprae-

461 1544 612 1583 bendam,
633 1548 668 1575 ut
696 1543 887 1587 praefertur,
920 1549 976 1577 aut
995 1544 1073 1577 alias
1093 1545 1206 1588 quovis

462 1597 571 1636 modo,
597 1607 692 1640 quem
721 1597 944 1641 praesentibus
975 1608 1034 1641 pro
1055 1607 1205 1641 expresso

461 1650 571 1683 baberi
594 1650 752 1691 volumus,
767 1657 925 1691 vacantes,
947 1651 1072 1684 etiamsi
1092 1661 1204 1684 eorum

461 1703 590 1736 collatio
610 1703 695 1736 iuxta
707 1703 929 1736 Latet-anensis
947 1703 1078 1737 Concilii
1096 1704 1206 1738 decre-

462 1761 504 1795 ta,
527 1756 567 1788 ad
580 1756 925 1799 SedemApostolicam
947 1757 1090 1799 legitime
1111 1757 1206 1791 devo-

461 1810 538 1848 luta,
557 1815 586 1842 et
615 1820 711 1853 super
742 1810 816 1853 ipsis
837 1810 1027 1843 canonicatu
1049 1815 1079 1843 et
1106 1821 1202 1854 prae—

462 1863 568 1896 benda
587 1863 669 1895 inter
682 1863 808 1906 aliquos
822 1863 972 1906 lis(cuius
986 1869 1103 1897 statum
1115 1875 1206 1908 prae-

462 1916 607 1949 sentibus
637 1916 746 1949 baberi
780 1917 927 1949 volumus
957 1927 1017 1960 pro
1038 1919 1207 1961 expresso)

463 1970 601 2013 pendeat
616 1969 768 2009 indecisa,
783 1970 960 2002 dummodo
984 1976 1128 2014 tempore
1151 1971 1206 2004 da-

464 2028 514 2055 tae
536 2023 753 2067 praesentium
769 2033 833 2056 non
851 2023 891 2056 sit
913 2023 942 2055 in
965 2034 1001 2056 ea
1022 2023 1117 2057 alicui
1138 2035 1208 2068 spe-

464 2077 588 2110 cialiter
614 2076 662 2109 ius
683 2076 883 2120 quaesitum,
907 2077 1097 2110 auctoritate
1125 2088 1205 2121 apo-

463 2129 586 2169 stolica,
607 2135 766 2173 perpetuo
786 2129 968 2173 supprimas
982 2136 1010 2162 et
1029 2130 1205 2171 extiugua&

464 2194 499 2214 ac
522 2182 665 2226 ipsorum
688 2184 825 2223 fructus,
850 2182 994 2215 redditus
1015 2188 1043 2215 et
1066 2194 1206 2226 proven—

466 2241 533 2274 tus,
559 2235 647 2275 iura,
677 2235 904 2276 obventiones,
939 2236 1159 2270 emolumenta
1180 2243 1208 2270 ct

465 2287 549 2321 bona
574 2299 819 2332 quaecumque,
844 2288 1011 2332 praedicto
1039 2290 1208 2323 decanatui

465 2340 522 2377 (ita
536 2347 566 2373 ut
586 2341 678 2374 liccat
692 2341 848 2374 moderno
861 2348 889 2374 et
908 2353 966 2385 pro
986 2348 1130 2386 tempore
1146 2342 1211 2375 exi-

465 2394 558 2426 stenti
581 2394 715 2433 decano,
740 2394 868 2427 illorum
891 2395 1110 2438 corporalem,
1135 2406 1208 2428 rea-

467 2448 527 2478 lvut
561 2453 587 2479 vt
621 2447 780 2480 actualem
813 2448 1046 2491 possessiouem
1081 2448 1210 2492 propria

466 2500 656 2532 :uu-turitatc
676 2501 920 2544 apprehendere
942 2507 969 2533 vt
986 2507 1142 2545 perpetuo
1165 2512 1213 2534 re-

469 2552 581 2591 tunm-v,
597 2563 633 2584 ac
655 2554 787 2593 sumtus,
809 2554 953 2586 redditus
971 2560 1000 2587 et
1023 2559 1209 2598 proventus,

470 2604 550 2645 iura,
574 2606 783 2641 obvcutioucs
803 2613 833 2640 et
855 2608 1074 2641 emolumenta
1096 2607 1210 2641 liuius-

1037 215 1223 242 BULLARIUM
1238 216 1394 242 ROMANUM

1230 265 1318 298 modi
1346 265 1525 309 percipere,
1549 265 1676 308 exigere
1693 271 1724 299 et
1743 266 1860 308 levare,
1883 276 1920 299 ac
1939 265 1972 299 in

1230 328 1305 351 suos
1325 329 1402 352 usus
1418 323 1451 351 et
1465 318 1638 352 utilitatem
1658 325 1856 361 convertere,
1872 319 1972 353 alicu-

1230 371 1280 405 ius
1299 371 1430 405 lieentia
1441 371 1580 416 desuper
1590 371 1724 405 minime
1738 373 1903 416 requisita,
1917 383 1974 406 au-

1231 425 1379 459 ctoritate
1398 425 1578 469 praedicta)
1591 428 1749 469 perpetuo
1762 425 1855 459 unias
1875 431 1907 460 et
1926 425 1975 458 in-

1232 489 1395 522 corpores.

1277 534 1292 574 S
1313 531 1344 565 3.
1370 533 1434 566 Nos
1453 532 1539 566 enim
1566 532 1844 576 suppressionem,
1868 533 1972 566 extin-

1232 585 1372 619 ctionem
1394 596 1431 618 ac
1450 585 1604 619 unionem
1626 591 1657 619 et
1676 585 1972 630 incorporationem

1233 649 1291 682 per
1311 644 1340 672 te
1359 638 1469 681 vigore
1481 639 1699 683 praesentium
1720 639 1894 680 faciendas,
1909 639 1935 672 si
1947 645 1978 672 et

1233 699 1403 736 postquam
1426 693 1525 726 sactae
1546 692 1681 734 suerint,
1705 703 1742 726 ex
1758 703 1856 734 nune,
1882 697 1980 736 prout

1234 756 1269 778 ex
1290 751 1377 786 tunc,
1397 751 1427 779 et
1447 756 1464 778 e
1481 751 1603 786 contra,
1623 752 1779 790 perpetuo
1799 746 1976 779 confirma-

1235 809 1306 831 mus
1326 804 1356 831 et
1375 798 1610 842 approbamus,
1633 809 1669 831 ac
1695 809 1825 842 semper
1854 804 1885 832 et.
1904 809 1979 842 per-

1234 857 1332 895 petuo
1352 852 1473 885 validas
1493 857 1524 885 et
1543 851 1689 885 efficaces
1709 852 1859 892 existere,
1882 862 1976 885 suos-

1235 916 1298 950 que
1320 905 1483 950 plenarios
1503 911 1534 939 et
1555 906 1696 949 integros
1716 906 1848 940 effectus
1871 906 1995 947 sortiri¹

1236 965 1267 992 et
1287 959 1446 999 obtinere,
1462 969 1498 992 ac
1520 959 1559 992 ab
1581 959 1733 992 omnibus
1753 959 1982 992 inviolabiliter

1237 1011 1414 1052 observari,
1438 1023 1543 1056 neque
1571 1013 1730 1046 decanum
1751 1017 1782 1045 et
1798 1012 1980 1056 Capitulum

1237 1065 1420 1109 praedictos
1432 1076 1530 1110 super
1542 1058 1727 1109 praemissis
1740 1075 1798 1109 per
1810 1075 1982 1109 quoscum-

1237 1129 1299 1162 que
1316 1118 1427 1163 quavis
1441 1119 1536 1152 etiam
1550 1119 1726 1163 apostolica
1742 1118 1918 1162 praedicta,
1932 1118 1981 1151 vel

1237 1172 1401 1205 ordinaria
1421 1172 1623 1213 auctoritate,
1647 1171 1894 1216 quomodolibet
1913 1182 1982 1205 mo-

1237 1225 1358 1265 lestari,
1381 1225 1576 1269 perturbari,
1601 1224 1785 1268 inquietari,
1808 1225 1858 1257 vel
1878 1224 1981 1268 impe-

1239 1278 1298 1311 diri
1320 1288 1413 1322 posse
1433 1284 1488 1311 aut
1501 1278 1619 1311 debere
1633 1290 1640 1318 ;
1654 1278 1764 1322 sicque
1777 1278 1809 1311 in
1827 1277 1983 1322 praemis-

1238 1331 1280 1364 sis
1301 1331 1341 1364 ab
1363 1331 1515 1364 omnibus
1535 1331 1660 1364 censeri
1681 1337 1712 1365 et
1740 1331 1783 1364 ita
1803 1341 1861 1375 per
1881 1341 1980 1375 quos-

1239 1394 1378 1428 cumque
1400 1384 1521 1418 iudices
1546 1390 1575 1418 et
1604 1384 1863 1425 commissarios,
1886 1383 1983 1417 etiam

1240 1447 1410 1470 causarum
1448 1437 1559 1481 palatii
1589 1437 1758 1481 apostolici
1795 1437 1959 1470 auditores
1972 1463 1980 1477 ,

1239 1490 1365 1524 sublata
1386 1491 1431 1524 eis
1452 1496 1484 1524 et
1505 1501 1617 1524 eorum
1639 1486 1772 1524 cuilibet
1791 1490 1903 1534 quavis
1928 1490 1985 1524 ali-

1242 1550 1289 1577 ter
1310 1544 1473 1578 iudicandi
1488 1550 1519 1577 et
1536 1543 1770 1588 interpretandi
1791 1543 1942 1577 facultate
1955 1549 1986 1577 et

1240 1597 1448 1639 auctoritate,
1473 1597 1608 1631 iudicari
1637 1603 1668 1631 et
1692 1596 1824 1630 diffiniri
1853 1597 1982 1638 debere,

1240 1661 1367 1685 necnon
1392 1651 1550 1695 quidquid
1570 1661 1662 1684 secus
1681 1661 1779 1695 super
1798 1650 1848 1683 his
1867 1660 1886 1683 a
1903 1660 1985 1694 quo-

1241 1715 1355 1748 quam,
1384 1704 1494 1748 quavis
1525 1704 1732 1745 auctoritate,
1766 1704 1905 1738 scienter
1937 1703 1986 1737 vel

1242 1759 1445 1801 ignoranter,
1471 1759 1645 1802 contigerit
1665 1759 1831 1799 attentari,
1858 1758 1985 1792 irritum

1241 1818 1271 1846 et
1291 1812 1385 1845 inane
1410 1811 1624 1845 deceruimus.

1286 1867 1302 1907 ἓ
1322 1865 1353 1897 4.
1386 1865 1454 1898 Νοη
1475 1864 1677 1897 obstantibus
1696 1864 1797 1908 priori
1818 1864 1984 1898 voluntate

1242 1924 1350 1951 nostra
1370 1917 1546 1962 praedicta,
1569 1928 1606 1951 ac
1619 1917 1840 1951 Lateranensis
1853 1917 1985 1951 Coucilii

1242 1971 1413 2005 novissime
1445 1971 1619 2012 celebrati,
1646 1971 1783 2004 uniones
1815 1976 1986 2015 perpetuas

1243 2025 1302 2058 nisi
1325 2025 1355 2058 iu
1376 2025 1502 2058 casibus
1522 2036 1539 2058 a
1560 2025 1629 2058 iure
1641 2024 1805 2068 permissis
1819 2024 1889 2058 fieri
1909 2034 1986 2069 pro-

1244 2078 1394 2119 hibentis,
1411 2083 1442 2111 et
1463 2078 1533 2111 aliis
1554 2077 1719 2122 quibusvis
1739 2077 1935 2121 apostolicis,
1951 2088 1988 2111 ac

1245 2131 1275 2163 in
1297 2130 1550 2174 provincialibus
1567 2136 1595 2163 et
1614 2130 1821 2175 synodalibus
1841 2129 1987 2164 conciliis

1244 2184 1338 2217 editis
1358 2184 1564 2225 generalibus
1585 2184 1633 2217 vel
1654 2183 1847 2228 specialibus
1870 2183 1988 2217 consti-

1245 2237 1422 2270 tutionibus
1443 2242 1472 2270 ct
1487 2236 1755 2276 ordinationibus,
1770 2247 1807 2269 ac
1821 2236 1925 2270 dietae
1937 2246 1988 2269 ec-

1245 2291 1359 2323 clesiae
1389 2290 1485 2323 etiam
1518 2290 1717 2329 iuramento,
1741 2289 1988 2323 confirmatione

1245 2343 1432 2387 apostolica,
1445 2343 1491 2376 vel
1513 2342 1623 2387 quavis
1645 2341 1794 2375 firmitate
1814 2341 1876 2374 alia
1893 2341 1990 2375 robo-

1247 2396 1333 2435 ratis,
1349 2396 1474 2429 statutis
1487 2401 1517 2429 et
1535 2395 1834 2435 consuetudinibus,
1855 2392 1986 2428 co'ntra-

1247 2449 1301 2481 riis
1321 2449 1590 2492 ‹ptilutscumque.
1621 2449 1683 2482 Aut
1710 2447 1735 2480 si
1763 2447 1862 2492 aliqui
1893 2457 1991 2492 super

1248 2502 1484 2545 provisionibus
1512 2501 1571 2534 sibi
1602 2501 1756 2534 faciendis
1789 2501 1828 2533 de
1859 2499 1990 2534 canoni-

1248 2561 1320 2588 catu
1352 2561 1380 2587 ct
1404 2555 1588 2599 praebenda
1620 2553 1805 2587 huiusmodi
1835 2552 2022 2598 speciales-

1249 2608 1295 2641 vel
1309 2609 1474 2651 generales
1494 2608 1598 2642 dictae
1618 2608 1718 2647 Sedis,
1735 2613 1787 2641 aut
1810 2607 1988 2650 legatorum

1985 217 2036 244 An.
2056 216 2084 244 c.
2103 197 2182 248 ιε’,εντᾖ
2240 190 2243 223 ‘⁷

1991 577 2037 593 cuin
2047 571 2153 594 clausulis.

2013 1869 2128 1896 nerogatto
2137 1873 2170 1891 eo·

1998 1897 2118 1918 tran-iorum.

2051 544 2081 565 Ra
2085 543 2176 566 minatiov
2183 563 2185 565 .
