2253 3195
299 273 348 300 An.
365 273 393 301 c.
416 274 484 302 1599
529 265 594 300 482

348 1467 350 1474 t
386 1471 389 1474 .

301 1485 418 1503 [sariorum.

345 2418 395 2438 ὴν]
408 2420 456 2437 'mi

498 325 601 367 deque
622 325 816 368 apostolicae
836 326 1002 369 potestatis
1024 327 1236 370 plenitudine,

498 377 596 417 robis,
620 383 654 410 ut
674 388 773 410 unum
795 385 972 420 oratorem,
993 390 1011 412 a
1036 381 1124 413 vobis
1155 382 1240 414 iuxta

497 431 632 463 sormam
657 431 734 464 alias
761 443 820 475 per
845 443 904 466 nos
932 434 1163 478 praescriptam
1185 435 1240 467 eli-

497 484 651 525 gendum,
679 485 719 518 ad
744 496 803 518 nos
830 493 860 519 et
885 488 1102 530 Apostolicam
1124 488 1239 521 Sedem

498 538 636 578 mittere,
660 544 691 571 et
711 538 743 572 in
764 540 910 573 Romana
925 541 1019 574 Curia
1036 542 1177 575 retinere
1189 552 1241 574 va-

498 590 610 630 leatis‚
632 591 686 635 qui
711 599 822 626 orator
841 595 927 637 apud
951 605 1010 628 nos
1035 601 1066 628 et
1093 596 1240 628 eamdem

497 643 610 677 Sedem
632 645 786 685 residere,
811 653 841 680 et
861 647 967 681 locum
990 648 1021 681 in
1043 649 1165 692 capella
1184 646 1257 682 tto-¹

497 703 561 729 stra
582 698 759 741 pontificia,
783 710 820 733 ac
840 700 871 733 in
893 701 1153 746 quibuscumque
1170 703 1241 735 aliis

497 751 620 785 actibus
639 753 850 792 solemnibus
874 755 905 788 in
923 755 1040 799 quibus
1054 766 1123 796 nos,
1140 762 1170 790 et
1183 767 1241 800 pro

498 810 643 848 tempore
657 807 827 841 existentes
838 809 972 842 Romani
986 810 1158 843 Pontifices
1168 821 1240 843 cum

497 858 591 891 Curia
611 866 738 899 nostra,
762 867 792 894 et
812 861 995 906 principum
1012 890 1019 903 ,
1043 874 1079 896 ac
1104 864 1240 896 aliarum
1257 862 1258 867 ¹

498 912 661 946 civitatum
683 915 866 949 oratoribus
886 916 998 950 adesse
1017 917 1169 957 solemus,
1185 911 1259 962 perl

498 976 557 999 nos
577 967 805 1009 assignandum
831 970 938 1003 locum
961 971 1091 1011 babere,
1115 982 1152 1005 ac
1172 971 1242 1015 qui-

498 1019 699 1065 buscumque
725 1022 913 1063 bonoribus,
937 1025 1122 1068 privilegiis,
1142 1037 1238 1069 prae-

500 1074 651 1115 rogativis
669 1082 699 1108 et
721 1076 893 1113 favoribus.
919 1078 1035 1121 quibus
1056 1079 1108 1111 alii
1126 1079 1239 1112 civita-

501 1133 566 1159 tum
588 1128 681 1161 nobis
709 1135 739 1162 et
760 1129 790 1163 S.
813 1130 848 1163 R.
872 1131 906 1163 E.
930 1132 1149 1165 subiectarum
1171 1142 1243 1165 ora-

500 1187 584 1214 tores
606 1182 668 1215 frui
689 1188 719 1215 et
740 1183 881 1225 gaudere
906 1185 1010 1218 solent
1044 1191 1075 1218 et
1095 1192 1239 1229 possunt,

499 1235 567 1278 pari
589 1236 685 1268 modo
707 1237 780 1277 frui,
804 1243 833 1270 ct
851 1238 993 1279 gaudere
1011 1239 1111 1282 possit
1131 1245 1161 1273 et
1188 1240 1243 1272 de-

501 1288 583 1327 beat,
600 1290 790 1323 auctoritate
809 1291 996 1334 apostolica,
1022 1298 1132 1326 tenore
1149 1304 1242 1337 prae-

500 1342 650 1381 sentium,
675 1344 883 1378 comedimus
907 1352 936 1378 et
959 1346 1173 1389 indulgemus.

547 1397 563 1437 ἓ
585 1396 614 1428 2.
639 1397 706 1430 Non
733 1398 934 1432 obstantibus
961 1400 1244 1434 constitutionibus

502 1503 671 1535 contrariis
692 1503 962 1548 quibuscumque.

545 1556 658 1588 Datum
673 1557 793 1590 Romae
807 1559 892 1601 apud
911 1560 940 1592 S.
960 1560 1087 1593 Petrum
1106 1561 1165 1593 sub
1186 1572 1242 1594 an-

501 1610 578 1642 nulo
599 1610 779 1649 Piscator-is,
798 1612 848 1645 die
867 1623 876 1645 ι
892 1614 996 1646 martii
1015 1624 1152 1655 amxmx,
1165 1626 1244 1659 pon-

502 1661 639 1696 tificatus
660 1665 760 1697 nostri
784 1676 869 1699 anno
895 1677 962 1701 ΠΗ.
1259 1656 1261 1670 ¹

537 1725 595 1752 Dat.
612 1726 654 1752 die
674 1727 760 1762 prima
780 1729 867 1755 martii
891 1730 967 1764 1502),
989 1730 1084 1765 pontif.
1102 1739 1146 1758 an.
1168 1738 1224 1758 rnt.

842 1910 897 1944 CC.

528 2015 773 2058 Confirmanlur
810 2021 934 2049 statuta
979 2018 1263 2060 Conqreqalionis}

571 2079 689 2111 ,truncis
727 2078 870 2119 t'irqinis
897 2078 1031 2111 Ordinis
1051 2079 1082 2112 S.
1109 2080 1264 2127 &enodi-3

570 2141 623 2177 cti,
645 2140 794 2183 antiquis
818 2141 982 2183 abroyatis
1003 2141 1021 2174 ¹.
1262 2133 1263 2138 ¹

710 2232 842 2258 Clemens
863 2233 941 2265 Papa
965 2233 1041 2259 vm.

630 2285 665 2311 ad
690 2288 863 2318 perpetuam
879 2285 921 2312 rei
939 2285 1120 2312 memoriam.

551 2366 635 2405 lntcr
647 2366 849 2405 uraris-simas
869 2377 973 2402 curas,
991 2366 1107 2409 quibus
1121 2367 1246 2399 assidue
1263 2406 1266 2416 .

507 2419 696 2462 preiiiiutur,
713 2420 752 2452 de
772 2426 853 2452 statu
872 2431 1000 2463 quoque
1022 2420 1246 2460 religiosorum
1264 2418 1265 2439 ¹

509 2472 642 2505 lutician-
675 2473 844 2512 dirigundo
877 2474 1003 2505 assidue
1042 2474 1243 2513 cognanum,

508 2533 536 2558 vt
559 2539 594 2557 va
621 2538 701 2570 quac
727 2539 785 2570 pro
806 2528 995 2559 corumdem
1022 2527 1265 2567 religiosorunr

509 2591 663 2623 prospero
684 2581 850 2620 ronginiine,
865 2581 1016 2613 niandato
1035 2587 1156 2619 nomio,
1174 2591 1246 2624 pro·

508 2632 578 2663 vide
598 2639 712 2665 statuta
740 2641 834 2673 sunt,
859 2640 891 2666 ut
913 2640 1068 2678 perpetuo
1089 2645 1125 2666 ac
1147 2634 1246 2666 invio·
1264 2626 1265 2637 ¹

548 2695 640 2720 lixi·
669 2702 716 2728 A·-'

1263 2661 1265 2687 l

725 2717 728 2721 .
754 2705 767 2720 n
786 2700 824 2722 δι’,
838 2701 886 2722 ΝΕ.
907 2698 1038 2723 lbi-tium.

1076 277 1260 304 BELLARIUM
1279 279 1433 304 ROMANUM

1273 328 1336 361 late
1367 328 1598 368 observentur,
1628 328 1824 372 apostolicae
1853 328 2015 362 firmitatis

1274 381 1392 413 robore
1417 381 1672 422 communimus,
1699 387 1797 425 prout
1819 382 1851 414 in
1877 381 2014 415 Domino

1273 433 1447 466 salubriter
1467 433 1684 477 conspicimus
1709 434 1868 478 expedire.

1319 488 1335 528 ς
1361 486 1389 519 l.
1413 487 1498 520 Alias
1518 487 1677 531 siquidem
1692 515 1699 528 ‚
1724 498 1797 521 cum
1822 499 1859 521 ex
1884 488 2016 522 dilecto-

1275 550 1346 578 rum
1367 540 1509 573 filiorum
1535 541 1736 574 visitatorum
1763 541 2014 585 apostolicorum

1275 593 1538 637 Congregationis
1568 595 1682 628 Montis
1716 595 1854 638 Virginis
1888 594 2015 629 Ordinis

1274 646 1304 679 S.
1317 646 1480 681 Benedicti
1494 648 1651 682 relatione
1664 648 1911 692 accepissemus,
1928 649 2016 692 quod

1276 699 1348 733 licet
1368 701 1445 734 alias
1477 703 1629 735 mandato
1659 702 1760 735 felicis
1782 702 2016 735 recordationis

1277 753 1321 786 Pii
1334 754 1390 786 PP.
1403 754 1437 794 V,
1454 755 1709 798 praedecessoris
1728 755 1841 795 nostri,
1857 756 2016 800 quaedam

1257 847 1259 850 Α
1275 813 1392 840 statuta
1406 814 1437 841 et
1450 809 1706 849 constitutiones,
1720 821 1776 843 seu
1797 810 2017 843 ordinationes

1277 860 1308 893 in
1328 862 1494 905 praedicta
1513 863 1764 906 congregatione
1783 864 1896 897 Montis
1915 863 2018 906 Virgi-

1276 914 1324 947 nis
1344 925 1402 958 per
1421 915 1506 949 illius
1531 916 1699 959 religiosos
1723 923 1880 961 perpetuo
1907 917 2018 950 obser-

1276 969 1408 1008 vandae,
1431 979 1490 1013 per
1514 975 1578 1002 tres
1601 969 1631 1003 S.
1656 970 1690 1003 R.
1714 970 1748 1003 E.
1772 970 1951 1003 cardinales
1977 970 2016 1003 ab

1277 1022 1345 1066 ipso
1376 1023 1431 1056 Pio
1459 1025 1708 1068 praedecessore
1742 1030 1817 1057 tunc
1849 1024 2018 1068 deputatos

1276 1076 1396 1117 editae,
1418 1083 1448 1109 et
1468 1088 1527 1121 per
1548 1077 1653 1121 ipsum
1674 1078 1765 1110 Pium
1793 1078 2019 1121 praedecesso—

1276 1140 1343 1162 rem
1365 1136 1454 1163 motu
1474 1131 1607 1174 proprio
1625 1142 1698 1164 cum
1716 1131 1859 1164 clausula
1879 1131 2015 1171 sublata,

1277 1190 1306 1217 et
1328 1185 1457 1218 decreto
1480 1185 1617 1218 irritanti
1639 1185 1850 1218 confirmatae
1870 1184 2015 1225 fuissent,

1276 1243 1371 1281 prout
1392 1237 1423 1270 in
1444 1238 1587 1271 eiusdem
1599 1238 1645 1271 Pii
1663 1238 1918 1282 praedecessoris
1935 1239 2019 1272 litte·

1277 1291 1331 1331 ris,
1347 1292 1406 1324 sub
1427 1292 1538 1325 datum
1559 1303 1644 1325 anno
1658 1292 1890 1325 incarnationis
1908 1292 2019 1326 Domi-

1277 1345 1367 1378 nicae
1388 1356 1522 1386 moritvr,
1543 1357 1562 1378 v
1583 1346 1644 1378 kal.
1667 1345 1790 1386 martii,
1814 1346 2020 1390 pontificatus

1259 1439 1260 1444 1
1277 1399 1325 1431 sui
1347 1409 1431 1432 anno
1452 1400 1604 1439 secundo,
1629 1399 1755 1443 plenius
1775 1399 1969 1440 continetur,
1983 1411 2020 1433 ex

358 1464 365 1475 ι
452 1462 487 1476 on·
502 1454 531 1481 et
553 1449 811 1483 ordinationibus
829 1452 1023 1495 apostolicis,
1047 1445 1261 1498 caeterisque}
1278 1453 1394 1496 quibus
1416 1458 1521 1486 tamen
1548 1452 1673 1485 statutis
1703 1458 1732 1485 et
1761 1452 2020 1487 ordinationibus

1260 1512 1388 1549 ,postea
1419 1517 1478 1550 per
1510 1506 1683 1549 ipsummet
1715 1505 1828 1545 Pium,
1863 1516 1924 1539 nec
1955 1515 2019 1539 non

1259 1569 1261 1595 ἢ
1278 1560 1372 1592 etiam
1385 1570 1443 1603 per
1453 1559 1553 1592 t'elicis
1566 1559 1742 1592 memoriae
1750 1559 1940 1601 Gregorium
1950 1559 2020 1592 xtlt

1278 1619 1306 1646 et
1331 1613 1453 1646 Sixtum
1477 1613 1520 1650 V,
1545 1613 1640 1646 ctiam
1669 1613 1932 1656 praedecessores
1956 1622 2017 1645 no-

1277 1672 1370 1703 stros,
1389 1667 1489 1699 multa
1509 1667 1634 1699 sublata
1648 1666 1787 1705 suerunt,
1810 1665 2021 1699 nibilominus

1278 1732 1314 1753 ex
1336 1720 1572 1764 multiplicitate
1594 1726 1623 1753 ct
1641 1720 1824 1753 diversitate
1841 1725 1905 1753 tam
1927 1730 2020 1763 prae-

1260 1774 1448 1812 *dictor-um,
1473 1785 1568 1818 quam
1591 1774 1727 1807 aliorum
1749 1774 1931 1818 praedictae
1942 1773 2020 1807 Con-

1260 1861 1261 1871 *
1278 1827 1473 1869 gregationis
1486 1833 1678 1860 statutorum
1688 1838 1743 1859 scu
1755 1826 2020 1860 constitutionum

1279 1887 1309 1914 et
1328 1881 1569 1915 ordinationum
1584 1891 1698 1923 magna
1713 1881 1743 1913 in
1762 1881 1926 1925 praedicta
1939 1881 2020 1914 Con-

1279 1935 1466 1977 gregatione
1487 1933 1632 1967 conlusio
1659 1933 1808 1976 generari
1833 1933 2018 1973 videbatur,

1262 2005 1263 2018 ι
1280 2000 1315 2021 ac
1336 1999 1394 2032 pro
1417 1988 1514 2032 ipsius
1527 1987 1792 2030 Congreffationis
1812 1993 1843 2021 et
1856 1987 1940 2020 illius
1953 1997 2022 2021 mo-

1262 2042 1458 2075 ,nacliorum
1488 2041 1617 2085 quiete,
1646 2046 1674 2074 et
1708 2040 1903 2074 monasticae
1928 2040 2022 2074 disci-

1282 2096 1387 2140 plinae
1412 2095 1636 2134 observantia,
1669 2094 1806 2127 maxime
1833 2094 2022 2138 expediebat

1262 2161 1395 2192 41[ιονιιιιι
1431 2155 1622 2182 statutorum
1655 2147 1841 2181 buiusmodi
1873 2157 2021 2181 normam

1281 2205 1320 2237 ad
1343 2203 1574 2247 praescriptum
1590 2202 1720 2244 regulae
1737 2202 1767 2234 S.
1785 2201 1945 2235 Benedicti
1961 2201 2022 2235 illis

1282 2257 1444 2290 constitui.

1327 2313 1343 2353 5
1363 2311 1394 2343 ⁹2.
1419 2311 1481 2343 Nos
1500 2309 1620 2342 salubri
1640 2309 1743 2342 dictae
1759 2307 2022 2350 Congregationis

1282 2364 1452 2398 directioni
1474 2375 1510 2397 ac
1531 2363 1679 2405 regimini
1704 2373 1762 2406 pro
1785 2368 1892 2395 nostra
1917 2368 2023 2406 pasto-

1283 2419 1338 2452 rali
1353 2417 1581 2456 sollicitudine,
1598 2423 1752 2460 quantum
1773 2417 1803 2449 in
1817 2415 1953 2449 Domino
1967 2426 2022 2460 po-

1283 2480 1444 2509 teramus.
1470 2471 1653 2515 prospicere
1685 2470 1872 2513 cupientes,
1898 2475 2023 2504 matura

1282 2526 1470 2571 praehabita
1495 2524 1764 2562 ‹·011si·t‹÷1·a1i011‹·‚
1786 2524 1940 2556 nonnulla
1961 2528 2023 2556 sta-

1283 2585 1348 2612 tuta
1379 2585 1406 2611 ct
1444 2578 1664 2610 ordinationes
1698 2588 1733 2609 ac
1765 2575 2019 2613 declarationes.

1283 2633 1366 2665 iuxta
1387 2632 1503 2664 dictam
1523 2631 1667 2672 regulam
1688 2631 1717 2663 S.
1736 2628 1908 2664 Benedicti.
1925 2627 1955 2660 in
1969 2638 2022 2660 ca-

1281 2687 1353 2717 ‹b-ni
1379 2684 1632 2727 tlongrcgatiouc
1658 2695 1714 2727 μοι·
1742 2682 1826 2715 illius
1857 2681 2023 2724 religiosos

2029 276 2078 306 An.
2094 279 2124 307 C.
2147 279 2215 308 1599

2056 501 2086 522 Ex
2094 501 2215 527 pluralitate

2029 529 2154 549 statutorum
2164 535 2215 550 con-

2030 553 2084 574 rust..
2107 556 2216 577 oriebatur

1991 595 1998 601 .
2031 581 2050 600 in
2066 581 2108 601 bac
2123 582 2215 608 Congre-

2030 609 2122 632 tatione.

2072 2315 2175 2338 (nomem.
2185 2313 2220 2335 do-

2037 2343 2096 2363 tna-ns
2107 2348 2119 2362 n
2130 2348 2152 2362 w
2164 2341 2221 2366 vim.

2038 2374 2112 2389 noum
2131 2370 2222 2388 statum·

2037 2401 2082 2416 rum
2091 2393 2221 2420 compitalio-

2037 2427 2083 2443 nom
2091 2420 2207 2442 muminit-
