2253 3195
797 255 891 278 tNtfflx
918 254 1114 278 nrnnicimii
1619 241 1677 274 941

283 327 359 349 suae
379 316 545 359 religionis
565 322 652 349 extra
673 326 742 350 eam
762 322 868 359 agant,
889 317 936 349 rel
972 303 1104 350 CXLIII.
1129 315 1379 359 Areliiepiscopo
1405 314 1638 356 Salisburgensi
1665 315 1712 346 fa-

284 370 408 403 savores
429 375 569 413 captent,
593 369 667 402 277.

195 431 355 465 CXXXVI.
385 431 477 471 Quod
509 432 576 465 Itali
610 437 697 465 extra
725 432 845 465 Italiam
874 442 937 465 non

283 485 428 518 habitent
447 485 479 517 in
499 485 588 525 locis,
606 485 660 518 uhi
678 485 759 518 liber
779 491 810 518 et
830 485 937 529 publi-

283 549 338 571 cus
357 538 462 571 cultus
483 538 547 571 sive
567 549 643 571 usus
665 538 841 571 catholicae
866 538 939 571 reli-

283 592 387 635 gionis
407 603 471 625 non
493 592 615 632 existat,
639 592 713 625 0279.

195 655 371 689 CXXXVII.
396 655 587 694 Iurisdictio‚
606 656 771 688 facultates
793 661 821 688 et
844 655 938 698 priri-

284 708 370 751 legia
390 708 545 742 auditoris
565 709 770 741 Reverendae
788 708 939 741 Camerae

284 761 501 805 Apostolieae‚
537 772 663 795 necnon
684 761 940 794 'reformationes

285 814 471 848 officialium
493 814 636 847 eiusdem
665 814 843 851 tribunalis,
862 813 935 846 0280.

195 878 386 912 CXXXVIII.
407 878 587 911 Declaratio
618 878 704 921 quod
737 877 793 910 filii
823 877 938 910 civium

283 931 593 971 Monasteriensium,
606 930 740 973 legitimi
753 936 781 963 et
795 930 936 972 ingenui,

284 996 300 1018 a
325 984 491 1018 beneficiis
512 985 776 1027 collegiatarum,
801 990 828 1017 et
856 984 940 1017 tiliae

284 1050 301 1072 a
319 1038 522 1072 monasteriis
537 1038 725 1071 monialium
739 1038 862 1071 excludi
876 1049 938 1071 non

285 1092 418 1136 possint,
440 1091 514 1125 0292.

196 1154 367 1189 CXXXIX.
385 1155 500 1188 Contra
521 1154 697 1187 monachos
715 1155 940 1196 Congregatio—

285 1208 335 1241 nis
355 1208 607 1242 Camaldulensis
639 1207 743 1240 officia
775 1213 804 1240 et
838 1208 940 1249 digni-

286 1267 367 1295 tates
388 1261 578 1303 ambientes,
603 1260 677 1294 293.

196 1323 283 1358 CXL.
319 1323 545 1358 Ordinationes
576 1333 634 1366 pro
667 1323 753 1356 bono
785 1323 940 1365 regimine

284 1376 548 1420 Congregationis
573 1377 705 1409 fratrum
736 1376 861 1409 loannis
886 1377 940 1410 Dei

285 1436 499 1474 nuncupatae,
523 1441 581 1474 per
599 1429 779 1462 universam
802 1430 937 1470 ltaliam,

285 1490 316 1518 et
340 1483 497 1517 electione
523 1483 655 1516 maioris
684 1483 828 1517 ciusdem
855 1484 938 1517 Con-

285 1537 494 1580 gregationis‚
515 1537 589 1570 ⁶295.

197 1601 299 1635 CXLI.
328 1601 536 1635 Confirmatio
568 1606 597 1633 et
623 1600 797 1634 declaratio
824 1600 942 1634 consti-

290 1654 422 1688 tutionis
451 1654 595 1697 Gregorii
620 1654 684 1687 Xlll
717 1665 814 1698 super
843 1655 942 1687 resor-

288 1708 429 1741 inati0ne
456 1708 590 1740 fratrum
616 1707 773 1740 Minorum
793 1708 823 1741 S.
846 1709 943 1741 Fran-

291 1762 365 1795 cisci
387 1761 556 1794 strictioris
578 1761 811 1802 observantiae,
826 1766 890 1794 tam
912 1761 942 1794 in

287 1815 377 1848 ltalia
409 1825 506 1858 quam
544 1815 574 1847 in
605 1825 704 1857 regno
733 1815 885 1849 Franciae
915 1821 943 1848 et

289 1868 463 1912 provinciis
483 1868 594 1911 Belgii,
619 1868 693 1902 ⁶299.

332 1940 484 1984 Sequitur
505 1940 646 1974 extensio
668 1941 770 1974 dictae
785 1941 891 1975 bullae
904 1943 942 1975 ad

287 1994 394 2028 Gallos
413 2000 443 2027 et
463 1994 617 2037 Belgicas,
641 1994 715 2028 301.

199 2064 317 2100 CXLII.
341 2065 509 2099 Absolutio
529 2066 657 2099 llenrici
678 2067 715 2100 lv
744 2067 941 2100 Francorum

288 2124 317 2152 et
335 2119 494 2152 Navarrae
515 2119 599 2162 regis
613 2120 879 2160 christianissimi,
897 2120 944 2153 in-

288 2172 942 2216 iunctiseisalutaribuspoenitentiis‚:3ttt.

331 2236 482 2280 Sequitur
501 2235 672 2269 ratificatio
693 2235 821 2269 llenrici
844 2236 940 2278 regis,

289 2297 319 2323 et
342 2289 515 2333 promissio
545 2290 584 2323 de
609 2289 818 2333 adimplendo
847 2300 883 2323 ea
910 2300 943 2322 o-

289 2344 389 2384 nmia,
413 2355 496 2387 quae
522 2343 552 2376 in
582 2344 762 2388 praerelata
783 2344 940 2377 constitu-

289 2397 377 2431 tione
402 2398 461 2430 sibi
482 2396 794 2440 iniungu1nu1·‚31li.

332 2460 484 2504 Sequitur
511 2460 712 2504 pontificium
740 2461 855 2501 breve,
880 2471 943 2504 quo

288 2513 433 2547 Clemens
452 2514 591 2547 llenrico
612 2515 792 2556 gratulatur
810 2515 848 2548 de
872 2514 944 2547 rati-

288 2566 455 2607 ficatione,
479 2567 642 2600 Romanae
669 2567 761 2600 aulae
790 2567 942 2610 gaudium

291 2624 439 2652 testatum
461 2619 544 2661 facit,
569 2631 709 2664 eumque
730 2621 769 2654 ad
791 2630 937 2664 perseve-

292 2674 426 2708 rantiam
446 2673 647 2714 adhortatur,
670 2672 744 2707 315.

1060 370 1160 402 cultas
1189 368 1377 402 conceditur
1405 367 1613 411 imprimendi
1642 368 1716 401 Bre-

1060 423 1195 456 viarimn
1206 423 1387 455 Romanum
1403 432 1475 454 cum
1488 421 1621 465 Proprio
1634 421 1716 455 eius-

1060 477 1131 510 dem
1154 476 1325 516 Ecclesiae,
1347 475 1421 508 3ltl.

972 540 1098 575 CXLIV.
1116 539 1325 574 Confirmatio
1348 539 1467 572 decreti
1488 539 1716 582 Congregatio-

1061 594 1109 626 nis
1127 593 1258 628 Coneilii
1279 604 1342 636 quo
1357 593 1539 626 declaratur
1552 592 1714 636 provisum

1061 648 1100 681 de
1120 647 1297 691 parochiali
1324 647 1458 680 ecclesia
1487 657 1546 690 per
1575 657 1713 679 concur-

1061 695 1147 739 sum,
1176 701 1372 733 censendum
1405 712 1472 733 esse
1502 700 1715 744 approbaturi}

1061 754 1092 786 in
1115 754 1167 786 illa
1188 754 1312 786 civitate
1343 754 1390 787 vel
1424 754 1545 798 oppido
1567 759 1689 786 tantum
1708 782 1714 791 ‚

1062 807 1117 839 ulii
1140 814 1186 840 est
1206 808 1379 851 parochus,
1400 807 1474 840 317.

974 870 1085 904 CXLV.
1120 870 1308 903 Primicerio
1340 871 1528 913 collegiatae
1564 871 1717 905 ecclesiae

1062 924 1168 958 Sancti
1190 924 1285 957 Marci
1305 924 1510 957 venetiarum
1530 925 1719 958 conceditur

1063 978 1198 1010 facultas
1215 977 1324 1010 utendi
1347 977 1441 1010 mitra
1462 983 1491 1010 et
1512 978 1639 1017 baculo,
1656 979 1715 1011 be-

1063 1031 1233 1064 nedicendi
1258 1037 1446 1074 paramenta
1467 1037 1498 1064 et
1526 1038 1716 1064 ornamenta

1063 1084 1288 1124 ecclesiastica,
1312 1095 1436 1117 necnon
1458 1084 1717 1117 benedictionem

1062 1148 1158 1181 supra
1179 1138 1335 1181 populum
1359 1137 1579 1181 impendendi,
1600 1137 1674 1170 318.

975 1200 1101 1234 (jxm't.
1126 1201 1252 1233 Fratres
1269 1200 1397 1233 Ordinis
1415 1201 1528 1234 Beatae
1548 1201 1664 1234 Mariae
1680 1202 1719 1234 dc

1062 1254 1207 1286 Mercede
1227 1254 1471 1297 Redemptionis
1491 1255 1716 1298 Captivorum,

1063 1308 1152 1340 nullo
1174 1307 1269 1340 etiam
1292 1308 1387 1340 etiam
1410 1308 1516 1351 quarti
1537 1308 1601 1341 voti
1626 1319 1720 1352 prae-

1064 1367 1148 1395 textu
1171 1362 1219 1393 vel
1249 1361 1392 1401 indulto,
1418 1362 1456 1394 de
1477 1367 1604 1395 caetero
1636 1361 1718 1395 reci-

1064 1414 1152 1457 piant
1181 1414 1307 1447 Fratres
1336 1414 1473 1447 Minores
1505 1414 1535 1448 S.
1560 1414 1719 1448 Francisci

1065 1468 1103 1500 (le
1124 1468 1341 1507 Observantia,
1358 1473 1413 1500 aut
1430 1468 1562 1501 alterius
1584 1468 1722 1502 strictio-

1064 1522 1107 1554 ris
1131 1521 1258 1555 Ordinis
1279 1522 1489 1565 prosessores,
1510 1521 1585 1555 319.

976 1584 1118 1618 CXLVII.
1143 1583 1324 1617 lurisdictio
1346 1585 1514 1617 consulum
1548 1585 1624 1617 artis
1650 1596 1721 1618 aro-

1067 1639 1276 1672 matariorum
1292 1639 1394 1671 Urbis·
1408 1639 1622 1681 cognoscendi
1645 1651 1719 1672 cau-

1065 1704 1114 1725 sas
1144 1692 1183 1725 ad
1215 1698 1316 1725 artem
1349 1698 1552 1736 spectantes,
1577 1704 1649 1726 cum
1671 1693 1719 1726 in-

1065 1746 1229 1779 dultorum
1252 1746 1471 1787 concessione,
1495 1745 1569 1779 320.

977 1808 1134 1843 CXLX'llI.
1148 1808 1301 1842 Prohibet
1321 1808 1593 1851 gubernatoribus
1612 1809 1721 1853 hospi-

1068 1862 1137 1896 talis
1158 1862 1383 1896 Sanctissimae
1404 1862 1626 1896 Annunciatae
1648 1863 1722 1896 civi-

1067 1913 1139 1947 tatis
1160 1914 1402 1957 Neapolitanae,
1423 1914 1598 1957 quominus
1618 1914 1723 1957 legata

1065 1973 1096 2001 et
1127 1967 1189 2000 alia
1221 1968 1334 2000 relicta
1366 1967 1451 2001 dicto
1487 1968 1654 2012 hospitalis
1690 1967 1720 2000 in

1065 2032 1152 2061 usus,
1177 2027 1305 2064 praeter
1335 2026 1475 2054 mentem
1508 2026 1718 2059 testatorum,

1066 2075 1240 2114 insumant,
1265 2074 1340 2107 324.

977 2137 1102 2171 CXLIX.
1127 2136 1275 2169 Decet-nit
1300 2136 1481 2180 provisores
1506 2144 1536 2170 et
1561 2147 1718 2180 procura·

1067 2196 1150 2224 tores
1162 2190 1369 2234 hospitalium
1389 2190 1540 2233 Reginae,
1556 2190 1586 2222 in
1601 2190 1721 2234 oppido

1065 2245 1271 2283 balneorum,
1297 2250 1327 2277 et
1348 2244 1452 2286 Regis,
1471 2244 1500 2276 in
1523 2243 1649 2277 civitate
1663 2244 1718 2277 Co-

1067 2297 1256 2337 limbriensi,
1285 2297 1339 2340 qui
1362 2308 1425 2330 uno
1448 2296 1584 2329 trienniO
1610 2296 1719 2340 prori-

1066 2351 1147 2384 soris
1178 2361 1234 2383 seu
1259 2350 1480 2394 procuratoris
1512 2349 1618 2382 officio
1650 2361 1722 2394 per-

1065 2404 1164 2437 functi
1185 2411 1275 2443 sunt,
1304 2404 1342 2436 ad
1366 2403 1448 2436 idem
1471 2403 1612 2436 ostlcium
1640 2414 1721 2437 non-

1067 2458 1127 2491 nisi
1149 2463 1220 2502 post
1246 2458 1405 2499 integrum
1433 2457 1622 2491 sexennium
1649 2458 1721 2501 eligi

1068 2522 1171 2555 posse,
1194 2511 1269 2544 325».

977 2565 1034 2599 CL.
1059 2565 1185 2598 Erectio
1216 2563 1342 2607 collegii
1380 2574 1559 2608 pauperum
1593 2564 1720 2608 puella-

1066 2621 1159 2658 ru'm,
1192 2623 1221 2651 et
1250 2617 1436 2651 monasterii
1467 2618 1657 2651 monialium
1691 2618 1721 2651 111

1065 2672 1187 2716 oppido
1209 2671 1342 2706 civitatis
1363 2671 1573 2714 Angelorum,
1597 2672 1723 2706 Tlasca-
