2253 3195
225 200 276 225 An.
292 199 321 225 c.
342 195 408 224 ¹593
451 186 496 219 44
992 191 1174 216 nunnamtni

225 257 246 276 ai
265 257 406 285 receptionem
422 243 609 278 admittendi
623 243 662 276 ad
676 240 1055 286 professionem,cuilibet
1069 249 1160 283 prae-

225 283 409 342 Rfitss‘ssss'f'J-lssiss'
423 297 526 341 posito
546 296 594 328 vel
615 294 730 328 rectori
750 293 892 327 inferiori
917 292 1059 325 eiusdem
1080 292 1159 325 Con-

224 336 281 356 ¹'‘¹⁹'⁴
294 336 346 355 Μ’
359 335 381 354 L
423 349 615 393 gregationis
626 349 833 387 demandare,
848 353 968 380 servata
983 347 1014 378 in
1029 345 1159 389 reliquis

424 405 526 436 forma
546 401 779 435 constitutionis
799 401 939 433 eiusdem
969 399 1045 432 Sixti
1065 409 1158 442 prae-

424 455 598 489 decessoris
619 455 756 497 desuper
773 453 886 486 editae.

395 547 398 551 ,
469 509 534 551 §8
560 510 741 541 Praesentes
761 517 890 550 quoque
922 506 1042 539 litteras
1071 505 1159 538 nullo

228 546 575 606 122¹ffl312¹2131⁸=21umquam
613 567 756 605 tempore
788 561 826 593 de
861 558 1077 603 subreptionis
1112 559 1158 591 vel

259 606 263 609 Δ
281 607 284 610 ⁴
424 614 619 658 obreptionis
639 624 695 646 seu
715 613 866 646 nullitatis
884 613 969 651 vitio,
988 618 1042 645 aut
1058 612 1161 644 inten-

425 668 518 701 tionis
538 673 663 701 nostrae
684 667 731 699 rel
751 677 954 710 quocumque
986 665 1047 698 alio
1069 664 1157 698 defe-

424 727 474 754 ctu
495 720 608 759 notari,
630 720 811 763 impugnari
832 730 886 753 seu
918 718 1159 763 quomodolibet

424 773 561 816 infringi,
579 774 626 806 vel
646 774 677 805 in
699 773 747 805 ius
767 779 819 806 aut
838 772 1087 806 controversiam
1109 778 1179 805 vo-t

424 827 499 867 cari,
516 833 567 860 aut
581 826 676 860 etiam
691 826 842 859 adversus
861 837 913 859 eas
934 825 1162 869 quodcumque
1179 840 1180 852 κ

424 880 511 917 iuris,
534 880 654 922 gratiae
675 880 720 912 vel
748 879 820 912 sacti
849 879 1028 912 remedium
1060 878 1162 922 impe-

426 933 513 973 trari,
536 944 592 966 seu
617 933 711 966 etiam
744 939 832 966 motu
862 932 994 977 proprio
1029 932 1181 966 concedi*

424 998 526 1031 posse.
548 987 656 1030 Neque
677 987 734 1019 sub
755 986 919 1030 quibusvis
941 986 1094 1020 similium
1115 986 1163 1019 vel
1180 983 1182 1018 ἰ

426 1040 627 1074 dissimilium
645 1040 818 1082 gratiarum
841 1040 1107 1081 revocationibus,
1127 1039 1164 1072 li-

426 1093 653 1134 mirationitius,
684 1094 957 1138 suspensionibus,
982 1094 1163 1137 derogatio-

425 1147 518 1180 nibus
540 1153 592 1180 aut
616 1147 685 1180 aliis
706 1147 873 1181 contrariis
901 1147 1165 1191 dispositionibus

427 1211 484 1245 pro
503 1207 646 1245 tempore
659 1201 813 1234 einanatis
827 1201 1095 1245 compraehendi;
1109 1203 1163 1235 sed

427 1265 552 1298 semper
572 1260 601 1288 et
621 1255 707 1287 omni
731 1262 874 1299 tempore
903 1266 939 1288 ac
968 1255 1100 1288 omnino
1126 1256 1166 1288 ab

427 1308 488 1341 illis
505 1308 623 1352 excipi,
647 1314 675 1341 et
694 1309 818 1352 quoties
838 1309 1050 1349 emanabunt,
1074 1309 1166 1343 toties

428 1362 458 1394 in
477 1361 643 1405 pristinum
658 1368 687 1395 et
700 1362 928 1396 validissimum
942 1368 1058 1396 statum
1072 1375 1165 1397 suum
1183 1371 1185 1384 t

429 1415 597 1455 restitutas,
619 1415 770 1459 repositas
790 1422 819 1449 et
838 1416 980 1460 plenarie
995 1417 1168 1460 reintegra-

430 1474 485 1508 tas,
503 1479 537 1501 ac
551 1469 589 1501 de
610 1479 691 1501 novo
703 1469 797 1502 etiam
819 1470 877 1502 sub
895 1480 1098 1514 quacumque
1112 1481 1168 1515 po—
1184 1470 1186 1483 ³

429 1522 558 1555 steriori'
574 1523 645 1555 data
666 1533 722 1566 per
734 1523 916 1565 generalem
929 1529 959 1556 et
978 1523 1057 1557 alios
1077 1535 1169 1568 prae-

429 1576 549 1621 positos
569 1578 728 1619 praelatos
754 1587 811 1620 pro
843 1583 987 1620 tempore
1007 1578 1165 1620 eligenda,

430 1640 604 1668 concessas,
640 1630 772 1673 illasque
803 1636 958 1674 perpetuo
990 1631 1108 1664 validas
1139 1637 1169 1665 et

431 1683 572 1717 efficaces
590 1694 656 1716 esse
677 1689 705 1716 et
734 1683 868 1722 censeri,
898 1685 1090 1728 plenamque
1112 1696 1166 1718 ro·
1186 1691 1187 1695 ’

432 1737 517 1770 boris
538 1736 719 1769 firmitatem
741 1737 896 1770 obtinere.
914 1737 1022 1781 Neque
1034 1738 1171 1780 Congre-

432 1790 591 1833 gationeui
622 1801 657 1823 ac
682 1791 898 1834 praepositum
932 1792 1114 1833 generalem
1141 1797 1167 1824 ct

433 1843 510 1876 alios
530 1844 709 1887 superiores
739 1856 775 1877 :ic
800 1855 951 1888 personas
973 1845 1056 1877 illius
1075 1855 1189 1889 super,

433 1896 551 1930 eisdem
574 1897 753 1940 praemissis
774 1897 966 1941 illorumque
991 1898 1167 1942 possessio-

433 1961 482 1990 ne,
507 1962 562 1983 usu
593 1957 619 1983 et
642 1952 812 1984 commodo
841 1952 982 1995 pacificis
1003 1962 1058 1996 pei·
1079 1952 1168 1985 loro·
1188 1979 1190 1985 ,

440 2016 508 2037 rum
534 2005 717 2037 Ordinarios
747 2011 797 2038 aut
837 2016 1058 2049 quoscumque
1094 2001 1191 2039 aliosi

433 2058 673 2101 ‹promodolilwt
706 2059 881 2095 molt-stari.
907 2059 1084 2103 perturbari
1117 2070 1171 2093 seu

436 2111 602 2155 inquietari
626 2112 670 2144 vel
694 2112 839 2155 impr-diri
863 2123 964 2155 posse.
1190 2110 1191 2114 ¹

480 2167 539 2206 §lh
554 2165 666 2208 ¹<ic-qu·-
688 2171 714 2197 vt
738 2177 799 2198 nou
822 2166 913 2198 aliter
933 2149 1191 2210 perquoscuut-i

436 2230 497 2262 que
519 2219 647 2257 iudico-s,
677 2219 858 2252 ordinarios
883 2225 908 2251 ct
942 2220 1114 2259 delegatos,
1138 2231 1173 2252 ac

437 2272 530 2303 cti-‘uu
552 2283 718 2304 ‹ratisaruui
738 2273 842 2316 palatii
867 2273 1030 2316 apostotici
1050 2267 1192 2306 audito-¹

439 2336 487 2356 ms
509 2331 536 2355 vi
558 2325 586 2356 s.
614 2325 647 2357 u.
671 2325 700 2357 r..
726 2326 912 2361 ‹·.·n·‹tinat‹·s.
937 2326 1032 2358 eum..
1056 2327 1094 2359 aa
1125 2319 1193 2359 izi-⁴

440 2383 503 2409 tert·
526 2378 654 2415 leuatos.
675 2378 876 2417 via-v-tvffiuos
891 2385 920 2411 et
933 2379 1011 2411 :ilios
1025 2363 1193 2414 ecclesia-i

439 2430 532 2461 sliu-os
553 2441 587 2461 a«.-
608 2431 794 2467 saeculares,
815 2431 937 2463 sublata
952 2431 996 2463 eis
1013 2438 1040 2463 ct
1064 2442 1174 2464 eorum

440 2482 568 2515 cuilibet
589 2484 697 2526 «plavis
728 2485 818 2516 aliter
841 2485 1000 2518 iudicandi
1027 2491 1057 2518 et
1079 2478 1195 2519 inter-⁴

443 2537 586 2580 pretamti
606 2538 750 2569 insultato-
772 2545 798 2570 et
823 2539 1019 2577 auctoritate,
1044 2520 1196 2571 iudicarix

443 2596 472 2622 cet
497 2590 620 2623 deliniri
642 2592 773 2631 (lule-erc,
797 2603 919 2625 necnon
941 2593 1092 2637 quicquid
1123 2602 1174 2626 se·
1194 2606 1196 2629 t

266 2213 360 2234 'damula
374 2216 418 2235 nili>

240 2242 292 2264 lna,
308 2246 341 2261 w.

1193 190 1346 214 Romnum

1193 249 1248 271 cus
1265 248 1362 281 super
1386 236 1435 270 his
1455 247 1473 269 a
1493 246 1669 280 quoquam,
1693 235 1804 280 quavis
1823 241 1934 270 aucto-

1193 291 1297 331 ritate,
1319 290 1457 324 scienter
1473 290 1520 322 vel
1542 289 1743 331 ignoranter,
1767 289 1937 332 contigerit

1193 344 1352 387 attentari,
1376 343 1502 376 irritum
1523 348 1553 376 et
1573 342 1667 375 inane
1689 342 1903 376 decernimus.

1238 399 1253 439 ξ
1275 395 1327 429 vlO.
1351 397 1421 429 Non
1450 395 1651 429 obstantibus
1681 395 1876 439 praemissis,
1900 406 1936 428 ac

1194 450 1268 484 dicti
1289 449 1545 494 praedecessoris
1558 460 1656 493 super
1669 449 1874 482 admittendis
1885 459 1936 482 re-

1193 503 1314 546 ligiosis
1333 502 1433 542 edita;
1457 508 1486 535 et
1507 502 1671 546 quibusvis
1690 501 1760 534 aliis
1777 501 1934 545 apostoli-

1193 556 1237 590 cis
1259 567 1385 589 necnon
1405 556 1438 589 in
1457 555 1708 600 provincialibus
1729 560 1759 588 et
1778 555 1938 599 synodali-

1195 611 1252 643 bus
1272 609 1414 643 conciliis
1435 610 1537 650 editis,
1562 609 1755 654 specialibus
1773 610 1822 642 vel
1842 620 1938 652 gene-

1194 663 1324 704 ralibus,
1338 664 1618 697 constitutionibus
1627 669 1655 696 et
1668 663 1935 702 ordinationibus3

1195 728 1231 750 ae
1249 717 1344 750 etiam
1365 717 1557 757 iuramento,
1588 716 1834 750 confirmatione
1854 727 1934 760 apo-

1195 769 1307 803 stolica
1323 770 1372 803 vel
1385 770 1495 814 quavis
1513 769 1663 804 firmitate
1683 770 1745 803 alia
1765 770 1936 810 roboratis,

1195 823 1319 857 statutis
1343 829 1374 857 et
1404 823 1702 863 consuetudinibus,
1732 819 1867 866 legibus,
1891 834 1940 857 re-

1951 186 2001 214 An.
2017 187 2046 214 C.
2066 186 2134 215 1593

2026 409 2135 431 Clausulas

1951 436 2096 466 ‹lervgatorias
2104 438 2136 458 at-

1952 469 1992 490 que
2004 465 2135 484 sanctionem

1951 490 2062 517 poenalem
2081 489 2136 511 adii-

1952 517 1987 538 cit.

1180 877 1462 929 sssormationibus3
1486 877 1661 922 privilegiis
1674 887 1815 921 quoque,
1835 876 1941 910 indul-

1180 960 1181 964 ,
1198 931 1236 964 tis
1262 937 1293 964 et
1311 931 1426 964 litteris
1449 931 1633 975 apostolicis
1653 929 1817 974 quibusvis
1845 941 1940 974 supe-

1198 985 1337 1018 rioribus
1364 991 1396 1018 et
1415 985 1571 1029 personis,
1595 985 1654 1018 sul)
1683 984 1942 1028 quibuscumque

1199 1039 1363 1073 tenoribus
1384 1044 1414 1072 et
1441 1039 1563 1079 formis,
1595 1050 1632 1072 ac
1657 1049 1730 1072 cum
1763 1038 1938 1082 quibusvis,

1198 1092 1293 1126 etiam
1314 1093 1536 1136 derogatoriis,
1553 1092 1686 1136 aliisque
1707 1091 1942 1125 efficacioribus

1199 1153 1230 1180 et
1258 1146 1392 1180 insolitis
1424 1146 1584 1186 clausulis,
1617 1156 1654 1179 ac
1683 1145 1883 1178 irritantibus
1911 1150 1943 1178 et

1199 1199 1268 1233 aliis
1288 1199 1439 1239 decretis,
1471 1199 1502 1231 in
1533 1209 1651 1241 genere
1678 1199 1725 1232 vel
1758 1198 1790 1230 in
1815 1197 1939 1242 specie,

1200 1253 1295 1287 etiam
1318 1258 1406 1286 motu
1427 1252 1522 1286 simili
1544 1257 1575 1285 et
1594 1252 1671 1285 alias
1693 1251 1724 1284 in
1743 1250 1942 1284 contrarium

1201 1306 1456 1351 quomodolibet,
1489 1306 1584 1339 etiam
1615 1305 1735 1349 pluries
1767 1310 1798 1338 et
1823 1304 1944 1338 iteratis

1200 1361 1332 1399 vicibus,
1354 1360 1523 1396 concessis,
1548 1359 1732 1403 approbatis
1761 1364 1791 1392 et
1810 1358 1943 1392 innova-

1202 1415 1249 1449 tis.
1274 1414 1394 1454 Quibus
1414 1413 1574 1453 omnibus,
1598 1411 1722 1446 etiamsi
1743 1412 1782 1445 de
1803 1411 1864 1445 illis
1883 1422 1941 1445 eo-

1203 1479 1339 1513 rumque
1369 1467 1442 1500 totis
1470 1466 1634 1499 tenoribus
1660 1465 1818 1509 specialis,
1841 1464 1944 1509 speci-

1203 1523 1274 1560 fica,
1298 1521 1462 1555 individua
1482 1525 1511 1553 et
1537 1530 1696 1563 expressa,
1728 1529 1764 1551 ac
1788 1518 1827 1552 de
1847 1517 1945 1552 verbo

1202 1577 1241 1609 ad
1263 1575 1410 1615 verbum,
1425 1584 1488 1607 non
1510 1579 1616 1606 autem
1637 1583 1695 1616 per
1715 1571 1873 1605 clausulas
1892 1581 1946 1614 ge-

1204 1630 1327 1663 nerales
1359 1629 1442 1662 idem
1485 1627 1707 1671 imponantes,
1740 1625 1861 1658 mentio
1892 1630 1946 1658 aut
1982 1654 1984 1657 ,

1204 1682 1333 1728 quaevis
1347 1682 1408 1715 alia
1424 1680 1586 1725 expressio
1598 1679 1757 1718 habenda,
1769 1683 1828 1711 aut
1840 1677 1948 1722 aliqua

1187 1736 1266 1781 falia
1286 1734 1443 1779 exquisita
1462 1734 1565 1767 forma
1585 1733 1624 1766 ad
1644 1732 1706 1766 hoc
1725 1731 1882 1765 servanda
1902 1730 1948 1764 so-

1188 1794 1263 1829 ³ret,
1291 1789 1354 1822 illis
1374 1788 1452 1821 alias
1472 1788 1503 1820 in
1524 1797 1581 1821 suo
1614 1786 1730 1819 robore
1757 1795 1947 1829 permansu-

1207 1843 1259 1880 ris.
1281 1843 1340 1876 hac
1359 1842 1426 1875 vice
1447 1841 1623 1880 dumtaxat,
1645 1839 1827 1883 specialiter
1847 1844 1878 1872 et
1897 1849 1949 1872 ex-

1206 1907 1313 1941 presse
1333 1896 1537 1937 derogamus,
1561 1893 1759 1936 caeterisque
1780 1891 1949 1928 contrariis

1206 1950 1473 1994 quibuscumque.

1250 2002 1334 2036 Nulli
1370 2012 1446 2044 ergo
1485 2000 1617 2034 omniuo
1658 1999 1826 2032 hominum
1858 1998 1950 2032 liceat

1207 2056 1289 2090 hauc
1310 2055 1471 2100 paginam,
1495 2059 1550 2088 etc.

1251 2110 1364 2142 Datum
1382 2108 1502 2141 Romae
1523 2107 1608 2151 apud
1629 2107 1781 2141 Sanctum
1795 2106 1946 2146 Marcum,

1207 2173 1292 2196 anuo
1312 2161 1545 2196 lncarnationis
1572 2159 1758 2197 Dominicae
1779 2158 1949 2192 millesimo

1208 2213 1465 2260 quingentesimo
1497 2213 1706 2257 nonagesimo
1731 2212 1839 2253 tertio,
1862 2216 1950 2246 sexto

1210 2270 1361 2304 kalendas
1389 2269 1476 2309 maii,
1501 2267 1706 2313 pontificatus
1735 2265 1833 2300 nostri
1866 2275 1951 2299 anno

1209 2324 1360 2357 secttndo.

1246 2386 1302 2413 bat.
1320 2385 1363 2413 die
1378 2385 1413 2413 26
1427 2384 1518 2421 aprilis
1537 2384 1613 2418 ¹593,
1630 2381 1724 2419 pontif.
1743 2390 1786 2409 nn.
1803 2387 1830 2409 ιι,
