2253 3195
496 228 562 262 916
1047 238 1230 263 nummum
1253 239 1408 264 Romnum

544 305 576 334 et
603 300 728 344 reliqua
752 300 936 333 reseruntur
965 311 983 333 a
1006 310 1079 344 pag.
1103 299 1168 334 814
1195 311 1215 333 α
1243 301 1283 334 ad
1303 300 1366 335 829
1397 302 1424 335 b.
1452 302 1621 346 Catalogus
1655 314 1768 337 eorum
1804 305 1860 348 qui
1884 305 2003 339 contri-

543 354 670 394 buunt,
700 354 743 386 ib.
777 359 808 386 et
835 364 899 397 seq.
935 353 1099 387 Pontifiois
1125 354 1338 398 approbatio,
1370 355 1411 388 ib.
1448 356 1589 400 ldipsum
1616 357 1650 390 in
1673 357 1832 391 Oriolensi
1865 357 2004 392 dioecesi

543 413 711 451 peractum
726 434 734 447 ‚
757 406 816 440 8:31
852 417 882 440 a.
910 407 1086 451 Episcopus
1109 407 1205 441 huius
1230 408 1385 442 dioecesis
1409 409 1558 443 undecim
1588 410 1760 454 parochias
1783 411 1916 451 fundat,
1943 412 2003 451 ib.;

544 470 684 504 quorum
704 460 839 493 historia
859 466 890 493 et.
914 460 1047 494 nomina
1067 461 1229 494 hahentur
1243 472 1260 494 a
1279 472 1352 506 pag.
1373 461 1437 496 832
1458 463 1475 495 b
1495 463 1535 496 ad
1555 462 1619 496 842
1643 463 1670 497 b.
1698 463 1869 507 Catalogus
1893 475 2005 498 eorum

544 513 599 557 qui
619 513 838 554 contribuunt,
863 513 927 546 843
946 524 965 546 α
986 520 1016 547 et
1036 514 1062 547 b.
1086 514 1283 558 Approbatio
1308 515 1430 559 Papae,
1459 515 1524 549 884
1549 516 1575 550 b.
1606 517 1651 550 Ex
1674 527 1792 560 genere
1821 518 2005 551 Maurorum

543 566 704 610 progeniti
735 566 767 599 in
794 577 894 610 regno
914 567 1140 610 Portugalliae,
1168 567 1232 601 889
1256 579 1298 609 113
1326 569 1540 603 excluduntur
1565 581 1583 603 a
1609 571 1724 604 mediis
1748 571 2003 612 canonicatibus,

545 631 581 653 ac
595 621 799 653 declarantur
812 622 1035 654 tantummodo
1049 632 1183 665 capaces
1201 622 1460 656 tertianariarum
1475 629 1506 656 et
1518 623 1810 667 quartanariarum‚
1825 624 1865 658 ib.
1884 625 1912 658 b.

456 674 593 708 Medices
610 674 800 715 Alexander,
825 674 909 707 tituli
926 674 956 708 S.
981 674 1142 715 praxedis,
1167 675 1338 709 cardinalis
1357 677 1561 710 Florentinus
1579 683 1795 722 nuncupatus,
1817 679 1902 723 apud
1923 680 2006 713 Hen-

546 727 651 760 ricum
675 727 796 760 Galliae
815 738 925 770 regem
947 728 1150 772 Apostolicae
1169 728 1260 762 Sedis
1281 729 1320 762 de
1340 729 1439 763 latere
1461 730 1595 772 legatus,
1616 730 1680 764 267
1700 741 1721 763 α
1740 737 1771 765 et
1790 732 1818 764 b.

458 780 584 814 Medina
601 781 653 814 del
673 781 793 824 Campo
814 780 982 824 oppidum.
1012 782 1158 815 Clemens
1179 781 1331 826 episcopo
1344 782 1582 824 VallisoletanQ
1597 785 1762 818 nonnullis
1781 784 1860 818 locis
1883 785 2008 819 adiudi-

547 834 640 874 catis,
653 833 798 867 eiusdem
813 833 1025 868 iurisdictioni
1039 834 1217 868 subiecerat
1233 835 1388 879 oppidum
1407 841 1438 869 et
1457 837 1595 870 abatiam
1608 837 1648 870 de
1664 837 1789 871 Medina
1807 838 1857 872 del
1874 839 2005 883 Campo,

550 887 614 921 764
628 888 656 920 b.
673 888 735 922 Sed
759 887 875 921 abbate
895 899 979 921 nunc
1000 888 1252 930 contradicente,
1276 889 1391 922 iterum
1413 890 1577 934 praedicta
1596 891 1668 924 loca
1691 891 1852 925 Ordinarii
1879 892 2008 926 iurisdi-

547 941 650 975 ctioni
669 941 809 982 subiicit,
828 940 968 975 7ss5aet
993 942 1031 982 b,
1058 941 1281 986 praecipitque
1306 943 1413 976 abbati
1438 949 1472 976 ut
1496 944 1649 977 mandato
1673 944 1704 978 S.
1732 944 1823 979 Sedis
1842 945 2009 990 obtempe-

546 1000 606 1036 ret,
629 995 672 1028 ib.
702 995 730 1028 b.

457 1050 670 1083 Mercatorum
690 1048 967 1082 Anconitanorum
988 1049 1192 1082 Universitas.
1216 1050 1302 1094 Papa
1323 1051 1456 1094 cupiens
1486 1051 1717 1085 commercium
1746 1051 1779 1085 in
1808 1053 2008 1087 Anconitana

546 1102 628 1136 urbe
653 1101 791 1143 restitui,
815 1113 927 1135 causas
953 1109 1165 1136 mercaturam
1185 1109 1417 1137 concernentes
1437 1115 1455 1137 a
1475 1105 1661 1138 consulibus
1682 1105 1809 1138 definiri
1830 1111 2004 1149 statuerat,

546 1155 610 1189 235
631 1156 660 1189 b.
683 1156 852 1189 Nonnullis
873 1161 980 1189 tamen
1001 1166 1114 1190 eorum
1135 1156 1292 1190 iudicium
1314 1157 1552 1200 effugientibus,
1573 1157 1637 1192 136
1657 1169 1694 1199 a,
1717 1158 1863 1193 Clemens
1882 1160 1947 1194 Vlll
1963 1160 2005 1194 il-

547 1210 655 1243 lorum
675 1209 897 1243 auctoritatem
925 1209 1068 1254 ampliat,
1091 1210 1134 1243 ib.
1160 1210 1188 1242 b.
1216 1210 1479 1254 Quibuscumque
1500 1210 1658 1244 iudicibus
1679 1211 1809 1246 vetitum
1835 1213 2010 1256 quominus

547 1274 582 1297 se
601 1262 804 1296 immisceant
823 1263 856 1295 in
876 1262 1061 1296 huiusmodi
1080 1263 1194 1303 causis,
1214 1262 1278 1296 ⁹237
1298 1275 1339 1303 a;
1367 1269 1396 1297 et
1416 1264 1599 1298 facultatem
1625 1265 1680 1298 dat
1697 1265 1871 1309 praedictis
1895 1277 2009 1301 consu-

549 1316 634 1350 libus
653 1316 862 1360 procedendi,
886 1317 928 1349 z'b.

460 1369 671 1404 mexicanensi
691 1369 724 1402 in
742 1369 951 1403 Universitate
968 1370 1154 1404 Studiorum
1169 1370 1315 1403 nonnulli
1335 1371 1476 1404 lauream
1492 1376 1522 1404 et
1535 1371 1653 1414 gradus
1666 1377 1884 1416 susceperant,
1900 1372 1963 1407 226
1976 1385 2006 1407 α..

552 1423 638 1462 Quae
660 1423 791 1467 quidem
817 1423 1006 1457 universitas
1033 1422 1107 1456 fidei
1140 1423 1333 1457 christianae
1358 1424 1584 1468 propagationi
1609 1425 1700 1458 valde
1725 1424 1940 1468 inserviebat,
1963 1427 2006 1461 ib.

548 1477 672 1511 Idcirco
693 1476 839 1510 Pontifex
863 1477 996 1510 collatos
1025 1477 1144 1520 gradus
1173 1483 1258 1511 ratos
1279 1477 1396 1519 hahet,
1421 1477 1514 1522 eique
1542 1484 1740 1512 caeterarum
1767 1478 2008 1514 universitatum

550 1530 719 1574 privilegia
736 1530 903 1573 elargitur,
926 1531 969 1564 ib.
993 1530 1020 1563 b.

461 1583 623 1618 Militantis
643 1584 802 1618 Ecclesiae
823 1584 1005 1628 respublica
1031 1585 1167 1618 maxime
1188 1596 1223 1618 ex
1246 1584 1423 1618 litterarum
1437 1585 1552 1618 studiis
1565 1591 1711 1629 augetur,
1729 1586 1897 1620 tenebrosa
1921 1587 2011 1631 igno-

550 1638 673 1672 rantiae
693 1638 829 1681 caligine
847 1644 877 1671 et
895 1638 1063 1671 haeresum
1083 1644 1172 1682 peste
1197 1639 1340 1682 depulsa,
1364 1638 1421 1671 «151
1447 1650 1476 1672 a.

461 1692 574 1725 Milites
595 1693 664 1725 lesu
687 1691 812 1732 Christi,
836 1692 866 1726 S.
892 1692 995 1726 lacohi
1021 1692 1060 1725 de
1085 1692 1205 1736 Spatha
1229 1698 1259 1725 et
1283 1694 1313 1726 8
1342 1693 1503 1726 Benedicti
1530 1693 1568 1726 dc
1594 1693 1666 1726 Avis
1690 1693 1893 1737 privilegium
1919 1696 2008 1730 alu-

548 1745 591 1779 lio
612 1746 635 1779 ll
654 1745 861 1778 obtinuerunt
883 1745 1051 1790 proprium
1074 1745 1212 1779 habendi
1231 1756 1268 1779 ac
1290 1746 1436 1787 testandi,
1460 1745 1525 1779 603
1549 1757 1567 1778 a
1593 1752 1623 1780 et
1643 1746 1669 1779 b.
1695 1747 1786 1786 Quod
1806 1747 2009 1792 privilegium

549 1799 703 1832 remansit
735 1799 831 1832 etiam
858 1805 929 1843 post
950 1799 1144 1832 contrariam
1178 1799 1442 1833 constitutionem
1469 1799 1514 1833 l‘ii
1545 1800 1579 1839 V,
1607 1800 1650 1833 ib.
1678 1800 1762 1834 Ortis
1787 1801 1903 1835 deinde
1927 1813 2007 1836 con-

551 1852 721 1893 troversiis,
740 1853 955 1895 Portugalliae
977 1847 1029 1886 r'cx
1052 1853 1128 1896 petit
1144 1853 1330 1887 confirmari
1344 1853 1546 1897 privilegium
1569 1853 1637 1886 lulii
1658 1854 1693 1894 ll,
1711 1852 1776 1887 604
1794 1865 1815 1887 ιι
1832 1860 1863 1889 et
1880 1855 1906 1888 b.
1930 1855 2011 1890 Pon-

551 1906 625 1940 tifex
640 1906 824 1950 plenissime
843 1906 1025 1947 confirmat,
1041 1905 1105 1939 601»
1122 1918 1140 1939 α
1155 1912 1186 1940 et
1200 1907 1228 1947 b;
1245 1907 1497 1951 exequutoribus
1510 1907 1748 1941 constitutionis
1762 1907 1949 1951 designatis,
1967 1909 2006 1944 ib.

462 1959 571 1993 Militia
592 1960 632 1993 de
653 1959 824 1994 Alcantara
845 1965 875 1993 et
896 1960 935 1993 de
952 1960 1126 1993 Calatrava.
1154 1960 1186 1993 t’.
1207 1960 1455 1994 Controversias.

462 2013 570 2047 Militia
595 2013 635 2046 de
655 2013 817 2046 {tl-nitesia.
839 2014 984 2046 Clemens
1005 2014 1053 2046 Vll
1075 2013 1356 2047 com-essitCarolo
1374 2014 1396 2046 V
1417 2024 1475 2058 pro
1500 2013 1609 2047 Militia
1639 2015 1669 2048 S.
1698 2015 1803 2048 lacobi
1830 2016 1868 2049 de
1892 2017 2012 2061 Spatha

551 2073 585 2100 ut
606 2067 636 2100 in
655 2067 881 2100 controversiis
911 2067 1074 2100 inteream
1094 2074 1122 2100 ct
1146 2068 1290 2100 locorum
1304 2067 1490 2101 Ordinarios
1500 2079 1533 2101 sc
1547 2067 1753 2111 interponere
1766 2075 1885 2112 posset,
1901 2069 2007 2104 225611.

550 2121 667 2153 Paulus
687 2121 723 2154 ΙΙΙ
746 2120 906 2153 iudicibus
925 2120 1037 2154 vetavit
1057 2120 1230 2164 nilominus
1251 2121 1280 2153 in
1302 2120 1486 2154 huiusmodi
1508 2121 1611 2154 causis
1630 2132 1664 2155 se
1692 2121 1918 2164 immiscerent,
1941 2124 2008 2166 1·11.;

550 2180 578 2208 et
601 2174 672 2207 lites
693 2185 765 2206 cum
792 2173 950 2218 episcopis
975 2174 1233 2218 quilmsrumquc
1259 2180 1354 2218 atque
1385 2174 1608 2208 ecclesiasticis
1633 2186 1807 2217 regnorum
1839 2176 2010 2221 Hispaniae

551 2228 727 2271 pendentes
753 2228 805 2260 tali
836 2228 960 2260 indulto
982 2227 1211 2270 νωιιψιη-ΙιιηιιΙί
1235 2227 1419 2268 declaravit,
1444 2228 1485 2260 ib.
1511 2229 1539 2261 11.
1565 2228 1637 2261 Pius
1655 2229 1690 2262 tv
1708 2229 1854 2263 camdem
1880 2230 2011 2264 faculta-

552 2286 615 2314 tem
642 2281 799 2314 omn-essu
820 2280 968 2324 Philippo
990 2281 1011 2314 ll
1035 2281 1112 2320 rogi.
1135 2280 1239 2314 2257«.
1268 2281 1441 2322 Gregorius
1456 2282 1517 2315 xlv
1539 2281 1676 2315 similem
1699 2282 1824 2315 veniam
1847 2282 1908 2316 illis
1935 2294 2010 2317 ron-

553 2334 646 2367 cessit
672 2345 729 2378 pro
760 2334 876 2368 Militiis
907 2336 945 2366 «tn
972 2335 1134 2367 (inlatrnva
1167 2341 1194 2366 vt
1228 2335 1266 2367 (le
1297 2335 1477 2372 ‚thannata
1509 2335 1552 2368 ib.
1585 2335 1611 2368 b.
1641 2336 1786 2369 (lirinens
1812 2336 1873 2370 hoc
1906 2336 2010 2381 ipsum

553 2388 699 2421 decernit
720 2389 943 2431 exequendum
967 2399 1024 2431 pro
1046 2389 1153 2421 Militia
1175 2388 1213 2420 dv.
1235 2388 1398 2425 Montes-ia,
1427 2388 1536 2422 2381»

464 2441 600 2474 Minore-s
625 2442 737 2474 fratrs—s
763 2441 891 2474 tlt-dinis
911 2442 940 2474 8.
967 2442 1136 2475 Francis-ri.
1162 2441 1364 2485 Propositum
1388 2448 1433 2475 cst.
1454 2442 1603 2476 duhiistn:
1632 2453 1671 2475 an
1694 2443 1867 2477 llel'ormati
1888 2443 2011 2488 possint

553 2495 670 2527 halwrn
691 2506 822 2534 ‹ii-uana.
846 2502 1032 2539 paramenta
1052 2501 1078 2528 οι
1101 2506 1169 2528 vasa
1194 2495 1343 2539 pretiosa,
1359 2494 1460 2528 78:311.
1487 2496 1684 2540 Responsum
1706 2495 1763 2530 suit.
1790 2496 1946 2537 negativa,
1967 2497 2007 2531 ib.

553 2548 690 2591 livea-pto
711 2560 785 2581 vasu
809 2548 838 2581 in
861 2548 978 2592 quihus
1000 2549 1163 2592 praedicta
1189 2554 1291 2581 essent
1319 2548 1379 2581 iam
1406 2549 1548 2582 ecclesiis
1573 2549 1743 2593 applicata,
1772 2548 1845 2583 784.

464 2600 679 2644 Mirapiccnsis
708 2601 861 2641 ecclesia,
883 2601 1060 2634 'l'olnsanzw
1090 2601 1289 2645 provin‹·.i:w‚
1313 2613 1331 2634 a
1357 2603 1474 2635 loanne
1501 2602 1577 2635 xxn
1604 2601 1635 2635 in
1660 2601 1876 2636 cathedralem
1905 2608 2011 2638 erecta

553 2653 620 2694 suit,
644 2653 684 2687 57
706 2655 739 2695 tr,
761 2655 791 2688 in
809 2666 847 2691 ea
867 2654 973 2689 variae
994 2655 1166 2697 dignitates
1186 2655 1444 2702 supprimuntur,
1464 2655 1507 2689 ib.
1534 2654 1567 2690 V.
1590 2654 1751 2693 Gioiosae.
