2253 3195
17 229 67 255 An.
87 227 114 254 C.
134 226 199 254 1593

46 918 84 939 Hie
96 919 143 939 ideo
152 917 204 938 Pon-

19 945 95 966 tisexnl
105 945 148 965 fieri
157 950 203 970 pru-

20 972 86 995 hibe&

827 223 973 248 cennens
993 222 1050 246 vm
1071 222 1120 246 Pe.
1655 208 1696 241 55,
1743 218 1792 245 An.
1811 217 1838 244 C.
1860 218 1928 244 1593

215 284 274 318 pro
293 274 329 306 iis
361 273 595 316 consequendis
615 271 903 305 ecelesiasticorum
925 277 950 303 et

215 327 426 361 saeenlarium
441 326 624 370 principum
646 325 750 358 studia
777 325 950 367 requirant,

216 387 243 413 et
263 392 280 413 a
301 382 330 413 S.
352 381 388 413 R.
413 380 445 412 Ε.
470 376 685 412 rardiiialilms
710 378 843 420 aliisque
865 388 954 420 prae-

217 434 286 466 latis
308 432 584 466 comnandatitias
604 432 725 464 litteras
746 430 888 473 aliosque
913 430 956 461 t'a-

217 497 308 519 rores
351 491 378 518 et
409 485 526 528 gratias
567 489 736 528 propterea
773 488 919 526 expetant
945 509 951 519 ,

217 539 334 582 quibus
358 539 469 578 adiuti,
501 548 580 581 quos
612 536 670 580 ipsi
698 548 734 567 ex
766 547 798 568 se
828 546 955 578 prome-

220 593 319 625 ruisse
348 592 478 625 minime
510 590 688 627 eontidunt,
721 589 838 629 gradus
859 594 886 621 et
910 588 955 620 di-

218 646 353 688 gnitates
384 645 413 677 in
443 645 556 677 eodem
588 644 705 676 Ordine
735 642 886 685 consequi
905 653 956 674 va-

218 699 313 735 leant,
345 698 453 740 sieque
485 697 627 730 eiusdem
653 695 780 728 Ordinis
800 695 952 738 quietem,

217 761 281 784 non
299 750 366 783 sine
379 750 558 782 animarum
571 759 700 781 suarum
716 748 870 791 periculo,
887 758 956 791 per-

220 805 356 837 turbent.

263 859 278 899 ξ
300 857 330 890 2.
351 858 413 890 Nos
427 858 547 889 malunt
566 857 627 889 hoe
647 856 811 889 adeodem
825 855 954 892 Ordine,

219 911 309 944 euius
336 921 527 954 prosperum
563 910 707 952 regimen
728 915 758 942 et
778 909 958 942 ineremen-

220 969 286 996 tum
307 964 346 996 ad
366 963 524 996 Ecclesiae
550 968 677 996 sanetae
699 962 868 995 utilitatem
891 962 957 994 sin-

219 1017 300 1050 ceris
332 1022 520 1060 exoptamus
546 1016 731 1053 affectibus,
764 1025 822 1058 pro
851 1021 957 1047 nostra

218 1069 368 1113 pastorali
388 1069 603 1102 sollieitudine
616 1069 797 1112 propellere
817 1079 959 1101 summo-

218 1134 293 1167 pere
311 1122 486 1166 cupientes,
511 1127 598 1155 motu
620 1122 753 1165 proprio
774 1129 804 1154 et
824 1132 860 1154 ex
872 1127 958 1154 certa

218 1182 328 1209 nostra
356 1176 498 1216 seientia,
528 1186 564 1208 ae
595 1176 634 1208 de
654 1175 848 1219 apostolieae
870 1181 959 1219 pote-

217 1230 306 1262 statis
326 1229 536 1273 plenitudine,
560 1240 672 1262 omnes
685 1235 716 1262 et
732 1229 875 1271 singulos
896 1230 957 1261 fra-

218 1288 280 1316 tres
309 1283 383 1316 dieti
415 1282 551 1321 Ordinis,
587 1283 818 1325 cuiuscumque
845 1287 954 1319 status,

218 1336 345 1378 gradus,
363 1335 565 1373 conditionis,
580 1334 863 1379 praeeminentiae,
879 1345 957 1378 qua-

220 1388 317 1421 titatis
335 1394 365 1421 et
385 1388 546 1430 dignitatis
560 1388 739 1427 existentes,
761 1388 814 1431 qui
837 1388 874 1420 de
889 1399 959 1420 eae-

221 1447 288 1473 tero
316 1442 356 1474 ad
377 1442 574 1484 praelaturas
589 1468 596 1481 ,
628 1441 745 1481 gradus
760 1469 767 1481 ,
806 1441 955 1482 honores,

221 1494 401 1536 dignitates,
432 1495 736 1533 administrationes,
767 1495 955 1532 functiones,

222 1553 252 1579 et
271 1547 332 1579 alia
361 1547 465 1579 officia
496 1548 570 1580 dieti
603 1547 729 1581 Ordinis
762 1549 959 1591 assequenda

223 1600 346 1639 intenti,
369 1601 408 1633 ad
425 1601 619 1644 principum,
636 1601 852 1644 praelatorum
865 1607 959 1644 atque

220 1653 354 1686 aliarum
401 1665 679 1697 quarumcumque
718 1665 929 1697 personarum
949 1682 956 1695 ,

221 1713 283 1740 tam
305 1707 518 1740 saecularium
539 1717 635 1750 quam
657 1707 956 1747 ecclesiasticarum,

221 1760 260 1793 de
281 1760 404 1802 gremio
426 1760 500 1793 dieti
521 1760 647 1794 Ordinis
665 1771 729 1794 non
743 1761 956 1801 existentium,

221 1813 316 1845 etiam
335 1813 549 1846 cardinalatus
569 1813 692 1846 honore
708 1841 714 1853 ,
749 1824 785 1846 ae
804 1824 960 1856 quaeum-

221 1878 282 1911 que
313 1868 467 1901 saeculari
497 1868 649 1910 dignitate
681 1874 711 1901 et
742 1868 928 1901 excellentia
949 1895 956 1908 ,

222 1919 316 1953 etiam
338 1920 507 1964 imperiali,
536 1921 636 1963 regali
654 1926 685 1954 et
705 1921 810 1954 ducali
831 1921 956 1963 fulgen-

222 1972 312 2013 tium,
337 1973 459 2006 favores
480 1974 687 2013 recurrerint,
721 1974 768 2007 vel
789 1973 884 2006 etiam
905 1984 960 2017 pa-

224 2025 292 2063 etis,
318 2026 603 2068 pollicitationibus
634 2027 768 2070 aliisque
785 2027 853 2065 viis,
877 2027 961 2059 dire-

225 2083 273 2109 ete
293 2078 341 2109 vel
359 2077 523 2118 indirecte,
551 2080 657 2122 palam
683 2080 729 2112 vel
751 2081 886 2119 occulte,
921 2080 960 2112 ad

224 2131 432 2173 praelaturas,
456 2132 584 2173 gradus,
609 2132 758 2171 honores,
777 2133 957 2173 dignitates,

224 2183 528 2223 adrninistrationes,
553 2185 731 2218 functiones
752 2191 782 2218 et
801 2185 862 2218 alia
890 2186 961 2218 offi-

224 2237 272 2269 eia
292 2237 456 2280 praedicta
477 2238 650 2271 obtinenda
670 2239 890 2282 aspiraverint,
914 2241 960 2273 vel

224 2289 293 2321 aliis
313 2290 446 2323 minime
476 2291 626 2333 legitimis
646 2297 676 2324 et
696 2292 837 2325 honestis
867 2293 963 2325 ratio-

223 2342 316 2375 nibus
331 2354 366 2376 ea
380 2344 524 2376 obtinere
539 2344 763 2387 quaesiverint,
784 2350 812 2377 et
831 2345 962 2378 mininie

224 2395 411 2439 ‹·onquisitis
432 2397 478 2429 usi
498 2397 625 2436 suerint,
650 2397 842 2441 illorumque
872 2409 962 2431 eom-

224 2449 322 2491 plices
340 2454 370 2482 et
389 2450 537 2489 linitores,
562 2450 600 2483 ad
623 2462 843 2495 quaseumque
862 2462 958 2495 prae-

226 2502 352 2542 laturas,
376 2502 546 2544 dignitates
567 2509 593 2536 et
626 2504 741 2543 officia,
766 2505 959 2548 gradusque,

224 2554 373 2594 bonores,
412 2555 706 2589 administrationes
726 2562 752 2589 et
778 2568 910 2591 munera
932 2558 961 2590 in

226 2607 292 2650 ipso
312 2607 430 2641 Ordine
444 2609 617 2642 obtinenda
634 2617 788 2654 perpetuo
808 2611 964 2644 inhabiles

988 271 1198 309 dormiamus,
1232 280 1267 301 at·
1289 268 1426 302 obtentis
1447 278 1503 311 per
1524 278 1578 300 eos
1605 268 1729 310 praela-

990 325 1077 361 turis,
1102 324 1265 365 gradibus,
1290 322 1477 359 honoribus,
1507 321 1726 361 dignitatibus,

989 376 1329 413 administrationibus,
1366 375 1582 407 t'nnctionibus
1603 380 1630 407 et
1652 376 1726 407 ot'ti-

989 431 1044 463 eiis
1063 429 1246 463 huiusmodi
1269 440 1306 462 eo
1328 429 1396 472 ipso
1417 429 1590 472 ln‘iramns,
1614 439 1649 460 ae
1664 428 1730 471 pri-

989 489 1076 516 vatos
1097 494 1173 515 voee
1200 488 1263 515 tam
1282 482 1383 514 artira
1404 492 1499 525 quam
1521 481 1656 525 passiva,
1680 492 1731 512 ra-

989 547 1059 568 rere
1081 535 1284 568 decernimus
1303 540 1329 567 et
1354 535 1565 567 derlaramus.

1034 593 1049 628 ξ
1068 588 1098 620 53.
1120 590 1222 631 Atque
1244 587 1274 619 in
1295 588 1410 620 virtute
1429 594 1556 620 sanetae
1578 587 1732 620 obedien·
1769 598 1930 623 supi-rmillas-

992 642 1051 674 tiae
1071 652 1108 674 ae
1127 641 1186 673 sub
1208 641 1548 673 ext-onmiunieationis
1570 641 1650 673 latae
1661 650 1732 672 sen-
1747 630 1786 671 ili?
1800 625 1888 671 fils-llll?
1901 627 1931 670 iii]

991 695 1107 728 tentiae
1129 705 1233 738 poena
1253 693 1404 727 omnibus
1424 693 1497 726 dieti
1522 693 1648 726 Ordinis
1670 694 1732 725 sra—
1747 678 1834 724 iiiiiih'rev
1861 677 1931 703 ΨΜ

993 749 1102 787 tribus,
1126 747 1348 791 superioribus
1361 753 1389 779 et
1406 747 1556 790 praelatis
1576 757 1733 790 quocum-

992 813 1052 845 que
1087 801 1178 833 titulo
1203 799 1417 843 nuncupatis,
1449 799 1543 831 etiam
1566 799 1730 841 generali,

991 854 1213 898 praesentilnis
1242 859 1273 886 et
1303 852 1427 891 suturis,
1451 852 1668 895 praecipimus
1688 852 1735 884 di-

991 907 1163 950 stricteque
1185 907 1375 939 mandamus
1402 917 1441 938 ne
1462 905 1646 949 qnempiam
1669 906 1735 938 ullo

992 967 1147 1004 tempore,
1172 960 1331 1003 precibus,
1364 959 1477 992 litteris
1508 959 1556 991 vel
1577 959 1736 991 tantu-ibus

992 1013 1132 1051 adducti,
1162 1014 1210 1045 vel
1231 1013 1308 1045 alias
1340 1013 1379 1045 ad
1401 1012 1585 1045 instantiam
1607 1023 1663 1044 sen
1684 1022 1735 1044 re-

992 1067 1199 1111 quisitionem
1220 1067 1267 1099 vel
1289 1065 1596 1109 contemplationem
1616 1065 1735 1108 print-i-

992 1132 1069 1164 pum
1087 1121 1134 1152 vel
1156 1120 1374 1163 praelatorum
1400 1124 1451 1151 ant
1484 1119 1622 1151 aliorum
1656 1130 1735 1161 quo-

992 1184 1217 1217 rumcumque,
1242 1179 1305 1206 tam
1326 1173 1551 1210 saecularium,
1568 1183 1664 1216 quam
1687 1184 1737 1205 ee-

993 1227 1245 1260 clesiastieorum
1279 1232 1366 1259 extra
1397 1226 1518 1259 dietum
1550 1226 1731 1268 gremium,

993 1283 1207 1322 existentium,
1231 1282 1327 1315 etiam
1350 1281 1573 1319 cardinalium,
1598 1281 1736 1324 impera-

994 1337 1080 1375 toris,
1105 1347 1217 1378 regum
1239 1342 1270 1369 et
1298 1337 1428 1375 dueum,
1452 1336 1492 1368 ad
1514 1335 1652 1368 cuiusvis
1683 1345 1737 1375 ge-

993 1391 1077 1423 neris
1109 1391 1318 1434 praelaturas,
1357 1389 1486 1429 gradus,
1511 1389 1665 1427 bonores,
1690 1388 1737 1420 di-

993 1443 1139 1485 gnitates,
1161 1442 1465 1479 administrationes,
1503 1441 1684 1474 functiones
1705 1446 1736 1473 et

993 1497 1099 1529 officia
1130 1497 1283 1540 praedicti
1305 1496 1431 1529 Ordinis
1463 1505 1664 1539 promovere,
1689 1496 1736 1527 vel

993 1561 1113 1593 poenas
1144 1550 1268 1594 aliquas
1304 1550 1468 1583 remittere
1507 1549 1646 1582 audeant.
1681 1559 1737 1581 seu

993 1609 1210 1647 praesumant.

1039 1656 1106 1698 gli.
1139 1657 1362 1696 Deam-nentes,
1402 1655 1575 1689 electiones
1607 1660 1638 1688 et
1663 1665 1738 1698 pro·
1816 1660 1937 1680 Eteotioncs

1752 1687 1822 1707 taliter
1832 1687 1897 1707 saetas
1907 1694 1936 1707 in·

994 1711 1153 1743 motiones
1183 1710 1222 1742 ad
1258 1709 1453 1742 monasteria
1489 1719 1544 1741 sen
1576 1708 1738 1751 prioratus
1754 1714 1841 1735 validat·
1872 1716 1936 1739 mrim>

1752 1742 1826 1760 cstsslt'a
1858 1740 1937 1760 tut-ien-

994 1764 1040 1796 vel
1062 1763 1168 1797 officia
1190 1763 1265 1796 dieti
1286 1762 1412 1796 Ordinis
1442 1762 1553 1795 eontra
1585 1772 1737 1805 praesen·
1753 1767 1936 1795 ¹0s³bffli¹uxi³r1==

1753 1799 1827 1814 t'esstt,
1843 1799 1867 1812 1¹⁴1
1885 1799 1937 1818 ipso,

993 1817 1072 1849 tium
1105 1816 1372 1860 dispositionem,
1411 1815 1497 1859 quod
1520 1815 1612 1853 absit,
1637 1825 1737 1858 quan-
1753 1825 1935 1866 l'22¹r“.-⁰‘.¹t2‹»12'.¹13§2¹.'‘

994 1870 1177 1912 doeumque
1199 1869 1361 1902 faciendas
1382 1875 1410 1901 et
1434 1880 1492 1912 pro
1514 1874 1660 1911 tempore
1681 1868 1738 1900 ob—

994 1927 1107 1962 tentas,
1143 1922 1246 1954 nullas
1274 1932 1407 1965 prorsus
1428 1921 1649 1964 invalidasque
1671 1921 1738 1953 foro

994 1981 1024 2008 et
1050 1986 1138 2014 esse,
1178 1975 1338 2018 nullisque
1366 1975 1487 2007 viribus
1527 1974 1735 2014 substitutas,

994 2039 1171 2072 omnesque
1201 2034 1229 2061 et
1257 2028 1401 2069 singulos
1421 2028 1452 2060 in
1475 2027 1661 2071 praemissis
1682 2027 1738 2059 de-

994 2082 1163 2125 liquentes,
1199 2082 1287 2114 nulla
1307 2081 1370 2114 alia
1395 2081 1573 2113 monitione
1601 2091 1735 2123 praeee-

996 2135 1101 2173 dente,
1136 2140 1164 2167 et
1196 2134 1317 2177 absque
1344 2145 1495 2177 processu
1515 2134 1654 2176 desuper
1677 2133 1735 2165 ha-

996 2188 1113 2227 hendo,
1147 2187 1320 2220 sententias
1342 2193 1372 2219 et
1392 2197 1512 2230 poenas
1547 2185 1739 2229 praemissas

997 2241 1263 2275 irremissibiliter
1283 2252 1320 2274 eo
1342 2241 1410 2284 ipso
1440 2241 1618 2279 incurrere,
1649 2246 1680 2272 et
1700 2240 1739 2272 ad

996 2294 1066 2327 illos
1086 2295 1260 2328 sententias
1280 2300 1309 2327 et
1331 2304 1451 2337 poenas
1472 2293 1664 2337 praemissas
1685 2293 1740 2325 da-

997 2347 1181 2380 mnabiliter
1211 2347 1382 2379 incurrisse
1414 2346 1561 2387 legitime
1601 2346 1741 2389 proban-

997 2400 1110 2432 dumet
1127 2400 1259 2432 omnino
1272 2400 1528 2432 convincendum
1550 2400 1633 2432 solas
1650 2410 1740 2443 prae-

998 2453 1164 2485 missarum
1187 2464 1398 2497 personarum
1421 2452 1597 2492 instantias,
1614 2463 1736 2496 preces,

999 2508 1131 2543 favores,
1161 2506 1258 2538 etiam
1290 2512 1440 2539 oretenus
1465 2512 1639 2549 porrertas,
1672 2506 1739 2549 ple-

997 2570 1082 2595 nam.
1108 2559 1271 2592 indubiam
1293 2565 1323 2591 et,
1343 2559 1575 2597 sufficientem,
1600 2559 1631 2591 in
1659 2559 1740 2592 iudi-

998 2612 1046 2643 vio
1080 2618 1105 2643 et
1134 2618 1232 2649 extra,
1269 2611 1363 2644 tidem
1398 2614 1520 2649 lavere,
1559 2623 1615 2643 ner
1637 2613 1674 2644 ad
1709 2612 1738 2644 id
