2253 3195
551 283 653 316 CCLV.

233 389 426 422 Declaratur
445 389 556 421 omnia
575 390 669 431 requi
687 388 861 421 Sardiniae
882 388 972 419 bene-

275 443 350 484 ficia
364 441 540 485 indiqenzk,
558 446 586 474 et
601 442 635 473 in
650 441 733 473 dicto
754 451 851 484 rcqno
871 441 969 480 natis,

277 506 399 528 necnon
413 494 624 527 naturalibus
637 495 810 527 ditm-taxat
822 504 885 526 esse
902 504 972 526 con-

276 548 410 592 serenda
430 549 449 580 ¹.

439 630 570 656 Clemens
594 629 672 661 Papa
694 628 770 661 vm,

349 683 385 709 ad
409 684 582 715 perpetuam
604 681 647 708 rel
673 681 853 708 memoriam.

279 754 458 787 Romanum
470 753 560 786 decet
574 751 761 785 Pontificem
777 752 821 785 uti
833 752 972 794 vigilem,

61 812 202 834 Proovmtum·
235 811 305 847 eta,
334 812 528 851 opportuna.

281 862 296 902 5
311 860 340 893 1.
358 860 504 893 Exhibita
520 859 677 903 siquidem
692 860 785 893 nobis
803 870 905 904 nuper
917 871 976 904 pro

63 932 144 954 «ΝΜ
159 932 221 953 edm.
236 920 326 958 parte
358 914 548 947 dilectorum
579 913 719 946 filiorum
750 914 995 957 deputatorum·

37 958 75 980 dae
81 959 167 980 huiusce
174 964 222 980 con-

37 985 155 1007 munionis,
238 968 335 1001 trium
355 974 512 1008 statuum,
541 967 747 1000 brachiorum
770 973 973 1011 nuncupato—

237 1033 320 1061 rum,
346 1021 435 1063 regni
461 1021 626 1055 Sardiniae
647 1020 757 1064 petitio
779 1021 973 1060 continebat,

237 1075 323 1118 quod
353 1075 384 1107 in
415 1074 500 1107 dicto
529 1085 628 1117 regno
649 1085 764 1117 parvus
785 1074 975 1116 dignitatum

236 1138 272 1161 ac
293 1128 540 1161 canonicatuum
562 1133 593 1160 et
619 1127 893 1170 praebendarum,
919 1138 976 1160 nec

235 1192 299 1214 non
321 1181 567 1225 parochialium,
592 1186 618 1213 ct
642 1181 709 1213 sine
731 1191 807 1213 cura
829 1180 976 1213 ecclesia-

235 1245 318 1275 rum,
343 1234 546 1278 aliorumque
566 1233 798 1267 beneficiorum
820 1233 972 1266 ecclesia-

234 1287 387 1321 sticorum
414 1298 568 1320 numerus
600 1286 761 1320 institutus
791 1286 972 1330 reperitur,

235 1352 412 1385 eorumque
430 1341 551 1374 fructus
565 1346 594 1373 et
606 1340 727 1373 reditus
740 1340 838 1374 annui
852 1345 972 1381 tenues,

235 1395 339 1438 ipsum
358 1405 433 1428 vero
455 1404 589 1437 regnum
611 1394 808 1427 studentium
829 1394 975 1427 multitu-

235 1448 309 1481 dine
330 1448 498 1487 refertum,
523 1459 558 1480 ac
579 1447 610 1480 in
631 1458 668 1480 eo
697 1447 821 1481 diversa
847 1447 976 1492 publica

236 1501 414 1534 litterarum
435 1501 539 1534 studia
563 1501 602 1534 ad
626 1501 710 1534 illius
731 1501 971 1544 indigenarum,

236 1561 330 1599 atque
345 1555 425 1588 adeo
440 1555 577 1588 aliorum
599 1554 743 1587 omnium
758 1565 795 1588 eo
809 1554 974 1588 confluen-

237 1608 327 1648 tium,
345 1619 381 1641 ac
402 1608 582 1651 theologiae
596 1614 626 1641 et
643 1608 713 1641 aliis
727 1608 856 1652 optimis
874 1609 975 1642 scien-

237 1661 286 1695 tiis
302 1672 415 1695 vacare
436 1661 654 1694 assectantium
673 1661 918 1695 instructionem
946 1668 976 1695 et

235 1716 413 1760 profectum
429 1714 585 1755 instituta,
596 1715 836 1758 Sardorumque
848 1715 975 1758 ingenia

236 1769 413 1803 litterarum
435 1768 548 1802 studiis
568 1774 642 1813 apta
662 1775 691 1802 et
712 1769 848 1802 maxime
869 1770 976 1803 dedita

236 1823 384 1863 existunt,
395 1834 430 1856 ac
444 1833 556 1856 eorum
570 1823 721 1866 permulti
737 1829 802 1856 tum
824 1823 863 1856 ad
884 1823 972 1865 alias,

238 1883 305 1911 tum
332 1877 372 1910 ad
401 1887 470 1917 eas,
494 1887 575 1921 quae
602 1877 688 1921 apud
717 1877 802 1921 ipsos
826 1878 977 1920 leguntur

237 1931 402 1964 facultates
423 1931 644 1974 capessendas,
669 1937 735 1964 tum
756 1942 831 1964 vero
852 1932 891 1964 ad
911 1937 977 1965 stu-

237 1984 364 2017 diorum
386 1995 519 2017 suorum
546 1985 689 2017 lauream
715 1986 976 2028 consequendam

236 2037 268 2070 in
294 2037 433 2078 ltaliam,
457 2044 487 2071 et
513 2037 591 2070 alias
621 2043 727 2081 partes
759 2038 882 2080 magnis
913 2038 978 2072 suis

236 2090 419 2134 sumptibus
434 2096 464 2124 et
476 2090 627 2134 periculis
639 2096 723 2124 terra
738 2091 882 2135 marique
894 2097 978 2125 tran-

237 2143 319 2185 sire,
343 2144 421 2188 quin
442 2144 536 2177 etiam
558 2154 670 2177 omnes
702 2145 767 2177 sere
798 2144 976 2178 litterarum

237 2198 370 2232 studiosi
402 2199 442 2232 ad
473 2204 590 2232 statum
622 2198 873 2232 ecclesiasticum
895 2200 977 2243 aspi-

237 2262 320 2292 rare,
348 2257 378 2285 et
398 2252 446 2285 vel
475 2251 666 2285 nobilissimi
697 2252 754 2284 viri
784 2252 920 2285 alterum
943 2263 977 2285 ex

238 2305 364 2338 duobus
384 2304 458 2338 filiis
489 2305 554 2338 Deo
583 2315 772 2338 consecrare
800 2315 975 2338 consueve-

238 2363 323 2398 runt,
341 2369 377 2391 ex
398 2368 462 2402 quo
483 2358 773 2391 ecclesiastieorum
795 2363 894 2391 status
915 2368 979 2390 non

237 2421 352 2454 parum
374 2411 569 2450 illustratur,
592 2416 623 2444 et
644 2411 820 2444 multorum
843 2410 977 2443 misera-

238 2464 351 2496 bilium
373 2464 543 2508 pauperies
556 2464 751 2497 sublevatur.
767 2464 843 2497 Cum
859 2470 977 2504 autem,

239 2517 320 2550 sicut
337 2517 448 2550 eadem
470 2517 581 2561 petitio
608 2517 833 2559 subiungebat,
862 2527 977 2560 quam-

239 2571 347 2614 plures
368 2570 566 2613 alienigenae
587 2570 682 2603 etiatn
701 2581 736 2603 ex
756 2570 980 2614 Hispaniarum

276 2635 286 2659 1
311 2632 345 2659 Ex
363 2632 468 2668 llegest.
485 2632 510 2659 in
526 2633 629 2659 Secrct.
647 2632 779 2659 Brevium.

845 233 993 258 CLEMENS
1015 233 1071 257 Vlll
1091 233 1140 256 PP.

1008 280 1134 322 regnis,
1163 278 1335 323 provinciis
1364 284 1393 311 et
1423 276 1590 316 dominiis,
1623 287 1660 309 ac
1686 275 1748 308 illis

1006 332 1224 366 adiacentibus
1247 331 1357 364 insulis
1383 330 1531 370 oriundi,
1553 329 1744 371 dignitates,

1007 387 1212 419 canonicatus
1233 391 1263 419 et
1280 384 1490 429 praebendas,
1509 383 1634 426 aliaque
1650 383 1749 415 bene-

1007 440 1079 473 ficia
1105 439 1320 472 ecclesiastica
1346 438 1377 470 in
1406 437 1491 470 dicto
1519 447 1619 479 regno
1639 436 1748 469 Sardi-

1006 494 1078 526 niae
1098 492 1305 526 consistentia
1326 491 1514 531 ambientes,
1532 490 1591 523 sibi
1613 490 1651 523 de
1673 489 1745 529 illis,

1007 546 1070 579 sive
1092 557 1149 590 per
1170 546 1370 578 venerabiles
1399 545 1512 577 fratres
1540 550 1666 591 nostros
1698 553 1748 576 ar-

1008 599 1230 642 chiepiscopos
1243 604 1274 631 et
1286 598 1454 641 episcopos
1472 597 1547 630 dicti
1568 596 1669 638 regni,
1681 596 1746 640 qui,

1009 658 1041 685 ut
1065 653 1241 696 plurimum
1263 657 1293 685 et
1313 662 1372 695 pro
1394 661 1509 693 magna
1530 656 1631 694 parte,
1653 650 1751 682 exteri

1009 716 1077 739 esse
1097 706 1221 745 solent,
1246 705 1310 737 sive
1335 704 1431 745 alias,
1456 703 1646 736 auctoritate
1673 713 1751 746 apo·

1009 759 1120 792 stolica
1141 758 1314 803 provideri,
1331 769 1367 791 ae
1388 758 1508 791 fructus
1536 757 1723 790 eorumdem
1742 785 1747 796 ‚

1010 823 1065 845 seu
1090 812 1261 856 pensiones
1286 812 1425 855 desuper
1452 810 1607 843 reservari
1636 821 1752 854 procu-

1012 872 1092 906 rent,
1116 872 1147 899 et
1166 866 1283 910 passim
1305 866 1425 908 absque
1446 865 1511 896 ullo
1533 864 1697 897 obstaculo
1712 865 1752 896 ad

1011 920 1311 960 beneficia,f1·uctus
1331 924 1362 951 et
1379 918 1550 962 pensiones
1567 917 1752 950 huiusmodi

1011 973 1209 1017 recipiantur
1238 978 1268 1005 et
1294 972 1526 1011 admittantur,
1549 970 1648 1014 ipsius
1677 982 1752 1004 vero

1011 1027 1101 1069 regni
1123 1026 1291 1060 Sardiniae
1316 1026 1506 1068 indigenae,
1531 1026 1563 1057 in
1595 1024 1665 1057 aliis
1696 1036 1749 1058 re·

1011 1080 1090 1122 gnis,
1112 1079 1295 1123 provinciis,
1310 1079 1461 1113 dominiis
1482 1085 1512 1112 et
1532 1079 1644 1113 insulis
1658 1090 1752 1123 prae-

1011 1133 1121 1173 dietis,
1145 1138 1310 1176 praetextu
1331 1133 1547 1176 quorumdam
1568 1134 1752 1177 privilegio-

1011 1197 1083 1219 rum
1112 1193 1142 1219 et
1170 1185 1369 1219 indultorum
1399 1186 1673 1229 apostolicorum,
1697 1198 1754 1221 seu

1011 1239 1289 1279 constitutionum,
1311 1245 1364 1271 aut
1382 1239 1585 1272 sanctionum
1606 1250 1755 1283 pragma-

1011 1293 1145 1326 ticarum
1166 1298 1443 1336 nuncupatarum‚
1467 1293 1515 1325 vel
1543 1293 1750 1326 consuetudi-

1010 1356 1087 1378 num
1106 1345 1225 1378 ibidem
1248 1345 1434 1387 vigentium,
1457 1356 1475 1378 a
1499 1346 1753 1389 consequutione

1010 1409 1293 1443 quorumcumque
1310 1398 1544 1432 beneficiorum
1564 1399 1754 1433 ecclesiasti-

1010 1464 1122 1486 corum
1142 1453 1174 1486 in
1192 1453 1253 1486 illis
1267 1453 1523 1493 consistentium,
1540 1463 1666 1486 necnon
1680 1464 1754 1497 per-

1010 1506 1158 1549 ceptione
1179 1506 1341 1539 fructuum
1357 1512 1386 1539 et
1406 1506 1597 1549 pensionum
1620 1507 1752 1540 omnino

1009 1559 1221 1592 excludantur
1241 1565 1271 1592 et
1292 1560 1501 1603 repellantur,
1515 1565 1543 1592 et
1559 1559 1672 1592 exinde
1685 1560 1752 1603 ple-

1008 1613 1100 1657 rique
1125 1623 1258 1653 eorum,
1287 1613 1342 1657 qui
1369 1612 1504 1646 assiduis
1535 1613 1701 1646 laboribus
1722 1619 1753 1646 et

1011 1666 1135 1708 vigiliis,
1160 1666 1372 1710 maximisque
1397 1666 1551 1710 impensis
1572 1666 1603 1698 in
1629 1666 1751 1699 littera-

1009 1730 1080 1753 rum
1102 1720 1214 1753 studiis
1235 1720 1359 1753 virtutis
1387 1725 1416 1752 et
1446 1719 1611 1752 doctrinae
1631 1719 1754 1752 semina

1010 1779 1236 1817 susceperunt,
1261 1779 1292 1806 et
1316 1773 1347 1805 in
1369 1783 1446 1815 agro
1466 1772 1645 1813 Dominico,
1669 1772 1693 1805 si
1714 1773 1754 1806 ad

1011 1827 1095 1860 illius
1116 1828 1275 1860 culturam
1297 1833 1501 1866 vocarentur,
1516 1826 1667 1859 salutaria
1681 1837 1752 1868 ger-

1012 1880 1110 1921 mina,
1134 1891 1217 1924 quae
1238 1879 1402 1913 Altissimo
1424 1879 1613 1912 lectissimos
1635 1879 1755 1913 fructus

1011 1944 1068 1966 suo
1094 1939 1241 1977 tempore
1267 1933 1458 1971 redderent,
1486 1933 1686 1976 producere,
1715 1932 1755 1965 si—

1012 1986 1108 2030 bique
1126 1986 1201 2030 ipsis
1222 1992 1253 2020 et
1273 1986 1342 2019 aliis
1363 1986 1402 2019 ad
1423 1986 1570 2025 salutem,
1596 1990 1626 2018 et
1646 1984 1755 2017 catho-

1013 2040 1091 2073 licae
1114 2039 1297 2082 religionis,
1327 2039 1466 2082 fideique
1487 2037 1754 2082 propagationem

1013 2099 1044 2127 et
1064 2093 1339 2127 conservationem
1360 2092 1515 2136 prodesse
1535 2096 1676 2135 possent,
1693 2102 1751 2125 ne-

1013 2152 1170 2190 queuntes
1188 2146 1345 2179 beneficia
1366 2144 1591 2185 ecclesiastica,
1615 2150 1670 2177 aut
1689 2145 1756 2177 sru-

1013 2206 1101 2240 etus,
1124 2201 1172 2233 vel
1200 2200 1372 2244 pensiones
1399 2209 1458 2242 pro
1488 2209 1600 2231 eorum
1629 2198 1755 2231 decenti

1012 2253 1278 2293 substentatione,
1294 2263 1399 2295 neque
1420 2252 1451 2284 in
1473 2252 1577 2295 patrio
1595 2251 1664 2284 solo
1682 2261 1756 2295 pro-

1014 2313 1084 2350 pter
1119 2312 1301 2339 exterorum
1335 2305 1389 2337 illa
1427 2304 1655 2348 occupantium
1695 2304 1757 2337 sre-

1014 2359 1190 2402 quentiam¹
1216 2358 1387 2401 minusque
1409 2363 1499 2390 extra
1517 2357 1595 2390 illud
1617 2357 1754 2400 assequi,

1015 2417 1122 2445 exacta
1153 2412 1214 2444 iam
1244 2417 1369 2451 aetate,
1398 2416 1428 2443 et
1459 2410 1661 2443 facultatibus
1692 2409 1758 2443 suis

1015 2464 1232 2508 consumptis,
1253 2464 1350 2497 veluti
1382 2464 1501 2497 inertes
1531 2473 1757 2496 aerumnosam

1015 2529 1051 2551 ac
1073 2517 1289 2550 miserabilem
1312 2517 1407 2550 vitam
1426 2517 1553 2555 ducere,
1571 2522 1601 2549 et
1620 2526 1758 2560 pauper-

1016 2577 1111 2604 tatem
1128 2571 1158 2603 in
1173 2576 1335 2604 senectute
1356 2570 1456 2614 (quod
1474 2569 1679 2603 durissimum
1699 2572 1757 2612 est)

1018 2625 1155 2658 tolerare
1181 2630 1348 2667 cogantur,
1376 2624 1510 2668 aliisque
1531 2623 1661 2657 illorum
1682 2633 1758 2656 con-

1652 218 1716 250 675
1763 227 1812 253 An.
1835 226 1862 253 c.
1881 226 1942 253 1001
