2253 3195
224 260 277 286 An.
295 258 324 286 C.
344 257 408 287 1602
455 248 518 282 848

253 853 371 874 Ctaumtae.

267 1280 413 1307 Exequutorox

229 1308 340 1333 tlenssnatt.

265 2506 421 2526 *tantm-mm.

236 2533 354 2558 damnatio,

423 307 610 340 earumdem
626 305 823 338 deeimarum
838 304 871 337 iu
889 304 1041 337 omnibus
1059 309 1087 337 et
1108 314 1167 347 per

423 361 532 394 omnia
554 359 654 393 teneri
681 365 710 392 et
737 359 896 401 obligatos
923 368 1010 399 esse,
1033 357 1168 402 perinde

423 425 458 446 ac
489 413 514 446 si
541 413 667 446 litterae
699 412 886 446 huiusmodi
918 412 964 445 eis
998 422 1169 445 concessae

423 477 487 500 non
521 466 676 507 fuissent,
701 471 756 499 aut
785 465 844 510 ipsi
877 465 1023 498 habitum
1052 465 1166 499 huius-

425 520 511 553 modi
532 530 598 553 non
619 520 845 564 suscepissent,
870 530 905 553 ac
926 519 1187 566 praedict‹‘;1slit-;¹

426 580 507 607 teras
527 580 591 607 tam
613 584 782 607 concessas
802 584 898 617 quam
925 573 1166 612 concedendas,

426 627 498 666 illis,
520 628 628 671 quoad
642 627 762 670 gratias
783 629 813 660 et
830 627 998 671 privilegia
1015 637 1051 660 ac
1065 637 1171 660 exem-

425 681 551 724 ptiones
571 681 768 720 huiusmodi,
797 680 980 713 nullatenus
1003 679 1170 722 suffragari

425 744 529 778 posse,
545 734 680 778 perinde
698 745 734 767 ac
756 734 781 767 si
801 733 935 766 minime
955 739 1168 766 emanassent.
1187 733 1189 774 ξ

469 786 535 830 ξ3.
556 787 672 831 Sicque
704 792 734 820 et
759 797 824 820 non
857 787 950 820 aliter
979 797 1038 831 per
1069 797 1169 831 quos-

427 850 566 884 cumque
588 840 709 874 iudices
730 840 913 874 ordinarios
934 845 963 873 et
984 840 1147 883 delegatos
1162 867 1169 880 ‚

427 894 522 927 etiam
549 904 718 927 causarum
745 893 856 941 palatii
886 893 1053 937 apostolici
1083 893 1174 927 audi-

426 954 522 988 tores,
546 953 577 980 et
596 947 626 981 S.
647 947 682 980 R.
708 947 740 980 E.
767 947 961 987 cardinales,
986 946 1122 981 iudicari
1143 952 1173 980 et

426 1001 553 1035 definiri
575 1001 704 1041 debere,
721 1012 757 1034 ac
776 1001 900 1034 irritum
923 1006 953 1034 et
974 1000 1067 1034 inane
1081 1000 1174 1045 quid-

426 1055 505 1098 quid
526 1065 617 1088 secus
638 1065 735 1098 super
755 1054 803 1087 bis
825 1065 843 1087 a
865 1064 1040 1098 quoquam,
1063 1053 1174 1098 quavis

426 1108 630 1148 auctoritate,
655 1107 794 1141 scienter
813 1107 861 1140 vel
884 1107 1080 1150 ignoranter,
1095 1118 1173 1141 con-

427 1162 535 1203 tigerit
555 1161 716 1194 attentari.

472 1217 488 1257 g
513 1215 544 1248 4.
572 1214 730 1254 Quocirca
756 1214 994 1248 venerabilibus
1022 1214 1174 1247 fratribus

426 1269 628 1303 Toletanensi
650 1275 679 1302 et
699 1269 878 1312 Hispalensi
908 1268 1170 1313 archiepiscopis,

429 1334 466 1356 ac
487 1322 611 1356 dilectis
636 1321 710 1355 filiis
728 1328 839 1355 nostro
858 1328 888 1355 et
909 1322 1111 1366 Apostolicae
1125 1312 1190 1356 Sel

429 1376 476 1409 dis
495 1376 524 1408 in
543 1376 651 1418 regnis
668 1375 894 1419 Hispaniarum
913 1375 1043 1414 nuncio,
1056 1381 1083 1408 et
1100 1386 1175 1409 cau-

427 1427 536 1462 sarum
558 1428 671 1462 Curiae
690 1428 842 1462 Gamerae
856 1428 1058 1472 Apostolieae
1079 1438 1176 1470 gene-

429 1483 488 1515 rali
522 1482 661 1516 auditori
688 1493 746 1526 per
777 1487 963 1526 praesentes
994 1481 1172 1515 committi—

429 1547 500 1569 mus
521 1542 551 1569 et
572 1535 774 1574 mandamus,
790 1541 948 1579 quatenus
966 1535 1024 1579 ipsi
1043 1536 1090 1569 vel
1105 1535 1176 1580 qni-

429 1600 568 1634 rumque
588 1590 729 1630 illorum,
751 1596 936 1634 praesentes
954 1590 1075 1624 litteras
1093 1595 1123 1623 et
1144 1590 1175 1623 in

429 1645 474 1678 eis
494 1650 645 1678 contenta
666 1655 903 1689 quaecumque,
921 1644 974 1677 ubi
997 1650 1027 1678 et
1046 1645 1176 1688 quando

429 1709 510 1742 opus
530 1698 637 1739 suerit,
661 1709 696 1731 ac
722 1698 848 1742 quotics
870 1709 929 1743 pro
949 1703 1041 1743 parte
1063 1698 1173 1732 cuius-

430 1762 570 1796 cumque
590 1751 798 1785 ecclesiarum
825 1751 981 1795 praesulis
1009 1757 1063 1785 aut
1085 1751 1174 1796 capi-

432 1805 501 1845 tuli,
522 1805 569 1838 vel
591 1815 749 1848 personae
770 1805 1007 1838 ecclesiasticae
1032 1805 1177 1838 saecula-

430 1859 484 1900 ris,
501 1859 548 1892 vel
570 1858 708 1892 cuiusvis
726 1858 854 1892 Ordinis
875 1858 1044 1901 regularis,
1061 1858 1179 1891 suerint

431 1912 594 1956 requisiti,
617 1913 807 1947 solemniter
828 1913 1047 1957 publicantes,
1069 1912 1178 1956 eisquc

433 1964 670 2010 in'praemissis
697 1965 836 1999 efficacis
863 1964 1059 1999 defensionis
1088 1975 1178 2009 prae-

432 2019 514 2052 sidio
535 2019 728 2059 assistentes,
759 2019 874 2053 saciant
905 2019 1095 2052 auctoritate
1121 2029 1178 2052 no-

432 2079 497 2106 stra
525 2078 710 2117 praesentes
743 2072 864 2106 litteras
889 2072 1016 2105 debitae
1037 2082 1179 2116 exequu-

434 2126 510 2160 tioni
544 2127 756 2168 dernandari;
791 2126 1046 2160 contradictores
1077 2136 1177 2169 quos-

433 2191 572 2224 cumque
590 2192 647 2225 per
667 2191 819 2223 censuras
839 2186 869 2214 et
888 2190 1008 2224 poenas
1029 2179 1180 2213 ecclesia-

433 2234 541 2275 stic-as,
567 2235 694 2279 aliaque
723 2240 905 2279 opportuna
939 2233 1016 2267 iuris
1047 2239 1078 2267 etv
1109 2233 1180 2267 sacti

436 2289 595 2329 remedia,
627 2288 842 2333 appellatione
874 2287 1070 2332 postposita,
1095 2296 1182 2319 com-

436 2343 607 2385 pescendo,
632 2342 780 2375 invocato
801 2342 897 2375 etiam
919 2341 958 2373 ad
978 2340 1086 2379 bot-,si
1101 2350 1182 2384 opus

438 2396 543 2434 sus-rit,
565 2395 684 2429 auxilio
711 2395 833 2429 brachii
861 2394 1045 2428 saecularis.

481 2448 542 2490 {3-
568 2449 635 2482 Non
658 2449 862 2481 obstantibus
895 2447 994 2481 felicis
1026 2439 1200 2479 ret-orda&

438 2501 532 2533 tionis
551 2501 701 2534 Bonisarii
724 2502 827 2545 Papae
846 2501 907 2534 Vlll
927 2499 1183 2545 praedecessoris

438 2554 562 2594 nostri,
584 2555 622 2587 de
641 2566 722 2594 una,
747 2561 774 2587 vt
808 2555 837 2587 in
870 2554 1008 2587 coneilio
1040 2553 1181 2595 generali

438 2608 521 2641 celita
539 2609 578 2640 cle
601 2609 725 2641 duabus
746 2609 870 2649 diaetis,
884 2608 1062 2642 ‹lunmiodo
1085 2607 1201 2651 utu-as,

438 2667 499 2694 tres
521 2662 642 2694 ilias-tas
671 2662 786 2704 aliquis
815 2662 1006 2695 auctoritate
1033 2672 1201 2704 praesen-¹¹

1006 255 1191 280 BULLARIUM
1211 254 1365 279 ROMANUM

1200 304 1279 337 tium
1300 304 1339 336 ad
1361 302 1516 336 iudicium
1537 312 1603 336 non
1625 302 1784 343 trahatur,
1809 301 1945 346 aliisque

1201 356 1487 390 constitutionibus
1518 361 1549 389 et
1578 355 1838 389 ordinationibus
1866 365 1945 400 apo-

1200 410 1333 451 stolicis,
1347 420 1383 443 ac
1397 409 1475 443 dicti
1492 409 1659 453 hospitalis
1672 409 1702 443 S.
1720 409 1848 442 Ioannis
1871 409 1946 442 Hie-

1201 463 1425 508 rosolymitani
1440 490 1447 503 ‚
1472 463 1569 496 etiam
1596 463 1798 503 iuramento,
1823 462 1944 496 confir-

1203 518 1345 551 matione
1370 517 1557 561 apostolica,
1580 517 1630 550 vel
1658 516 1769 561 quavis
1798 516 1948 550 firmitate

1186 596 1187 603 ,
1203 571 1266 604 alia
1286 571 1446 604 roboratis
1463 571 1590 604 statutis
1603 575 1634 604 et
1647 569 1946 610 consuetudinibus,

1204 624 1380 668 privilegiis
1415 635 1566 668 quoque,
1601 623 1733 656 indultis
1769 628 1801 656 et
1835 621 1950 656 litteris

1186 699 1188 730 ξ
1205 677 1388 729 apostolicis
1409 677 1514 711 eidem
1536 676 1698 720 hospitali,
1711 675 1862 720 illiusque
1882 685 1950 708 ma-

1205 742 1268 775 gno
1300 732 1476 775 magistro,
1509 730 1680 764 conventui
1709 741 1745 764 ac
1777 729 1947 769 tratribus,

1205 786 1300 819 etiam
1322 785 1466 829 ipsismet
1483 785 1522 818 de
1542 785 1713 818 devotione
1738 783 1947 828 nuncupatis,

1205 839 1264 873 sub
1285 839 1544 882 quibuscumque
1567 837 1732 872 tenoribus
1754 842 1788 870 ‘et
1813 835 1926 870 formis
1940 863 1948 875 ,

1206 904 1242 926 ac
1263 903 1335 926 cum
1358 892 1522 936 quibusvis
1547 891 1643 925 etiam
1671 890 1952 934 derogatoriarum

1207 945 1429 989 derogatoriis,
1446 945 1581 989 aliisque
1602 943 1836 978 efficacioribus
1857 948 1886 977 et
1905 942 1952 976 in-

1206 1000 1307 1034 solitis
1333 998 1499 1039 clausulis,
1528 1009 1564 1032 ac
1596 997 1796 1031 irritantibus
1825 1002 1856 1031 et
1883 996 1953 1030 aliis

1207 1053 1345 1088 decretis
1363 1053 1393 1086 in
1417 1063 1535 1096 genere
1556 1052 1603 1086 vel
1625 1052 1658 1084 in
1678 1051 1795 1096 specie,
1819 1061 1856 1084 ac
1875 1050 1953 1084 alias

1207 1107 1239 1140 in
1260 1107 1457 1140 eontrarium
1489 1105 1741 1150 praemissorum
1770 1103 1952 1149 quomodo-

1206 1161 1284 1195 libet
1299 1160 1469 1200 concessis,
1487 1159 1685 1193 confirmatis
1706 1163 1736 1192 et
1753 1156 1949 1203 approbatis.

1207 1214 1328 1254 Quibus
1348 1213 1499 1247 omnibus
1516 1211 1706 1255 etsingulis,
1730 1221 1843 1244 eorum
1866 1216 1954 1243 teno-

1210 1278 1259 1301 res
1275 1267 1499 1312 praeseutilms
1523 1276 1583 1310 pro
1604 1265 1760 1309 expressis
1778 1270 1808 1298 et
1825 1264 1864 1297 ad
1886 1273 1954 1296 rer-

1208 1322 1282 1354 bum
1303 1320 1429 1354 insertis
1449 1320 1616 1360 habentes,
1632 1319 1692 1352 hac
1704 1318 1770 1351 vice
1788 1318 1954 1351 dumtaxat

1207 1375 1390 1419 specialiter
1413 1379 1443 1407 et
1464 1384 1611 1418 expresse
1640 1373 1836 1416 derogamus
1851 1399 1858 1412 ,
1882 1381 1953 1405 cae-

1209 1429 1350 1473 terisque
1371 1427 1544 1462 contrariis
1564 1427 1835 1471 quibuscumque.

1254 1484 1270 1525 g
1292 1482 1321 1515 6.
1346 1482 1500 1515 Volumus
1527 1486 1652 1521 autem,
1677 1480 1762 1524 quod
1795 1489 1949 1524 praesen-

1210 1537 1289 1571 tium
1318 1535 1525 1580 transumptis
1543 1535 1637 1570 etiam
1657 1533 1832 1579 impressis,
1856 1543 1954 1571 manu

1210 1591 1344 1625 alicuius
1376 1589 1493 1623 notarii
1526 1589 1646 1633 publici
1679 1587 1888 1632 subscriptis,
1923 1592 1954 1621 et

1211 1644 1315 1688 sigillo
1337 1644 1473 1677 alicuius
1498 1653 1656 1687 personae
1678 1642 1707 1675 in
1730 1641 1885 1684 dignitate
1905 1651 1956 1675 ec-

1211 1697 1387 1732 clesiastica
1425 1696 1616 1730 constitutae
1655 1695 1786 1728 munitis
1801 1721 1808 1734 ,
1841 1694 1957 1728 eadem

1212 1762 1343 1796 prorsus
1357 1750 1436 1784 sides
1450 1750 1652 1789 adhibeatur,
1671 1759 1753 1793 quae
1772 1747 1847 1792 ipsis
1862 1757 1956 1792 prae-

1212 1804 1354 1837 sentibus
1375 1803 1595 1841 adhiberetur,
1619 1802 1642 1835 si
1669 1802 1771 1836 forent
1797 1799 1957 1834 exhibitae

1213 1858 1259 1890 vel
1285 1863 1441 1891 ostensae.

1256 1912 1369 1945 Datum
1401 1910 1521 1944 Romae
1551 1909 1637 1954 apud
1667 1909 1698 1941 S.
1733 1908 1872 1941 Marcum
1898 1906 1956 1940 suh

1213 1965 1334 1999 annulo
1354 1963 1536 2003 Piscator-is,
1565 1963 1616 1996 die
1637 1971 1721 1996 xxvu
1744 1961 1822 1995 iunii
1848 1969 1954 2001 uncu,

1214 2017 1420 2063 pontificatus
1437 2017 1538 2050 nostri
1559 2027 1644 2050 anno
1669 2026 1711 2049 xi.

1252 2090 1308 2117 Dat.
1330 2089 1374 2117 die
1393 2089 1425 2116 ⁶27
1447 2088 1514 2115 iunii
1539 2088 1616 2123 1602,
1637 2087 1734 2124 pontif.
1751 2095 1795 2115 an.
1813 2093 1849 2113 ιι.

1514 2366 1659 2401 CCXClll.

1199 2473 1401 2517 *Amplian'o
1432 2472 1673 2505 constitutionis
1701 2470 1851 2514 Greqorii
1871 2468 1964 2504 XIII

1261 2536 1346 2569 circa
1366 2535 1508 2579 deposita
1535 2534 1623 2578 apud
1654 2533 1794 2567 Montem
1821 2531 1961 2566 Pietatis

1260 2598 1298 2631 dr·
1335 2598 1416 2631 Urbe
1450 2596 1620 2641 sacv'enda,·
1653 2601 1681 2629 et
1721 2593 1960 2629 iurisdictionis

1261 2661 1418 2693 concessio
1439 2659 1532 2692 illius
1550 2658 1722 2702 protectori
1741 2661 1769 2690 el
1788 2655 1900 2695 iudici,
1924 2655 1960 2688 in

1960 251 2011 279 An.
2029 251 2059 280 C.
2076 253 2142 287 itt}

2004 1484 2068 1507 Fides
2082 1483 2132 1506 du
2150 1489 2154 1504 t

1968 1511 2112 1538 transumptis.
