2253 3195
33 282 82 310 Λη.
104 280 132 308 C.
154 279 221 308 ¹599

95 2466 188 2495 Euniqua
208 2469 227 2489 in

49 2497 118 2522 verum
135 2500 229 2517 camera·

11 2531 14 2552 ς
48 2524 100 2541 rium
114 2522 180 2549 recipi
195 2523 229 2544 iu-

851 279 997 303 CLEMENS
1013 277 1072 302 Vttt
1089 278 1139 302 Pr.

232 334 264 362 et
288 328 583 362 emolumentorum
606 328 763 367 omnium,
786 338 844 372 per
863 334 902 367 te,
926 327 991 360 vel*

231 381 341 422 alium,
365 392 422 415 seu
443 382 533 419 alios,
560 381 692 426 propria
713 381 913 418 auctoritate,
938 380 992 429 117

231 435 307 469 bere
336 436 579 479 apprehendero
609 441 639 468 et
664 435 833 474 similiter,
869 432 993 477 quoadl

231 488 357 529 vixeris,
381 489 531 529 retinere,
555 499 591 521 ac
619 489 768 521 Camerae
794 488 975 531 praedictae

231 552 358 585 semper
379 548 409 576 et
427 542 563 586 ubique,
588 542 663 574 dicti
679 540 908 574 camerariatus
928 540 976 572 of·
992 564 994 594 ἶ

231 594 295 627 ficii
321 595 444 628 ratione
459 622 466 635 ‚
496 595 698 638 praesidere,
724 604 760 627 ac
783 599 994 637 p1·0venlus‚t

231 648 394 691 pecunias,
409 659 458 681 res
469 653 498 681 et
509 654 615 681 cetera
629 647 739 680 omnia
751 646 821 680 iura
832 646 975 679 eiusdem

231 701 382 734 Gamerae
400 712 586 745 procurare,
609 701 750 734 rationes
770 707 976 744 acceptorum

231 760 262 787 et
282 754 502 798 impensorum
526 754 645 787 habere
658 783 665 795 ,
689 755 810 788 credita
830 755 973 797 exigere,

233 807 340 845 debita
356 808 490 848 solvere,
508 809 645 845 arcibus,
658 808 837 852 praesidiis,
852 814 882 841 et
898 819 970 841 mu-

233 861 409 895 nitionibus
419 861 571 895 omnibus
581 873 741 906 praeesse,
759 868 788 896 et
800 868 973 903 exactores,

233 915 424 948 castellanos
448 921 479 949 et
496 915 576 948 alios
593 915 746 949 officiales
764 921 793 949 et
814 916 977 949 ministros

233 978 457 1014 quoscumque
478 969 509 1002 in
530 969 681 1003 omnibus
701 970 885 1013 provinciis,
902 969 976 1002 civi-

234 1022 352 1055 tatibus
370 1027 401 1055 et
421 1022 499 1055 locis
520 1023 732 1063 constituere·,
756 1033 792 1056 ac
809 1022 904 1056 etiam
919 1034 978 1066 per

234 1075 497 1119 praedecessores
517 1081 644 1109 nostros
657 1103 664 1115 ,
688 1081 719 1108 et
739 1086 813 1115 nos,
837 1076 917 1109 alios
938 1077 977 1109 de

235 1128 387 1161 mandato
408 1135 538 1169 nostro,
562 1129 626 1162 sive
653 1129 813 1162 dictorum
840 1130 976 1173 praede-

236 1191 399 1214 cessorum
424 1187 609 1214 nostrorum
636 1182 883 1225 quomodolibet
902 1193 978 1215 con-

235 1234 361 1268 stitutos
380 1245 531 1268 revocare
545 1263 553 1275 ,
576 1235 656 1268 alios
675 1236 864 1278 subrogare,
889 1236 975 1269 mili-

236 1287 312 1321 tiam
338 1299 397 1333 pro
417 1300 477 1322 usu
497 1289 603 1323 Status
628 1296 659 1322 et
685 1289 882 1333 reipublicae
914 1301 985 1323 n0-·

236 1347 332 1381 strae,
355 1342 552 1386 ubicumque
574 1354 655 1387 opus
675 1343 781 1383 suerit,
799 1343 975 1379 instituere.

237 1395 357 1428 milites
381 1396 597 1436 conscribere,
620 1396 780 1440 stipendia
801 1397 975 1439 assignare,

237 1453 356 1482 statuta
376 1451 516 1483 condere
537 1456 567 1483 et
587 1450 716 1483 condita
736 1450 847 1493 (salvis
872 1457 979 1484 tamen

238 1501 448 1546 infrascriptis
484 1503 794 1546 reformationibus)
829 1510 976 1545 mutare3

237 1554 321 1588 vices
341 1562 411 1589 tuas
439 1556 471 1588 in
490 1561 556 1589 toto
577 1557 626 1589 vel
646 1556 684 1588 ⁴in
706 1562 796 1600 parte
817 1557 977 1599 delegare,

237 1618 274 1642 ae
291 1619 351 1653 pro
371 1609 463 1643 libito
481 1620 643 1649 revocare,
665 1621 701 1642 ac
720 1620 852 1654 prorsus
873 1611 981 1644 omnia

238 1668 269 1696 et
288 1673 512 1707 quaecumque
532 1664 594 1697 alia
626 1664 730 1697 facere
745 1691 752 1703 ,
776 1664 928 1697 ordinare
952 1671 981 1698 et

238 1716 365 1760 exequi,
388 1717 602 1761 eamdemque
629 1723 660 1750 et
689 1717 910 1751 omnimodam
933 1719 982 1751 iu-

237 1769 458 1804 risdictionem
479 1770 511 1803 in
532 1771 683 1804 omnibus
703 1771 806 1804 causis
826 1777 856 1804 et
876 1782 978 1815 nego-

239 1823 295 1857 ciis
309 1824 465 1869 adipsum
486 1825 628 1859 officium
651 1826 882 1859 camerariatus
903 1837 981 1870 quo-

239 1878 416 1912 modolibet
434 1878 670 1922 pertinentibus
694 1879 814 1912 habere
835 1885 863 1912 et
885 1890 982 1912 exer—

239 1941 322 1971 cere,
350 1942 432 1975 quae
452 1932 637 1975 praedictus
653 1931 810 1965 Henricus
835 1932 981 1965 cardina-

239 1984 331 2025 nalis,
359 1990 389 2018 et
405 1995 517 2018 omnes
537 1986 590 2018 alii
609 1991 683 2019 ante
703 1996 776 2019 eum
796 1986 978 2024 camerarii,

239 2039 279 2071 de
299 2038 378 2077 iure,
397 2044 526 2078 statuto,
547 2050 618 2079 usu,
642 2040 886 2080 consuetudine,
910 2040 979 2084 pri-

239 2091 367 2135 vilegio,
381 2092 569 2126 fundatione
587 2098 618 2126 et
634 2093 712 2126 alias
725 2094 984 2137 quomodocum-

241 2155 303 2189 que
317 2145 432 2185 facere,
449 2145 599 2179 ordinare
620 2152 650 2179 et
667 2147 780 2190 exequi
795 2152 980 2190 potuerunt,

241 2210 297 2233 seu
310 2199 406 2233 etiam
421 2199 617 2238 debuerunt,
634 2200 758 2233 etiamsi
773 2200 847 2233 talia
866 2201 980 2241 forent,

242 2263 325 2297 quae
351 2253 535 2286 facultatem
557 2259 588 2286 et
608 2253 795 2286 mandatum
822 2253 985 2296 exigerent

242 2307 343 2350 magis
373 2306 528 2351 speciale,
556 2317 652 2351 quam
683 2307 907 2351 praesentibus
939 2314 985 2341 est

243 2371 439 2404 expressum.

287 2415 303 2455 ξ
322 2413 351 2446 7.
368 2414 581 2447 Decernentes
594 2419 624 2447 te
642 2424 678 2446 ex
698 2424 784 2446 nunc
804 2414 843 2446 ad
864 2413 985 2447 dictum

243 2467 385 2500 officium
413 2467 663 2508 camerariatus,
687 2467 820 2511 eiusque
848 2466 985 2499 liberum

245 2519 452 2562 exercitium,
476 2531 602 2554 necnon
623 2521 774 2559 honores,
798 2530 907 2560 onera,
931 2531 987 2553 sa-

245 2573 344 2613 laria,
380 2574 470 2614 iura,
503 2574 762 2614 iurisdictiones,
798 2579 828 2607 et
857 2574 987 2607 emolu-

246 2632 355 2661 menta
374 2628 552 2671 praedicta,
568 2628 598 2661 in
616 2628 722 2661 locum
739 2628 882 2661 eiusdem
903 2628 987 2661 Hen-

247 2680 304 2713 rici
331 2681 502 2715 cardinalis
522 2687 552 2715 et
578 2681 768 2721 camerarii,
797 2687 825 2714 et
848 2681 984 2715 aliorum

349 2744 423 2772 Ball.
443 2744 524 2772 Rom.
547 2744 607 2773 Vol.
625 2745 650 2772 X
843 2743 876 2771 70

1654 264 1718 299 553

1010 326 1249 369 praedictorum
1276 325 1497 368 recipiendum
1523 330 1551 357 et
1579 324 1750 357 admitten-

1010 379 1086 412 dum
1110 380 1192 415 fore,
1217 389 1253 411 ae
1280 378 1378 421 recipi
1405 383 1436 410 et
1458 377 1583 410 admitti
1613 377 1747 415 debere,

1012 432 1133 475 tibique
1162 432 1200 464 de
1222 431 1449 464 emolumentiS
1476 437 1507 463 et
1533 430 1603 462 aliis
1628 430 1751 462 iuribus

1010 485 1194 528 praedictis,
1215 496 1233 517 a
1254 485 1303 517 die
1325 485 1430 517 obitus
1449 484 1523 517 dicti
1539 483 1664 516 llenrici
1684 494 1753 516 cat·-

1011 539 1125 572 dinalis
1147 546 1175 572 et
1195 539 1375 578 camerarii,
1400 539 1520 582 aisque
1542 538 1603 571 alia
1625 538 1753 571 intima-

1011 593 1098 625 tione
1123 593 1351 626 collectoribus
1383 591 1517 625 ubilibet
1545 591 1752 625 existuitibus

1011 646 1058 678 vel
1080 646 1149 678 aliis
1170 646 1429 689 quibuscumque
1450 645 1606 685 facienda,
1630 645 1753 687 integre

1011 699 1200 742 responderi
1222 699 1351 732 debere.

1056 753 1070 796 ἓ
1091 753 1121 786 8.
1144 754 1278 797 Insuper
1297 753 1352 786 tibi
1374 753 1582 786 concedimus
1600 759 1628 786 et
1650 752 1755 785 indul-

1011 912 1143 955 gativis‚
1166 912 1451 956 praeeminemus,
1478 912 1728 945 antelationibus
1744 939 1751 951 ‚

1011 966 1285 1010 exemptionibus,
1319 966 1595 1003 immunitasslms,
1627 965 1755 998 iurisdi-

992 1019 1184 1071 ctionibus,
1209 1020 1350 1059 iuribus,
1376 1019 1620 1058 emolumentis,
1645 1019 1755 1061 gratiis

1011 1079 1040 1107 et
1062 1073 1215 1113 indultis,
1240 1073 1356 1116 quibus
1384 1073 1568 1116 praedictus
1599 1073 1755 1105 llenricus

1012 1128 1183 1161 cardinalis
1205 1134 1235 1161 et
1254 1127 1308 1160 alii
1327 1127 1470 1160 eiusdem
1493 1127 1523 1159 S.
1539 1128 1574 1160 P..
1592 1127 1625 1160 E.
1651 1137 1756 1160 came-

1011 1182 1099 1221 rarii,
1122 1182 1177 1225 qui
1206 1182 1361 1215 hactenus
1382 1182 1509 1215 fuerunt
1527 1172 1590 1220 ,⁸in
1612 1191 1730 1223 genere
1745 1207 1752 1219 ,

1012 1236 1057 1268 vel
1079 1235 1204 1279 specie,
1225 1241 1279 1268 aut
1300 1235 1377 1268 alias
1397 1234 1661 1278 quomodolibet,
1692 1239 1755 1266 tam

1012 1288 1093 1321 Sede
1122 1288 1305 1331 Apostolica
1338 1289 1433 1331 plena
1469 1298 1564 1331 quam
1600 1292 1753 1327 vacante,

1013 1341 1072 1380 usi,
1095 1341 1188 1385 politi
1215 1347 1245 1374 et
1274 1341 1389 1383 gavisi,
1415 1347 1477 1373 tam
1500 1340 1640 1384 antiquis
1661 1351 1757 1384 quam

1014 1394 1177 1428 modernis
1196 1395 1395 1438 temporibus
1415 1395 1552 1432 fuerunt,
1573 1405 1610 1427 ac
1628 1394 1684 1431 uti,
1702 1404 1759 1437 po-

1014 1448 1064 1482 tiri
1096 1454 1127 1481 et
1154 1449 1294 1491 gaudere
1323 1453 1454 1492 possent
1481 1454 1512 1481 et
1539 1448 1633 1480 etiam
1663 1448 1758 1481 debe-

1014 1508 1101 1542 rent,
1126 1502 1190 1535 sive
1218 1502 1256 1535 de
1282 1502 1343 1534 illis
1370 1513 1427 1546 per
1456 1502 1578 1535 litteras
1605 1501 1758 1545 apostoli-

1015 1566 1085 1596 cas,
1109 1555 1174 1589 sive
1194 1566 1252 1599 per
1283 1561 1449 1599 patentes,
1481 1561 1533 1588 aut
1559 1555 1755 1599 scripturas,

1015 1615 1068 1642 aut
1095 1609 1194 1642 libros
1230 1609 1427 1649 camerales,
1457 1614 1509 1641 aut
1541 1609 1668 1641 decreta
1700 1619 1755 1642 ca-

1016 1655 1167 1700 meralia,
1198 1673 1253 1695 seu
1280 1673 1505 1706 quaecumque
1538 1662 1600 1694 alia
1627 1662 1758 1705 publica

1015 1717 1063 1749 vel
1081 1716 1202 1760 privata
1224 1717 1420 1749 documenta
1434 1722 1640 1760 apparerent,
1661 1716 1753 1749 simi-

1015 1770 1088 1803 liter
1123 1775 1154 1802 et
1185 1769 1426 1813 pariformiter,
1462 1780 1498 1802 ac
1537 1770 1658 1813 absque
1694 1769 1760 1802 ulla

1015 1834 1146 1868 prorsus
1168 1823 1360 1863 differentia,
1375 1823 1432 1860 uti,
1449 1823 1547 1867 potiri
1561 1829 1591 1856 et
1604 1823 1757 1866 gaudere:

1015 1888 1140 1911 necnon
1168 1877 1277 1910 omnia
1305 1883 1335 1910 et
1363 1887 1588 1920 quaecumque
1614 1877 1756 1918 regalia,

1016 1936 1190 1975 proventus
1210 1937 1241 1964 et
1258 1931 1327 1964 iura
1348 1930 1444 1963 etiam
1466 1930 1608 1973 antiqua,
1634 1936 1696 1963 tam
1724 1941 1760 1963 ex

1016 1986 1138 2028 sigillo,
1167 1985 1342 2023 custodiis,
1368 1984 1598 2028 praefecturis,
1623 1984 1757 2023 officiis,

1016 2039 1248 2079 exactionibus,
1265 2039 1344 2072 taxis
1364 2045 1395 2071 et
1412 2038 1672 2082 quibuscumque
1693 2037 1762 2070 aliis

1018 2094 1124 2133 rebus,
1148 2099 1179 2126 et
1196 2092 1383 2137 praesertim
1399 2092 1430 2124 in
1442 2091 1556 2124 litteris
1574 2092 1761 2124 facultatum

1018 2147 1172 2191 praedicti
1194 2146 1324 2180 Henrici
1343 2145 1516 2179 cardinalis
1537 2151 1567 2177 et
1592 2145 1761 2177 camerarii

1019 2201 1236 2239 enumeratis,
1261 2211 1356 2244 quam
1388 2200 1483 2232 etiam
1510 2210 1546 2232 ex
1575 2199 1763 2232 collectoria

1019 2255 1049 2288 in
1068 2254 1174 2297 regnis
1194 2253 1435 2297 Hispaniarum„
1457 2252 1608 2292 vigesima
1631 2263 1759 2285 nuncu·
1793 2280 1797 2281 ⁷

1019 2313 1103 2352 pata,
1121 2306 1335 2345 obvenientia,
1353 2316 1434 2349 quae
1453 2306 1491 2338 ad
1511 2305 1668 2338 rationem
1684 2306 1764 2339 duo-

1020 2371 1092 2393 rum
1113 2370 1171 2404 pro
1193 2359 1376 2393 centenario
1391 2370 1488 2402 super
1507 2359 1628 2402 spoliis,
1647 2359 1760 2392 fructi-

1021 2415 1102 2454 bus,
1132 2413 1254 2446 iuribus
1290 2419 1319 2446 et
1350 2412 1577 2445 emolumentis
1611 2412 1764 2445 omnibus

1021 2468 1123 2501 dictae
1144 2472 1175 2500 et
1191 2466 1328 2499 aliarum
1342 2465 1602 2499 collectoriarum
1617 2466 1765 2499 ubicum-

1021 2532 1084 2566 que
1104 2520 1321 2553 institutarum
1349 2525 1376 2552 et
1404 2519 1674 2553 instituendarum
1707 2519 1764 2553 tibi

1021 2574 1232 2617 assignamus,
1258 2573 1378 2617 tibique
1397 2573 1530 2606 omnino
1552 2572 1689 2617 persolvi
1711 2584 1766 2607 vo-

1021 2628 1127 2661 lumus
1152 2633 1248 2671 atque
1275 2627 1466 2660 mandamns
1486 2627 1669 2669 (regalibus
1691 2632 1763 2660 tan·

1022 2687 1088 2714 tum
1112 2687 1139 2714 et
1162 2679 1389 2713 emolumentis
1410 2679 1505 2713 unius
1526 2690 1584 2723 pro
1609 2685 1762 2714 centena-

1764 276 1815 302 An.
1831 274 1859 302 C.
1884 275 1950 302 1599

1796 764 1912 785 conflicta<
1924 764 1952 784 fa-

1769 793 1859 811 curate<
1889 801 1899 810 .-
1913 797 1953 817 (μω

1011 816 1133 848 gemus,
1158 812 1191 839 ut
1210 806 1361 839 omnibus
1381 805 1552 849 praedictis
1570 811 1598 838 et
1620 805 1754 848 quibus·
1770 821 1909 838 mmm-nv.

1011 870 1149 903 cumque
1170 859 1356 903 privilegiis,
1381 859 1596 898 facultatibus,
1621 868 1753 901 praero-
1769 852 1824 870 ΝΒ
1847 853 1853 864 ¹
