2253 3195
20 236 68 267 tn.
85 231 112 259 C.
131 231 199 260 1594
835 231 982 256 elisimus
1002 232 1059 255 vni
1081 232 1130 256 1³1³.

20 291 21 310 l
39 294 201 324 Coniurat-iem·
217 279 452 321 subiungebat,
481 281 691 323 postmodum
717 280 760 312 ibi
793 280 878 313 iuxta
901 291 956 313 vo-
976 282 977 304 ἱ

20 321 201 378 {lifglllifl....¹.⁵{{li
218 333 372 365 luntatem
395 339 423 366 et
438 333 677 366 ordinationem
691 333 845 377 praedii-ti
860 334 960 365 Geor·
977 335 979 351 ³

20 375 202 422 {3²⁰¹3llll-'f-'ml'3
217 385 260 425 gii
282 396 382 418 unum
395 386 567 428 collegium
583 386 687 419 dietae
705 386 872 419 Societatis
893 397 962 418 ere-

1648 220 1709 252 ‘159
1757 230 1803 255 An.
1823 230 1852 256 e.
1872 231 1939 257 r1594

995 286 1051 317 tes,
1067 280 1252 312 huiusmodi
1267 279 1560 323 supplicationilnis
1579 279 1736 315 inclinati,
1771 291 1882 312 ‹amni-mai
1895 292 1939 311 ‹zi-u

1754 324 1811 337 meus
1822 324 1867 338 cum
1880 319 1940 338 bonis

996 333 1197 371 donationes,
1214 332 1450 373 concessiones,
1474 333 1665 372 voluntates,
1683 332 1738 364 de·
1755 344 1939 391 351..11.1›1.-„¹322.1‚1·.

1765 378 1824 396 lstlsst?
1840 378 1849 391 ι’]
1876 378 1909 391 ΗΠ(
1919 379 1939 391 a·

996 393 1093 425 creta,
1110 392 1237 424 statuta,
1257 386 1491 423 translationes,
1505 384 1736 421 ordinationes,
1757 400 1800 417 iai-i·
1818 398 1887 418 edili-2>

21 433 65 449 ‘⁹¹¹¹'
217 445 303 471 ctum
326 445 354 472 et
377 439 558 473 institutum
588 440 703 477 suerit,
732 440 820 483 quod
841 450 876 471 ex
898 440 958 471 do-

218 492 346 525 natione
361 493 505 526 eiusdem
519 493 647 535 Georgii
658 498 870 526 sustentatum
887 493 962 525 ube·
979 507 980 510 ¹

210 556 267 578 ‚res
288 552 316 578 et
340 546 499 590 optabiles
531 546 634 579 reddit
667 548 805 583 li'uetus,
831 546 980 589 ipseque

216 599 373 641 Georgius
394 599 568 632 obtinuerit
596 599 674 632 illud
696 599 736 631 ab
758 599 872 632 eodem
894 600 959 632 Ro-

217 652 339 696 dulplio
373 663 446 695 rege
466 653 498 685 in
520 652 751 696 imperatorem
773 654 875 686 eleeto
908 664 964 696 per

218 711 363 748 patentes
384 706 505 739 litteras
518 706 685 739 subeertis
707 707 847 740 modoet
862 708 964 739 l'orma

219 765 295 792 tunc
325 759 500 803 expressis,
530 765 557 793 et
583 760 614 792 in
638 760 755 793 tabulis
777 760 851 793 dieti
874 760 963 802 regui

218 813 376 846 contentis
394 813 425 845 in
437 813 680 847 universitatem
702 820 732 847 et
749 814 890 847 studium
903 825 963 858 pu-

219 866 339 899 blicum
353 867 432 909 erigi
451 873 482 900 et
495 867 630 906 institui,
659 878 717 911 pro
730 873 821 911 parte
842 867 963 900 Claudii

220 920 396 963 praepositi
418 921 579 963 generalis
610 932 646 954 ac
672 921 805 954 rectoris
838 927 867 953 et,
892 922 962 954 col-

222 973 397 1015 legialium,
421 985 548 1007 necnon
561 974 690 1017 Georgii
704 975 964 1019 supradictorum

221 1026 314 1060 nobis
327 1027 388 1060 suit
404 1027 569 1061 humiliter
582 1028 811 1072 supplicatum,
828 1033 862 1061 ut
874 1039 966 1072 prae-

223 1080 317 1113 missa
337 1081 447 1114 omnia
466 1092 526 1125 pro
548 1081 678 1115 illorum
697 1082 833 1115 firmiori
848 1082 966 1115 robore

222 1134 416 1168 confirmare
437 1141 466 1168 et
487 1135 682 1179 approbare,
706 1146 833 1168 necnon
862 1135 963 1168 infra-

222 1188 341 1232 scripta
361 1189 540 1222 concedere
561 1189 599 1221 de
621 1189 818 1231 benignitate
837 1195 966 1233 aposto-

224 1241 286 1275 lica
303 1241 531 1285 dignaremur:
556 1253 614 1276 nos
636 1242 746 1285 igitur,
767 1243 820 1287 qni
843 1243 966 1276 dudum

225 1294 309 1328 inter
333 1296 396 1329 alia
414 1296 586 1337 voluimus,
607 1297 693 1340 quod
708 1302 850 1339 petentes
871 1297 968 1329 bene-

225 1347 298 1382 ficia
329 1349 545 1383 ecclesiastica
570 1349 641 1383 aliis
662 1349 748 1382 uniri
782 1355 975 1383 tenerentur·

225 1403 404 1446 exprimere
435 1414 545 1437 verum
575 1414 720 1436 annuum
746 1404 885 1436 valorem
913 1414 964 1437 se·

226 1456 369 1490 cundum
396 1467 602 1490 communem
625 1457 882 1490 aestimationem
904 1485 910 1495 ‚
939 1463 970 1490 et

226 1509 376 1542 beneficii
399 1510 450 1543 eui
471 1510 559 1543 aliud
586 1510 672 1543 uniri
690 1516 864 1554 peteretur,
889 1511 969 1543 alio-

227 1563 305 1606 quin
317 1564 395 1597 unio
409 1574 475 1597 non
487 1565 619 1605 valeret,
639 1570 669 1598 et
685 1576 814 1608 semper
824 1565 855 1597 iu
870 1565 967 1598 unio-

228 1617 322 1651 nibus
342 1618 528 1651 commissio
546 1618 690 1651 fieretad
711 1624 829 1662 partes,
854 1618 971 1652 vocatis

228 1681 365 1714 quorum
396 1671 550 1709 interest,
583 1673 785 1706 attendentes
816 1673 902 1716 quod
935 1683 971 1705 cx

228 1723 409 1757 litterarum
440 1725 547 1758 studio
568 1725 751 1758 animarum
773 1725 866 1758 saluti
888 1736 968 1759 eou-

228 1777 364 1819 sulitur,
388 1788 424 1811 ac
444 1778 505 1811 alia
530 1779 709 1822 spiritualia
727 1785 757 1811 et
782 1779 972 1823 temporalia

229 1831 314 1864 bona
339 1833 436 1865 modo
454 1832 659 1876 proveniunt,
683 1832 851 1865 Claudium
874 1843 969 1876 prae-

230 1885 369 1928 positum
398 1878 582 1928 generalem
607 1897 644 1919 ac
675 1892 833 1920 rectorem
853 1892 883 1919 et
900 1887 969 1919 eol-

231 1939 382 1981 legiales‚
420 1950 549 1973 necnon
578 1939 751 1982 Georgium
790 1940 973 1984 praedictos

230 2003 410 2036 eorumque
435 1993 579 2036 singulos
611 2004 627 2026 a
649 1993 813 2037 quibusvis
845 2004 973 2027 exeom-

230 2046 474 2087 municationis,
500 2046 719 2090 suspensionis
747 2053 775 2079 et
796 2047 969 2087 interdicti,

230 2100 366 2144 aliisque
394 2101 617 2134 ecclesiasticis
636 2101 813 2141 sententiis,
831 2101 973 2134 censuris

231 2159 262 2186 et.
280 2153 394 2197 poenis
414 2165 432 2186 a
463 2154 532 2187 iure
557 2155 606 2187 vel
626 2154 665 2187 ab
686 2154 818 2187 bomine
833 2182 840 2192 ,
864 2155 974 2198 quavis

232 2207 402 2240 occasione
415 2208 463 2240 vel
478 2218 584 2247 eausa,
602 2207 684 2247 latis,
707 2207 731 2240 si
752 2207 868 2251 quibus
887 2219 970 2251 quo-

233 2261 411 2294 modolibet
432 2261 577 2294 innodati
599 2261 748 2299 existunt,
765 2261 804 2293 ad
825 2262 974 2294 effectum

232 2314 450 2358 praesentium
490 2315 653 2348 dumtaxat
686 2315 971 2358 consequendum,

233 2367 346 2401 barum
369 2368 451 2401 serie
472 2369 673 2402 absolventes
692 2368 975 2402 etabsolutosl'ore

233 2427 411 2461 censentes,
436 2432 562 2455 necnon
587 2422 769 2461 bonorum,
802 2420 974 2453 domorum

235 2474 393 2507 etiurium
407 2475 666 2519 supradictorum
680 2474 879 2515 situationes,
897 2486 975 2507 eon-

235 2526 326 2567 fines,
350 2528 531 2571 qualitates,
560 2528 764 2572 quantitates,
796 2528 971 2567 vocabula,

236 2580 515 2616 denominationes
528 2588 559 2615 et
569 2593 660 2615 veros
678 2581 773 2615 etiam
787 2592 912 2614 annuos
926 2592 976 2614 va-

235 2633 331 2674 leres,
356 2636 578 2677 praesentibus
598 2647 657 2680 pro
678 2635 835 2679 expressis
854 2635 975 2668 liaben-

999 439 1137 475 indulta,
1171 445 1366 483 praecepta,
1399 449 1457 471 nec
1485 439 1548 471 non
1579 438 1690 471 omnia
1710 444 1740 469 et

997 492 1121 533 singula
1142 492 1204 524 alia
1225 492 1411 535 praemissa.
1436 492 1612 536 apostolica
1633 497 1742 524 aucto-

999 546 1113 583 ritate,
1148 547 1336 579 earumdem
1369 552 1479 579 tenore
1505 546 1738 590 praesentium,

998 605 1155 642 perpetuo
1177 600 1409 633 confirmamus
1441 605 1471 632 el
1498 600 1717 643 approbamus
1732 627 1739 636 ,

1000 651 1125 695 illisque
1150 652 1315 695 plenariae
1341 658 1368 685 et
1391 652 1585 686 inviolabilis
1613 658 1742 696 aposto-

999 704 1078 737 lieae
1104 705 1264 738 firmitatis
1284 705 1385 738 robur
1405 706 1587 738 adiit-imus.
1611 706 1742 739 Necnon

999 769 1112 791 omnes
1132 765 1159 792 et
1182 759 1326 800 singulos
1353 766 1415 791 tam
1439 759 1515 791 iuris
1537 770 1632 802 quam
1657 760 1741 797 laeti,

999 823 1035 845 ac
1064 813 1158 845 etiam
1191 813 1431 846 solemnitatum
1465 825 1744 857 quarmnrmuque

1000 866 1245 909 quomodolibet
1266 867 1471 905 emissarum.
1500 868 1644 911 aliosque
1659 868 1745 900 dese-

1000 925 1079 957 ctus,
1101 920 1125 952 si
1147 920 1200 963 qui
1235 923 1340 954 l'orsan
1364 921 1590 954 intervenerint
1616 921 1645 953 in
1672 921 1743 953 viis—

1001 973 1085 1014 dem,
1114 974 1312 1017 supplemus.

1045 1028 1061 1068 ξ
1087 1025 1139 1059 15.
1175 1027 1209 1060 Et
1238 1028 1449 1061 nihilominus
1476 1029 1630 1061 sacellum
1664 1029 1745 1061 arcis

1001 1080 1198 1123 praedictae,
1224 1080 1254 1112 in
1275 1092 1340 1124 quo
1364 1092 1423 1124 per
1445 1081 1579 1114 elericos
1596 1092 1650 1113 seu
1672 1092 1745 1124 pre-

1001 1133 1145 1176 sbyteros
1159 1133 1199 1165 ad
1220 1139 1333 1166 nutum
1347 1144 1406 1177 pro
1426 1139 1571 1177 tempore
1584 1134 1746 1167 existentis
1760 1124 1778 1136 Η

1002 1187 1126 1219 domini
1153 1187 1229 1220 dieti
1259 1188 1369 1232 oppidi
1397 1188 1648 1221 Coumtaviensis
1669 1189 1745 1232 poni

1003 1246 1031 1273 et
1053 1242 1197 1274 amoveri
1210 1241 1322 1274 solitos
1336 1241 1366 1274 in
1382 1242 1491 1275 divisis
1505 1242 1659 1274 deserviri
1672 1253 1748 1275 con—

1002 1293 1114 1335 suevit,
1139 1295 1291 1338 quodque
1309 1294 1340 1327 in
1364 1294 1490 1327 titulum
1514 1295 1658 1338 perpetui
1673 1295 1750 1328 sim-

1002 1347 1094 1392 plicis
1115 1348 1264 1381 beneficii
1296 1348 1504 1381 ecclesiastici
1532 1349 1638 1382 forsan
1670 1360 1750 1382 non—

1004 1401 1080 1433 dum
1102 1406 1244 1434 ereetum
1267 1401 1381 1441 existit,
1406 1412 1469 1434 una
1490 1413 1563 1434 eum
1579 1402 1663 1435 illius
1684 1403 1750 1435 fru-

1004 1454 1118 1496 ctibus,
1137 1455 1315 1488 redditibus
1329 1461 1359 1488 et
1377 1455 1597 1499 proventibus,
1610 1456 1750 1489 arbonis

1004 1509 1161 1542 universis
1174 1509 1350 1542 mobilibus
1368 1514 1398 1541 et
1418 1509 1651 1549 immobilibus,
1668 1520 1750 1553 quae

1005 1562 1153 1595 similiter
1172 1573 1231 1606 pro
1253 1562 1408 1606 expressis
1439 1563 1551 1595 haberi
1585 1563 1745 1600 volumus,

1006 1616 1143 1659 collegio
1156 1616 1335 1660 praedicto,
1350 1616 1508 1660 praedicti
1521 1616 1650 1659 Georgii
1672 1616 1748 1650 dicti

1007 1669 1106 1713 ipsius
1126 1669 1234 1703 sacelli
1253 1675 1281 1702 et
1301 1669 1383 1702 areis
1397 1669 1525 1713 patroni
1540 1680 1689 1713 expresso
1710 1671 1749 1703 ad

1007 1724 1068 1756 boc
1080 1724 1254 1756 accedente
1267 1722 1534 1761 coiise11s11,tli‹·ta
1546 1723 1746 1760 auctoritate,

1007 1783 1164 1821 perpetuo
1185 1777 1385 1821 applicamus
1406 1783 1432 1809 et
1454 1777 1713 1820 appropriaums.

1052 1831 1066 1874 g
1087 1830 1138 1863 ste.
1160 1831 1329 1863 Praeterea
1349 1842 1441 1863 usum
1469 1830 1606 1863 liberum
1631 1841 1747 1874 supra-

1008 1884 1111 1917 dictae
1142 1883 1337 1927 paroehialis
1374 1883 1529 1917 ecclesiae
1562 1884 1747 1921 dumtaxat,
1776 1897 1791 1909 ιχ

1008 1937 1177 1971 reservatis
1198 1936 1349 1970 erunibus
1370 1942 1397 1969 et
1420 1936 1554 1979 singulis
1576 1937 1660 1969 itlius
1686 1937 1750 1969 l‘rn-

1008 1991 1112 2024 ctibus
1125 1997 1152 2024 et
1168 1990 1360 2031 redditibus,
1374 1990 1597 2034 proventibus,
1613 1990 1749 2028 iuribus,

1008 2045 1255 2079 obventionibus
1269 2050 1299 2078 et
1313 2044 1551 2083 emolumentis,
1567 2044 1660 2077 bonis
1673 2055 1753 2088 quo-

1009 2109 1071 2143 que
1107 2104 1137 2132 et
1162 2097 1415 2142 proprietatibus
1440 2098 1471 2130 iu
1493 2097 1752 2140 quibuscumque

1009 2154 1105 2187 rebus
1136 2152 1407 2189 consistentibus.
1447 2153 1606 2185 moderno
1636 2157 1663 2184 el
1695 2162 1753 2195 pro

1009 2212 1154 2251 tempore
1185 2206 1331 2240 existenti
1366 2206 1510 2239 eiusdem
1531 2204 1673 2238 ecclesiis
1706 2215 1754 2237 re-

1010 2260 1102 2297 ctori,
1128 2259 1204 2293 dicti
1231 2258 1503 2303 Georgiipalroni
1526 2258 1623 2291 etiam
1641 2258 1680 2290 ad
1692 2258 1753 2290 hoe

1010 2314 1183 2347 accedente
1209 2323 1390 2349 consensu,
1425 2312 1545 2344 eisdem
1577 2311 1693 2344 rectori
1724 2318 1752 2343 et

1010 2366 1232 2408 collegialibus
1252 2365 1474 2409 praesentibus
1495 2370 1525 2397 et
1544 2364 1668 2402 suturis,
1695 2365 1752 2408 ipsi

1010 2430 1141 2463 quotlue
1161 2419 1298 2461 collegio
1316 2419 1436 2462 pariter
1457 2424 1614 2462 perpetuo
1635 2429 1752 2451 conec-

1011 2473 1116 2506 dimus
1133 2479 1163 2506 et
1183 2473 1394 2515 assignamus.

1055 2528 1071 2568 ξ
1093 2526 1144 2559 17.
1178 2527 1312 2569 Insuper
1339 2525 1577 2569 iuspatronatus
1603 2530 1632 2558 et
1654 2536 1749 2568 prae-

1010 2580 1156 2613 sentandi
1176 2589 1332 2623 personas

1775 1037 1886 1057 Confirmat
1895 1042 1927 1062 qu⁴
1940 1049 1945 1051 -

1761 1070 1801 1089 que
1821 1064 1927 1089 applicati*
1940 1075 1945 1078 -

1760 1096 1807 1119 ”5¹⁰⁴
1824 1090 1894 1110 ¹artelli
1912 1097 1945 1110 ai-

1801 1836 1865 1856 caim
1885 1837 1951 1856 eccls-

1766 1863 1812 1883 siae
1840 1863 1927 1888 parochi
1936 1872 1951 1882 i-

1805 2528 1827 2549 Et
1845 2535 1876 2549 ius
1892 2534 1952 2554 pran-

1768 2556 1867 2577 sentandi
1882 2555 1907 2575 ad
1920 2562 1953 2575 far>

1362 2579 1505 2619 idoneas,
1534 2589 1570 2612 ac
1590 2589 1703 2612 omnes
1723 2585 1754 2612 et
1767 2582 1953 2630 gssffil‘ssffissjssffi

1010 2634 1151 2674 singulas
1179 2633 1329 2667 ecclesias
1356 2633 1386 2665 in
1418 2633 1593 2666 ditionibus
1624 2633 1753 2676 Georgii
1768 2636 1900 2658 ⁰0¹¹⁵¹³¹¹²¹³³=
