2253 3195
872 251 1018 276 ‹ztnnms
1040 252 1095 275 rm
1117 252 1166 275 ιη’.
1683 239 1746 271 555
1793 249 1841 275 An.
1859 248 1886 274 tl.
1911 249 1974 276 1599

21 241 27 266 '-
59 254 106 280 Αιι.
124 252 151 279 c.
177 252 243 279 1599

15 294 18 303 ’
1031 299 1189 341 eligenda,
1217 309 1384 332 concessas
1404 304 1435 331 et
1452 297 1582 337 validas,
1606 308 1642 330 ac
1668 297 1772 330 effica-

83 314 241 340 At-pmeserum
257 299 320 333 ficii
342 300 572 333 camerariatus
593 300 811 340 concessione,
836 310 932 344 quam
954 299 993 331 it-

80 1481 188 1502 etausutav
203 1486 240 1506 pru

7 1530 9 1534 ,
57 1510 159 1535 perpetua
179 1508 241 1527 liuius

57 1535 198 1556 concessionis
208 1534 240 1554 tir-

56 1562 134 1583 mitato.

24 382 26 385 .
59 343 179 388 Esslilillsslss
195 347 241 360 ‘⁰¹¹‘
257 353 317 386 lius
337 353 430 396 pretii
449 353 633 393 donatione,
651 364 686 386 ac
700 354 995 386 emolumentorum

256 412 286 439 et
316 406 435 439 iurium
464 407 691 450 perceptione,
723 407 812 439 nullo
842 417 995 450 nmquam

257 465 402 502 tempore
423 470 481 503 per
501 470 570 499 nos,
595 465 623 492 et
645 460 806 492 Romanos
827 460 997 492 Pontifices

255 523 456 546 sut-cessores
481 518 619 552 nostros,
644 524 680 546 ac
701 513 815 546 Sedent
838 519 865 546 et
887 513 997 546 Came-

255 577 323 599 ram
346 566 550 605 huiusmodi,
575 566 671 599 etiam
701 566 824 599 ratione
853 567 993 599 subven-

256 620 350 653 tionis
382 626 410 653 ct
438 620 636 653 necessitatis
665 620 801 653 Romani
832 620 997 654 Pontificis

255 685 314 718 pro
335 680 479 718 tempore
501 674 683 713 existentis,
708 686 743 707 ac
764 675 853 708 Sedis
886 681 916 708 et
940 675 996 708 Ca-

256 739 362 761 merae
383 728 637 772 praedictarum,
662 728 758 761 etiam
779 739 838 771 pro
860 728 993 772 expedi—

257 781 341 814 tione
361 787 472 814 contra
497 782 614 814 Turcas
639 788 669 814 et
690 781 769 815 alios
794 782 940 815 infideles
960 793 996 815 ac

255 835 432 868 catholicae
453 834 528 868 fidei
558 835 675 875 liostcS,
705 836 752 868 vel
773 846 809 868 ex
829 835 890 868 alia
911 847 993 880 qua-

255 899 393 932 cumque
414 889 509 921 etiam
531 889 736 932 quantumvis
753 889 845 929 iusta,
863 889 926 933 pia,
950 890 995 923 le-

254 942 383 985 gitima,
401 948 431 975 et
452 953 533 986 quae
555 942 606 975 liic
626 943 665 976 de
683 943 873 976 necessitate
894 943 998 986 expri-

255 997 372 1029 menda
393 1002 473 1029 esset
490 1024 496 1036 ‚
521 1007 636 1036 causa,
658 996 843 1036 molestari,
863 1002 993 1040 pertur-

255 1048 336 1089 bari,
351 1055 402 1082 aut
418 1048 589 1092 inquietari
604 1059 708 1092 posse,
724 1060 783 1082 nec
797 1049 891 1082 etiam
906 1060 997 1093 prae-

256 1108 341 1136 textu
363 1102 468 1135 dletae
490 1101 568 1141 litis,
597 1108 651 1134 aut,
671 1102 806 1135 aliarum
829 1102 994 1135 molestia-

254 1166 338 1195 rum,
368 1166 464 1198 quam
486 1155 573 1187 litem
600 1160 630 1187 et
660 1165 801 1195 causam,
824 1156 931 1198 quoad
953 1161 993 1195 te,

255 1209 481 1252 extinguimus,
505 1209 763 1252 haeredibusque
785 1215 815 1243 et
832 1220 996 1243 suecesso-

255 1263 354 1303 ribus,
371 1273 497 1296 necnon
518 1263 733 1296 creditoribus
753 1263 829 1297 dicti
844 1263 996 1297 Vitellotii

255 1316 427 1349 cardinalis
462 1322 653 1360 perpetuum
688 1316 850 1350 silentium
886 1317 997 1361 impo-

255 1369 373 1403 nimus.

300 1423 387 1467 51⁶2.
416 1425 460 1457 Ac
488 1429 699 1467 praesentes,
721 1424 809 1457 nullo
842 1435 995 1468 umquam

257 1483 421 1522 tempore,
443 1477 555 1521 quovis
583 1483 749 1521 praetextu
771 1484 801 1511 et.
828 1489 865 1511 ex
885 1479 997 1523 quovis

256 1531 382 1575 capite,
406 1531 446 1564 de
472 1531 691 1574 subreptionis
722 1532 770 1564 vel
795 1531 997 1575 obreptionis

256 1585 354 1625 vitio,
376 1591 431 1618 aut
463 1584 649 1618 intentionis
677 1590 828 1626 nostrae,
856 1586 903 1619 vel
934 1587 997 1620 alio

255 1638 366 1682 quovis
390 1644 557 1682 praetextu
578 1638 702 1679 notari,
726 1638 922 1682 impugnari,
947 1640 996 1672 in-

254 1692 400 1732 validari,
422 1692 453 1724 in
474 1692 523 1725 ius
551 1693 598 1725 rel
620 1693 872 1726 controversiam
898 1705 993 1727 revo-

255 1746 340 1786 cari,
364 1746 404 1778 ad
429 1745 584 1779 terminos
605 1745 683 1778 iuris
709 1746 841 1786 reduci,
866 1752 920 1780 aut
940 1747 996 1780 ad-

254 1810 364 1833 versus
384 1799 453 1832 illas
473 1800 703 1843 quodcumque
726 1799 824 1840 iuris,
848 1800 921 1833 sacti
949 1801 997 1834 vel

254 1853 376 1896 gratiae
396 1852 577 1886 remedium
600 1852 765 1896 impetrari
787 1864 891 1897 posse,
912 1854 997 1887 illas-

255 1917 317 1950 que
341 1906 399 1939 sub
421 1905 585 1949 quibusvis
605 1905 759 1939 similium
782 1907 829 1940 vel
857 1907 996 1940 dissimi-

254 1960 332 1992 lium
354 1959 527 2001 gratiarum
553 1959 832 2000 revocationibus,
857 1971 993 2004 suspen-

254 2012 408 2053 sionibus,
432 2012 680 2046 limitationibus
704 2021 758 2046 aut
780 2013 850 2046 aliis
871 2020 997 2047 contra-

254 2066 309 2098 riis
338 2065 622 2109 dispositionibus,
646 2077 704 2110 per
725 2077 783 2100 nos
803 2067 850 2099 vel
872 2078 997 2100 succes-

253 2130 342 2153 sores
372 2126 498 2152 nostros
528 2120 690 2152 Romanos
721 2120 914 2160 Pontifices,
943 2127 994 2153 ant

254 2173 371 2206 dietam
387 2173 513 2212 Sedem,
531 2184 566 2205 ex
588 2172 753 2215 quibusvis
772 2172 886 2212 causis,
900 2173 994 2206 ctiam

255 2232 355 2266 motu,
380 2237 416 2258 ae
440 2225 572 2258 scientia
605 2231 632 2258 et
659 2226 826 2269 potcstatis
857 2226 996 2269 plenitu-

254 2279 328 2312 dine
348 2278 517 2318 similibus,
536 2278 631 2311 etiam
653 2278 917 2311 consistorialiter
937 2290 996 2321 pro

255 2338 403 2376 tempore
428 2333 528 2373 sactis,
547 2333 729 2365 nullatenus
752 2332 995 2375 comprehendi,

254 2397 313 2420 nec
338 2381 588 2429 comprehensas
616 2386 761 2423 censeri,
790 2386 844 2418 sed
870 2396 997 2429 semper

254 2440 293 2472 ab
320 2439 382 2472 illis
407 2445 576 2482 exceptas,
600 2444 631 2471 et
655 2438 780 2481 quoties
811 2438 882 2471 ittae
904 2450 993 2471 ema-

254 2493 392 2531 nabunt,
415 2492 507 2525 toties
532 2492 562 2524 in
595 2492 765 2536 pristinum
792 2497 821 2525 et
844 2491 996 2524 validissi-

256 2557 344 2579 mum
366 2551 481 2578 statum
503 2546 676 2585 restitutas,
702 2545 857 2589 repositas
879 2551 909 2578 et
929 2546 996 2589 ple-

255 2598 344 2631 narie
370 2598 591 2641 reintegratus,
608 2610 644 2632 ac
666 2599 704 2632 dc
725 2608 807 2631 novo
829 2598 923 2631 etiam
938 2598 997 2631 sub

258 2652 331 2685 data
365 2652 537 2696 posteriori
571 2653 843 2697 quandocumque
876 2662 932 2695 per
968 2657 996 2684 te

1031 364 1092 392 ces,
1106 354 1257 386 adversus
1274 363 1495 396 quascumque
1513 351 1774 395 impugnationes

1031 407 1186 447 existere,
1211 407 1340 450 vinique
1365 406 1429 439 veri
1456 411 1486 439 et
1507 405 1623 445 validi,
1648 416 1684 437 ac
1705 404 1772 437 etli-

1031 460 1113 493 cacis
1144 465 1342 499 contractus,
1379 459 1462 492 inter
1499 469 1557 492 nos
1594 464 1625 491 et
1657 458 1771 492 Sedent

1030 525 1066 546 ac
1086 514 1251 547 Cameram
1270 513 1469 557 praedictam
1489 524 1524 545 ex
1545 523 1621 553 uua,
1646 523 1771 545 necnon

1032 570 1060 597 te
1080 571 1216 608 tuosque
1237 565 1419 607 praedictos
1437 564 1581 608 partibus
1602 575 1638 596 ex
1658 564 1769 603 altera,

1032 617 1125 650 iurati
1146 623 1176 650 et
1196 617 1337 661 stipulati
1352 623 1507 661 perpetuo
1521 617 1640 650 habere
1658 622 1688 650 et
1709 617 1773 649 ob·-

1033 671 1148 711 tinere;
1183 677 1276 715 teque
1310 672 1349 704 ad
1381 671 1528 715 superlus
1562 681 1709 715 expressa
1740 670 1772 702 in

1033 731 1097 757 toto
1119 725 1166 757 vel
1188 724 1219 756 in
1240 730 1348 768 parte,
1370 724 1601 757 verificandum
1623 735 1678 756 seu
1699 734 1772 767 pro-

1031 778 1171 811 bandum
1188 777 1321 810 minime
1336 777 1449 817 teneri,
1463 778 1518 810 sed
1533 777 1661 810 easdem
1677 788 1772 820 prac-

1030 837 1134 864 sentes
1155 831 1276 875 absque
1306 831 1367 864 alia
1387 830 1579 875 probatione
1600 831 1747 864 sufficere
1762 858 1769 871 ,

1031 886 1140 929 eisque
1160 886 1190 918 in
1217 885 1337 918 iudicio
1358 891 1388 918 et
1406 892 1493 918 extra
1515 886 1592 918 illud
1611 885 1698 924 stari,
1714 896 1773 918 nee

1031 940 1128 972 ullam
1161 939 1386 983 probationem
1413 939 1568 982 cuiusque
1589 945 1723 972 naturae
1743 944 1773 972 et

1030 992 1148 1037 speciei
1169 992 1223 1024 itta
1240 992 1279 1025 sit
1305 993 1353 1025 vel
1375 992 1490 1031 suerit,
1515 992 1546 1024 in
1575 992 1772 1025 contrarium

1031 1045 1147 1079 adduci
1168 1045 1216 1078 vel
1238 1045 1385 1085 admitti,
1410 1045 1591 1088 quinimmo
1620 1045 1715 1078 etiam
1748 1045 1773 1078 si

1031 1099 1178 1142 superius
1199 1109 1347 1142 expressa
1368 1098 1554 1131 huiusmodi
1576 1099 1682 1131 minus
1701 1109 1774 1131 vera

1031 1152 1110 1192 sint,
1135 1159 1164 1184 et
1186 1151 1384 1184 contrarium
1407 1152 1678 1195 ‹Vluandocumque
1698 1162 1775 1195 pro-

1031 1206 1099 1239 bari
1113 1205 1294 1247 contigerit,
1311 1205 1523 1238 nihilominus
1536 1205 1664 1238 easdem
1679 1216 1773 1248 prae—

1031 1265 1135 1293 sentes
1160 1259 1281 1292 litteras
1305 1269 1398 1291 suum
1422 1258 1603 1302 plenarium
1625 1259 1774 1291 effectum

1031 1313 1202 1356 consequi,
1231 1317 1326 1355 teque
1358 1312 1420 1345 illis
1448 1322 1627 1355 eorumque
1660 1312 1774 1344 effectu

1031 1366 1127 1411 potiri
1149 1371 1179 1399 et
1196 1366 1348 1408 gaudere.

1076 1423 1091 1463 ξ
1114 1420 1165 1453 13.
1187 1419 1302 1463 Sieque
1323 1419 1355 1451 in
1375 1419 1560 1463 praemissis
1581 1419 1775 1453 omnibuset

1031 1473 1164 1516 singulis
1182 1484 1240 1517 per
1259 1483 1482 1516 quoscumque
1503 1473 1625 1506 iudices
1645 1473 1774 1506 ordina-

1030 1528 1094 1561 rios
1114 1533 1145 1560 et
1164 1527 1338 1569 delegatos,
1360 1526 1456 1559 etiam
1471 1538 1641 1559 causarum
1663 1527 1773 1570 palatii

1029 1580 1197 1625 apostolici
1215 1580 1439 1620 auditoi·es,ac
1460 1580 1603 1613 eiusdem
1624 1580 1775 1613 Gamerae

1029 1634 1248 1678 praesidentes
1266 1639 1294 1666 et
1309 1633 1455 1673 clericos,
1468 1644 1504 1666 ac
1518 1633 1622 1666 dictae
1639 1633 1774 1667 Sanctae

1030 1689 1193 1722 Romanae
1210 1686 1369 1720 Ecclesiae
1384 1686 1574 1727 cardinales,
1588 1687 1715 1720 sublata
1729 1687 1774 1720 eis

1029 1749 1060 1777 et
1081 1753 1193 1776 eorum
1215 1741 1347 1775 cuilibet
1367 1741 1477 1785 quavis
1498 1741 1590 1774 aliter
1610 1741 1773 1774 iudicandi

1030 1803 1059 1830 et
1080 1796 1312 1840 interpretandi
1335 1796 1486 1829 facultate
1509 1801 1539 1828 et
1559 1795 1770 1835 auctoritate,

1029 1851 1061 1884 in
1082 1850 1192 1895 quavis
1212 1850 1374 1890 instantia,
1392 1861 1428 1882 ac
1449 1849 1545 1882 etiam
1570 1849 1601 1881 in
1623 1849 1707 1882 dicta
1720 1850 1774 1883 Ca-

1030 1915 1118 1938 mera
1140 1903 1274 1937 iudicari
1296 1909 1326 1935 et
1346 1903 1473 1936 deliniri
1494 1902 1621 1943 debere,
1644 1902 1772 1935 irritum

1029 1968 1158 2002 quoque
1192 1962 1221 1989 et
1253 1956 1348 1989 inane
1372 1956 1397 1988 si
1423 1966 1515 1989 secus
1547 1966 1644 1999 super
1675 1955 1724 1988 his
1756 1966 1773 1988 a

1029 2022 1205 2056 quoquam,
1223 2011 1333 2054 quavis
1353 2010 1558 2049 auctoritate,
1575 2009 1712 2043 scienter
1724 2010 1772 2042 vel

1029 2066 1226 2108 ignoranter,
1251 2063 1424 2106 contigerit
1440 2063 1600 2096 attentari.

1074 2121 1089 2161 ξ
1117 2118 1163 2151 14.
1188 2119 1358 2151 Praeterea
1378 2117 1526 2150 volumus
1544 2116 1768 2155 etstatuimus‚

1028 2184 1065 2206 ac
1087 2173 1288 2211 mandamus,
1310 2177 1344 2204 ut
1366 2177 1409 2211 tu,
1434 2176 1464 2203 et
1482 2170 1580 2203 l'uturi
1602 2170 1770 2203 camerarii

1028 2225 1204 2269 praedicti,
1229 2225 1268 2257 de
1298 2229 1427 2257 caetero
1459 2223 1624 2267 perpetuis
1655 2223 1771 2255 suturis

1028 2278 1229 2322 temporibus
1250 2289 1267 2311 a
1287 2277 1496 2311 concedendo
1514 2276 1667 2309 Hebraeis
1685 2282 1771 2309 extra

1028 2333 1151 2366 Statum
1173 2337 1317 2364 nostrum
1344 2330 1604 2363 Ecclesiasticum
1629 2330 1772 2364 licentias

1030 2384 1238 2423 foenerandi,
1263 2394 1342 2427 quas
1370 2383 1553 2415 tolerantias
1584 2383 1768 2426 appellant,

1028 2437 1228 2473 abstineatis.
1252 2437 1283 2469 in
1302 2438 1389 2470 Statu
1404 2442 1509 2469 autem
1524 2436 1699 2479 praedicte,
1717 2437 1770 2469 ubi

1031 2491 1165 2523 Hebraei
1196 2495 1459 2529 connuorantur,
1486 2489 1529 2521 uti
1555 2489 1717 2523 Avenione
1742 2497 1771 2523 et

1029 2544 1060 2576 in
1089 2543 1248 2585 legatione
1271 2542 1455 2582 Ferrariae,
1480 2543 1583 2575 nullas
1608 2543 1771 2587 (exceptis

1029 2596 1181 2630 Hebraeis
1199 2596 1389 2636 Levantinis,
1405 2602 1435 2629 et
1455 2596 1589 2629 caeteris
1606 2597 1770 2630 Anconam

1028 2650 1266 2691 accedentibus,
1282 2655 1312 2683 et
1332 2649 1375 2682 ibi
1388 2649 1678 2693 commorantibus)
1693 2661 1770 2684 con-

1816 1427 1913 1450 Clausu'a
1926 1428 1974 1449 sub-

1788 1456 1838 1476 tata.

1853 2122 1972 2143 Moderatio

1788 2148 1909 2169 tltrnltatuiu
1941 2149 1971 2168 di-

1787 2176 1900 2199 spi-nsandi
1925 2181 1971 2196 cnm

1787 2201 1889 2222 Hebraeis
1909 2208 1972 2228 snper

1787 2229 1925 2255 cztsitiiis.t1ui
1939 2236 1970 2249 re·

1787 2258 1905 2276 censentur.
