2253 3195
259 248 309 274 An.
329 248 358 274 e.
378 248 445 275 1598
492 240 557 272 416

267 1103 351 1124 Erectio
361 1104 387 1123 .t.»
395 1109 437 1130 qua

254 1136 274 1150 ιιι
291 1131 382 1150 rubrum,

1045 248 1228 272 BULLARIUM
1248 247 1401 272 ROMANUM

458 297 490 330 in
519 297 616 330 lndiis
644 297 859 331 Orientalibus
872 324 879 338 ‚
899 308 1002 331 unum
1028 296 1199 340 collegium
1233 306 1295 339 que
1314 295 1385 328 iure
1405 306 1440 328 ac
1460 295 1630 336 medicina,
1652 301 1683 328 et
1702 296 1842 329 notarios
1862 305 1975 329 crean-

457 350 584 383 Ordinis
615 350 874 384 praedicatorum
909 350 969 384 sub
1000 350 1201 383 invocatione
1234 349 1304 389 dos,
1321 349 1465 392 aliosque
1482 348 1663 381 studiorum
1677 347 1794 391 gradus
1814 348 1979 382 confercn—

457 404 563 437 Sancti
598 404 748 437 Ludovici
781 410 923 438 ereetum
956 410 987 438 et
1019 404 1200 437 institutum
1235 401 1292 434 dos
1311 407 1340 434 et
1362 401 1431 434 aliis
1445 401 1652 444 quibuslibet,
1665 401 1783 444 quibus
1799 400 1879 433 aliae
1892 401 1979 434 simi-

455 457 576 495 existat,
596 458 627 490 in
649 468 712 500 quo
736 469 753 490 a
774 457 919 500 patribus
938 457 1082 492 eiusdem
1103 457 1197 491 Ordi-

456 510 514 547 nis,
526 510 599 543 viris
609 510 741 544 seientia
753 517 783 544 et
796 511 942 544 doctrina
952 510 1198 555 praestantibus,

455 563 650 596 diversarum
664 564 817 597 lectiones
836 565 1041 598 scientiarum
1058 563 1201 607 quotidie

454 616 635 656 habentur,
669 627 806 660 quarum
842 617 1077 651 audiendarum
1105 627 1198 650 causa

454 671 601 712 frequens
632 671 847 712 scholarium,
870 671 966 704 etiarn
987 670 1198 703 saecularium

455 729 521 755 tum
542 722 677 756 civitatis
701 729 768 757 tum
796 724 933 758 aliorum
956 724 1132 757 vicinorum
1154 725 1200 757 lo-

453 785 578 815 corum,
592 786 747 810 numerus
757 777 833 810 illuc
847 777 999 810 accedere
1009 777 1101 817 soter,
1111 788 1200 810 eum-

453 839 515 870 que
535 828 566 860 in
587 828 648 860 illis
667 829 811 872 partibus
832 830 921 863 nulla
940 830 1105 873 hucusque
1124 840 1196 864 ere-

453 887 501 914 cta
522 881 560 915 sit
578 882 674 915 studii
695 883 854 925 generalis
874 883 1116 923 universitas,in
1137 893 1200 926 qua

453 935 601 968 scientiae
621 935 750 979 publice
778 936 886 969 doceri
914 942 943 970 et
964 936 996 969 in
1024 937 1062 970 iis
1081 936 1199 981 gradus

453 989 596 1022 consueti
617 989 766 1023 studiosis
785 991 923 1024 conferri
943 991 1074 1034 possint.

497 1041 511 1082 ,ξ
532 1041 562 1074 2.
580 1042 644 1075 Nos
660 1042 831 1086 collegium
848 1044 1051 1088 praedictum
1066 1044 1198 1088 eiusque

453 1094 620 1138 religiosos
641 1102 669 1129 et
691 1107 843 1140 personas
868 1096 1060 1140 specialibus
1079 1097 1195 1131 favori-

452 1148 510 1180 hus
523 1154 551 1181 et
565 1149 675 1192 gratiis
694 1150 843 1194 prosequi
862 1150 1020 1189 volentes,
1043 1161 1078 1183 ac
1096 1157 1199 1184 recto-

453 1211 519 1234 rem
540 1208 569 1234 et
590 1201 767 1245 singulares
788 1203 929 1237 eiusdem
944 1204 1070 1247 collegii
1089 1215 1198 1248 perso-

451 1263 508 1286 nas
527 1265 545 1287 a
574 1255 738 1298 quibusvis
758 1257 1117 1297 excommunicationis,
1139 1268 1194 1291 su-

450 1308 630 1350 spensionis
651 1315 679 1342 ct
698 1309 870 1348 interdicti,
889 1309 1022 1353 aliisque
1041 1311 1193 1344 ecclesia-

451 1359 536 1392 sticis
556 1361 733 1402 sententiis,
753 1362 896 1395 censuris
915 1369 946 1396 et
966 1363 1077 1406 poenis
1093 1375 1110 1396 a
1128 1364 1196 1397 iure

451 1414 497 1446 vel
517 1413 557 1445 ab
570 1414 713 1454 homine,
726 1415 836 1458 quavis
857 1416 1025 1449 occasione
1039 1417 1087 1456 vel
1101 1428 1196 1450 causa

450 1467 532 1507 latis,
555 1467 579 1499 si
607 1468 724 1511 quibus
752 1468 992 1512 quomodolibet
1026 1469 1195 1504 innodatae

449 1519 600 1559 existunt,
631 1521 669 1552 ad
691 1521 838 1554 ellectum
860 1523 1074 1566 praesentium
1095 1522 1191 1556 dum-

450 1578 532 1606 taxat
549 1574 825 1617 consequcndum,
845 1575 958 1608 harum
979 1575 1060 1609 serie
1085 1577 1191 1610 ahsol-

450 1633 569 1667 ventes,
589 1633 620 1660 et
635 1627 796 1661 absolutas
818 1628 883 1662 sore
909 1635 1091 1669 censentcS,
1113 1640 1191 1675 sup-

449 1679 672 1723 plicationibus
692 1681 788 1715 etiam
808 1682 998 1716 venerabilis
1014 1682 1120 1716 fratris
1139 1683 1194 1716 Mi-

449 1734 566 1766 chaelis
587 1734 726 1778 episcopi
740 1734 927 1769 Alhanensis
943 1735 1110 1770 cardinalis
1124 1737 1194 1770 Ate-

449 1787 594 1820 xandrini
608 1787 734 1821 Ordinis
756 1789 1015 1824 t“1·aedicat0ru1n
1036 1796 1194 1834 prote-'cto—

1234 454 1312 488 lium
1333 454 1512 488 studiorum
1539 453 1734 497 generalium
1758 453 1979 487 universitates

1235 508 1337 541 uhivis
1359 509 1503 542 locorum
1524 515 1555 541 et
1573 507 1716 551 gentium
1739 500 1914 546 institutae,
1935 506 1975 539 il-

1235 560 1405 604 lorumque
1422 567 1572 602 rectores,
1596 561 1751 604 magistri,
1770 560 1977 604 professores,

1234 614 1414 648 scholastici
1432 621 1462 649 et
1483 615 1562 649 aliae
1579 624 1733 658 personae
1754 614 1792 647 de
1811 613 1976 654 iure‚usu‚

1235 668 1478 707 consuetudine,
1488 674 1542 701 aut
1555 668 1633 700 alias
1646 666 1901 711 quomodolibet,
1913 672 1977 699 tam

1234 731 1270 754 ex
1292 716 1466 764 apostolica
1494 732 1590 765 quam
1619 721 1776 765 imperiali
1797 731 1852 753 seu
1879 719 1978 763 regali

1234 774 1478 808 auctoritatibus
1497 781 1643 815 utuntur,
1666 774 1828 814 fruuntur,
1851 773 1978 817 potiun-

1233 833 1286 860 tur
1305 833 1334 861 et
1367 828 1518 871 gaudent,
1541 834 1636 871 atque
1655 828 1714 867 uti¹
1735 827 1810 867 l'rui,
1831 827 1926 871 potiri
1947 833 1975 860 et

1234 881 1373 923 gaudere
1392 887 1525 924 possunt
1544 887 1575 914 et
1591 887 1752 925 poterunt,
1766 879 1980 925 paril‘ormiter

1234 940 1264 966 et
1291 945 1392 978 aeque
1412 933 1630 978 principaliter
1655 933 1714 973 uti,
1736 933 1810 972 l'rui,
1832 933 1928 976 potiri
1948 938 1980 966 et

1233 988 1374 1031 gaudere
1395 989 1528 1032 possint,
1551 989 1675 1021 valeant
1699 993 1730 1020 et
1749 987 1902 1021 debeant:
1921 993 1974 1020 ut—

1233 1052 1296 1084 que
1315 1042 1348 1075 in
1368 1041 1435 1085 ipsa
1456 1041 1662 1085 universitate
1693 1051 1751 1085 pro
1775 1047 1918 1085 tempore
1938 1041 1978 1073 ad

1233 1096 1352 1138 gradus
1372 1105 1595 1138 quoscumque.
1612 1095 1764 1138 promoti,
1781 1094 1849 1138 pari
1869 1099 1978 1127 aucto-

1233 1149 1337 1188 ritate,
1359 1148 1508 1181 facultate
1528 1154 1559 1181 et
1572 1148 1726 1191 dignitate
1746 1148 1976 1191 praefulgeant,

1232 1201 1409 1245 iisdemque
1436 1202 1628 1246 privilegiiS,
1649 1201 1778 1245 gratiiS,
1800 1201 1978 1235 honoribus

1231 1261 1261 1288 et
1282 1255 1510 1299 praerogativis
1530 1255 1747 1299 perfruantur,
1762 1260 1858 1297 atquc
1874 1253 1926 1287 atii
1944 1254 1976 1287 in

1232 1309 1300 1341 aliis
1319 1307 1579 1342 universitatibus
1599 1307 1751 1352 promoti,
1773 1307 1816 1341 ita
1836 1313 1870 1341 ut
1889 1309 1977 1341 nutta

1231 1362 1314 1394 inter
1333 1372 1387 1395 eos
1407 1362 1459 1393 fiat
1481 1360 1673 1400 differentia,
1688 1371 1746 1394 nec
1764 1360 1850 1395 fictio
1867 1363 1974 1396 locum

1231 1414 1342 1447 haheat
1351 1442 1358 1454 ,
1372 1415 1560 1447 auctoritate
1569 1413 1756 1458 apostolica,
1765 1420 1875 1447 tenore
1885 1425 1975 1458 prae-

1230 1467 1382 1506 sentium,
1404 1467 1609 1501 concedimus
1628 1473 1658 1500 et
1678 1467 1900 1510 indulgemus;
1921 1468 1976 1511 ip—

1229 1521 1359 1564 siusque
1391 1520 1604 1555 universitatis
1635 1521 1751 1555 rectori
1778 1528 1809 1555 et
1833 1522 1975 1556 admini—

1229 1575 1419 1609 stratoribus
1433 1581 1467 1608 ut
1480 1585 1537 1619 pro
1550 1575 1649 1619 ipsius
1661 1575 1875 1610 universitatis
1892 1575 1974 1610 felici

1230 1629 1382 1672 regimine
1396 1639 1620 1672 quaecumque
1634 1634 1750 1662 statuta
1762 1629 1860 1669 licita,
1871 1635 1901 1664 et
1919 1629 1975 1664 ho-

1228 1688 1329 1722 nesta,
1351 1693 1387 1716 ac
1408 1682 1504 1714 sacris
1525 1681 1702 1715 canonibus
1720 1688 1751 1715 et
1762 1681 1894 1716 Concilii
1907 1682 1974 1716 Tri-

1228 1734 1348 1768 dentini
1380 1734 1515 1768 decretis
1538 1734 1733 1775 conformia,
1757 1734 1895 1774 condere
1915 1745 1974 1769 va-

1228 1788 1324 1827 leant,
1345 1787 1527 1821 l'acultatem
1548 1787 1763 1831 impertimur.

1993 245 2041 272 An.
2054 245 2082 272 C.
2108 245 2177 273 1598

2022 1842 2173 1864 'rtaxeanonnis

449 1839 503 1879 ris,
526 1851 585 1873 nec
606 1851 669 1874 non
691 1841 798 1875 dilecti
819 1842 874 1874 lilii
898 1843 1066 1886 Augustini
1087 1843 1192 1876 Darila

449 1892 578 1931 l‘adilla,
600 1895 815 1937 procuratoris
835 1895 991 1937 generalis
1012 1896 1192 1938 provinciae

448 1945 638 1985 Mexicanac,
653 1946 745 1980 nohis
758 1958 855 1989 super
871 1948 929 1981 hor
943 1948 1107 1981 humililer
1121 1959 1192 1992 por—

1271 1842 1286 1883 ,ξ
1306 1841 1336 1873 sl.
1360 1841 1470 1874 Eidem
1491 1846 1597 1874 autem
1623 1840 1804 1873 academiae
1835 1851 1968 1875 venera·
1987 1870 2100 1896 animvm
2123 1875 2172 1896 pm„

1228 1894 1322 1927 bilem
1345 1894 1474 1926 fratrem
1496 1892 1685 1926 modernum
1701 1898 1729 1926 et
1751 1903 1807 1936 pro
1829 1897 1971 1938 tempore
1986 1886 2172 1944 2:3¹}322-‘i'222'52'gass

1227 1947 1411 1980 existentem
1432 1946 1616 1990 episcopum
1638 1946 1884 1980 'l'laxcallensem
1909 1947 1971 1981 loci
1985 1950 2171 2003 {Jssssssssg'l'mf'nflm

448 2000 540 2032 rectis
561 1999 717 2039 inclinati,
739 2001 908 2044 collegium
938 2001 1138 2044 praedictum
1160 2002 1191 2034 in

447 2053 683 2086 universitatem
704 2053 800 2086 studii
817 2055 986 2095 generalis,
1003 2055 1191 2088 auctoritate

446 2106 631 2149 apostolica,
656 2112 764 2139 tenore
786 2107 1014 2149 praesentium,
1039 2113 1191 2151 perpetuo

446 2158 599 2201 erigimus
618 2164 647 2191 vt
669 2159 879 2193 instituimus.

490 2212 504 2251 ξ
525 2212 555 2244 εἰ.
575 2212 686 2255 illique
707 2212 753 2244 sie
772 2218 895 2245 erectae
917 2218 947 2245 et
969 2213 1192 2251 institutae,a‹2

293 2276 298 2287 ¹
320 2276 374 2315 τὰς
398 2277 429 2288 ¹¹¹²
448 2264 531 2297 illius
552 2275 610 2309 pro
625 2271 767 2308 tempore
782 2265 909 2302 rectori,
930 2265 1102 2308 magistris,
1120 2277 1192 2310 pro-

448 2317 630 2357 lessorihus,
645 2317 841 2351 scholasticis
859 2324 886 2350 et
903 2318 971 2351 aliis
985 2318 1192 2361 quibus‹r·um-

447 2382 508 2413 qut¹
530 2370 685 2414 personis,
702 2377 735 2404 ut
757 2370 904 2403 onutihus
925 2376 951 2403 et
975 2371 1107 2413 singulis
1128 2371 1191 2415 pri-

448 2423 578 2463 vilegiis.
593 2423 700 2465 gratiis
714 2431 743 2457 et
764 2423 906 2461 indultis,
923 2423 1191 2467 exemptionibus„

448 2476 1189 2520 litu-rtatihus,iuuuunitatilms,praerogativis,

449 2531 639 2567 honoribus,
662 2530 937 2573 pt·.·tectninentiis.
969 2530 1129 2563 l'avorihus
1161 2536 1190 2563 el

448 2583 659 2622 facultatibus,
675 2582 770 2615 etiam
784 2582 867 2615 circa
888 2582 1036 2616 doctores
1058 2582 1088 2615 in
1109 2583 1187 2615 arti-

449 2635 505 2668 bus
516 2636 946 2680 philosophiae,scientiaque
961 2635 1042 2669 civili
1057 2641 1087 2669 et
1103 2641 1190 2669 utro-

1226 2000 1430 2033 slrdinarium
1449 2006 1603 2044 perpetuo
1622 1999 1835 2043 praessciunffl,
1852 2000 1971 2044 ipsum—

1226 2063 1287 2097 que
1298 2053 1482 2096 cpiscopum
1498 2052 1530 2085 in
1543 2052 1685 2086 eiusdem
1706 2052 1888 2087 academiae
1901 2064 1971 2098 por-

1227 2111 1358 2149 petuum
1379 2105 1604 2138 cancellarium
1619 2105 1847 2138 constituimus
1865 2111 1897 2139 et
1917 2105 1970 2139 de-

1226 2164 1384 2203 putamus.
1399 2159 1502 2202 thue
1516 2158 1627 2191 cadem
1647 2159 1822 2198 academia,
1838 2158 1971 2203 eiusque

1225 2211 1372 2253 lectores,
1395 2211 1548 2245 ol'liriales
1579 2217 1606 2245 ct
1629 2212 1789 2245 scholares
1820 2212 1969 2252 universi,

1226 2264 1329 2298 eidem
1351 2265 1501 2309 episcopo
1515 2264 1736 2304 't‘taxcattensi,
1749 2268 1900 2307 tanquam
1918 2275 1971 2298 eo-

1227 2329 1296 2351 rum
1310 2310 1468 2361 praelecto
1482 2324 1509 2351 et
1525 2317 1880 2361 cancellarioperpetuo
1897 2318 1970 2351 sub-

1226 2382 1293 2404 vsse
1313 2383 1347 2404 ac.
1363 2382 1487 2415 parcre,
1498 2377 1525 2404 et
1541 2371 1571 2404 in
1585 2370 1736 2405 omuibus
1755 2370 1969 2405 obedientiam

1228 2423 1532 2467 praestaredebeant
1552 2430 1580 2457 ct
1599 2429 1779 2460 tencantur,
1795 2423 1893 2467 ipsius
1906 2424 1970 2457 col-

1227 2477 1298 2521 legii
1319 2477 1523 2521 guberuium.
1541 2488 1617 2510 cura
1635 2483 1662 2509 ct
1681 2476 1914 2511 administratio
1930 2477 1969 2511 ad

1225 2530 1345 2563 dictmu
1355 2529 1794 2574 episcopumTlaxcallensem
1807 2530 1967 2573 privative,

1225 2582 1330 2625 quoad
1353 2582 1454 2616 dictos
1481 2593 1683 2616 successores
1708 2588 1864 2626 perpetuo
1892 2593 1965 2627 spe—

1224 2641 1287 2668 ctet
1306 2642 1335 2668 et
1358 2636 1522 2678 pertineat.
1547 2635 1633 2669 ldem
1655 2645 1728 2669 vero
1748 2635 1914 2679 episcopus
1939 2642 1966 2669 et
