2253 3195
57 1073 135 1094 Domus
144 1076 214 1095 autem

47 1100 138 1121 rufesue
155 1101 180 1122 de
193 1108 213 1121 c·

40 1133 156 1153 eetuosyuts
186 1134 213 1147 Vt·

33 1156 86 1174 vanu

93 1554 210 1579 Pei-petuao

29 1579 136 1600 missarum
159 1581 210 1601 obti-

29 1609 123 1632 gatinnes
131 1613 170 1627 non
179 1614 210 1628 re-

28 1632 146 1658 cipiantur,
170 1635 209 1654 nisi

29 1661 64 1680 etc.

847 220 993 243 CLEMENS
1013 220 1070 243 vm
1091 220 1140 244 Pr.

234 273 378 301 strentur
398 268 645 312 particularibus
663 268 835 301 domorum
857 268 977 311 profes-

233 332 341 355 sarum
363 321 612 354 valetudinariis.
649 322 817 354 Praeterea
841 322 866 354 si
892 322 976 354 Reli-

233 376 320 418 gioni
342 382 482 416 nostrae,
507 376 681 409 donatione
702 376 749 408 vel
771 382 973 415 testamento,
993 400 994 407 ,

234 439 360 467 census,
384 429 518 468 reditus,
542 429 670 462 stabilia
695 430 791 469 bona,
816 429 881 462 sive
902 440 974 462 mo-

232 483 329 522 bilia,
358 483 422 515 sive
443 483 505 515 alia
527 493 752 526 quaecumque
773 483 878 524 legata
898 494 974 526 per-

231 542 328 580 petua
349 536 519 569 distributa
532 536 579 568 vel
595 536 765 578 assignata,
779 536 826 569 vel
845 546 976 579 quoquo
992 537 994 563 ἓ

232 590 329 623 modo
350 589 460 623 relicta
481 589 610 627 fuerint,
628 589 842 627 decernimus,
864 599 994 627 eorum,

231 643 391 676 bonorum
402 642 534 675 dominii
544 642 742 683 Religionem
756 648 898 674 nostram
910 653 994 678 esse

231 706 381 739 capacem
415 695 454 728 ad
485 695 633 728 effectum
668 695 832 728 dumtaxat
864 696 975 728 eadem
992 704 994 740 j

230 749 315 781 bona
335 747 518 791 applicandi
546 748 711 791 quibusvis
733 748 977 781 valetudinariis

230 801 435 844 generalibus
456 807 641 834 nostrorum
668 801 902 844 professorum,
927 794 994 844 vel]

230 855 348 888 nostris
368 855 628 899 quibuscumque
649 855 867 894 novitiatibus,
891 854 994 898 arbi-¹¹

231 908 291 941 trio
305 914 336 942 et
355 908 473 942 iudicio
491 908 644 952 praefecti
665 908 824 951 generalis
844 908 976 952 eiusque
992 933 994 941 i

992 959 1042 992 iin
1071 959 1303 1003 hospitalibus,
1329 966 1360 994 et
1390 962 1438 994 sui
1464 968 1572 1006 partes
1603 963 1698 996 officii
1725 964 1756 997 in

229 961 462 995 consultorum.

274 1016 290 1057 g
309 1013 361 1048 53.
380 1014 709 1048 Animadvertendum
724 1020 771 1048 est
787 1025 899 1048 omnes
920 1015 975 1047 do·
992 1038 993 1044 ,

991 1079 992 1094 i
1010 1066 1204 1109 expleverint
1218 1067 1317 1110 (iuxta
1338 1068 1585 1102 constitutiones
1606 1080 1685 1113 quas
1705 1081 1757 1103 su-

991 1123 992 1128 ’
1010 1119 1128 1162 perbis
1148 1120 1333 1152 ministeriis
1348 1122 1484 1154 edentur
1501 1149 1507 1162 ‚
1523 1123 1646 1165 possint
1665 1134 1757 1156 vaca-

990 1167 992 1176 ⁴
1010 1173 1104 1205 tionis
1125 1183 1201 1205 suae
1223 1173 1352 1214 diebus,
1378 1175 1416 1207 de
1437 1176 1676 1217 praefectorum
1705 1177 1754 1210 vel

230 1078 299 1101 mos
319 1074 446 1101 nostras
466 1068 625 1112 professas
648 1068 766 1100 debere
791 1073 915 1100 tantum
937 1068 976 1101 de

230 1122 443 1165 eleemosynis
482 1121 608 1160 vivere,
644 1127 741 1164 prout
779 1122 975 1165 paupertatis

229 1181 357 1208 nostrae
372 1180 480 1208 votum
502 1175 616 1217 exigit:
636 1175 756 1209 idcirco
775 1182 905 1209 caveant
918 1187 975 1209 no-

228 1228 283 1262 stri
308 1228 439 1271 professi
462 1239 501 1261 ne
526 1229 697 1272 praedictis
724 1229 974 1262 valetudinario-

228 1292 301 1315 rum
323 1292 378 1314 seu
402 1281 616 1314 novitiatuum
638 1282 805 1322 reditibus,
828 1293 884 1315 seu
905 1283 975 1316 aliis

227 1451 338 1485 supra.

271 1494 360 1536 554.
388 1494 657 1534 Quotidianarum
685 1500 716 1528 et
744 1496 990 1539 temporalium]

227 1547 398 1580 missarum
425 1548 638 1590 obligationes
664 1549 757 1581 facile
782 1560 846 1582 non
872 1540 991 1587 susci-1

989 1596 991 1612 ²
1009 1601 1123 1634 mediis
1143 1607 1174 1634 et
1194 1601 1416 1635 instrumentis
1436 1604 1624 1637 necessariis
1644 1615 1755 1648 prom-

989 1654 1128 1697 ptiores
1151 1654 1439 1698 instructioresque
1460 1656 1499 1689 ad
1520 1656 1700 1690 animarum
1723 1663 1754 1691 et

225 1601 374 1644 piantur,
399 1612 438 1634 ne
467 1608 596 1635 nostrae
629 1603 745 1635 domus
776 1603 971 1636 intolerabili

225 1655 429 1697 persolvendi
452 1655 549 1688 debiti
572 1655 761 1688 necessitate
783 1662 968 1698 graventur.

224 1707 380 1746 Quocirca
395 1714 568 1752 perpetuae
588 1709 793 1742 necessitates
810 1709 874 1741 sive
891 1710 972 1742 obli·
988 1727 990 1743 1

224 1761 369 1803 gationes
397 1762 557 1795 eiusmodi
586 1762 756 1795 missarum
785 1763 972 1806 persolven-

225 1814 337 1847 darum
356 1815 473 1858 suscipi
492 1825 555 1848 non
572 1820 722 1859 poterunt
740 1810 759 1847 a
773 1816 889 1849 nostris
901 1816 971 1859 qui-

224 1868 436 1912 buscumque,
452 1868 509 1901 nisi
525 1869 705 1913 praefectus
716 1869 874 1911 generalis
888 1870 971 1903 eius-

225 1932 288 1965 que
302 1922 512 1961 consultores,
535 1928 667 1966 propter
684 1922 823 1965 aliquam
840 1923 969 1956 eviden-

228 1973 383 2005 tissimam
408 1973 594 2012 utilitatem,
621 1983 713 2006 secus
738 1974 966 2015 iudicaverint;

227 2026 424 2069 explicamus
445 2032 563 2064 tamen,
583 2027 686 2069 legata
708 2028 870 2067 ambone,
888 2039 970 2072 quae

224 2089 297 2112 cum
334 2079 508 2123 praedictis
542 2079 693 2112 oneribus
724 2080 965 2124 relinquentur,

224 2132 366 2166 converti
381 2133 498 2166 debere
519 2133 550 2166 in
575 2139 619 2166 tot
645 2144 772 2172 census,
796 2134 918 2167 reditus
939 2141 967 2168 et

223 2186 308 2220 bona
326 2187 463 2227 stabilia,
487 2193 519 2219 ut
542 2187 567 2220 si
587 2194 743 2231 perpetua
763 2188 969 2230 obligationis

223 2239 393 2272 missarum
417 2241 589 2274 necessitas
607 2241 714 2280 fuerit,
737 2242 858 2275 fructus
872 2242 967 2275 etiam

222 2292 385 2326 redituum
407 2300 580 2337 perpetuus
602 2300 680 2327 esto.
704 2294 772 2333 Qua
797 2295 835 2327 de
856 2306 901 2334 re,
926 2296 965 2328 ad

222 2346 363 2389 primum
382 2348 531 2389 generale
560 2348 738 2391 capitulum
763 2349 890 2391 plenam
917 2359 967 2382 ra-

222 2398 343 2431 tionem
378 2400 580 2432 referendam
612 2401 779 2441 volumus,
808 2401 847 2433 ad
880 2402 966 2445 quod

222 2451 385 2495 pertinere
406 2452 501 2485 debet
521 2463 558 2485 ea
578 2453 757 2493 restituere,
778 2464 860 2497 quae
882 2454 963 2487 dixi-

222 2515 296 2537 mus
317 2505 412 2544 bona,
436 2505 705 2549 quotiescumque
726 2506 859 2539 minime
881 2507 966 2540 vide-

222 2564 311 2591 retur
328 2558 478 2601 expedire
499 2558 683 2592 huiusmodi
705 2560 869 2603 perpetuis
889 2571 965 2594 one-

222 2611 312 2644 ribus
338 2611 486 2654 obligari.
515 2613 601 2652 Quae
633 2623 707 2646 vero
728 2613 813 2646 bona
838 2614 965 2647 stabilia

1012 267 1076 301 sive
1098 268 1230 307 reditus,
1247 268 1287 301 ob
1306 268 1375 301 illas
1397 268 1565 301 missarum
1587 268 1759 301 necessita-

1012 328 1057 354 tes
1094 327 1124 354 et
1160 321 1393 363 obligationes,
1426 323 1465 355 ad
1497 328 1623 355 nostros
1650 333 1760 365 perve-

1011 375 1138 415 nerint,
1166 385 1202 408 ea
1223 376 1405 419 praefectus
1435 376 1594 418 generalis
1626 376 1758 420 eiusque

1011 428 1210 461 consultores
1230 429 1413 472 applicandi
1434 429 1682 472 assiguandique
1702 440 1760 472 po-

992 487 1156 514 ‘testatem
1194 482 1331 514 habeant
1365 483 1402 515 iis
1432 483 1671 516 valetudinariis
1702 494 1760 516 no-

1011 540 1151 567 strorum
1167 540 1220 568 aut
1234 535 1451 577 normalibus,
1467 547 1605 579 quorum
1621 537 1759 570 maiores

1011 587 1207 620 videbuntur
1227 599 1295 620 esse
1321 589 1367 622 rei
1389 590 1556 623 familiaris
1577 591 1753 639 angustiae.

1057 641 1070 683 ξ
1093 640 1145 673 55.
1178 641 1355 675 Statuimus
1386 650 1554 686 praeterea
1575 651 1610 676 ut
1631 650 1752 687 patres,

1011 693 1064 736 qui
1086 703 1177 726 senes
1198 698 1273 726 sunt
1293 700 1347 726 aut
1367 694 1524 728 inhabiles
1551 696 1590 729 ad
1621 696 1756 729 instituti

1012 746 1167 789 praedicti
1190 747 1378 787 ministeria,
1404 755 1466 781 tam
1488 749 1519 781 in
1541 749 1755 792 hospitalibus

1012 810 1108 842 quam
1141 800 1172 832 in
1201 800 1331 843 privatis
1369 801 1485 834 civium
1519 803 1755 845 aegrotantium

1012 852 1162 885 domibus
1192 859 1287 897 atque
1309 855 1492 888 carceribus
1514 856 1730 899 impendenda
1745 885 1752 897 ,

1012 917 1136 939 necnon
1158 908 1313 950 patribus,
1328 908 1382 952 qui
1407 920 1498 941 suam
1519 909 1757 944 hebdomadam

1010 1013 1248 1055 agonizantium
1285 1014 1454 1047 animabus
1490 1016 1757 1050 commendandis

1009 1226 1145 1259 aliorum
1164 1227 1369 1270 superiorum
1389 1228 1550 1269 facultate,
1564 1229 1595 1261 in
1614 1230 1756 1263 ecclesiis

990 1279 1152 1313 *fidelium
1175 1280 1393 1314 confessiones
1421 1282 1556 1323 audire,
1581 1289 1611 1316 et
1639 1283 1671 1316 in
1693 1284 1755 1317 illis

228 1335 488 1378 quibuscumque
513 1335 677 1379 perpetuis
704 1335 860 1369 fructibus
885 1330 1103 1376 atan-ssetiam
1133 1334 1260 1377 publice
1291 1335 1501 1368 sermocinari
1531 1336 1618 1378 (non
1645 1343 1753 1370 autem

228 1393 292 1427 tur,
306 1388 367 1422 nisi
383 1389 500 1432 quibus
516 1389 709 1432 permissum
727 1395 784 1429 est,
800 1389 895 1423 modo
910 1401 974 1433 quo

989 1432 991 1458 ³*
1008 1441 1133 1474 siastica
1153 1441 1304 1475 exercitia
1322 1442 1353 1474 in
1376 1443 1489 1476 iisdem
1511 1444 1653 1478 ecclesiis
1667 1456 1756 1478 exer-

1008 1387 1220 1430 concionari),
1234 1388 1422 1431 possintque
1436 1389 1497 1421 alia
1518 1390 1632 1423 devota
1652 1391 1754 1424 eccle-

1008 1504 1091 1533 cere,
1115 1505 1194 1538 quas
1215 1500 1322 1528 tamen
1345 1497 1592 1530 exercitationes
1616 1498 1656 1531 ad
1678 1509 1752 1531 eum

1007 1547 1103 1580 finem
1130 1548 1249 1580 assumi
1270 1554 1302 1581 et
1319 1549 1412 1591 dirigi
1436 1550 1593 1591 volumus,
1614 1557 1648 1584 ut
1667 1552 1755 1585 velut

1007 1717 1180 1750 corporum
1203 1708 1441 1749 aegrotantium
1467 1709 1603 1742 salutem
1632 1721 1752 1753 procu—

1009 1761 1140 1793 randam
1161 1761 1261 1793 nostri
1288 1762 1476 1795 reddantur.

1051 1812 1129 1855 356.
1145 1813 1244 1852 Quam
1260 1814 1301 1847 ob
1316 1825 1382 1847 rem
1397 1815 1601 1849 decernimus
1615 1821 1649 1848 ut
1660 1827 1752 1860 prae·

1006 1867 1105 1900 fectus
1117 1867 1287 1909 generalis,
1309 1868 1374 1901 sive
1388 1869 1586 1913 quicumque
1605 1869 1685 1903 alius
1698 1881 1751 1902 su-

1006 1920 1131 1963 perior,
1150 1921 1238 1954 nulla
1260 1931 1354 1954 causa
1375 1923 1475 1965 possit
1496 1933 1568 1956 cum
1591 1923 1752 1966 aliquibus

1005 1983 1040 2006 ex
1070 1974 1187 2006 nostris
1208 1974 1353 2017 patribus
1375 1974 1579 2018 dispensare,
1603 1981 1637 2008 ut
1657 1986 1750 2008 suum

1004 2027 1089 2059 diem
1119 2028 1167 2060 vel
1195 2038 1286 2060 suam
1316 2027 1557 2061 hebdomadam
1590 2028 1621 2061 in
1650 2029 1747 2062 mini-

1003 2081 1134 2114 strando
1153 2081 1416 2114 nosocomiorum
1437 2081 1573 2114 infirmis
1595 2081 1752 2115 intermit-

1005 2139 1094 2174 tant;
1118 2140 1150 2167 ut
1172 2134 1317 2167 fidelium
1350 2135 1445 2167 etiam
1468 2145 1750 2178 quorumcumque

1003 2188 1244 2221 benefactorum
1272 2189 1317 2221 vel
1341 2189 1605 2222 benefactricium
1626 2190 1751 2223 conses-

1002 2241 1146 2274 sionibus
1171 2241 1340 2274 audiendis
1367 2252 1498 2285 operam
1528 2243 1623 2282 dent,
1648 2243 1703 2286 qui
1724 2243 1749 2276 si

1002 2294 1206 2327 confessariis
1227 2294 1344 2327 nostris
1364 2295 1409 2327 uti
1432 2296 1548 2334 volent,
1571 2295 1632 2329 hoc
1652 2296 1749 2330 modo

1003 2348 1146 2380 contenti
1168 2348 1376 2387 erunt.Quod
1390 2349 1415 2382 si
1429 2349 1504 2382 bina
1525 2349 1603 2382 haec
1624 2350 1749 2393 pietatis

1004 2401 1110 2434 officia
1131 2401 1225 2434 simul
1247 2401 1277 2434 in
1298 2402 1383 2434 idem
1411 2408 1536 2446 tempus
1555 2403 1745 2444 inciderent,

1003 2455 1093 2495 idest,
1118 2455 1324 2489 hebdomada
1344 2457 1390 2490 vel
1412 2457 1463 2489 die
1484 2467 1548 2500 quo
1571 2457 1672 2490 nostri
1692 2468 1748 2501 pa-

1001 2513 1066 2541 tres
1084 2508 1115 2541 in
1137 2510 1325 2542 nosocomia
1346 2510 1493 2543 mittendi
1515 2516 1599 2550 sunt,
1629 2516 1660 2544 et
1677 2511 1747 2544 offi-

1000 2561 1086 2594 cium
1102 2561 1132 2594 in
1147 2563 1290 2596 ecclesiis
1311 2563 1550 2596 confessionum
1572 2564 1749 2598 audienda-

1001 2625 1090 2656 rum;
1113 2621 1187 2649 tunc
1208 2616 1316 2660 potius
1333 2617 1571 2651 confessionum
1590 2617 1744 2658 officium,

1658 210 1722 244 645
1769 220 1819 247 An.
1840 220 1869 247 c.
1888 220 1957 248 ¹600

1793 655 1866 675 Patres
1877 656 1958 681 possint.

1773 681 1792 701 in
1800 683 1896 701 ecclesiis
1908 682 1955 702 {iile-

1773 709 1822 728 tium
1885 709 1957 728 sessio-

1772 741 1808 754 nes
1823 740 1855 755 aui
1869 742 1904 756 ire.
1920 741 1957 760 pu-

1772 761 1825 781 blice
1857 762 1957 782 seriiioei-

1773 794 1818 807 nari
1841 790 1859 808 et
1887 789 1957 808 omnia

1772 815 1815 834 ali-1
1829 815 1957 834 ecetesiam-

1772 847 1797 860 ca
1813 841 1912 861 exercitia
1935 841 1956 861 iu

1773 867 1812 887 illis
1828 873 1934 888 exercere.

1782 1824 1909 1845 Prohibetur
1922 1824 1953 1845 ‹li-

1768 1852 1875 1875 spenntio
1889 1858 1900 1871 a
1916 1852 1951 1872 mi-

1768 1880 1854 1898 nisteriu
1867 1878 1952 1899 intlrmis

1769 1904 1787 1924 in
1825 1905 1952 1926 nosocomiis

1767 1931 1881 1953 serviendi.
