2253 3195
14 239 65 267 λη.
86 237 115 265 C.
129 237 191 266 1001

25 1361 80 1384 Odor
95 1368 118 1383 ex
134 1362 194 1383 Beati

22 1389 121 1415 eputchro
151 1395 194 1410 ma-

21 1420 69 1436 tans.

45 1682 112 1708 Reges
127 1688 193 1709 popu-

21 1708 67 1739 ique
75 1710 193 1735 Aragoniao

19 1740 56 1756 «ms
83 1741 194 1757 canoniza-

22 1761 89 1783 ionem
113 1762 194 1789 efflagi-

6 2182 11 2191 ,
27 2162 55 2184 Ac
67 2164 134 2190 primo
149 2165 195 2192 qui-

7 2212 9 2214 ·
19 2188 60 2211 iem
69 2196 89 2211 a.
98 2197 195 2212 uccexxrx

20 2221 35 2237 in
50 2217 129 2244 synodo
144 2219 195 2239 Tar-

5 2237 122 2266 :aconensi
130 2253 136 2271 ;

4 2269 11 2336 i

828 238 976 262 CLEMENS
997 238 1053 262 Vltl
1075 239 1125 262 PP.

211 285 409 329 aperuissent
426 312 433 326 ,
464 291 568 319 tantus
602 286 686 319 illico
713 286 793 320 odor
820 296 857 319 ex
887 285 954 319 eius

211 349 348 383 corpore
369 338 438 382 (qui
457 339 564 372 vivens
582 339 614 372 in
635 340 769 373 odorem
791 340 954 373 suavitatis

209 393 274 426 Deo
299 403 332 425 se
353 393 583 435 consecrarat)
605 392 780 433 exhalavit,
806 399 840 425 ut
861 393 953 426 multi

210 445 264 489 qui
279 456 317 479 eo
329 446 563 486 confluxerant,
580 445 660 478 nihil
671 457 709 479 eo
726 446 848 489 percipi
860 456 953 489 posse

210 499 382 532 iucundius
407 498 603 531 affirmarent
622 526 628 539 ,
653 499 834 542 quinimmo
857 509 950 541 egre-

209 552 279 595 gius
292 552 340 584 vir
359 552 538 585 Ludovicus
549 552 588 585 de
601 552 797 592 Clamarunt,
816 562 851 585 ex
866 551 952 594 gravi

209 606 324 639 morbo
345 616 440 639 sensu
469 606 622 639 odoratus
643 617 660 638 a
680 605 840 639 sexdecim
863 605 954 639 annis

209 659 351 700 orbatus,
369 669 443 692 cum
460 659 492 692 in
506 669 543 692 ea
562 659 732 692 hominum
747 658 954 692 multitudine

209 712 338 746 videndi
369 711 530 745 desiderio
562 712 713 745 incitatus
741 712 875 756 propius
895 723 950 745 ac-

209 765 365 807 cessisset,
381 776 455 799 eum
467 765 564 799 etiam
576 766 710 799 odorem
728 766 952 799 suavissimum

209 820 318 861 sensit,
342 830 407 864 quo
425 826 558 864 repente
580 820 622 853 ita
647 826 812 854 recreatus
832 826 898 861 est,
919 826 953 853 ut

209 873 366 917 lacrymas
395 883 473 917 prae
501 873 620 915 gaudio
641 873 806 906 continere
826 884 885 907 nec
906 873 952 906 ul-

209 927 273 959 lam
293 937 406 960 vocem
439 926 585 960 emittere
610 927 676 960 ullo
699 927 796 960 modo
821 933 949 971 posset,

210 991 321 1014 verum
343 980 459 1014 tacitus
481 981 567 1025 apud
579 991 612 1014 se
627 981 771 1023 cogitans
785 981 954 1014 dubitabat

209 1044 286 1066 num
308 1033 399 1066 istius
427 1033 634 1067 solummodo
660 1033 770 1067 odoris
799 1034 952 1067 olfactum

210 1093 451 1131 recuperasset,
475 1098 515 1120 an
541 1088 637 1120 etiam
659 1098 768 1121 rerum
790 1088 948 1121 aliarum:

209 1141 264 1174 sed
286 1141 419 1174 domum
440 1150 587 1173 reversus
612 1140 667 1173 ubi
694 1151 726 1173 se
747 1141 852 1174 varios
875 1142 953 1174 odo-

208 1204 260 1227 res
286 1194 454 1238 percipere
482 1194 730 1236 animadvertit,
758 1195 951 1229 miraculum

209 1247 315 1281 subito
341 1248 511 1290 evulgavit.

254 1301 269 1345 ἓ
289 1300 342 1334 52.
366 1302 476 1345 Neque
489 1312 565 1335 vero
578 1302 659 1336 haec
679 1303 788 1337 odoris
810 1303 953 1346 fragran-

210 1355 254 1389 tia
274 1366 312 1389 eo
338 1356 443 1389 solum
474 1362 619 1401 tempore
648 1367 684 1390 cx
716 1357 784 1391 eius
815 1369 951 1402 corpore

210 1409 391 1451 emanavit,
420 1410 476 1443 sed
501 1421 538 1443 ex
563 1416 675 1454 aperto
711 1411 854 1455 quodam
884 1411 952 1445 eius

209 1462 349 1506 sepulcri
374 1469 482 1496 meatu
504 1463 589 1496 idem
614 1464 718 1497 suavis
738 1464 820 1497 odor
844 1475 949 1509 quan-

209 1517 318 1560 doque
338 1516 476 1557 affiatur,
500 1517 555 1560 qui
576 1517 615 1550 al)
641 1517 679 1550 iis
700 1518 847 1559 sentitur,
872 1529 952 1562 quos

209 1569 317 1603 divina
336 1569 464 1603 bonitas
481 1580 519 1603 eo
541 1580 675 1604 munere
693 1571 855 1614 dignatur.

254 1625 270 1666 ἕ
292 1622 344 1656 53.
368 1623 422 1656 His
447 1624 660 1668 pluribusque
681 1624 752 1658 aliis
773 1625 948 1667 miraculis,

209 1687 292 1721 quae
313 1677 434 1710 referre
455 1677 587 1720 longum
609 1684 702 1718 esset,
723 1679 820 1712 corda
839 1689 951 1722 regum

209 1730 361 1764 inclinata
382 1731 581 1775 plurimique
601 1732 808 1766 ecclesiarum
830 1733 952 1767 antisti-

209 1790 255 1818 tes
275 1790 306 1818 et
328 1785 486 1828 praelati,
510 1786 687 1830 populique
720 1787 836 1830 integri
862 1788 951 1831 regni

208 1837 389 1880 Aragoniae
409 1838 562 1872 divinitus
576 1839 714 1881 excitati,
737 1851 802 1873 una
823 1851 900 1874 voce
923 1847 951 1875 et

209 1901 369 1925 consensu
389 1902 407 1925 a
427 1892 536 1925 multis
555 1893 708 1927 Romanis
727 1894 948 1935 Pontificibus,

208 1945 511 1989 praedecessoribus
540 1947 667 1988 nostris,
689 1947 874 1991 frequenter
897 1960 953 1992 pe-

210 1998 330 2032 tierunt
348 2004 384 2032 ut
403 1999 515 2033 beatus
540 2000 747 2044 Raymundus
768 2001 799 2034 in
820 2002 950 2036 Sancto-

209 2063 282 2086 rum
302 2063 474 2086 numerum
498 2054 684 2087 referretur.

254 2109 271 2149 g
290 2106 341 2140 54.
359 2107 396 2140 Et
409 2107 552 2151 quidem,
576 2114 692 2152 quarto
714 2109 753 2143 ab
774 2110 842 2143 eius
862 2111 952 2144 obitu

211 2170 306 2201 anno,
330 2161 441 2194 salutis
465 2161 613 2195 videlicet
632 2162 793 2196 humanae
815 2163 949 2197 millesi-

211 2225 264 2247 mo
285 2214 506 2248 ducentesimo
527 2217 763 2259 septuagesimo
778 2228 876 2258 nono,
900 2229 952 2251 ar-

212 2268 435 2312 chiepiscopus
465 2269 739 2311 Tarraconensis,
773 2281 809 2303 ac
841 2270 952 2304 decem

211 2322 355 2366 episcopi
376 2321 466 2365 regni
493 2322 690 2365 Aragoniae,
715 2323 874 2367 multique
899 2325 954 2357 ab-

211 2374 301 2408 bates
322 2374 354 2408 in
375 2375 513 2409 concilio
533 2376 722 2419 provinciali
752 2377 954 2411 Tarraconae

212 2428 409 2471 congregati,
428 2429 550 2462 litteras
571 2430 610 2462 ad
632 2429 731 2463 felicis
756 2431 953 2464 recordatio-

212 2482 262 2515 nis
282 2482 448 2515 Nicolaum
466 2483 585 2526 Papam
604 2483 654 2524 ΙΙΙ,
671 2484 953 2527 praedecessorem

211 2541 358 2568 nostrum
375 2563 382 2575 ‚
407 2536 586 2575 dederunt,
620 2536 736 2580 quibus
757 2537 953 2579 singularem

212 2588 279 2621 eius
288 2588 319 2621 in
327 2589 427 2622 Deum
436 2588 635 2630 charitatem,
648 2589 793 2634 vitaeque
802 2590 953 2624 innocen-

1635 228 1699 261 1399

989 291 1023 319 ut
1054 297 1139 326 eum,
1163 286 1293 330 praevia
1320 286 1470 320 virtutum
1493 297 1529 319 ac
1556 285 1728 319 miraculo-

988 350 1059 372 rum
1078 340 1146 373 eius
1160 340 1370 384 inspectione,
1387 340 1578 374 Sanctorum
1592 350 1729 373 numero

987 393 1170 427 adscribere
1185 394 1290 434 vellet,
1307 394 1474 427 humiliter
1491 393 1725 438 supplicarunt.

1033 446 1047 489 g
1073 446 1124 479 55.
1161 448 1237 480 Cum
1272 452 1379 480 autem
1410 447 1477 491 ipse
1503 447 1652 481 Nicolaus
1691 447 1729 480 Ill

988 500 1217 543 praedecessor
1238 512 1253 533 c
1282 501 1345 533 vita
1367 501 1553 543 migrasset,
1578 502 1729 545 praefecti

988 553 1152 587 civitatum
1173 554 1263 596 regni
1285 555 1463 595 Aragoniae
1481 560 1512 588 et
1531 554 1730 598 principatus

988 606 1179 648 Cataloniae,
1206 613 1334 651 totaque
1360 608 1468 641 civitas
1490 608 1730 641 Barcliinonen-

989 659 1041 699 sis,
1071 660 1148 703 quin
1175 666 1201 693 ct
1230 660 1375 704 priores,
1400 661 1583 705 caeterique
1618 661 1731 694 fratres

989 713 1117 747 Ordinis
1140 714 1413 755 Praedicatorum‚
1437 715 1491 758 qui
1514 725 1567 748 eas
1595 715 1728 759 provin-

989 767 1053 799 cias
1084 767 1286 809 incolebant,
1312 769 1397 801 idem
1423 779 1441 801 a
1459 768 1557 801 felicis
1579 768 1730 802 recorda-

990 820 1087 853 tionis
1116 821 1280 854 Bonisacio
1313 827 1443 861 octavo,
1472 822 1568 855 etiam
1589 822 1728 865 praede-

989 885 1114 908 cessore
1136 880 1257 915 nostro,
1283 875 1372 908 enixe
1394 875 1589 918 flagitarunt.

1033 927 1113 969 556.
1131 928 1260 969 Verum,
1278 928 1347 971 ipso
1362 928 1523 962 Bonisacio
1536 929 1731 972 praedeces—

988 991 1059 1014 sore
1080 981 1119 1014 ab
1130 981 1280 1014 humanis
1294 982 1389 1015 etiam
1411 988 1534 1026 erepto,
1558 983 1730 1016 concilium

988 1034 1185 1077 provinciale
1212 1035 1412 1068 Tarraconae
1445 1036 1551 1069 denuo
1572 1046 1731 1070 convoca·

990 1093 1055 1120 tum
1072 1115 1079 1128 ,
1103 1089 1189 1131 apud
1216 1094 1344 1121 sanctae
1376 1089 1552 1123 memoriae
1579 1090 1731 1123 loannem

988 1141 1178 1183 vigesimum
1209 1142 1415 1180 secundum,
1448 1143 1731 1186 praedecessorem

988 1194 1084 1227 etiam
1107 1200 1252 1228 nostrum
1270 1223 1276 1236 ,
1307 1195 1445 1239 primam
1464 1197 1653 1240 petitionem
1675 1208 1729 1230 re-

988 1247 1137 1287 novavit,
1168 1258 1232 1291 quo
1264 1253 1411 1292 tempore
1444 1249 1542 1282 frater
1572 1250 1733 1283 Arnaldus

988 1301 1180 1343 Burgvctus,
1212 1300 1340 1334 Ordinis
1371 1302 1655 1345 praedicatorum,
1685 1303 1733 1335 in-

988 1354 1124 1397 quisitor
1142 1365 1178 1387 ac
1197 1361 1407 1398 procurator,
1432 1366 1449 1388 a
1470 1356 1611 1400 capitulo
1636 1367 1733 1399 gene-

987 1408 1046 1440 rali
1067 1409 1106 1441 ad
1132 1408 1215 1442 hanc
1243 1419 1372 1442 causam
1394 1410 1654 1454 prosequendam
1686 1410 1733 1443 in-

987 1461 1135 1505 stitutus,
1170 1463 1288 1496 multos
1311 1468 1405 1496 testes
1434 1474 1531 1507 super
1554 1464 1730 1505 miraculis,

987 1526 1069 1559 quae
1087 1516 1125 1549 de
1146 1516 1208 1550 hoc
1221 1516 1316 1550 beato
1331 1517 1398 1550 viro
1413 1518 1639 1560 vulgabantur‚
1660 1529 1733 1552 exa-

987 1569 1104 1603 minari
1123 1570 1256 1603 curavit.
1281 1570 1342 1604 Sed
1369 1581 1441 1603 cum
1463 1582 1522 1615 per
1543 1571 1620 1605 dicti
1641 1572 1733 1605 loan-

986 1623 1034 1656 nis
1070 1624 1326 1667 praedecessoris
1359 1624 1483 1657 obitum
1517 1635 1568 1658 res
1600 1625 1732 1668 transigi

986 1687 1051 1710 non
1080 1677 1256 1721 potuisset,
1291 1678 1395 1711 clarae
1423 1679 1599 1712 memoriae
1619 1679 1732 1713 Petrus

986 1730 1167 1773 Aragoniae
1188 1741 1259 1771 rex,
1289 1730 1369 1764 datis
1390 1732 1430 1764 ad
1450 1731 1552 1765 felicis
1574 1733 1729 1765 recorda-

986 1784 1081 1818 tionis
1098 1785 1294 1818 Clementem
1316 1790 1450 1826 sextum,
1468 1785 1618 1819 similiter
1637 1797 1731 1830 prae-

987 1838 1187 1871 decessorem
1206 1844 1364 1879 nostrum,
1385 1838 1509 1880 litteris,
1526 1839 1733 1873 vehementer

987 1891 1105 1925 instetit
1120 1919 1127 1930 ‚
1151 1897 1185 1924 ut
1205 1892 1318 1925 beatus
1339 1892 1391 1925 hic
1418 1891 1465 1924 vir
1485 1892 1635 1926 humanis
1658 1893 1729 1926 lau-

987 1945 1080 1978 dibus
1105 1945 1314 1978 extolleretur
1342 1946 1373 1978 in
1394 1946 1488 1979 terris
1503 1973 1510 1987 ,
1535 1957 1631 1990 quem
1654 1946 1732 1979 divi-

986 2009 1046 2032 nae
1067 1998 1289 2042 providentiae
1311 1999 1503 2040 sublimitas,
1518 2000 1731 2043 quemadmo-

988 2053 1062 2086 dum
1086 2052 1117 2085 in
1138 2052 1207 2085 eius
1227 2052 1341 2086 litteris
1354 2053 1545 2095 habebatur,
1569 2053 1731 2087 honorare

987 2106 1132 2139 voluerat
1150 2106 1181 2138 in
1196 2106 1338 2139 excelsis.

1032 2159 1126 2202 557.
1163 2160 1239 2193 Cum
1268 2170 1343 2193 vero
1376 2160 1470 2193 huius
1503 2160 1547 2193 rei
1582 2166 1667 2193 tanta
1692 2160 1729 2194 sit

987 2213 1125 2256 gravitas
1158 2219 1188 2246 et
1215 2213 1424 2256 magnitudo,
1449 2219 1483 2247 ut
1509 2214 1622 2256 exiguo
1645 2220 1727 2247 tem-

988 2277 1066 2311 pore
1087 2266 1199 2310 pertici
1221 2277 1284 2300 non
1315 2266 1476 2310 potuerit,
1501 2267 1606 2300 omnis
1635 2267 1731 2301 liuius

988 2331 1101 2354 causae
1124 2320 1270 2353 tractatio
1302 2331 1404 2364 usquc
1426 2321 1464 2353 ad
1493 2327 1639 2365 tempora
1659 2331 1732 2354 san-

989 2380 1058 2408 ctae
1080 2374 1256 2407 memoriae
1282 2374 1370 2407 Pauli
1392 2374 1441 2415 ΙΙΙ,
1469 2374 1616 2408 similiter
1633 2386 1729 2419 prae-

989 2428 1290 2467 decessorisuostri‚
1307 2428 1364 2460 suit
1381 2427 1574 2469 intermissa,
1591 2429 1644 2472 qui
1665 2435 1732 2462 tan-

989 2483 1061 2516 dem
1093 2482 1242 2526 precibus
1281 2482 1385 2515 bonae
1419 2483 1596 2516 memoriae
1626 2483 1732 2516 [ratris

988 2536 1114 2570 loannis
1129 2547 1145 2568 a
1158 2536 1279 2577 Toleto,
1299 2536 1379 2569 tituli
1397 2536 1502 2570 Sancti
1519 2537 1613 2574 Sixti,
1630 2538 1733 2570 cardi-

988 2590 1068 2624 nalis
1080 2591 1250 2633 Burgensis
1264 2591 1440 2635 nuncupati
1461 2591 1642 2633 inclinatus,
1658 2602 1733 2625 con-

213 2641 287 2674 tiam
310 2652 418 2675 eoram
439 2642 503 2675 Deo
525 2648 554 2676 et
572 2642 757 2676 hominibus
780 2644 950 2684 testificati,
988 2644 1079 2677 cessit
1107 2649 1139 2677 ut
1168 2643 1198 2676 in
1227 2645 1377 2678 omnibus
1404 2645 1607 2679 monasteriis
1628 2651 1659 2679 et
1684 2656 1734 2679 cc-

1745 238 1794 265 An.
1815 238 1844 265 C.
1863 237 1926 265 1601

1760 457 1839 478 Deinde
1845 458 1884 478 sub
1891 458 1930 479 Bo-

1722 501 1728 506 .
1745 485 1824 505 nisacio
1839 484 1896 507 Vlll:

1761 938 1807 958 Mox
1823 937 1861 958 suh
1873 938 1932 958 loan-

1747 970 1773 985 ne
1782 964 1835 985 XXI!
1852 966 1873 984 et
1887 965 1932 985 Ale-

1747 991 1826 1012 xandro
1836 991 1874 1015 V1;

1775 2166 1852 2187 Paulus
1864 2167 1898 2191 tlt,
1909 2169 1931 2187 ut

1747 2194 1793 2215 cius
1804 2194 1896 2214 officium
1913 2194 1933 2214 in

1747 2220 1934 2241 ecclesiisPraedi-

1747 2250 1842 2268 vatorum
1850 2246 1935 2267 Ordinis

1747 2273 1933 2300 munim-agoniae

1747 2301 1935 2325 recitaretur-,ron-

1748 2328 1819 2349 cessit.
