2253 3195
83 247 132 273 An.
154 247 182 273 C.
202 246 267 273 ¹597

117 985 206 1006 Etiamsi
222 985 265 1006 sue-

81 1012 121 1033 rint
132 1012 152 1032 in
164 1012 266 1032 ecclesia-

81 1038 139 1058 sticis
155 1038 267 1064 dignitati-

81 1065 119 1085 bus
147 1065 271 1089 constitutis

81 1093 143 1116 prout
163 1091 198 1111 hic
221 1090 265 1111 ruse

81 1117 164 1137 dicitur.

895 246 1041 270 CLEMENS
1062 246 1119 269 VIII
1140 245 1189 270 FP.

279 294 430 336 gaudent,
454 304 509 326 seu
530 294 645 326 muniti
669 299 759 334 sunt,
781 304 906 326 necnon
927 293 1020 326 bonis

279 347 439 386 omnibus
457 358 538 390 quae
559 347 591 379 in
608 348 751 386 seudum,
775 347 823 379 vel
838 347 869 379 in
890 347 1020 390 emphy-

280 399 393 432 teusim
410 427 417 440 ,
441 410 497 432 seu
518 400 595 432 alias
621 410 638 432 a
668 399 831 442 praedicta
863 400 1017 435 Romana,

279 463 335 485 seu
355 452 425 485 aliis
439 453 591 492 ecclesiis,
614 452 815 485 monasteriis
833 458 861 484 et
880 451 958 484 locis
972 462 1022 483 ec-

279 505 462 538 clesiasticis
483 506 651 543 obtinent,
683 505 810 548 penitus
834 505 1018 547 privamus,

279 558 428 602 dictaque
442 559 527 591 bona
542 558 691 598 feudalia,
709 558 756 590 vel
771 557 1019 601 emphyteutica,

279 617 310 644 et
333 612 395 644 alia
415 612 454 644 ab
486 611 629 644 ecclesiis
660 611 811 648 obtenta,
840 615 874 642 ut
895 610 933 642 de
953 609 1024 642 aliis

279 664 498 707 supradictum
520 669 576 703 est,
592 664 632 696 ad
646 663 795 696 dominos
813 673 886 695 suos
907 662 1023 695 revorti

280 717 408 757 debere,
432 717 473 749 ita
498 722 532 749 ut
561 717 599 749 de
621 716 684 749 illis
708 716 809 749 libere
830 716 954 759 possint
974 715 1022 748 di-

279 780 426 813 sponere,
443 770 656 802 decernimus.
678 770 715 802 Et
735 769 760 802 si
781 769 880 812 aliqui
901 780 937 801 ex
956 780 1024 801 mo-

279 822 366 863 nitis,
387 822 692 862 excommunicatis,
717 822 911 864 aggravatis,
932 832 1024 863 reag-

279 875 417 917 gravatis
444 881 474 908 et
502 875 777 908 anathematizatis
798 881 829 907 et
849 874 1026 907 maledictis

280 928 388 961 clerici
425 929 604 961 saeculares
635 928 683 960 vel
712 928 877 969 regulares
913 927 1022 960 cuius-

281 991 419 1024 cumque
440 981 568 1014 Ordinis
589 986 619 1013 et
640 980 786 1019 instituti,
810 981 858 1013 vel
879 980 956 1012 alias
977 990 1026 1012 re-

280 1033 397 1075 ligiosi,
422 1033 518 1066 etiam
539 1033 685 1076 praelati,
707 1033 900 1076 superiores,
917 1033 1023 1065 admi-

280 1085 481 1126 nistratores,
493 1096 549 1118 scu
565 1091 706 1118 rectores
720 1086 940 1125 ecclesiarum,
955 1096 1025 1118 mo-

280 1139 513 1179 nasteriorum,
538 1144 754 1171 conventuum
770 1166 777 1177 ,
801 1138 850 1171 vel
871 1138 1025 1180 collegio-

279 1203 352 1225 rum
387 1191 567 1231 extiterint,
600 1197 631 1224 et
662 1191 695 1223 in
731 1190 895 1234 quibusvis
929 1191 1025 1224 etiam

280 1244 518 1278 cathedralibus
533 1250 564 1277 et
577 1244 845 1287 metropolitanis,
863 1244 911 1276 vel
929 1244 1027 1276 colle-

280 1298 374 1340 giatis
392 1294 545 1337 ecclesiis,
570 1296 752 1339 dignitates,
773 1308 829 1329 seu
850 1296 1023 1329 canonica-

280 1356 332 1383 tus
353 1356 384 1383 et
402 1350 615 1394 praebendas,
632 1355 685 1382 aut
703 1350 904 1393 parochiales
922 1350 1026 1382 eccle-

280 1403 352 1443 sias,
376 1403 425 1435 vel
445 1413 557 1435 earum
581 1408 753 1445 perpetuas
780 1402 912 1435 vicarias
937 1402 1023 1435 obti—

280 1456 421 1497 nuerint,
432 1466 487 1488 seu
496 1456 574 1488 alias
582 1456 764 1489 beneficiati
772 1466 904 1499 quoquo
914 1456 1023 1496 modo,

282 1516 312 1544 et
324 1511 356 1542 in
374 1510 473 1543 sacris
486 1510 654 1552 ordinibus
666 1510 830 1542 constituti
848 1510 977 1549 suerint,
990 1520 1026 1542 ac

284 1563 380 1596 etiam
400 1562 629 1606 patriarchali,
653 1562 936 1606 archiepiscopali,
961 1562 1027 1606 epi-

282 1616 414 1660 scopali,
434 1616 483 1649 vel
501 1615 562 1647 alia
582 1615 736 1657 dignitate
754 1615 980 1655 ecclesiastica,
993 1621 1028 1648 ut

280 1668 475 1712 praefertur,
488 1667 725 1711 praefulserint,
738 1667 809 1700 illos
820 1667 1023 1711 praelaturis,

282 1720 635 1760 administrationibus,
660 1720 873 1762 regiminibus
900 1720 1027 1764 praedi-

282 1773 354 1814 ctis,
370 1783 406 1806 ac
426 1773 576 1806 omnibus
597 1778 628 1805 et
649 1773 782 1815 singulis
803 1773 1024 1815 dignitatibus,

282 1825 525 1869 personatibus,
554 1825 688 1864 officiis,
724 1825 965 1858 canonicatibus
998 1831 1028 1857 et

282 1879 493 1922 praebendis,
514 1879 648 1922 aliisque
672 1878 839 1912 beneficiis
860 1884 890 1911 et
914 1878 1024 1919 titulis,

283 1931 492 1974 pensionibus
519 1937 550 1964 et
579 1931 757 1964 redditibus
781 1931 1024 1971 ecclesiasticis,

284 1994 321 2016 ac
341 1983 437 2016 etiam
468 1983 748 2026 patriarchalibus,
772 1984 1029 2027 metropolitanis

285 2042 316 2069 et
341 2036 580 2069 cathedralibus
605 2036 767 2075 ecclesiis,
792 2036 887 2068 etiarn
909 2037 1029 2080 absque

284 2089 346 2121 alia
366 2088 583 2121 declaratione
605 2093 659 2120 aut
676 2088 894 2129 solemnitate,
911 2094 943 2121 et
961 2089 1029 2122 sine

284 2141 350 2173 ulla
369 2152 424 2184 spe
449 2140 660 2173 restitutionis
681 2141 721 2173 ad
741 2140 805 2180 illa,
829 2147 863 2173 ut
883 2142 1026 2184 praeser-

285 2199 347 2233 tur,
368 2193 517 2226 similiter
541 2193 723 2236 privamus,
747 2204 784 2226 ac
803 2193 943 2236 privatos
964 2205 1030 2227 esse

285 2256 343 2289 per
366 2251 549 2289 praesentes
569 2245 739 2278 statuimus
761 2251 857 2288 atque
878 2246 1028 2278 decerni—

287 2308 368 2338 mus,
392 2299 544 2341 quodque
570 2298 608 2330 de
629 2297 781 2337 ecclesiis,
807 2299 1028 2339 monasteriis,

287 2351 506 2393 dignitatibus,
535 2351 794 2391 canonicatibus,
815 2351 950 2394 aliisque
970 2352 1029 2384 be-

286 2403 409 2436 neficiis
426 2404 598 2447 praedictis
616 2403 716 2447 possit
729 2409 759 2436 et
774 2404 888 2436 debeat
902 2414 959 2447 per
971 2404 1028 2436 Sc-

287 2456 361 2489 dem
391 2457 590 2499 praedictam
621 2457 804 2495 dumtaxat,
829 2466 894 2488 non
926 2462 1031 2490 autcm

287 2519 345 2552 per
364 2509 444 2553 alios
464 2509 622 2551 similiter,
647 2510 747 2543 libere
779 2509 905 2553 disponi
938 2515 1032 2553 atque

287 2562 464 2605 provideri.

1705 231 1764 265 401
1816 241 1863 267 An.
1886 241 1914 267 c.
1932 238 1999 267 1597

1055 294 1263 326 ecclesiarum
1285 292 1469 325 huiusmodi
1491 291 1666 334 episcopis,
1691 290 1797 322 admi-
1817 327 1819 329 Ι
1839 300 2000 346 ,ιῑειῖιιιιςῑριςιῑῐεῑις

1056 346 1292 385 nistiatoribus,
1317 346 1365 378 vel
1386 344 1547 388 praelatis⁷
1575 354 1611 376 ac
1632 343 1728 376 etiam
1747 354 1799 376 ca·
1816 333 1925 373 ῗὲἱῖῗῖὲμω
1951 333 1973 366 ἷ“-’
1987 333 1999 347 ““

1056 398 1181 430 nonicis
1201 404 1229 430 ct
1252 398 1420 441 Capitulis,
1436 408 1472 430 ac
1494 396 1730 440 parochialium
1751 406 1801 428 ec·
1816 381 1929 451 {iiiii‘ii'r'h'
1948 385 1999 424 “211-

1057 451 1227 483 clesiarum
1250 451 1439 490 rectoribus,
1465 450 1636 482 abbatibus
1656 459 1797 492 quoque,
1816 447 1835 451 ‘⁷
1869 444 1887 451 '¹
1907 447 1910 451 ’

1056 503 1235 546 prioribus,
1262 504 1428 536 monachis
1453 502 1548 536 ctiam
1570 503 1798 542 Cisterciensis,

1057 556 1283 595 Cluniacensis,
1295 556 1632 595 Praemonstratensis,
1648 556 1801 588 aliarum-

1058 619 1120 651 que
1151 609 1461 651 congregationum,
1483 620 1519 641 ac
1551 609 1646 642 etiam
1667 609 1801 641 fratrum

1058 661 1337 701 Praedicatorum,
1355 661 1514 694 Minorum
1539 667 1569 694 et
1588 662 1801 695 Eremitarum

1058 714 1087 747 S.
1113 714 1300 756 Augustini,
1324 715 1590 754 Carmelitarum,
1615 721 1646 748 et
1665 716 1802 748 aliorum

1059 767 1340 810 quorumcumque
1369 767 1635 808 Mendicantium,
1660 779 1696 801 ac
1717 779 1800 811 quo-

1060 821 1180 853 rumvis
1212 821 1431 853 institutorum
1464 820 1641 862 religiosis,
1670 832 1706 854 ac
1735 822 1804 854 aliis

1059 873 1205 916 personis
1221 873 1443 906 ecclesiasticis
1463 873 1681 906 saecularibus
1695 874 1743 906 vel
1755 884 1805 906 re-

1060 925 1243 967 gularibus,
1268 937 1304 958 ac
1331 926 1425 958 etiam
1459 926 1660 959 scholaribus
1684 926 1804 959 ibidem

1060 979 1156 1011 studii
1178 990 1273 1011 causa
1291 979 1482 1021 degentibus
1503 979 1743 1022 (episcoporum
1761 979 1806 1011 vi-

1060 1032 1155 1064 cariis
1183 1032 1346 1064 civitatum
1380 1032 1569 1064 earumdem
1601 1032 1805 1075 aliorumque

1060 1084 1305 1117 Ordinarioruui
1330 1085 1434 1117 solum
1465 1085 1616 1128 exceptis)
1641 1085 1803 1128 praecipi-

1061 1148 1132 1170 mus
1162 1143 1194 1170 et
1225 1139 1438 1177 mandamus,
1468 1144 1501 1171 ut
1527 1138 1611 1170 infra
1643 1144 1706 1172 tres
1738 1138 1806 1171 dies

1060 1190 1174 1223 ultimo
1188 1191 1291 1224 dictos
1310 1202 1346 1223 ex
1368 1191 1548 1223 civitatibus
1568 1192 1752 1234 praedictis,
1770 1192 1806 1224 il-

1060 1243 1230 1286 larumque
1244 1243 1446 1285 dioecesibus
1465 1243 1524 1276 sub
1545 1244 1716 1286 praedictis
1730 1255 1806 1287 poe-

1061 1297 1120 1336 nis,
1144 1296 1240 1328 etiam
1263 1296 1331 1339 ipso
1359 1297 1442 1329 sacto
1467 1306 1525 1339 per
1553 1306 1624 1336 eos,
1647 1302 1683 1329 ut
1706 1308 1803 1340 prae-

1060 1351 1180 1390 fertur,
1210 1350 1429 1389 incurrendis,
1455 1349 1588 1382 omnino
1616 1349 1803 1390 discedant,

1060 1408 1183 1442 exeant,
1207 1413 1266 1435 nec
1286 1403 1327 1435 ad
1347 1403 1475 1435 easdem
1494 1402 1636 1435 civitates
1654 1407 1684 1434 et
1711 1403 1803 1435 dioe-

1061 1467 1147 1490 ceses
1168 1461 1380 1496 revertantur,
1409 1457 1512 1489 donec
1530 1456 1655 1496 moniti,
1680 1467 1806 1489 excom-

1060 1510 1226 1549 municati,
1246 1509 1419 1551 aggravati,
1441 1509 1651 1551 reaggravati,
1676 1510 1807 1548 anathe-

1060 1563 1200 1595 matizati
1235 1568 1265 1595 et
1299 1562 1462 1595 maledicti
1498 1562 1654 1605 praedicti
1689 1563 1806 1596 nostris

1061 1616 1220 1649 mandatis
1240 1615 1433 1659 supradictis
1458 1615 1490 1647 in
1511 1615 1661 1648 omnibus
1682 1617 1807 1649 obtem-

1060 1670 1252 1713 peraverint,
1268 1680 1303 1702 ac
1318 1680 1335 1702 a
1349 1669 1491 1702 censuris
1511 1668 1696 1702 huiusmodi
1715 1670 1808 1702 abso-

1060 1722 1192 1756 lutionis
1212 1722 1419 1762 beneficium,
1444 1733 1480 1755 ac
1502 1721 1664 1754 interdicti
1685 1723 1807 1755 relaxa-

1062 1775 1181 1808 tionem
1196 1786 1254 1818 per
1267 1775 1517 1808 satisfactionem
1532 1775 1726 1817 condignam
1741 1786 1807 1809 me-

1061 1828 1186 1861 ruerint
1210 1827 1367 1860 obtinere.

1106 1882 1120 1925 g
1141 1881 1193 1914 20.
1217 1881 1428 1914 Concedimus
1450 1887 1556 1913 tamen
1583 1887 1617 1914 ut
1644 1882 1675 1914 in
1701 1882 1808 1915 cathe-
1824 1914 2008 1934 ecclesiarum„-

1063 1934 1216 1973 dralibus,
1241 1939 1272 1966 et
1296 1933 1365 1966 aliis
1386 1933 1563 1975 collegiatis
1591 1939 1621 1966 et
1648 1944 1713 1966 non
1743 1935 2008 1987 001·⁵,}‘,’,⁸{J,²‡,¹¹¹,.§,}ffl⁵ggl

1063 1986 1186 2029 legiatis
1200 1986 1353 2025 ecclesiis,
1370 1991 1400 2018 et
1421 1986 1572 2019 domibus
1594 1987 1804 2028 regularium,
1825 1999 1854 2013 re-

1063 2051 1121 2084 pro
1142 2039 1289 2073 custodia
1306 2039 1449 2082 ipsarum
1464 2039 1672 2072 ecclesiarum
1687 2041 1736 2072 vel
1753 2041 1809 2073 do-

1065 2103 1192 2125 morum
1224 2093 1288 2125 duo
1318 2092 1366 2124 vel
1393 2097 1457 2124 tres
1478 2092 1623 2124 conversi
1656 2098 1686 2125 et
1716 2093 1809 2126 illite-

1065 2145 1144 2184 rati,
1164 2145 1213 2177 vel
1239 2143 1345 2177 clerici
1374 2144 1403 2175 in
1431 2143 1610 2176 minoribus
1641 2144 1810 2178 ordinibus

1065 2197 1245 2237 constituti,
1270 2203 1298 2229 et
1321 2197 1352 2229 in
1374 2197 1516 2230 ecclesiis
1546 2197 1785 2239 parochialibus
1800 2225 1807 2238 ,

1065 2250 1113 2282 vel
1131 2249 1217 2290 aliis,
1242 2249 1272 2281 in
1294 2249 1411 2292 quibus
1442 2254 1608 2281 exercetur
1635 2260 1712 2281 cura
1744 2250 1811 2282 ani-

1066 2312 1204 2341 marum,
1219 2312 1279 2345 pro
1292 2301 1511 2334 ministrandis
1531 2301 1725 2344 Baptismate
1739 2313 1812 2345 par-

1066 2355 1226 2394 vulorum,
1247 2354 1447 2387 Poenitentia
1460 2353 1670 2385 morientium
1689 2360 1717 2386 et
1740 2354 1812 2387 aliis

1066 2407 1274 2440 sacramentis
1295 2406 1536 2445 ecclesiasticis,
1561 2417 1642 2449 quac
1669 2411 1813 2450 tempore

1066 2459 1227 2492 interdicti
1253 2459 1427 2492 ministrari
1447 2458 1691 2502 permittuntur,
1714 2459 1812 2503 aliqui

1837 1888 1876 1911 Qui
1891 1887 1972 1913 possint
1982 1886 2009 1907 ad

1050 2539 1051 2543 ,
1068 2512 1244 2556 presbyteri
1265 2517 1296 2544 et
1315 2511 1507 2551 sacerdotes,
1525 2511 1572 2543 vel
1589 2511 1642 2543 alii
1665 2512 1705 2544 ad
1726 2522 1814 2545 exer-

1068 2564 1178 2598 citium
1200 2575 1295 2597 curae
1317 2564 1499 2596 animarum
1522 2564 1665 2607 deputati
1692 2564 1812 2599 ibidem

333 2615 420 2657 519.
436 2616 573 2660 Insuper
591 2616 826 2650 cathedralium
847 2622 878 2649 et
897 2616 1032 2650 aliarum
1068 2616 1154 2650 licite
1184 2618 1310 2651 valeant
1338 2627 1516 2650 remancre.
1545 2616 1637 2656 Quod
1663 2617 1688 2650 si
1713 2628 1810 2662 prae-

390 2678 467 2705 Bulc.
484 2678 568 2706 Rom.
591 2678 652 2708 Vol.
668 2679 695 2706 Χ
886 2678 916 2706 51
