2253 3195
440 230 505 265 908
991 241 1173 264 emuniuit
1199 240 1352 265 Romnum

485 302 617 343 Deinde,
629 301 797 346 productis
816 301 941 335 iuribus
966 301 1129 345 citatoque
1148 302 1293 344 Caesare,
1314 303 1486 336 deventum
1507 302 1565 336 suit
1585 303 1626 336 ad
1645 303 1858 337 devolutionis
1877 315 1948 338 sen-

487 355 619 389 tentiam
644 365 717 388 cum
738 355 902 396 mandato,
928 354 968 388 ib.
992 360 1023 388 et
1043 354 1102 389 381
1131 366 1161 388 α.
1189 356 1322 389 Caesare
1343 355 1523 397 eliminato,
1545 356 1576 390 C.
1595 357 1629 389 A.
1658 356 1692 388 in
1711 357 1947 400 possessionem

488 409 621 442 ducatus
645 407 777 441 immitti
802 408 908 449 debet,
939 408 979 441 ib.
1005 407 1032 441 b.
1057 408 1190 442 Ministri
1210 409 1241 443 C.
1270 410 1306 442 A.
1334 414 1450 453 petunt
1470 409 1657 442 mandatum
1678 409 1814 443 relaxari
1839 411 1947 454 quoad

486 461 721 506 possessionem
736 488 744 501 ,
771 460 836 494 382
860 471 890 494 a.
925 461 1057 495 Relaxat
1089 462 1174 506 Papa
1189 489 1196 502 ,
1224 462 1358 506 eiusque
1390 462 1613 496 executionem
1637 461 1820 505 Vicelegato
1843 463 1948 497 Bono-

486 514 590 548 niensi
618 513 813 555 committit,
841 513 882 547 ib.
910 514 1009 548 Causa
1039 516 1201 559 pendente
1226 514 1312 549 inter
1335 516 1371 549 R.
1399 515 1430 549 C.
1458 517 1494 549 Α.
1528 521 1560 549 et
1591 515 1760 549 Caesarem
1784 516 1947 550 Estensem

486 578 583 612 super
607 567 812 601 devolutione
829 568 964 601 ducatus
987 568 1167 609 Ferrariae‚
1194 569 1281 612 Papa
1305 568 1418 602 definit
1441 568 1594 602 ducatum
1619 568 1804 602 devolutum
1826 579 1894 603 esse
1908 570 1947 603 ad

486 621 634 654 Sanctam
659 621 838 654 Romanam
863 621 1056 661 Ecclesiam,
1078 620 1143 655 383
1167 633 1198 661 a,
1226 622 1258 655 in
1284 632 1388 666 eoque
1413 622 1560 656 eamdem
1586 622 1752 656 Cameram
1778 621 1948 656 intromitti

487 675 627 715 debere,
655 675 698 707 ib.
723 675 750 707 b.
779 674 978 708 Sententiam
1000 675 1027 707 ei
1054 676 1186 708 mandat
1210 674 1365 716 intimari,
1392 680 1514 708 servata
1540 675 1644 709 forma
1664 680 1817 709 consueta
1836 676 1946 719 publi—

487 727 634 769 cationis,
657 727 723 761 384
747 739 767 761 α
791 733 821 761 et
846 728 873 761 b.
898 728 973 762 Post
993 734 1130 762 mortem
1157 728 1248 762 ducis
1273 728 1441 773 Alphonsi,
1464 728 1630 762 Ferrariae
1656 729 1808 762 ducatum
1833 729 1946 763 Came-

486 791 540 815 rae
564 781 767 826 Apostolicae
788 781 974 815 devolutum
998 782 1112 816 Caesar
1135 782 1274 816 Estensis
1299 787 1448 826 occupat,
1477 780 1540 815 390
1565 783 1594 815 b.
1622 782 1697 815 Post
1720 782 1804 816 hanc
1829 782 1945 816 admo-

485 835 641 869 nitionem
662 835 808 869 Pontifex
828 846 920 868 arma
939 841 1042 880 parat,
1070 835 1127 868 ’191
1147 846 1177 868 α.
1207 835 1396 875 Quindecim
1413 835 1527 869 diebus
1544 835 1585 868 ad
1601 835 1835 869 restituendum
1850 836 1948 869 duca-

488 896 554 922 tum
580 888 758 929 concessis,
787 889 827 923 ad
852 890 1106 933 comparendum
1133 894 1288 930 vocatur,
1315 888 1380 923 302
1411 900 1440 922 a.
1468 888 1606 922 Litterae
1635 889 1831 933 apostolicae
1855 889 1949 922 desu-

487 953 546 986 per
569 942 748 986 expeditae,
766 942 808 975 ib.
825 942 868 975 Eo
885 947 990 976 tamen
1009 953 1073 976 non
1099 947 1319 986 comparente,
1338 942 1526 976 examinatis
1545 941 1697 976 omnibus
1717 941 1947 982 examinandis,

487 995 655 1029 definitum
689 995 749 1028 suit
773 996 924 1029 ducatum
951 996 992 1029 ad
1011 996 1041 1030 C.
1071 998 1106 1029 Α,
1135 1006 1204 1029 esse
1229 996 1428 1036 devolutum,
1457 1002 1488 1030 et
1513 996 1552 1029 ab
1578 1005 1616 1029 eo
1641 996 1809 1029 Caesarem
1834 996 1944 1040 expel-

487 1049 619 1082 lendum
651 1059 742 1089 esse,
770 1049 812 1082 ib.
842 1050 859 1081 b
884 1055 913 1082 et
939 1060 1002 1093 seq.
1031 1049 1220 1083 Commissio
1246 1049 1428 1092 Yicelegato
1455 1050 1528 1082 data
1553 1048 1731 1093 praemissa
1755 1049 1947 1093 exequendi,

487 1102 552 1136 393
570 1103 597 1135 b.
618 1101 809 1146 Expeditum
831 1103 948 1136 deinde
969 1103 1157 1136 mandatum
1179 1104 1218 1136 de
1240 1103 1432 1144 intimando,
1449 1102 1514 1136 394
1533 1113 1563 1136 a.
1580 1102 1803 1144 caesai-‚hisce
1822 1102 1950 1147 spretis,

488 1157 640 1190 ducatum
662 1156 779 1189 retinet
803 1161 835 1189 et
855 1156 969 1197 munit,
998 1162 1109 1190 contra
1134 1156 1337 1190 conditiones
1351 1156 1382 1190 in
1404 1155 1840 1190 instrumentoinvestiturae
1853 1166 1952 1200 appo-

488 1209 586 1251 sitas,
614 1215 645 1243 et
669 1215 781 1243 eontra
807 1210 927 1243 bullam
955 1210 986 1243 in
1019 1210 1122 1244 Coena
1152 1210 1308 1250 Domini,
1333 1211 1375 1243 ib.
1405 1211 1433 1243 b.
1462 1211 1556 1243 Arcet
1581 1209 1722 1252 legatum
1749 1220 1767 1242 a
1796 1209 1952 1254 capienda

487 1262 674 1297 huiusmodi
693 1263 907 1307 possessione,
922 1262 986 1297 395
1007 1274 1036 1296 (ι.
1057 1263 1219 1297 Mendacia
1244 1263 1390 1303 adstruit,
1409 1263 1448 1296 ib.
1472 1262 1498 1296 b.
1518 1263 1664 1297 Clemens
1683 1273 1758 1296 eum
1772 1262 1951 1297 invasorem

489 1316 641 1357 declarat,
656 1315 720 1349 396
734 1326 755 1349 a
775 1322 805 1350 et
819 1317 858 1357 b,
886 1316 1039 1350 rebellem
1066 1327 1196 1361 quoquc
1222 1322 1252 1350 et
1276 1316 1412 1350 crimine
1437 1317 1521 1350 lesae
1543 1316 1717 1350 maiestatis
1738 1326 1841 1357 reum,
1858 1321 1955 1360 atque

491 1369 827 1410 excommunicatum,
855 1368 918 1403 397
944 1381 973 1403 α.
1002 1370 1133 1403 Nullum
1165 1370 1230 1403 suis
1260 1369 1499 1403 successoribus
1531 1369 1580 1403 ius
1612 1369 1767 1413 competit
1793 1379 1891 1414 super
1916 1369 1954 1402 iis

489 1426 573 1468 quae
593 1423 661 1468 ipse
686 1423 769 1457 male
794 1423 973 1467 occupavit,
992 1424 1034 1456 it».
1052 1423 1184 1457 Nonnisi
1200 1423 1229 1456 in
1245 1423 1381 1457 articulo
1402 1423 1527 1464 mortis,
1556 1429 1587 1456 et
1611 1422 1767 1456 restitutis
1786 1433 1869 1467 quae
1893 1433 1951 1456 oc-

492 1477 629 1521 cupavit,
657 1482 762 1521 potest
781 1477 914 1518 absolvi,
938 1477 978 1510 ib.
1008 1477 1036 1510 b.
1065 1477 1190 1510 Subditi
1216 1488 1234 1510 a
1260 1477 1422 1510 fidelitatis
1446 1477 1516 1519 lege
1540 1477 1719 1517 solvuntur,
1747 1475 1812 1510 398
1830 1487 1860 1510 α.
1881 1477 1955 1510 Ter·

492 1530 598 1564 minus
623 1530 802 1573 assignatus
826 1530 894 1564 eius
919 1530 1179 1573 consanguineis,
1204 1531 1265 1570 ibn,
1293 1541 1358 1574 quo
1384 1529 1723 1571 transacto,ecclesiae
1748 1530 1882 1564 ducatus
1906 1529 1956 1564 in-

492 1584 628 1618 terdicto
652 1583 837 1628 suppositae
857 1590 962 1624 eruut,
986 1584 1049 1617 390
1070 1596 1090 1617 a
1111 1590 1141 1617 ct
1162 1585 1197 1625 b;
1226 1594 1347 1628 poenae
1367 1584 1398 1617 in
1419 1584 1703 1624 contrafacientes,
1724 1589 1755 1617 et
1774 1593 1954 1628 poenarum

494 1637 713 1681 reaggravatio
734 1637 766 1670 in
784 1643 1002 1678 contumaces,
1019 1637 1115 1670 40οα
1128 1643 1156 1671 et
1177 1637 1210 1674 b:
1228 1637 1324 1671 etiam
1341 1637 1371 1670 in
1397 1637 1607 1680 dignitatibus
1627 1636 1828 1677 constitutos,
1843 1635 1902 1670 401
1921 1647 1952 1669 a.

493 1691 704 1725 Ecclesiastici
730 1697 832 1725 terras
852 1691 1024 1727 interdicto
1042 1691 1223 1735 suppositas
1250 1691 1336 1724 illico
1362 1691 1558 1735 relinquant,
1576 1691 1616 1723 ib.
1640 1691 1668 1724 b.
1684 1690 1848 1734 Principes
1871 1690 1956 1724 cliri-

493 1745 586 1778 stiani
613 1745 733 1788 aliique
755 1750 929 1778 monentur
953 1755 992 1778 ne
1014 1745 1115 1778 ullum
1143 1745 1255 1779 foedus
1276 1756 1348 1778 cum
1375 1745 1506 1779 Caesare
1527 1750 1557 1778 ct
1577 1744 1648 1778 aliis
1668 1743 1955 1778 excommunicatis

494 1799 612 1838 ineant,
629 1798 693 1831 402
714 1798 750 1836 b,·
777 1809 836 1831 nec
861 1798 978 1842 aliquis
1003 1798 1030 1832 ei
1057 1798 1215 1831 deserviat
1239 1798 1299 1832 sul)
1324 1798 1503 1842 stipendiis,
1534 1797 1646 1842 poenis
1670 1797 1865 1842 propositis,
1892 1796 1958 1832 403

494 1863 515 1885 α
539 1857 571 1885 et
595 1852 622 1884 b.
651 1851 732 1891 Quin
761 1857 791 1884 et
815 1851 979 1896 Principes
1003 1851 1167 1885 christiani
1203 1852 1420 1886 admonentur
1447 1857 1482 1885 ut
1500 1857 1612 1885 contra
1638 1851 1742 1896 ipsum
1769 1851 1836 1885 suis
1855 1851 1956 1886 armis

494 1906 672 1948 insurgant,
700 1903 766 1938 404
789 1917 809 1938 α
834 1911 863 1939 et
889 1905 914 1938 b.
943 1905 1071 1939 Gratiae
1099 1905 1282 1950 spirituales
1313 1905 1349 1939 iis
1386 1916 1558 1939 concessae
1588 1905 1642 1949 qui
1668 1906 1837 1939 Caesarem
1866 1905 1953 1940 inse-

496 1964 639 1999 ctantur,
668 1968 790 2002 poenae
817 1969 891 1992 vero
917 1958 954 1991 iis
989 1958 1042 2003 qui
1069 1960 1170 1992 tarent
1201 1958 1404 2003 usurpatori,
1432 1957 1496 1991 405
1521 1969 1541 1990 a
1570 1963 1601 1991 et
1626 1959 1653 1991 b.
1682 1958 1956 1992 Excommunicati

497 2011 669 2053 devitandi,
690 2010 754 2044 406
780 2013 806 2045 b.
833 2012 943 2045 Modus
969 2011 1180 2045 denuntiandi
1207 2011 1574 2055 excommunicationem
1601 2017 1631 2045 et
1656 2021 1710 2045 eos
1735 2011 1790 2055 qui
1815 2022 1851 2045 ea
1877 2011 1957 2045 irre-

498 2065 544 2099 titi
570 2070 654 2105 sunt,
678 2063 741 2098 407
766 2075 795 2097 α.
818 2065 904 2098 Aliae
931 2076 1065 2109 poeitae,
1084 2065 1125 2098 ib.
1143 2065 1168 2098 b.
1186 2065 1300 2099 Caesar
1325 2065 1455 2099 demum
1482 2065 1634 2098 ducatum
1661 2065 1824 2099 Romanae
1847 2065 1957 2099 Eccle-

497 2118 562 2152 siae
588 2118 723 2152 reddere
747 2118 869 2158 statuit,
897 2118 960 2151 417
985 2118 1020 2159 Ιι;
1049 2124 1080 2151 et
1105 2118 1265 2152 ducissam
1292 2118 1403 2152 Urbini
1429 2119 1552 2161 delegat
1576 2119 1615 2151 ad
1637 2119 1809 2162 petendam
1830 2118 1958 2152 absolu-

499 2172 631 2211 tionem,
649 2171 712 2205 418
731 2182 760 2205 α.
779 2171 908 2206 Ducissa
934 2183 1005 2205 cum
1028 2171 1183 2205 cardinali
1203 2171 1446 2205 Aldobrandino
1472 2171 1684 2205 restitutionis
1708 2171 1958 2206 instrumentum

498 2225 634 2269 perlicit,
658 2225 749 2258 cuius
774 2231 866 2259 tenor
887 2225 1057 2265 inseritur,
1084 2225 1126 2258 ib.
1151 2236 1252 2269 usque
1272 2226 1311 2258 ad
1344 2224 1402 2258 421
1429 2236 1459 2258 a.
1483 2224 1662 2269 Omniaque
1688 2224 1750 2258 alia
1775 2224 1845 2259 sieri
1865 2224 1959 2259 solita

501 2278 620 2312 saciant
644 2278 883 2318 contrahentes,
912 2279 954 2311 ib.
985 2279 1002 2311 b
1028 2289 1129 2322 nsque
1150 2279 1188 2312 ad
1210 2278 1274 2312 4⁹23
1300 2279 1327 2311 Ιι.
1356 2278 1621 2323 Clemens'paeta
1646 2277 1754 2312 onmia
1774 2283 1843 2311 rata
1862 2278 1960 2312 habet

500 2338 528 2364 et
555 2333 738 2372 contirmat,
756 2332 797 2365 ih.
820 2337 849 2365 ct
871 2331 934 2365 424
958 2343 988 2364 a.
1004 2333 1170 2365 Caesarem
1193 2331 1326 2375 eiusque
1346 2332 1486 2365 fautores
1509 2332 1549 2365 ali
1571 2330 1904 2365 excommunicatione
1928 2337 1959 2365 et

500 2385 612 2429 poenis
637 2385 787 2418 omnibus
812 2385 968 2426 absolvit,
1000 2385 1039 2418 it».
1069 2386 1097 2418 h.
1133 2385 1309 2419 Couunittit
1343 2385 1497 2418 cardinali
1530 2384 1772 2419 Aldoltrandino
1802 2390 1836 2418 ut
1860 2384 1959 2429 ipsius

500 2439 633 2472 ‹lm-atus
654 2438 772 2471 realem
795 2439 1028 2483 possessionen·
1055 2438 1292 2483 apprehendat,
1313 2438 1378 2471 425
1401 2438 1427 2471 It.
1449 2438 1691 2472 Devolutionem
1717 2438 1793 2473 dicti
1825 2439 1960 2472 ducatus

500 2492 543 2524 sie
569 2492 749 2536 recuperati
771 2498 915 2536 acceptat
935 2493 1080 2526 Clemens
1106 2492 1180 2532 Vnt,
1206 2492 1362 2536 illumque
1383 2497 1414 2525 ct
1433 2492 1555 2525 reditus
1579 2492 1730 2526 Gamerae
1755 2491 1958 2537 Apostolicae

501 2545 696 2589 incorporat,
720 2545 783 2579 427
809 2546 838 2586 b,
861 2546 1080 2590 supponitque
1101 2545 1324 2579 constitutioni
1350 2545 1395 2579 rii
1423 2544 1455 2578 V.
1480 2544 1544 2578 1228
1568 2555 1598 2578 a..
1628 2546 1670 2579 Dc
1695 2545 1763 2580 eius
1787 2555 1958 2589 recupera-

504 2598 590 2630 tione
616 2598 700 2642 Papa
720 2598 837 2640 gratias
868 2599 930 2632 Deo
962 2599 1048 2640 agit,
1076 2599 1280 2643 applicatque
1309 2599 1425 2632 iterum
1457 2599 1488 2633 C.
1517 2599 1567 2638 A„
1596 2598 1637 2631 ib.
1668 2597 1826 2633 Cardinali
1852 2597 1957 2641 legato

501 2650 714 2697 amplissimas
736 2651 899 2686 facultates
925 2652 1071 2687 concedit
1095 2658 1129 2689 ut
1155 2652 1278 2688 facilius
1303 2651 1462 2688 civitatem
1488 2657 1519 2686 ct
1542 2652 1693 2686 ducatum
1715 2650 1914 2698 praedictum
1940 2661 1957 2685 a
