<?xml version="1.0" encoding="UTF-8"?>
<!DOCTYPE html PUBLIC "-//W3C//DTD XHTML 1.0 Transitional//EN"
    "http://www.w3.org/TR/xhtml1/DTD/xhtml1-transitional.dtd">
<html xmlns="http://www.w3.org/1999/xhtml" xml:lang="en" lang="en">
 <head>
  <title>
</title>
<meta http-equiv="Content-Type" content="text/html;charset=utf-8" />
  <meta name='ocr-system' content='tesseract 3.04.00' />
  <meta name='ocr-capabilities' content='ocr_page ocr_carea ocr_par ocr_line ocrx_word'/>
</head>
<body>
  <div class='ocr_page' id='page_1' title='image "./bullarumdiplomat10cath_0371.png"; bbox 0 0 2253 3195; ppageno 0'>
   <div class='ocr_carea' id='block_1_1' title="bbox 0 0 18 3195">
    <p class='ocr_par' dir='ltr' id='par_1_1' title="bbox 0 0 18 3195">
     <span class='ocr_line' id='line_1_1' title="bbox 0 0 18 3195; baseline 0 0"><span class='ocrx_word' id='word_1_1' title='bbox 0 0 18 3195; x_wconf 95' lang='lat' dir='ltr'> </span> 
     </span>
    </p>
   </div>
   <div class='ocr_carea' id='block_1_2' title="bbox 53 224 237 254">
    <p class='ocr_par' dir='ltr' id='par_1_2' title="bbox 53 224 237 254">
     <span class='ocr_line' id='line_1_2' title="bbox 53 224 237 254; baseline -0.005 -1"><span class='ocrx_word' id='word_1_2' title='bbox 53 224 103 253; x_wconf 77' lang='lat' dir='ltr'>An.</span> <span class='ocrx_word' id='word_1_3' title='bbox 119 226 148 252; x_wconf 82' lang='lat' dir='ltr'>C.</span> <span class='ocrx_word' id='word_1_4' title='bbox 170 224 237 254; x_wconf 79' lang='lat'>¹597</span> 
     </span>
    </p>
   </div>
   <div class='ocr_carea' id='block_1_3' title="bbox 54 283 238 383">
    <p class='ocr_par' dir='ltr' id='par_1_3' title="bbox 54 283 238 383">
     <span class='ocr_line' id='line_1_3' title="bbox 87 283 238 304; baseline -0.013 0"><span class='ocrx_word' id='word_1_5' title='bbox 87 283 202 304; x_wconf 79' lang='lat' dir='ltr'>Dirertioni</span> <span class='ocrx_word' id='word_1_6' title='bbox 218 285 238 303; x_wconf 78' lang='lat' dir='ltr'>et</span> 
     </span>
     <span class='ocr_line' id='line_1_4' title="bbox 55 309 237 335; baseline -0.005 -5"><span class='ocrx_word' id='word_1_7' title='bbox 55 309 156 335; x_wconf 70' lang='lat' dir='ltr'>gubernio</span> <span class='ocrx_word' id='word_1_8' title='bbox 172 309 237 329; x_wconf 74' lang='lat' dir='ltr'>Sena·</span> 
     </span>
     <span class='ocr_line' id='line_1_5' title="bbox 54 335 237 361; baseline -0.005 -5"><span class='ocrx_word' id='word_1_9' title='bbox 54 338 87 356; x_wconf 77' lang='lat' dir='ltr'>tus</span> <span class='ocrx_word' id='word_1_10' title='bbox 102 336 153 356; x_wconf 83' lang='lat' dir='ltr'>dicti</span> <span class='ocrx_word' id='word_1_11' title='bbox 165 335 237 361; x_wconf 81' lang='lat' dir='ltr'>oppidi</span> 
     </span>
     <span class='ocr_line' id='line_1_6' title="bbox 54 363 195 383; baseline 0 -1"><span class='ocrx_word' id='word_1_12' title='bbox 54 363 195 383; x_wconf 76' lang='lat' dir='ltr'>commiserat.</span> 
     </span>
    </p>
   </div>
   <div class='ocr_carea' id='block_1_4' title="bbox 52 652 239 785">
    <p class='ocr_par' dir='ltr' id='par_1_4' title="bbox 52 652 239 785">
     <span class='ocr_line' id='line_1_7' title="bbox 103 652 237 673; baseline -0.007 0"><span class='ocrx_word' id='word_1_13' title='bbox 103 652 237 673; x_wconf 76' lang='lat' dir='ltr'>Postmodum</span> 
     </span>
     <span class='ocr_line' id='line_1_8' title="bbox 53 679 239 700; baseline -0.011 0"><span class='ocrx_word' id='word_1_14' title='bbox 53 679 194 700; x_wconf 80' lang='lat' dir='ltr'>iurisdictioni</span> <span class='ocrx_word' id='word_1_15' title='bbox 218 681 239 699; x_wconf 83' lang='lat' dir='ltr'>et</span> 
     </span>
     <span class='ocr_line' id='line_1_9' title="bbox 52 705 238 731; baseline -0.005 -5"><span class='ocrx_word' id='word_1_16' title='bbox 52 705 148 731; x_wconf 79' lang='lat' dir='ltr'>regimini</span> <span class='ocrx_word' id='word_1_17' title='bbox 156 706 238 731; x_wconf 81' lang='lat' dir='ltr'>episco-</span> 
     </span>
     <span class='ocr_line' id='line_1_10' title="bbox 53 732 237 758; baseline -0.005 -6"><span class='ocrx_word' id='word_1_18' title='bbox 53 732 75 758; x_wconf 85' lang='lat' dir='ltr'>pi</span> <span class='ocrx_word' id='word_1_19' title='bbox 95 732 237 752; x_wconf 75' lang='lat' dir='ltr'>Tiascatcnsis</span> 
     </span>
     <span class='ocr_line' id='line_1_11' title="bbox 53 759 170 785; baseline -0.009 -6"><span class='ocrx_word' id='word_1_20' title='bbox 53 759 170 785; x_wconf 77' lang='lat' dir='ltr'>supposuit.</span> 
     </span>
    </p>
   </div>
   <div class='ocr_carea' id='block_1_5' title="bbox 47 1182 236 1284">
    <p class='ocr_par' dir='ltr' id='par_1_5' title="bbox 47 1182 236 1284">
     <span class='ocr_line' id='line_1_12' title="bbox 79 1182 236 1203; baseline 0 0"><span class='ocrx_word' id='word_1_21' title='bbox 79 1182 133 1203; x_wconf 77' lang='lat' dir='ltr'>baia</span> <span class='ocrx_word' id='word_1_22' title='bbox 144 1183 163 1203; x_wconf 80' lang='lat' dir='ltr'>ei</span> <span class='ocrx_word' id='word_1_23' title='bbox 173 1183 236 1203; x_wconf 82' lang='lat' dir='ltr'>facul-</span> 
     </span>
     <span class='ocr_line' id='line_1_13' title="bbox 47 1206 236 1230; baseline -0.005 0"><span class='ocrx_word' id='word_1_24' title='bbox 47 1206 95 1230; x_wconf 75' lang='lat' dir='ltr'>‘tate</span> <span class='ocrx_word' id='word_1_25' title='bbox 105 1210 236 1230; x_wconf 84' lang='lat' dir='ltr'>constitutio-</span> 
     </span>
     <span class='ocr_line' id='line_1_14' title="bbox 52 1237 236 1257; baseline -0.005 0"><span class='ocrx_word' id='word_1_26' title='bbox 52 1241 89 1257; x_wconf 82' lang='lat' dir='ltr'>nes</span> <span class='ocrx_word' id='word_1_27' title='bbox 107 1242 137 1256; x_wconf 76' lang='lat' dir='ltr'>»ro</span> <span class='ocrx_word' id='word_1_28' title='bbox 148 1237 179 1257; x_wconf 76' lang='lat' dir='ltr'>eis</span> <span class='ocrx_word' id='word_1_29' title='bbox 187 1242 236 1256; x_wconf 80' lang='lat' dir='ltr'>con-</span> 
     </span>
     <span class='ocr_line' id='line_1_15' title="bbox 52 1263 122 1284; baseline -0.014 0"><span class='ocrx_word' id='word_1_30' title='bbox 52 1263 92 1284; x_wconf 89' lang='lat' dir='ltr'>den</span> <span class='ocrx_word' id='word_1_31' title='bbox 109 1263 122 1283; x_wconf 89' lang='lat' dir='ltr'>i.</span> 
     </span>
    </p>
   </div>
   <div class='ocr_carea' id='block_1_6' title="bbox 51 1714 236 1816">
    <p class='ocr_par' dir='ltr' id='par_1_6' title="bbox 51 1714 236 1816">
     <span class='ocr_line' id='line_1_16' title="bbox 77 1714 236 1736; baseline 0.006 -1"><span class='ocrx_word' id='word_1_32' title='bbox 77 1714 101 1736; x_wconf 84' lang='lat' dir='ltr'>In</span> <span class='ocrx_word' id='word_1_33' title='bbox 108 1715 236 1736; x_wconf 79' lang='lat' dir='ltr'>monasterio</span> 
     </span>
     <span class='ocr_line' id='line_1_17' title="bbox 53 1740 236 1763; baseline 0.011 -2"><span class='ocrx_word' id='word_1_34' title='bbox 53 1740 165 1762; x_wconf 79' lang='lat' dir='ltr'>duodecim</span> <span class='ocrx_word' id='word_1_35' title='bbox 193 1749 236 1763; x_wconf 90' lang='lat' dir='ltr'>mo-</span> 
     </span>
     <span class='ocr_line' id='line_1_18' title="bbox 51 1767 236 1795; baseline 0.011 -7"><span class='ocrx_word' id='word_1_36' title='bbox 51 1767 118 1788; x_wconf 82' lang='lat' dir='ltr'>niales</span> <span class='ocrx_word' id='word_1_37' title='bbox 132 1769 236 1795; x_wconf 77' lang='lat' dir='ltr'>recipien-</span> 
     </span>
     <span class='ocr_line' id='line_1_19' title="bbox 52 1794 233 1816; baseline 0.011 -2"><span class='ocrx_word' id='word_1_38' title='bbox 52 1794 90 1815; x_wconf 77' lang='lat' dir='ltr'>das</span> <span class='ocrx_word' id='word_1_39' title='bbox 105 1801 151 1816; x_wconf 81' lang='lat' dir='ltr'>esse</span> <span class='ocrx_word' id='word_1_40' title='bbox 166 1796 233 1816; x_wconf 82' lang='lat' dir='ltr'>iussit.</span> 
     </span>
    </p>
   </div>
   <div class='ocr_carea' id='block_1_7' title="bbox 52 1979 236 2034">
    <p class='ocr_par' dir='ltr' id='par_1_7' title="bbox 52 1979 236 2034">
     <span class='ocr_line' id='line_1_20' title="bbox 79 1979 236 2003; baseline 0.013 -2"><span class='ocrx_word' id='word_1_41' title='bbox 79 1979 104 2001; x_wconf 81' lang='lat' dir='ltr'>Et</span> <span class='ocrx_word' id='word_1_42' title='bbox 113 1981 134 2001; x_wconf 89' lang='lat' dir='ltr'>in</span> <span class='ocrx_word' id='word_1_43' title='bbox 142 1981 173 2002; x_wconf 80' lang='lat' dir='ltr'>cis</span> <span class='ocrx_word' id='word_1_44' title='bbox 183 1983 236 2003; x_wconf 83' lang='lat' dir='ltr'>rcci-</span> 
     </span>
     <span class='ocr_line' id='line_1_21' title="bbox 52 2007 236 2034; baseline 0.011 -7"><span class='ocrx_word' id='word_1_45' title='bbox 52 2007 134 2033; x_wconf 83' lang='lat' dir='ltr'>picndis</span> <span class='ocrx_word' id='word_1_46' title='bbox 153 2010 236 2034; x_wconf 76' lang='lat' dir='ltr'>praela—</span> 
     </span>
    </p>
   </div>
   <div class='ocr_carea' id='block_1_8' title="bbox 0 2033 233 2060">
    <p class='ocr_par' dir='ltr' id='par_1_8' title="bbox 0 2033 233 2060">
     <span class='ocr_line' id='line_1_22' title="bbox 0 2033 233 2060; baseline 0.009 -6"><span class='ocrx_word' id='word_1_47' title='bbox 0 2043 3 2054; x_wconf 81' lang='lat'>›</span> <span class='ocrx_word' id='word_1_48' title='bbox 53 2033 130 2055; x_wconf 76' lang='lat' dir='ltr'>tionem</span> <span class='ocrx_word' id='word_1_49' title='bbox 149 2036 233 2060; x_wconf 70' lang='lat' dir='ltr'>virgini-</span> 
     </span>
    </p>
   </div>
   <div class='ocr_carea' id='block_1_9' title="bbox 52 2059 236 2109">
    <p class='ocr_par' dir='ltr' id='par_1_9' title="bbox 52 2059 236 2109">
     <span class='ocr_line' id='line_1_23' title="bbox 52 2059 236 2087; baseline 0.011 -6"><span class='ocrx_word' id='word_1_50' title='bbox 52 2059 91 2081; x_wconf 82' lang='lat' dir='ltr'>bus</span> <span class='ocrx_word' id='word_1_51' title='bbox 112 2061 205 2087; x_wconf 75' lang='lat' dir='ltr'><strong>collegiis</strong></span> <span class='ocrx_word' id='word_1_52' title='bbox 223 2069 236 2083; x_wconf 83' lang='lat' dir='ltr'>a</span> 
     </span>
     <span class='ocr_line' id='line_1_24' title="bbox 53 2088 236 2109; baseline 0.011 -2"><span class='ocrx_word' id='word_1_53' title='bbox 53 2091 75 2108; x_wconf 84' lang='lat' dir='ltr'>se</span> <span class='ocrx_word' id='word_1_54' title='bbox 84 2088 148 2108; x_wconf 80' lang='lat' dir='ltr'>erecti</span> <span class='ocrx_word' id='word_1_55' title='bbox 157 2089 236 2109; x_wconf 81' lang='lat' dir='ltr'>tribuit.</span> 
     </span>
    </p>
   </div>
   <div class='ocr_carea' id='block_1_10' title="bbox 70 2192 235 2220">
    <p class='ocr_par' dir='ltr' id='par_1_10' title="bbox 70 2192 235 2220">
     <span class='ocr_line' id='line_1_25' title="bbox 70 2192 235 2220; baseline 0.006 -6"><span class='ocrx_word' id='word_1_56' title='bbox 70 2192 186 2220; x_wconf 70' lang='lat' dir='ltr'><strong>Episcopus</strong></span> <span class='ocrx_word' id='word_1_57' title='bbox 197 2194 235 2215; x_wconf 84' lang='lat' dir='ltr'>ita-</span> 
     </span>
    </p>
   </div>
   <div class='ocr_carea' id='block_1_11' title="bbox 0 2220 235 2298">
    <p class='ocr_par' dir='ltr' id='par_1_11' title="bbox 0 2220 235 2298">
     <span class='ocr_line' id='line_1_26' title="bbox 0 2220 235 2245; baseline -0.004 -3"><span class='ocrx_word' id='word_1_58' title='bbox 0 2227 5 2242; x_wconf 67' lang='lat'>;</span> <span class='ocrx_word' id='word_1_59' title='bbox 55 2224 94 2245; x_wconf 83' lang='lat' dir='ltr'>quc</span> <span class='ocrx_word' id='word_1_60' title='bbox 109 2220 176 2241; x_wconf 83' lang='lat' dir='ltr'>locum</span> <span class='ocrx_word' id='word_1_61' title='bbox 192 2227 235 2242; x_wconf 84' lang='lat' dir='ltr'>mo-</span> 
     </span>
     <span class='ocr_line' id='line_1_27' title="bbox 0 2247 235 2276; baseline 0.013 -11"><span class='ocrx_word' id='word_1_62' title='bbox 0 2261 2 2268; x_wconf 77' lang='lat'>,</span> <span class='ocrx_word' id='word_1_63' title='bbox 53 2247 145 2276; x_wconf 66' lang='lat' dir='ltr'>misterio</span> <span class='ocrx_word' id='word_1_64' title='bbox 181 2248 235 2268; x_wconf 82' lang='lat' dir='ltr'>desi-</span> 
     </span>
     <span class='ocr_line' id='line_1_28' title="bbox 0 2275 130 2298; baseline 0 -4"><span class='ocrx_word' id='word_1_65' title='bbox 0 2287 2 2291; x_wconf 55' lang='lat'>&gt;</span> <span class='ocrx_word' id='word_1_66' title='bbox 53 2275 130 2298; x_wconf 68' lang='lat' dir='ltr'>gnavit-</span> 
     </span>
    </p>
   </div>
   <div class='ocr_carea' id='block_1_12' title="bbox 864 228 1161 253">
    <p class='ocr_par' dir='ltr' id='par_1_12' title="bbox 864 228 1161 253">
     <span class='ocr_line' id='line_1_29' title="bbox 864 228 1161 253; baseline -0.003 0"><span class='ocrx_word' id='word_1_67' title='bbox 864 228 1012 253; x_wconf 82' lang='lat' dir='ltr'>CLEMENS</span> <span class='ocrx_word' id='word_1_68' title='bbox 1030 229 1090 252; x_wconf 82' lang='lat' dir='ltr'>VIII</span> <span class='ocrx_word' id='word_1_69' title='bbox 1110 229 1161 252; x_wconf 82' lang='lat' dir='ltr'>PP.</span> 
     </span>
    </p>
   </div>
   <div class='ocr_carea' id='block_1_13' title="bbox 249 275 997 2666">
    <p class='ocr_par' dir='ltr' id='par_1_13' title="bbox 249 275 997 2666">
     <span class='ocr_line' id='line_1_30' title="bbox 253 275 997 321; baseline 0.004 -14"><span class='ocrx_word' id='word_1_70' title='bbox 253 275 370 308; x_wconf 88' lang='lat' dir='ltr'>deinde</span> <span class='ocrx_word' id='word_1_71' title='bbox 390 275 493 309; x_wconf 90' lang='lat' dir='ltr'>dictus</span> <span class='ocrx_word' id='word_1_72' title='bbox 520 277 653 310; x_wconf 87' lang='lat' dir='ltr'>loannes</span> <span class='ocrx_word' id='word_1_73' title='bbox 680 287 737 321; x_wconf 88' lang='lat' dir='ltr'>pro</span> <span class='ocrx_word' id='word_1_74' title='bbox 770 277 946 310; x_wconf 77' lang='lat' dir='ltr'>directione</span> <span class='ocrx_word' id='word_1_75' title='bbox 967 282 997 310; x_wconf 88' lang='lat' dir='ltr'>et</span> 
     </span>
     <span class='ocr_line' id='line_1_31' title="bbox 252 328 996 374; baseline 0.003 -13"><span class='ocrx_word' id='word_1_76' title='bbox 252 328 410 370; x_wconf 79' lang='lat' dir='ltr'><strong>gubernio</strong></span> <span class='ocrx_word' id='word_1_77' title='bbox 425 329 518 362; x_wconf 86' lang='lat' dir='ltr'>buius</span> <span class='ocrx_word' id='word_1_78' title='bbox 539 335 602 363; x_wconf 90' lang='lat' dir='ltr'>tam</span> <span class='ocrx_word' id='word_1_79' title='bbox 620 330 663 374; x_wconf 92' lang='lat' dir='ltr'>pii</span> <span class='ocrx_word' id='word_1_80' title='bbox 682 336 712 363; x_wconf 86' lang='lat' dir='ltr'>et</span> <span class='ocrx_word' id='word_1_81' title='bbox 732 330 901 363; x_wconf 88' lang='lat' dir='ltr'>laudabilis</span> <span class='ocrx_word' id='word_1_82' title='bbox 921 341 996 374; x_wconf 86' lang='lat' dir='ltr'>ope-</span> 
     </span>
     <span class='ocr_line' id='line_1_32' title="bbox 254 381 996 422; baseline 0.004 -9"><span class='ocrx_word' id='word_1_83' title='bbox 254 381 296 414; x_wconf 91' lang='lat' dir='ltr'>ris</span> <span class='ocrx_word' id='word_1_84' title='bbox 317 382 356 414; x_wconf 89' lang='lat' dir='ltr'>ab</span> <span class='ocrx_word' id='word_1_85' title='bbox 377 382 468 414; x_wconf 89' lang='lat' dir='ltr'>initio</span> <span class='ocrx_word' id='word_1_86' title='bbox 489 383 623 416; x_wconf 85' lang='lat' dir='ltr'>dilectos</span> <span class='ocrx_word' id='word_1_87' title='bbox 649 384 732 416; x_wconf 86' lang='lat' dir='ltr'>filios</span> <span class='ocrx_word' id='word_1_88' title='bbox 753 389 920 422; x_wconf 81' lang='lat' dir='ltr'>senatum,</span> <span class='ocrx_word' id='word_1_89' title='bbox 947 394 996 416; x_wconf 89' lang='lat' dir='ltr'>rc-</span> 
     </span>
     <span class='ocr_line' id='line_1_33' title="bbox 253 436 992 479; baseline 0.003 -12"><span class='ocrx_word' id='word_1_90' title='bbox 253 440 375 468; x_wconf 84' lang='lat' dir='ltr'>ctorem</span> <span class='ocrx_word' id='word_1_91' title='bbox 390 440 421 468; x_wconf 89' lang='lat' dir='ltr'>et.</span> <span class='ocrx_word' id='word_1_92' title='bbox 434 436 585 479; x_wconf 89' lang='lat' dir='ltr'>ipsosmet</span> <span class='ocrx_word' id='word_1_93' title='bbox 598 442 762 470; x_wconf 75' lang='lat' dir='ltr'>senatores</span> <span class='ocrx_word' id='word_1_94' title='bbox 775 437 850 469; x_wconf 82' lang='lat' dir='ltr'>dicti</span> <span class='ocrx_word' id='word_1_95' title='bbox 869 436 992 479; x_wconf 87' lang='lat' dir='ltr'>oppidi,</span> 
     </span>
     <span class='ocr_line' id='line_1_34' title="bbox 252 488 993 531; baseline 0.001 -11"><span class='ocrx_word' id='word_1_96' title='bbox 252 488 296 521; x_wconf 93' lang='lat' dir='ltr'>uti</span> <span class='ocrx_word' id='word_1_97' title='bbox 316 488 441 531; x_wconf 79' lang='lat' dir='ltr'>collegii</span> <span class='ocrx_word' id='word_1_98' title='bbox 456 494 487 522; x_wconf 89' lang='lat' dir='ltr'>et</span> <span class='ocrx_word' id='word_1_99' title='bbox 500 490 685 522; x_wconf 87' lang='lat' dir='ltr'>monasterii</span> <span class='ocrx_word' id='word_1_100' title='bbox 704 489 993 522; x_wconf 64' lang='lat' dir='ltr'>construendorum</span> 
     </span>
     <span class='ocr_line' id='line_1_35' title="bbox 253 541 994 586; baseline 0 -12"><span class='ocrx_word' id='word_1_101' title='bbox 253 541 437 575; x_wconf 85' lang='lat' dir='ltr'>huiusmodi</span> <span class='ocrx_word' id='word_1_102' title='bbox 459 548 612 585; x_wconf 88' lang='lat' dir='ltr'>patronos</span> <span class='ocrx_word' id='word_1_103' title='bbox 632 543 831 586; x_wconf 74' lang='lat' dir='ltr'>dep11tass012</span> <span class='ocrx_word' id='word_1_104' title='bbox 854 548 994 575; x_wconf 86' lang='lat' dir='ltr'>attamen</span> 
     </span>
     <span class='ocr_line' id='line_1_36' title="bbox 252 595 994 639; baseline -0.001 -11"><span class='ocrx_word' id='word_1_105' title='bbox 252 605 372 638; x_wconf 85' lang='lat' dir='ltr'>paucos</span> <span class='ocrx_word' id='word_1_106' title='bbox 401 601 473 639; x_wconf 86' lang='lat' dir='ltr'>post</span> <span class='ocrx_word' id='word_1_107' title='bbox 497 595 581 636; x_wconf 85' lang='lat' dir='ltr'>dies,</span> <span class='ocrx_word' id='word_1_108' title='bbox 603 596 785 628; x_wconf 83' lang='lat' dir='ltr'>existimans</span> <span class='ocrx_word' id='word_1_109' title='bbox 816 596 994 639; x_wconf 88' lang='lat' dir='ltr'>praefatum</span> 
     </span>
     <span class='ocr_line' id='line_1_37' title="bbox 252 647 994 692; baseline 0 -12"><span class='ocrx_word' id='word_1_110' title='bbox 252 647 428 689; x_wconf 87' lang='lat' dir='ltr'>Didacum,</span> <span class='ocrx_word' id='word_1_111' title='bbox 456 659 581 681; x_wconf 81' lang='lat' dir='ltr'>necnon</span> <span class='ocrx_word' id='word_1_112' title='bbox 613 659 814 682; x_wconf 72' lang='lat' dir='ltr'>successores</span> <span class='ocrx_word' id='word_1_113' title='bbox 841 659 915 681; x_wconf 84' lang='lat' dir='ltr'>suos</span> <span class='ocrx_word' id='word_1_114' title='bbox 936 659 994 692; x_wconf 92' lang='lat' dir='ltr'>pro</span> 
     </span>
     <span class='ocr_line' id='line_1_38' title="bbox 253 701 995 745; baseline 0.001 -12"><span class='ocrx_word' id='word_1_115' title='bbox 253 706 399 744; x_wconf 89' lang='lat' dir='ltr'>tempore</span> <span class='ocrx_word' id='word_1_116' title='bbox 413 701 582 734; x_wconf 71' lang='lat' dir='ltr'>existentes</span> <span class='ocrx_word' id='word_1_117' title='bbox 599 701 767 745; x_wconf 87' lang='lat' dir='ltr'>episcopos</span> <span class='ocrx_word' id='word_1_118' title='bbox 780 702 995 734; x_wconf 86' lang='lat' dir='ltr'>Tlascalcnses</span> 
     </span>
     <span class='ocr_line' id='line_1_39' title="bbox 252 753 994 798; baseline 0.003 -12"><span class='ocrx_word' id='word_1_119' title='bbox 252 753 327 787; x_wconf 91' lang='lat' dir='ltr'>huic</span> <span class='ocrx_word' id='word_1_120' title='bbox 347 755 472 788; x_wconf 88' lang='lat' dir='ltr'>muneri</span> <span class='ocrx_word' id='word_1_121' title='bbox 494 755 608 788; x_wconf 90' lang='lat' dir='ltr'>melius</span> <span class='ocrx_word' id='word_1_122' title='bbox 628 755 815 788; x_wconf 80' lang='lat' dir='ltr'>incumbere</span> <span class='ocrx_word' id='word_1_123' title='bbox 826 765 930 798; x_wconf 85' lang='lat' dir='ltr'>posse,</span> <span class='ocrx_word' id='word_1_124' title='bbox 945 765 994 788; x_wconf 85' lang='lat' dir='ltr'>se-</span> 
     </span>
     <span class='ocr_line' id='line_1_40' title="bbox 251 808 991 851; baseline 0.001 -12"><span class='ocrx_word' id='word_1_125' title='bbox 251 813 374 848; x_wconf 88' lang='lat' dir='ltr'>natum,</span> <span class='ocrx_word' id='word_1_126' title='bbox 398 814 557 841; x_wconf 86' lang='lat' dir='ltr'>rectorem</span> <span class='ocrx_word' id='word_1_127' title='bbox 579 819 615 841; x_wconf 90' lang='lat' dir='ltr'>ac</span> <span class='ocrx_word' id='word_1_128' title='bbox 635 814 799 841; x_wconf 81' lang='lat' dir='ltr'>senatores</span> <span class='ocrx_word' id='word_1_129' title='bbox 821 808 991 851; x_wconf 86' lang='lat' dir='ltr'>praefatos,</span> 
     </span>
     <span class='ocr_line' id='line_1_41' title="bbox 252 861 991 905; baseline 0 -12"><span class='ocrx_word' id='word_1_130' title='bbox 252 871 333 904; x_wconf 90' lang='lat' dir='ltr'>quos</span> <span class='ocrx_word' id='word_1_131' title='bbox 354 861 386 894; x_wconf 92' lang='lat' dir='ltr'>in</span> <span class='ocrx_word' id='word_1_132' title='bbox 406 867 559 905; x_wconf 89' lang='lat' dir='ltr'>patronos</span> <span class='ocrx_word' id='word_1_133' title='bbox 578 861 667 905; x_wconf 87' lang='lat' dir='ltr'>prius</span> <span class='ocrx_word' id='word_1_134' title='bbox 687 861 873 900; x_wconf 78' lang='lat' dir='ltr'>adsciverat,</span> <span class='ocrx_word' id='word_1_135' title='bbox 898 871 991 893; x_wconf 91' lang='lat' dir='ltr'>revo-</span> 
     </span>
     <span class='ocr_line' id='line_1_42' title="bbox 252 913 994 957; baseline 0 -11"><span class='ocrx_word' id='word_1_136' title='bbox 252 919 388 953; x_wconf 79' lang='lat' dir='ltr'>caverat,</span> <span class='ocrx_word' id='word_1_137' title='bbox 412 925 449 947; x_wconf 88' lang='lat' dir='ltr'>ac</span> <span class='ocrx_word' id='word_1_138' title='bbox 469 914 598 947; x_wconf 90' lang='lat' dir='ltr'>illorum</span> <span class='ocrx_word' id='word_1_139' title='bbox 614 915 695 952; x_wconf 83' lang='lat' dir='ltr'>loco,</span> <span class='ocrx_word' id='word_1_140' title='bbox 711 924 770 957; x_wconf 88' lang='lat' dir='ltr'>pro</span> <span class='ocrx_word' id='word_1_141' title='bbox 790 913 924 957; x_wconf 88' lang='lat' dir='ltr'>provido</span> <span class='ocrx_word' id='word_1_142' title='bbox 939 924 994 956; x_wconf 72' lang='lat' dir='ltr'>gu-</span> 
     </span>
     <span class='ocr_line' id='line_1_43' title="bbox 251 967 991 1010; baseline 0 -11"><span class='ocrx_word' id='word_1_143' title='bbox 251 967 364 1000; x_wconf 89' lang='lat' dir='ltr'>bernio</span> <span class='ocrx_word' id='word_1_144' title='bbox 390 968 517 1010; x_wconf 80' lang='lat' dir='ltr'>collegii</span> <span class='ocrx_word' id='word_1_145' title='bbox 538 973 568 1000; x_wconf 91' lang='lat' dir='ltr'>et</span> <span class='ocrx_word' id='word_1_146' title='bbox 589 967 774 1000; x_wconf 87' lang='lat' dir='ltr'>monasterii</span> <span class='ocrx_word' id='word_1_147' title='bbox 800 972 991 1000; x_wconf 84' lang='lat' dir='ltr'>construen-</span> 
     </span>
     <span class='ocr_line' id='line_1_44' title="bbox 252 1021 995 1061; baseline -0.001 -7"><span class='ocrx_word' id='word_1_148' title='bbox 252 1021 367 1054; x_wconf 88' lang='lat' dir='ltr'>dorum</span> <span class='ocrx_word' id='word_1_149' title='bbox 380 1021 577 1061; x_wconf 91' lang='lat' dir='ltr'>huiusmodi,</span> <span class='ocrx_word' id='word_1_150' title='bbox 592 1021 744 1054; x_wconf 88' lang='lat' dir='ltr'>Didacum</span> <span class='ocrx_word' id='word_1_151' title='bbox 754 1025 785 1053; x_wconf 87' lang='lat' dir='ltr'>et</span> <span class='ocrx_word' id='word_1_152' title='bbox 795 1031 995 1054; x_wconf 83' lang='lat' dir='ltr'>successores</span> 
     </span>
     <span class='ocr_line' id='line_1_45' title="bbox 252 1074 994 1118; baseline -0.001 -11"><span class='ocrx_word' id='word_1_153' title='bbox 252 1084 326 1107; x_wconf 92' lang='lat' dir='ltr'>suos</span> <span class='ocrx_word' id='word_1_154' title='bbox 361 1074 528 1118; x_wconf 88' lang='lat' dir='ltr'>episcopos</span> <span class='ocrx_word' id='word_1_155' title='bbox 562 1075 776 1107; x_wconf 83' lang='lat' dir='ltr'>Tiascalenses</span> <span class='ocrx_word' id='word_1_156' title='bbox 809 1074 994 1107; x_wconf 89' lang='lat' dir='ltr'>huiusmodi</span> 
     </span>
     <span class='ocr_line' id='line_1_46' title="bbox 251 1128 995 1171; baseline 0 -11"><span class='ocrx_word' id='word_1_157' title='bbox 251 1133 405 1171; x_wconf 88' lang='lat' dir='ltr'>patronos</span> <span class='ocrx_word' id='word_1_158' title='bbox 425 1134 456 1160; x_wconf 92' lang='lat' dir='ltr'>et</span> <span class='ocrx_word' id='word_1_159' title='bbox 476 1128 658 1161; x_wconf 89' lang='lat' dir='ltr'>defensores</span> <span class='ocrx_word' id='word_1_160' title='bbox 678 1128 872 1167; x_wconf 74' lang='lat' dir='ltr'>nominavit,</span> <span class='ocrx_word' id='word_1_161' title='bbox 897 1134 927 1160; x_wconf 90' lang='lat' dir='ltr'>et</span> <span class='ocrx_word' id='word_1_162' title='bbox 948 1128 995 1160; x_wconf 91' lang='lat' dir='ltr'>in-</span> 
     </span>
     <span class='ocr_line' id='line_1_47' title="bbox 251 1181 994 1225; baseline 0.001 -12"><span class='ocrx_word' id='word_1_163' title='bbox 251 1191 348 1224; x_wconf 90' lang='lat' dir='ltr'>super</span> <span class='ocrx_word' id='word_1_164' title='bbox 368 1181 531 1221; x_wconf 87' lang='lat' dir='ltr'>voluerat,</span> <span class='ocrx_word' id='word_1_165' title='bbox 555 1181 642 1224; x_wconf 88' lang='lat' dir='ltr'>quod</span> <span class='ocrx_word' id='word_1_166' title='bbox 663 1181 748 1214; x_wconf 90' lang='lat' dir='ltr'>idem</span> <span class='ocrx_word' id='word_1_167' title='bbox 769 1181 906 1214; x_wconf 89' lang='lat' dir='ltr'>Didacus</span> <span class='ocrx_word' id='word_1_168' title='bbox 926 1181 994 1225; x_wconf 92' lang='lat' dir='ltr'>epi-</span> 
     </span>
     <span class='ocr_line' id='line_1_48' title="bbox 250 1234 990 1278; baseline 0 -11"><span class='ocrx_word' id='word_1_169' title='bbox 250 1244 366 1278; x_wconf 88' lang='lat' dir='ltr'>scopus</span> <span class='ocrx_word' id='word_1_170' title='bbox 386 1234 607 1267; x_wconf 83' lang='lat' dir='ltr'>omnimodam</span> <span class='ocrx_word' id='word_1_171' title='bbox 632 1240 823 1277; x_wconf 83' lang='lat' dir='ltr'>potestatem</span> <span class='ocrx_word' id='word_1_172' title='bbox 855 1240 990 1276; x_wconf 85' lang='lat' dir='ltr'>statuta,</span> 
     </span>
     <span class='ocr_line' id='line_1_49' title="bbox 251 1287 995 1331; baseline 0.001 -11"><span class='ocrx_word' id='word_1_173' title='bbox 251 1287 410 1331; x_wconf 86' lang='lat' dir='ltr'>capitula,</span> <span class='ocrx_word' id='word_1_174' title='bbox 439 1287 683 1320; x_wconf 84' lang='lat' dir='ltr'>constitutiones</span> <span class='ocrx_word' id='word_1_175' title='bbox 714 1293 745 1320; x_wconf 91' lang='lat' dir='ltr'>et</span> <span class='ocrx_word' id='word_1_176' title='bbox 775 1287 995 1321; x_wconf 89' lang='lat' dir='ltr'>ordinationes</span> 
     </span>
     <span class='ocr_line' id='line_1_50' title="bbox 251 1340 994 1384; baseline 0.001 -10"><span class='ocrx_word' id='word_1_177' title='bbox 251 1340 433 1381; x_wconf 87' lang='lat' dir='ltr'>condendi,</span> <span class='ocrx_word' id='word_1_178' title='bbox 461 1340 723 1384; x_wconf 77' lang='lat' dir='ltr'>praescribendi,</span> <span class='ocrx_word' id='word_1_179' title='bbox 753 1347 889 1384; x_wconf 88' lang='lat' dir='ltr'>utraque</span> <span class='ocrx_word' id='word_1_180' title='bbox 921 1352 994 1375; x_wconf 79' lang='lat' dir='ltr'>exe-</span> 
     </span>
     <span class='ocr_line' id='line_1_51' title="bbox 251 1393 995 1437; baseline 0 -10"><span class='ocrx_word' id='word_1_181' title='bbox 251 1394 389 1437; x_wconf 82' lang='lat' dir='ltr'>quendi,</span> <span class='ocrx_word' id='word_1_182' title='bbox 413 1404 495 1437; x_wconf 89' lang='lat' dir='ltr'>quae</span> <span class='ocrx_word' id='word_1_183' title='bbox 523 1394 564 1427; x_wconf 90' lang='lat' dir='ltr'>ad</span> <span class='ocrx_word' id='word_1_184' title='bbox 595 1393 806 1426; x_wconf 88' lang='lat' dir='ltr'>directionem</span> <span class='ocrx_word' id='word_1_185' title='bbox 828 1400 858 1426; x_wconf 90' lang='lat' dir='ltr'>et</span> <span class='ocrx_word' id='word_1_186' title='bbox 877 1395 995 1436; x_wconf 76' lang='lat' dir='ltr'>guber-</span> 
     </span>
     <span class='ocr_line' id='line_1_52' title="bbox 250 1446 993 1489; baseline 0 -9"><span class='ocrx_word' id='word_1_187' title='bbox 250 1446 340 1480; x_wconf 89' lang='lat' dir='ltr'>nium</span> <span class='ocrx_word' id='word_1_188' title='bbox 372 1447 561 1480; x_wconf 91' lang='lat' dir='ltr'>eorumdem</span> <span class='ocrx_word' id='word_1_189' title='bbox 595 1446 720 1489; x_wconf 78' lang='lat' dir='ltr'>collegii</span> <span class='ocrx_word' id='word_1_190' title='bbox 748 1452 779 1479; x_wconf 87' lang='lat' dir='ltr'>et</span> <span class='ocrx_word' id='word_1_191' title='bbox 807 1448 993 1480; x_wconf 88' lang='lat' dir='ltr'>monasterii</span> 
     </span>
     <span class='ocr_line' id='line_1_53' title="bbox 251 1499 995 1541; baseline 0.001 -8"><span class='ocrx_word' id='word_1_192' title='bbox 251 1501 541 1533; x_wconf 86' lang='lat' dir='ltr'>construendorum</span> <span class='ocrx_word' id='word_1_193' title='bbox 567 1501 748 1533; x_wconf 87' lang='lat' dir='ltr'>conducere</span> <span class='ocrx_word' id='word_1_194' title='bbox 768 1499 940 1541; x_wconf 88' lang='lat' dir='ltr'>iudicaret,</span> <span class='ocrx_word' id='word_1_195' title='bbox 964 1507 995 1534; x_wconf 87' lang='lat' dir='ltr'>et</span> 
     </span>
     <span class='ocr_line' id='line_1_54' title="bbox 251 1554 995 1598; baseline 0 -11"><span class='ocrx_word' id='word_1_196' title='bbox 251 1564 333 1598; x_wconf 87' lang='lat' dir='ltr'>quae</span> <span class='ocrx_word' id='word_1_197' title='bbox 353 1554 508 1587; x_wconf 87' lang='lat' dir='ltr'>idemmet</span> <span class='ocrx_word' id='word_1_198' title='bbox 526 1555 660 1587; x_wconf 87' lang='lat' dir='ltr'>Ioannes</span> <span class='ocrx_word' id='word_1_199' title='bbox 678 1554 710 1586; x_wconf 91' lang='lat' dir='ltr'>in</span> <span class='ocrx_word' id='word_1_200' title='bbox 727 1555 995 1598; x_wconf 81' lang='lat' dir='ltr'>praecedentibus</span> 
     </span>
     <span class='ocr_line' id='line_1_55' title="bbox 251 1607 994 1648; baseline 0 -8"><span class='ocrx_word' id='word_1_201' title='bbox 251 1607 454 1640; x_wconf 86' lang='lat' dir='ltr'>documentis</span> <span class='ocrx_word' id='word_1_202' title='bbox 474 1607 604 1640; x_wconf 91' lang='lat' dir='ltr'>illorum</span> <span class='ocrx_word' id='word_1_203' title='bbox 625 1607 793 1640; x_wconf 80' lang='lat' dir='ltr'>occasione</span> <span class='ocrx_word' id='word_1_204' title='bbox 814 1607 917 1648; x_wconf 90' lang='lat' dir='ltr'>editis,</span> <span class='ocrx_word' id='word_1_205' title='bbox 935 1608 994 1641; x_wconf 89' lang='lat' dir='ltr'>sibi</span> 
     </span>
     <span class='ocr_line' id='line_1_56' title="bbox 251 1661 992 1704; baseline 0.001 -11"><span class='ocrx_word' id='word_1_206' title='bbox 251 1667 484 1701; x_wconf 82' lang='lat' dir='ltr'>reservaverat,</span> <span class='ocrx_word' id='word_1_207' title='bbox 508 1661 658 1701; x_wconf 73' lang='lat' dir='ltr'>haberet,</span> <span class='ocrx_word' id='word_1_208' title='bbox 687 1671 814 1694; x_wconf 89' lang='lat' dir='ltr'>necnon</span> <span class='ocrx_word' id='word_1_209' title='bbox 834 1662 921 1704; x_wconf 90' lang='lat' dir='ltr'>quod</span> <span class='ocrx_word' id='word_1_210' title='bbox 942 1662 992 1695; x_wconf 92' lang='lat' dir='ltr'>di-</span> 
     </span>
     <span class='ocr_line' id='line_1_57' title="bbox 252 1715 994 1748; baseline 0.001 -1"><span class='ocrx_word' id='word_1_211' title='bbox 252 1720 339 1747; x_wconf 90' lang='lat' dir='ltr'>ctum</span> <span class='ocrx_word' id='word_1_212' title='bbox 380 1715 612 1748; x_wconf 89' lang='lat' dir='ltr'>monasterium</span> <span class='ocrx_word' id='word_1_213' title='bbox 650 1725 787 1748; x_wconf 90' lang='lat' dir='ltr'>numero</span> <span class='ocrx_word' id='word_1_214' title='bbox 823 1715 994 1748; x_wconf 86' lang='lat' dir='ltr'>duodecim</span> 
     </span>
     <span class='ocr_line' id='line_1_58' title="bbox 252 1768 994 1809; baseline 0.001 -9"><span class='ocrx_word' id='word_1_215' title='bbox 252 1768 440 1801; x_wconf 91' lang='lat' dir='ltr'>monialium</span> <span class='ocrx_word' id='word_1_216' title='bbox 473 1773 598 1801; x_wconf 90' lang='lat' dir='ltr'>tantum</span> <span class='ocrx_word' id='word_1_217' title='bbox 628 1774 804 1809; x_wconf 89' lang='lat' dir='ltr'>constaret,</span> <span class='ocrx_word' id='word_1_218' title='bbox 835 1779 872 1801; x_wconf 89' lang='lat' dir='ltr'>ac</span> <span class='ocrx_word' id='word_1_219' title='bbox 899 1769 994 1802; x_wconf 87' lang='lat' dir='ltr'>etiam</span> 
     </span>
     <span class='ocr_line' id='line_1_59' title="bbox 251 1821 995 1866; baseline 0 -12"><span class='ocrx_word' id='word_1_220' title='bbox 251 1822 338 1866; x_wconf 89' lang='lat' dir='ltr'>quod</span> <span class='ocrx_word' id='word_1_221' title='bbox 369 1822 401 1854; x_wconf 93' lang='lat' dir='ltr'>in</span> <span class='ocrx_word' id='word_1_222' title='bbox 432 1832 543 1854; x_wconf 87' lang='lat' dir='ltr'>earum</span> <span class='ocrx_word' id='word_1_223' title='bbox 573 1821 757 1865; x_wconf 85' lang='lat' dir='ltr'>receptione</span> <span class='ocrx_word' id='word_1_224' title='bbox 789 1827 819 1854; x_wconf 93' lang='lat' dir='ltr'>et</span> <span class='ocrx_word' id='word_1_225' title='bbox 849 1821 995 1864; x_wconf 78' lang='lat' dir='ltr'>ingressu</span> 
     </span>
     <span class='ocr_line' id='line_1_60' title="bbox 250 1874 995 1918; baseline 0.001 -10"><span class='ocrx_word' id='word_1_226' title='bbox 250 1875 389 1918; x_wconf 79' lang='lat' dir='ltr'>virgines</span> <span class='ocrx_word' id='word_1_227' title='bbox 409 1886 446 1908; x_wconf 80' lang='lat' dir='ltr'>ex</span> <span class='ocrx_word' id='word_1_228' title='bbox 465 1875 609 1918; x_wconf 87' lang='lat' dir='ltr'>praefato</span> <span class='ocrx_word' id='word_1_229' title='bbox 623 1874 771 1917; x_wconf 77' lang='lat' dir='ltr'>collegio,</span> <span class='ocrx_word' id='word_1_230' title='bbox 788 1885 870 1918; x_wconf 87' lang='lat' dir='ltr'>quae</span> <span class='ocrx_word' id='word_1_231' title='bbox 885 1886 917 1908; x_wconf 88' lang='lat' dir='ltr'>se</span> <span class='ocrx_word' id='word_1_232' title='bbox 930 1876 995 1909; x_wconf 91' lang='lat' dir='ltr'>Deo</span> 
     </span>
     <span class='ocr_line' id='line_1_61' title="bbox 252 1928 996 1972; baseline -0.001 -10"><span class='ocrx_word' id='word_1_233' title='bbox 252 1929 369 1970; x_wconf 87' lang='lat' dir='ltr'>dicare,</span> <span class='ocrx_word' id='word_1_234' title='bbox 384 1929 535 1972; x_wconf 87' lang='lat' dir='ltr'>idemque</span> <span class='ocrx_word' id='word_1_235' title='bbox 549 1929 780 1962; x_wconf 89' lang='lat' dir='ltr'>monasterium</span> <span class='ocrx_word' id='word_1_236' title='bbox 794 1928 918 1971; x_wconf 75' lang='lat' dir='ltr'>ingredi</span> <span class='ocrx_word' id='word_1_237' title='bbox 932 1930 996 1962; x_wconf 89' lang='lat' dir='ltr'>vel-</span> 
     </span>
     <span class='ocr_line' id='line_1_62' title="bbox 251 1982 995 2026; baseline 0 -12"><span class='ocrx_word' id='word_1_238' title='bbox 251 1982 328 2022; x_wconf 89' lang='lat' dir='ltr'>lent,</span> <span class='ocrx_word' id='word_1_239' title='bbox 341 1982 765 2026; x_wconf 84' lang='lat' dir='ltr'>praeferrentur,praefatus</span> <span class='ocrx_word' id='word_1_240' title='bbox 778 1982 915 2015; x_wconf 83' lang='lat' dir='ltr'>Didacus</span> <span class='ocrx_word' id='word_1_241' title='bbox 927 1982 995 2026; x_wconf 91' lang='lat' dir='ltr'>epi-</span> 
     </span>
     <span class='ocr_line' id='line_1_63' title="bbox 251 2035 996 2079; baseline 0.001 -11"><span class='ocrx_word' id='word_1_242' title='bbox 251 2045 378 2079; x_wconf 90' lang='lat' dir='ltr'>scopus,</span> <span class='ocrx_word' id='word_1_243' title='bbox 401 2035 550 2068; x_wconf 84' lang='lat' dir='ltr'>facultate</span> <span class='ocrx_word' id='word_1_244' title='bbox 574 2035 634 2068; x_wconf 88' lang='lat' dir='ltr'>sibi</span> <span class='ocrx_word' id='word_1_245' title='bbox 658 2035 703 2068; x_wconf 91' lang='lat' dir='ltr'>sic</span> <span class='ocrx_word' id='word_1_246' title='bbox 729 2035 883 2068; x_wconf 85' lang='lat' dir='ltr'>attributa</span> <span class='ocrx_word' id='word_1_247' title='bbox 902 2041 996 2069; x_wconf 89' lang='lat' dir='ltr'>utens</span> 
     </span>
     <span class='ocr_line' id='line_1_64' title="bbox 252 2088 996 2132; baseline 0 -11"><span class='ocrx_word' id='word_1_248' title='bbox 252 2088 422 2132; x_wconf 88' lang='lat' dir='ltr'>imprimis,</span> <span class='ocrx_word' id='word_1_249' title='bbox 435 2089 524 2132; x_wconf 90' lang='lat' dir='ltr'>quod</span> <span class='ocrx_word' id='word_1_250' title='bbox 539 2088 659 2121; x_wconf 88' lang='lat' dir='ltr'>dictum</span> <span class='ocrx_word' id='word_1_251' title='bbox 681 2088 913 2121; x_wconf 89' lang='lat' dir='ltr'>monasterium</span> <span class='ocrx_word' id='word_1_252' title='bbox 927 2099 996 2122; x_wconf 92' lang='lat' dir='ltr'>mo—</span> 
     </span>
     <span class='ocr_line' id='line_1_65' title="bbox 251 2141 992 2183; baseline 0.001 -9"><span class='ocrx_word' id='word_1_253' title='bbox 251 2141 387 2174; x_wconf 87' lang='lat' dir='ltr'>nialium</span> <span class='ocrx_word' id='word_1_254' title='bbox 407 2141 513 2174; x_wconf 89' lang='lat' dir='ltr'>eidem</span> <span class='ocrx_word' id='word_1_255' title='bbox 534 2141 670 2183; x_wconf 78' lang='lat' dir='ltr'>collegio</span> <span class='ocrx_word' id='word_1_256' title='bbox 695 2141 739 2174; x_wconf 88' lang='lat' dir='ltr'>sic</span> <span class='ocrx_word' id='word_1_257' title='bbox 759 2141 891 2175; x_wconf 85' lang='lat' dir='ltr'>fundato</span> <span class='ocrx_word' id='word_1_258' title='bbox 913 2152 992 2175; x_wconf 90' lang='lat' dir='ltr'>con-</span> 
     </span>
     <span class='ocr_line' id='line_1_66' title="bbox 253 2194 992 2238; baseline 0.001 -11"><span class='ocrx_word' id='word_1_259' title='bbox 253 2195 376 2238; x_wconf 78' lang='lat' dir='ltr'>tiguum</span> <span class='ocrx_word' id='word_1_260' title='bbox 391 2222 399 2235; x_wconf 93' lang='lat'>,</span> <span class='ocrx_word' id='word_1_261' title='bbox 423 2200 451 2227; x_wconf 90' lang='lat' dir='ltr'>et</span> <span class='ocrx_word' id='word_1_262' title='bbox 478 2194 721 2238; x_wconf 86' lang='lat' dir='ltr'>incorporatum</span> <span class='ocrx_word' id='word_1_263' title='bbox 748 2195 847 2235; x_wconf 84' lang='lat' dir='ltr'>foret,</span> <span class='ocrx_word' id='word_1_264' title='bbox 871 2195 992 2229; x_wconf 87' lang='lat' dir='ltr'>adbae-</span> 
     </span>
     <span class='ocr_line' id='line_1_67' title="bbox 250 2247 995 2292; baseline 0 -11"><span class='ocrx_word' id='word_1_265' title='bbox 250 2253 401 2292; x_wconf 85' lang='lat' dir='ltr'>reretque</span> <span class='ocrx_word' id='word_1_266' title='bbox 420 2247 535 2291; x_wconf 87' lang='lat' dir='ltr'>parieti</span> <span class='ocrx_word' id='word_1_267' title='bbox 564 2247 650 2280; x_wconf 89' lang='lat' dir='ltr'>illius</span> <span class='ocrx_word' id='word_1_268' title='bbox 670 2247 773 2288; x_wconf 90' lang='lat' dir='ltr'>horti,</span> <span class='ocrx_word' id='word_1_269' title='bbox 796 2247 941 2281; x_wconf 87' lang='lat' dir='ltr'>videlicet</span> <span class='ocrx_word' id='word_1_270' title='bbox 963 2248 995 2281; x_wconf 91' lang='lat' dir='ltr'>in</span> 
     </span>
     <span class='ocr_line' id='line_1_68' title="bbox 251 2300 994 2344; baseline 0 -10"><span class='ocrx_word' id='word_1_271' title='bbox 251 2301 385 2334; x_wconf 88' lang='lat' dir='ltr'>aedibus</span> <span class='ocrx_word' id='word_1_272' title='bbox 401 2311 418 2333; x_wconf 95' lang='lat' dir='ltr'>a</span> <span class='ocrx_word' id='word_1_273' title='bbox 434 2300 484 2333; x_wconf 88' lang='lat' dir='ltr'>via</span> <span class='ocrx_word' id='word_1_274' title='bbox 504 2300 645 2343; x_wconf 86' lang='lat' dir='ltr'>publica,</span> <span class='ocrx_word' id='word_1_275' title='bbox 660 2311 742 2344; x_wconf 89' lang='lat' dir='ltr'>quae</span> <span class='ocrx_word' id='word_1_276' title='bbox 764 2300 881 2333; x_wconf 87' lang='lat' dir='ltr'>dicitur</span> <span class='ocrx_word' id='word_1_277' title='bbox 894 2311 911 2333; x_wconf 87' lang='lat' dir='ltr'>a</span> <span class='ocrx_word' id='word_1_278' title='bbox 926 2302 994 2334; x_wconf 92' lang='lat' dir='ltr'>foro</span> 
     </span>
     <span class='ocr_line' id='line_1_69' title="bbox 250 2353 995 2398; baseline 0 -11"><span class='ocrx_word' id='word_1_279' title='bbox 250 2354 378 2387; x_wconf 88' lang='lat' dir='ltr'>Porticu</span> <span class='ocrx_word' id='word_1_280' title='bbox 412 2359 443 2387; x_wconf 88' lang='lat' dir='ltr'>et</span> <span class='ocrx_word' id='word_1_281' title='bbox 474 2354 577 2387; x_wconf 89' lang='lat' dir='ltr'>Conca</span> <span class='ocrx_word' id='word_1_282' title='bbox 608 2353 765 2398; x_wconf 78' lang='lat' dir='ltr'>praedicti</span> <span class='ocrx_word' id='word_1_283' title='bbox 797 2353 929 2397; x_wconf 92' lang='lat' dir='ltr'>oppidi,</span> <span class='ocrx_word' id='word_1_284' title='bbox 955 2354 995 2387; x_wconf 90' lang='lat' dir='ltr'>ad</span> 
     </span>
     <span class='ocr_line' id='line_1_70' title="bbox 249 2408 990 2452; baseline 0 -12"><span class='ocrx_word' id='word_1_285' title='bbox 249 2409 389 2452; x_wconf 79' lang='lat' dir='ltr'>plateam</span> <span class='ocrx_word' id='word_1_286' title='bbox 418 2408 584 2452; x_wconf 87' lang='lat' dir='ltr'>hospitalis</span> <span class='ocrx_word' id='word_1_287' title='bbox 613 2409 842 2441; x_wconf 83' lang='lat' dir='ltr'>immaculatae</span> <span class='ocrx_word' id='word_1_288' title='bbox 870 2408 990 2441; x_wconf 83' lang='lat' dir='ltr'>Conce-</span> 
     </span>
     <span class='ocr_line' id='line_1_71' title="bbox 249 2460 993 2505; baseline -0.001 -11"><span class='ocrx_word' id='word_1_289' title='bbox 249 2461 369 2505; x_wconf 87' lang='lat' dir='ltr'>ptionis</span> <span class='ocrx_word' id='word_1_290' title='bbox 388 2462 503 2494; x_wconf 85' lang='lat' dir='ltr'>Beatae</span> <span class='ocrx_word' id='word_1_291' title='bbox 528 2461 644 2494; x_wconf 87' lang='lat' dir='ltr'>Mariae</span> <span class='ocrx_word' id='word_1_292' title='bbox 666 2461 815 2503; x_wconf 83' lang='lat' dir='ltr'>Virginis,</span> <span class='ocrx_word' id='word_1_293' title='bbox 832 2460 917 2494; x_wconf 89' lang='lat' dir='ltr'>iuxta</span> <span class='ocrx_word' id='word_1_294' title='bbox 937 2471 993 2494; x_wconf 91' lang='lat' dir='ltr'>an-</span> 
     </span>
     <span class='ocr_line' id='line_1_72' title="bbox 250 2514 994 2557; baseline 0.001 -11"><span class='ocrx_word' id='word_1_295' title='bbox 250 2514 360 2557; x_wconf 85' lang='lat' dir='ltr'>gulum</span> <span class='ocrx_word' id='word_1_296' title='bbox 382 2514 544 2547; x_wconf 80' lang='lat' dir='ltr'>confinem</span> <span class='ocrx_word' id='word_1_297' title='bbox 562 2514 673 2548; x_wconf 89' lang='lat' dir='ltr'>domui</span> <span class='ocrx_word' id='word_1_298' title='bbox 694 2514 885 2548; x_wconf 87' lang='lat' dir='ltr'>dilectorum</span> <span class='ocrx_word' id='word_1_299' title='bbox 911 2514 994 2547; x_wconf 82' lang='lat' dir='ltr'>sillo-</span> 
     </span>
     <span class='ocr_line' id='line_1_73' title="bbox 249 2567 994 2612; baseline -0.001 -12"><span class='ocrx_word' id='word_1_300' title='bbox 249 2577 321 2600; x_wconf 89' lang='lat' dir='ltr'>rum</span> <span class='ocrx_word' id='word_1_301' title='bbox 342 2567 520 2601; x_wconf 83' lang='lat' dir='ltr'>haeredum</span> <span class='ocrx_word' id='word_1_302' title='bbox 540 2568 703 2612; x_wconf 89' lang='lat' dir='ltr'>quondam</span> <span class='ocrx_word' id='word_1_303' title='bbox 723 2567 851 2601; x_wconf 89' lang='lat' dir='ltr'>Ioannis</span> <span class='ocrx_word' id='word_1_304' title='bbox 870 2567 994 2610; x_wconf 83' lang='lat' dir='ltr'>Limiga</span> 
     </span>
     <span class='ocr_line' id='line_1_74' title="bbox 249 2620 991 2666; baseline -0.001 -12"><span class='ocrx_word' id='word_1_305' title='bbox 249 2620 457 2655; x_wconf 87' lang='lat' dir='ltr'>existentibus</span> <span class='ocrx_word' id='word_1_306' title='bbox 476 2621 517 2655; x_wconf 90' lang='lat' dir='ltr'>ad</span> <span class='ocrx_word' id='word_1_307' title='bbox 538 2621 607 2655; x_wconf 52' lang='lat' dir='ltr'>hoc*</span> <span class='ocrx_word' id='word_1_308' title='bbox 618 2632 676 2666; x_wconf 89' lang='lat' dir='ltr'>per</span> <span class='ocrx_word' id='word_1_309' title='bbox 697 2621 817 2656; x_wconf 87' lang='lat' dir='ltr'>dictum</span> <span class='ocrx_word' id='word_1_310' title='bbox 839 2621 991 2655; x_wconf 86' lang='lat' dir='ltr'>Ioannem</span> 
     </span>
    </p>
   </div>
   <div class='ocr_carea' id='block_1_14' title="bbox 1010 276 1015 1363">
    <p class='ocr_par' dir='ltr' id='par_1_14' title="bbox 1010 276 1015 1363">
     <span class='ocr_line' id='line_1_75' title="bbox 1010 276 1015 1363; baseline 0 0"><span class='ocrx_word' id='word_1_311' title='bbox 1010 276 1015 1363; x_wconf 95' lang='lat' dir='ltr'> </span> 
     </span>
    </p>
   </div>
   <div class='ocr_carea' id='block_1_15' title="bbox 1032 274 1770 315">
    <p class='ocr_par' dir='ltr' id='par_1_15' title="bbox 1032 274 1770 315">
     <span class='ocr_line' id='line_1_76' title="bbox 1032 274 1770 315; baseline -0.003 -6"><span class='ocrx_word' id='word_1_312' title='bbox 1032 276 1235 309; x_wconf 78' lang='lat' dir='ltr'>fundatorem</span> <span class='ocrx_word' id='word_1_313' title='bbox 1260 275 1388 309; x_wconf 88' lang='lat' dir='ltr'>Cuentis</span> <span class='ocrx_word' id='word_1_314' title='bbox 1413 275 1437 315; x_wconf 82' lang='lat'>¹,</span> <span class='ocrx_word' id='word_1_315' title='bbox 1461 285 1498 308; x_wconf 88' lang='lat' dir='ltr'>ac</span> <span class='ocrx_word' id='word_1_316' title='bbox 1517 274 1595 307; x_wconf 90' lang='lat' dir='ltr'>inibi</span> <span class='ocrx_word' id='word_1_317' title='bbox 1616 274 1770 308; x_wconf 86' lang='lat' dir='ltr'>acdifica-</span> 
     </span>
    </p>
   </div>
   <div class='ocr_carea' id='block_1_16' title="bbox 1028 328 1776 2554">
    <p class='ocr_par' dir='ltr' id='par_1_16' title="bbox 1028 328 1776 2554">
     <span class='ocr_line' id='line_1_77' title="bbox 1030 328 1770 368; baseline -0.001 -7"><span class='ocrx_word' id='word_1_318' title='bbox 1030 335 1118 362; x_wconf 90' lang='lat' dir='ltr'>retur</span> <span class='ocrx_word' id='word_1_319' title='bbox 1138 330 1254 362; x_wconf 89' lang='lat' dir='ltr'>domus</span> <span class='ocrx_word' id='word_1_320' title='bbox 1274 328 1435 362; x_wconf 83' lang='lat' dir='ltr'>sufficiens</span> <span class='ocrx_word' id='word_1_321' title='bbox 1455 339 1527 361; x_wconf 88' lang='lat' dir='ltr'>cum</span> <span class='ocrx_word' id='word_1_322' title='bbox 1549 328 1694 368; x_wconf 83' lang='lat' dir='ltr'>ecclesia,</span> <span class='ocrx_word' id='word_1_323' title='bbox 1718 338 1770 361; x_wconf 91' lang='lat' dir='ltr'>sa-</span> 
     </span>
     <span class='ocr_line' id='line_1_78' title="bbox 1030 381 1772 426; baseline -0.003 -11"><span class='ocrx_word' id='word_1_324' title='bbox 1030 383 1146 423; x_wconf 77' lang='lat' dir='ltr'>crario,</span> <span class='ocrx_word' id='word_1_325' title='bbox 1170 383 1270 415; x_wconf 83' lang='lat' dir='ltr'>choro</span> <span class='ocrx_word' id='word_1_326' title='bbox 1281 382 1439 426; x_wconf 88' lang='lat' dir='ltr'>superiori</span> <span class='ocrx_word' id='word_1_327' title='bbox 1461 388 1492 415; x_wconf 92' lang='lat' dir='ltr'>et</span> <span class='ocrx_word' id='word_1_328' title='bbox 1512 381 1667 421; x_wconf 89' lang='lat' dir='ltr'>inferiori,</span> <span class='ocrx_word' id='word_1_329' title='bbox 1684 381 1772 414; x_wconf 88' lang='lat' dir='ltr'>clau-</span> 
     </span>
     <span class='ocr_line' id='line_1_79' title="bbox 1030 434 1774 478; baseline -0.001 -11"><span class='ocrx_word' id='word_1_330' title='bbox 1030 441 1106 473; x_wconf 75' lang='lat' dir='ltr'>sti-0,</span> <span class='ocrx_word' id='word_1_331' title='bbox 1132 435 1336 475; x_wconf 85' lang='lat' dir='ltr'>dormitorio,</span> <span class='ocrx_word' id='word_1_332' title='bbox 1356 435 1551 478; x_wconf 81' lang='lat' dir='ltr'>operatorio,</span> <span class='ocrx_word' id='word_1_333' title='bbox 1575 434 1730 467; x_wconf 87' lang='lat' dir='ltr'>novitiatu</span> <span class='ocrx_word' id='word_1_334' title='bbox 1743 439 1774 466; x_wconf 89' lang='lat' dir='ltr'>et</span> 
     </span>
     <span class='ocr_line' id='line_1_80' title="bbox 1030 487 1774 531; baseline -0.001 -11"><span class='ocrx_word' id='word_1_335' title='bbox 1030 488 1161 531; x_wconf 86' lang='lat' dir='ltr'>reliquis</span> <span class='ocrx_word' id='word_1_336' title='bbox 1198 488 1349 521; x_wconf 85' lang='lat' dir='ltr'>omnibus</span> <span class='ocrx_word' id='word_1_337' title='bbox 1380 488 1515 521; x_wconf 84' lang='lat' dir='ltr'>officinis</span> <span class='ocrx_word' id='word_1_338' title='bbox 1552 488 1582 520; x_wconf 90' lang='lat' dir='ltr'>in</span> <span class='ocrx_word' id='word_1_339' title='bbox 1616 487 1774 520; x_wconf 88' lang='lat' dir='ltr'>similibus</span> 
     </span>
     <span class='ocr_line' id='line_1_81' title="bbox 1030 540 1775 584; baseline -0.001 -11"><span class='ocrx_word' id='word_1_340' title='bbox 1030 542 1233 574; x_wconf 85' lang='lat' dir='ltr'>monasteriis</span> <span class='ocrx_word' id='word_1_341' title='bbox 1263 548 1293 575; x_wconf 89' lang='lat' dir='ltr'>et</span> <span class='ocrx_word' id='word_1_342' title='bbox 1321 541 1464 584; x_wconf 80' lang='lat' dir='ltr'>collegiis</span> <span class='ocrx_word' id='word_1_343' title='bbox 1495 541 1564 574; x_wconf 87' lang='lat' dir='ltr'>fieri</span> <span class='ocrx_word' id='word_1_344' title='bbox 1593 540 1715 580; x_wconf 89' lang='lat' dir='ltr'>solitis,</span> <span class='ocrx_word' id='word_1_345' title='bbox 1744 545 1775 573; x_wconf 88' lang='lat' dir='ltr'>et</span> 
     </span>
     <span class='ocr_line' id='line_1_82' title="bbox 1029 593 1770 638; baseline -0.003 -11"><span class='ocrx_word' id='word_1_346' title='bbox 1029 595 1238 638; x_wconf 63' lang='lat' dir='ltr'>opportunis,</span> <span class='ocrx_word' id='word_1_347' title='bbox 1262 606 1399 638; x_wconf 89' lang='lat' dir='ltr'>quorum</span> <span class='ocrx_word' id='word_1_348' title='bbox 1429 594 1614 627; x_wconf 89' lang='lat' dir='ltr'>monasterii</span> <span class='ocrx_word' id='word_1_349' title='bbox 1646 599 1677 626; x_wconf 92' lang='lat' dir='ltr'>et</span> <span class='ocrx_word' id='word_1_350' title='bbox 1701 593 1770 626; x_wconf 91' lang='lat' dir='ltr'>col-</span> 
     </span>
     <span class='ocr_line' id='line_1_83' title="bbox 1029 646 1774 689; baseline 0 -10"><span class='ocrx_word' id='word_1_351' title='bbox 1029 647 1102 689; x_wconf 78' lang='lat' dir='ltr'>legii</span> <span class='ocrx_word' id='word_1_352' title='bbox 1121 648 1291 687; x_wconf 82' lang='lat' dir='ltr'>invocatio,</span> <span class='ocrx_word' id='word_1_353' title='bbox 1309 648 1419 681; x_wconf 90' lang='lat' dir='ltr'>titulus</span> <span class='ocrx_word' id='word_1_354' title='bbox 1440 653 1471 680; x_wconf 91' lang='lat' dir='ltr'>et</span> <span class='ocrx_word' id='word_1_355' title='bbox 1491 646 1712 680; x_wconf 88' lang='lat' dir='ltr'>denominatio</span> <span class='ocrx_word' id='word_1_356' title='bbox 1726 657 1774 679; x_wconf 89' lang='lat' dir='ltr'>es-</span> 
     </span>
     <span class='ocr_line' id='line_1_84' title="bbox 1029 700 1773 744; baseline -0.001 -11"><span class='ocrx_word' id='word_1_357' title='bbox 1029 706 1073 733; x_wconf 85' lang='lat' dir='ltr'>set</span> <span class='ocrx_word' id='word_1_358' title='bbox 1088 701 1134 734; x_wconf 82' lang='lat' dir='ltr'>De</span> <span class='ocrx_word' id='word_1_359' title='bbox 1152 701 1227 733; x_wconf 72' lang='lat' dir='ltr'>Iesu</span> <span class='ocrx_word' id='word_1_360' title='bbox 1247 701 1366 733; x_wconf 77' lang='lat' dir='ltr'>Maria.</span> <span class='ocrx_word' id='word_1_361' title='bbox 1382 700 1467 734; x_wconf 91' lang='lat' dir='ltr'>Ordo</span> <span class='ocrx_word' id='word_1_362' title='bbox 1485 711 1560 733; x_wconf 87' lang='lat' dir='ltr'>vcro</span> <span class='ocrx_word' id='word_1_363' title='bbox 1584 700 1683 744; x_wconf 89' lang='lat' dir='ltr'>ipsius</span> <span class='ocrx_word' id='word_1_364' title='bbox 1703 710 1773 732; x_wconf 93' lang='lat' dir='ltr'>mo-</span> 
     </span>
     <span class='ocr_line' id='line_1_85' title="bbox 1029 754 1774 797; baseline 0 -11"><span class='ocrx_word' id='word_1_365' title='bbox 1029 754 1159 787; x_wconf 88' lang='lat' dir='ltr'>nasterii</span> <span class='ocrx_word' id='word_1_366' title='bbox 1181 760 1211 787; x_wconf 88' lang='lat' dir='ltr'>et</span> <span class='ocrx_word' id='word_1_367' title='bbox 1231 755 1344 796; x_wconf 76' lang='lat' dir='ltr'>regula</span> <span class='ocrx_word' id='word_1_368' title='bbox 1358 782 1365 795; x_wconf 85' lang='lat'>,</span> <span class='ocrx_word' id='word_1_369' title='bbox 1389 765 1485 797; x_wconf 90' lang='lat' dir='ltr'>quam</span> <span class='ocrx_word' id='word_1_370' title='bbox 1508 754 1592 787; x_wconf 88' lang='lat' dir='ltr'>illius</span> <span class='ocrx_word' id='word_1_371' title='bbox 1618 754 1774 786; x_wconf 83' lang='lat' dir='ltr'>moniales</span> 
     </span>
     <span class='ocr_line' id='line_1_86' title="bbox 1029 807 1772 851; baseline -0.003 -10"><span class='ocrx_word' id='word_1_372' title='bbox 1029 809 1199 841; x_wconf 82' lang='lat' dir='ltr'>ohservare</span> <span class='ocrx_word' id='word_1_373' title='bbox 1221 808 1386 848; x_wconf 83' lang='lat' dir='ltr'>deberent,</span> <span class='ocrx_word' id='word_1_374' title='bbox 1410 808 1497 840; x_wconf 80' lang='lat' dir='ltr'>Beati</span> <span class='ocrx_word' id='word_1_375' title='bbox 1517 807 1704 851; x_wconf 78' lang='lat' dir='ltr'>Hieronymi</span> <span class='ocrx_word' id='word_1_376' title='bbox 1723 818 1772 840; x_wconf 91' lang='lat' dir='ltr'>es-</span> 
     </span>
     <span class='ocr_line' id='line_1_87' title="bbox 1029 861 1771 904; baseline -0.001 -11"><span class='ocrx_word' id='word_1_377' title='bbox 1029 867 1114 901; x_wconf 84' lang='lat' dir='ltr'>sent;</span> <span class='ocrx_word' id='word_1_378' title='bbox 1135 861 1274 904; x_wconf 89' lang='lat' dir='ltr'>denique</span> <span class='ocrx_word' id='word_1_379' title='bbox 1292 861 1449 894; x_wconf 84' lang='lat' dir='ltr'>moniales</span> <span class='ocrx_word' id='word_1_380' title='bbox 1469 861 1508 893; x_wconf 85' lang='lat' dir='ltr'>ad</span> <span class='ocrx_word' id='word_1_381' title='bbox 1529 861 1677 900; x_wconf 89' lang='lat' dir='ltr'>formam,</span> <span class='ocrx_word' id='word_1_382' title='bbox 1692 871 1771 893; x_wconf 92' lang='lat' dir='ltr'>nor-</span> 
     </span>
     <span class='ocr_line' id='line_1_88' title="bbox 1030 913 1774 956; baseline -0.003 -10"><span class='ocrx_word' id='word_1_383' title='bbox 1030 925 1115 946; x_wconf 88' lang='lat' dir='ltr'>mam</span> <span class='ocrx_word' id='word_1_384' title='bbox 1149 920 1179 947; x_wconf 87' lang='lat' dir='ltr'>et</span> <span class='ocrx_word' id='word_1_385' title='bbox 1210 914 1371 956; x_wconf 81' lang='lat' dir='ltr'>regularia</span> <span class='ocrx_word' id='word_1_386' title='bbox 1404 913 1548 946; x_wconf 86' lang='lat' dir='ltr'>instituta</span> <span class='ocrx_word' id='word_1_387' title='bbox 1573 918 1774 946; x_wconf 82' lang='lat' dir='ltr'>caeterarum</span> 
     </span>
     <span class='ocr_line' id='line_1_89' title="bbox 1029 965 1774 1008; baseline -0.003 -8"><span class='ocrx_word' id='word_1_388' title='bbox 1029 967 1105 1000; x_wconf 82' lang='lat' dir='ltr'>dicti</span> <span class='ocrx_word' id='word_1_389' title='bbox 1123 967 1245 1000; x_wconf 91' lang='lat' dir='ltr'>ordinis</span> <span class='ocrx_word' id='word_1_390' title='bbox 1263 967 1465 1007; x_wconf 89' lang='lat' dir='ltr'>monialium,</span> <span class='ocrx_word' id='word_1_391' title='bbox 1481 972 1512 999; x_wconf 87' lang='lat' dir='ltr'>et</span> <span class='ocrx_word' id='word_1_392' title='bbox 1527 966 1611 999; x_wconf 90' lang='lat' dir='ltr'>illius</span> <span class='ocrx_word' id='word_1_393' title='bbox 1631 965 1774 1008; x_wconf 78' lang='lat' dir='ltr'>generali</span> 
     </span>
     <span class='ocr_line' id='line_1_90' title="bbox 1029 1019 1775 1059; baseline -0.003 -6"><span class='ocrx_word' id='word_1_394' title='bbox 1029 1021 1243 1059; x_wconf 88' lang='lat' dir='ltr'>subditarum,</span> <span class='ocrx_word' id='word_1_395' title='bbox 1264 1021 1319 1053; x_wconf 87' lang='lat' dir='ltr'>sed</span> <span class='ocrx_word' id='word_1_396' title='bbox 1338 1026 1445 1053; x_wconf 89' lang='lat' dir='ltr'>tamen</span> <span class='ocrx_word' id='word_1_397' title='bbox 1463 1020 1521 1053; x_wconf 91' lang='lat' dir='ltr'>sub</span> <span class='ocrx_word' id='word_1_398' title='bbox 1547 1019 1730 1052; x_wconf 84' lang='lat' dir='ltr'>obedientia</span> <span class='ocrx_word' id='word_1_399' title='bbox 1744 1024 1775 1051; x_wconf 90' lang='lat' dir='ltr'>et</span> 
     </span>
     <span class='ocr_line' id='line_1_91' title="bbox 1030 1072 1773 1107; baseline -0.003 -1"><span class='ocrx_word' id='word_1_400' title='bbox 1030 1074 1251 1106; x_wconf 89' lang='lat' dir='ltr'>iurisdictione</span> <span class='ocrx_word' id='word_1_401' title='bbox 1264 1073 1424 1107; x_wconf 90' lang='lat' dir='ltr'>Ordinarii</span> <span class='ocrx_word' id='word_1_402' title='bbox 1439 1073 1500 1106; x_wconf 88' lang='lat' dir='ltr'>loci</span> <span class='ocrx_word' id='word_1_403' title='bbox 1514 1083 1546 1105; x_wconf 91' lang='lat' dir='ltr'>se</span> <span class='ocrx_word' id='word_1_404' title='bbox 1560 1072 1773 1105; x_wconf 85' lang='lat' dir='ltr'>accomodare</span> 
     </span>
     <span class='ocr_line' id='line_1_92' title="bbox 1029 1127 1775 1169; baseline -0.003 -9"><span class='ocrx_word' id='word_1_405' title='bbox 1029 1128 1196 1167; x_wconf 86' lang='lat' dir='ltr'>deberent;</span> <span class='ocrx_word' id='word_1_406' title='bbox 1209 1138 1245 1160; x_wconf 86' lang='lat' dir='ltr'>ac</span> <span class='ocrx_word' id='word_1_407' title='bbox 1257 1133 1320 1160; x_wconf 87' lang='lat' dir='ltr'>tam</span> <span class='ocrx_word' id='word_1_408' title='bbox 1332 1127 1563 1160; x_wconf 89' lang='lat' dir='ltr'>monasterium</span> <span class='ocrx_word' id='word_1_409' title='bbox 1574 1127 1775 1169; x_wconf 79' lang='lat' dir='ltr'>erigendum,</span> 
     </span>
     <span class='ocr_line' id='line_1_93' title="bbox 1029 1172 1775 1224; baseline -0.001 -11"><span class='ocrx_word' id='word_1_410' title='bbox 1029 1172 1125 1224; x_wconf 84' lang='lat' dir='ltr'>quain</span> <span class='ocrx_word' id='word_1_411' title='bbox 1147 1180 1231 1213; x_wconf 90' lang='lat' dir='ltr'>illius</span> <span class='ocrx_word' id='word_1_412' title='bbox 1249 1180 1405 1213; x_wconf 85' lang='lat' dir='ltr'>moniales</span> <span class='ocrx_word' id='word_1_413' title='bbox 1418 1180 1605 1213; x_wconf 89' lang='lat' dir='ltr'>huiusmodi</span> <span class='ocrx_word' id='word_1_414' title='bbox 1626 1180 1724 1223; x_wconf 85' lang='lat' dir='ltr'>septis</span> <span class='ocrx_word' id='word_1_415' title='bbox 1744 1185 1775 1213; x_wconf 89' lang='lat' dir='ltr'>et</span> 
     </span>
     <span class='ocr_line' id='line_1_94' title="bbox 1029 1233 1775 1276; baseline -0.003 -9"><span class='ocrx_word' id='word_1_416' title='bbox 1029 1234 1177 1267; x_wconf 84' lang='lat' dir='ltr'>clausura</span> <span class='ocrx_word' id='word_1_417' title='bbox 1186 1233 1388 1276; x_wconf 73' lang='lat' dir='ltr'>congruenti,</span> <span class='ocrx_word' id='word_1_418' title='bbox 1400 1233 1495 1266; x_wconf 90' lang='lat' dir='ltr'>etiam</span> <span class='ocrx_word' id='word_1_419' title='bbox 1509 1233 1547 1265; x_wconf 87' lang='lat' dir='ltr'>ad</span> <span class='ocrx_word' id='word_1_420' title='bbox 1560 1233 1695 1266; x_wconf 92' lang='lat' dir='ltr'>invicem</span> <span class='ocrx_word' id='word_1_421' title='bbox 1705 1233 1775 1265; x_wconf 91' lang='lat' dir='ltr'>uni—</span> 
     </span>
     <span class='ocr_line' id='line_1_95' title="bbox 1029 1286 1775 1330; baseline 0 -10"><span class='ocrx_word' id='word_1_422' title='bbox 1029 1293 1152 1327; x_wconf 83' lang='lat' dir='ltr'>rentur,</span> <span class='ocrx_word' id='word_1_423' title='bbox 1166 1287 1246 1320; x_wconf 90' lang='lat' dir='ltr'>itaut</span> <span class='ocrx_word' id='word_1_424' title='bbox 1255 1297 1295 1320; x_wconf 92' lang='lat' dir='ltr'>ne</span> <span class='ocrx_word' id='word_1_425' title='bbox 1304 1292 1398 1330; x_wconf 90' lang='lat' dir='ltr'>porta</span> <span class='ocrx_word' id='word_1_426' title='bbox 1407 1286 1537 1330; x_wconf 90' lang='lat' dir='ltr'>quidem</span> <span class='ocrx_word' id='word_1_427' title='bbox 1550 1292 1604 1319; x_wconf 87' lang='lat' dir='ltr'>aut</span> <span class='ocrx_word' id='word_1_428' title='bbox 1614 1286 1775 1328; x_wconf 84' lang='lat' dir='ltr'>ingressus</span> 
     </span>
     <span class='ocr_line' id='line_1_96' title="bbox 1029 1339 1773 1382; baseline -0.001 -9"><span class='ocrx_word' id='word_1_429' title='bbox 1029 1341 1133 1374; x_wconf 90' lang='lat' dir='ltr'>eidem</span> <span class='ocrx_word' id='word_1_430' title='bbox 1149 1340 1355 1380; x_wconf 87' lang='lat' dir='ltr'>monialibus,</span> <span class='ocrx_word' id='word_1_431' title='bbox 1367 1346 1402 1372; x_wconf 91' lang='lat' dir='ltr'>ut</span> <span class='ocrx_word' id='word_1_432' title='bbox 1414 1340 1454 1372; x_wconf 89' lang='lat' dir='ltr'>ad</span> <span class='ocrx_word' id='word_1_433' title='bbox 1468 1339 1589 1373; x_wconf 89' lang='lat' dir='ltr'>dictum</span> <span class='ocrx_word' id='word_1_434' title='bbox 1602 1339 1773 1382; x_wconf 79' lang='lat' dir='ltr'>collegium</span> 
     </span>
     <span class='ocr_line' id='line_1_97' title="bbox 1029 1393 1775 1437; baseline -0.003 -10"><span class='ocrx_word' id='word_1_435' title='bbox 1029 1395 1182 1427; x_wconf 85' lang='lat' dir='ltr'>accedere</span> <span class='ocrx_word' id='word_1_436' title='bbox 1202 1398 1342 1437; x_wconf 87' lang='lat' dir='ltr'>possent,</span> <span class='ocrx_word' id='word_1_437' title='bbox 1362 1393 1619 1437; x_wconf 87' lang='lat' dir='ltr'>permitteretur·‚</span> <span class='ocrx_word' id='word_1_438' title='bbox 1634 1393 1775 1436; x_wconf 90' lang='lat' dir='ltr'>quinim-</span> 
     </span>
     <span class='ocr_line' id='line_1_98' title="bbox 1029 1446 1773 1489; baseline -0.001 -9"><span class='ocrx_word' id='word_1_439' title='bbox 1029 1458 1082 1481; x_wconf 91' lang='lat' dir='ltr'>mo</span> <span class='ocrx_word' id='word_1_440' title='bbox 1107 1448 1232 1480; x_wconf 87' lang='lat' dir='ltr'>nullum</span> <span class='ocrx_word' id='word_1_441' title='bbox 1258 1458 1332 1479; x_wconf 81' lang='lat' dir='ltr'>cum</span> <span class='ocrx_word' id='word_1_442' title='bbox 1353 1446 1530 1489; x_wconf 81' lang='lat' dir='ltr'>virginibus</span> <span class='ocrx_word' id='word_1_443' title='bbox 1555 1446 1692 1489; x_wconf 78' lang='lat' dir='ltr'>collegio</span> <span class='ocrx_word' id='word_1_444' title='bbox 1716 1447 1773 1479; x_wconf 89' lang='lat' dir='ltr'>ad-</span> 
     </span>
     <span class='ocr_line' id='line_1_99' title="bbox 1028 1500 1771 1545; baseline -0.003 -11"><span class='ocrx_word' id='word_1_445' title='bbox 1028 1501 1154 1545; x_wconf 83' lang='lat' dir='ltr'>scriptis</span> <span class='ocrx_word' id='word_1_446' title='bbox 1169 1500 1401 1534; x_wconf 85' lang='lat' dir='ltr'>commercium</span> <span class='ocrx_word' id='word_1_447' title='bbox 1416 1500 1601 1540; x_wconf 87' lang='lat' dir='ltr'>haberetur,</span> <span class='ocrx_word' id='word_1_448' title='bbox 1618 1500 1677 1533; x_wconf 87' lang='lat' dir='ltr'>nisi</span> <span class='ocrx_word' id='word_1_449' title='bbox 1695 1511 1771 1544; x_wconf 88' lang='lat' dir='ltr'>spe-</span> 
     </span>
     <span class='ocr_line' id='line_1_100' title="bbox 1029 1553 1774 1598; baseline 0 -11"><span class='ocrx_word' id='word_1_450' title='bbox 1029 1555 1101 1587; x_wconf 88' lang='lat' dir='ltr'>ciali</span> <span class='ocrx_word' id='word_1_451' title='bbox 1112 1554 1241 1587; x_wconf 88' lang='lat' dir='ltr'>licentia</span> <span class='ocrx_word' id='word_1_452' title='bbox 1250 1565 1267 1587; x_wconf 91' lang='lat' dir='ltr'>a</span> <span class='ocrx_word' id='word_1_453' title='bbox 1276 1554 1358 1587; x_wconf 88' lang='lat' dir='ltr'>Sede</span> <span class='ocrx_word' id='word_1_454' title='bbox 1367 1553 1551 1597; x_wconf 87' lang='lat' dir='ltr'>Apostolica</span> <span class='ocrx_word' id='word_1_455' title='bbox 1564 1554 1704 1598; x_wconf 88' lang='lat' dir='ltr'>desuper</span> <span class='ocrx_word' id='word_1_456' title='bbox 1717 1554 1774 1587; x_wconf 90' lang='lat' dir='ltr'>ob-</span> 
     </span>
     <span class='ocr_line' id='line_1_101' title="bbox 1038 1606 1770 1651; baseline -0.001 -10"><span class='ocrx_word' id='word_1_457' title='bbox 1038 1614 1133 1642; x_wconf 89' lang='lat' dir='ltr'>tenta.</span> <span class='ocrx_word' id='word_1_458' title='bbox 1148 1608 1317 1640; x_wconf 91' lang='lat' dir='ltr'>Praeterea</span> <span class='ocrx_word' id='word_1_459' title='bbox 1330 1607 1416 1640; x_wconf 91' lang='lat' dir='ltr'>idem</span> <span class='ocrx_word' id='word_1_460' title='bbox 1435 1607 1572 1640; x_wconf 84' lang='lat' dir='ltr'>Didacus</span> <span class='ocrx_word' id='word_1_461' title='bbox 1590 1606 1770 1651; x_wconf 87' lang='lat' dir='ltr'>episcopus,</span> 
     </span>
     <span class='ocr_line' id='line_1_102' title="bbox 1029 1660 1774 1704; baseline -0.004 -9"><span class='ocrx_word' id='word_1_462' title='bbox 1029 1660 1198 1695; x_wconf 86' lang='lat' dir='ltr'>attendens</span> <span class='ocrx_word' id='word_1_463' title='bbox 1218 1661 1377 1694; x_wconf 87' lang='lat' dir='ltr'>testatoris</span> <span class='ocrx_word' id='word_1_464' title='bbox 1390 1661 1588 1694; x_wconf 88' lang='lat' dir='ltr'>voluntatem</span> <span class='ocrx_word' id='word_1_465' title='bbox 1602 1666 1633 1693; x_wconf 89' lang='lat' dir='ltr'>et</span> <span class='ocrx_word' id='word_1_466' title='bbox 1646 1671 1774 1704; x_wconf 83' lang='lat' dir='ltr'>expres-</span> 
     </span>
     <span class='ocr_line' id='line_1_103' title="bbox 1030 1713 1775 1758; baseline -0.003 -10"><span class='ocrx_word' id='word_1_467' title='bbox 1030 1725 1097 1748; x_wconf 89' lang='lat' dir='ltr'>sam</span> <span class='ocrx_word' id='word_1_468' title='bbox 1110 1714 1365 1758; x_wconf 83' lang='lat' dir='ltr'>dispositionem,</span> <span class='ocrx_word' id='word_1_469' title='bbox 1377 1714 1536 1755; x_wconf 86' lang='lat' dir='ltr'>videlicct,</span> <span class='ocrx_word' id='word_1_470' title='bbox 1548 1714 1674 1757; x_wconf 91' lang='lat' dir='ltr'>quodin</span> <span class='ocrx_word' id='word_1_471' title='bbox 1689 1713 1775 1747; x_wconf 90' lang='lat' dir='ltr'>dicto</span> 
     </span>
     <span class='ocr_line' id='line_1_104' title="bbox 1030 1766 1774 1809; baseline -0.003 -9"><span class='ocrx_word' id='word_1_472' title='bbox 1030 1767 1227 1800; x_wconf 90' lang='lat' dir='ltr'>monasterio</span> <span class='ocrx_word' id='word_1_473' title='bbox 1257 1767 1411 1809; x_wconf 80' lang='lat' dir='ltr'>erigendo</span> <span class='ocrx_word' id='word_1_474' title='bbox 1446 1766 1618 1800; x_wconf 86' lang='lat' dir='ltr'>duodecim</span> <span class='ocrx_word' id='word_1_475' title='bbox 1650 1771 1774 1799; x_wconf 87' lang='lat' dir='ltr'>tantum</span> 
     </span>
     <span class='ocr_line' id='line_1_105' title="bbox 1030 1819 1772 1863; baseline -0.004 -9"><span class='ocrx_word' id='word_1_476' title='bbox 1030 1822 1177 1854; x_wconf 88' lang='lat' dir='ltr'>adessent</span> <span class='ocrx_word' id='word_1_477' title='bbox 1197 1820 1373 1860; x_wconf 86' lang='lat' dir='ltr'>moniales,</span> <span class='ocrx_word' id='word_1_478' title='bbox 1397 1831 1479 1863; x_wconf 90' lang='lat' dir='ltr'>quae</span> <span class='ocrx_word' id='word_1_479' title='bbox 1503 1826 1531 1852; x_wconf 87' lang='lat' dir='ltr'>ct</span> <span class='ocrx_word' id='word_1_480' title='bbox 1553 1819 1772 1863; x_wconf 85' lang='lat' dir='ltr'>proventibus,</span> 
     </span>
     <span class='ocr_line' id='line_1_106' title="bbox 1030 1873 1776 1918; baseline -0.003 -10"><span class='ocrx_word' id='word_1_481' title='bbox 1030 1881 1060 1908; x_wconf 87' lang='lat' dir='ltr'>et</span> <span class='ocrx_word' id='word_1_482' title='bbox 1079 1874 1172 1908; x_wconf 91' lang='lat' dir='ltr'>bonis</span> <span class='ocrx_word' id='word_1_483' title='bbox 1187 1874 1287 1918; x_wconf 89' lang='lat' dir='ltr'>ipsius</span> <span class='ocrx_word' id='word_1_484' title='bbox 1301 1873 1428 1916; x_wconf 80' lang='lat' dir='ltr'>collegii</span> <span class='ocrx_word' id='word_1_485' title='bbox 1442 1873 1483 1906; x_wconf 91' lang='lat' dir='ltr'>ali</span> <span class='ocrx_word' id='word_1_486' title='bbox 1500 1873 1666 1912; x_wconf 89' lang='lat' dir='ltr'>deberent,</span> <span class='ocrx_word' id='word_1_487' title='bbox 1678 1879 1776 1917; x_wconf 86' lang='lat' dir='ltr'>prout</span> 
     </span>
     <span class='ocr_line' id='line_1_107' title="bbox 1030 1927 1771 1970; baseline -0.003 -9"><span class='ocrx_word' id='word_1_488' title='bbox 1030 1929 1114 1961; x_wconf 91' lang='lat' dir='ltr'>istud</span> <span class='ocrx_word' id='word_1_489' title='bbox 1143 1938 1224 1960; x_wconf 90' lang='lat' dir='ltr'>onus</span> <span class='ocrx_word' id='word_1_490' title='bbox 1253 1927 1358 1960; x_wconf 89' lang='lat' dir='ltr'>eidem</span> <span class='ocrx_word' id='word_1_491' title='bbox 1386 1927 1522 1969; x_wconf 83' lang='lat' dir='ltr'>collegio</span> <span class='ocrx_word' id='word_1_492' title='bbox 1553 1927 1771 1970; x_wconf 87' lang='lat' dir='ltr'>imposuerat,</span> 
     </span>
     <span class='ocr_line' id='line_1_108' title="bbox 1029 1981 1771 2024; baseline -0.004 -8"><span class='ocrx_word' id='word_1_493' title='bbox 1029 1981 1158 2021; x_wconf 88' lang='lat' dir='ltr'>statuit,</span> <span class='ocrx_word' id='word_1_494' title='bbox 1182 1987 1217 2014; x_wconf 91' lang='lat' dir='ltr'>ut</span> <span class='ocrx_word' id='word_1_495' title='bbox 1247 1981 1286 2014; x_wconf 90' lang='lat' dir='ltr'>de</span> <span class='ocrx_word' id='word_1_496' title='bbox 1317 1986 1485 2024; x_wconf 87' lang='lat' dir='ltr'>tempore,</span> <span class='ocrx_word' id='word_1_497' title='bbox 1510 1991 1574 2023; x_wconf 86' lang='lat' dir='ltr'>quo</span> <span class='ocrx_word' id='word_1_498' title='bbox 1607 1986 1771 2013; x_wconf 86' lang='lat' dir='ltr'>monaste-</span> 
     </span>
     <span class='ocr_line' id='line_1_109' title="bbox 1031 2034 1775 2075; baseline -0.004 -6"><span class='ocrx_word' id='word_1_499' title='bbox 1031 2036 1114 2069; x_wconf 91' lang='lat' dir='ltr'>rium</span> <span class='ocrx_word' id='word_1_500' title='bbox 1129 2040 1362 2075; x_wconf 85' lang='lat' dir='ltr'>constructum,</span> <span class='ocrx_word' id='word_1_501' title='bbox 1374 2040 1405 2067; x_wconf 93' lang='lat' dir='ltr'>et</span> <span class='ocrx_word' id='word_1_502' title='bbox 1418 2034 1526 2068; x_wconf 90' lang='lat' dir='ltr'>debita</span> <span class='ocrx_word' id='word_1_503' title='bbox 1543 2035 1691 2067; x_wconf 87' lang='lat' dir='ltr'>clausura</span> <span class='ocrx_word' id='word_1_504' title='bbox 1705 2045 1775 2067; x_wconf 89' lang='lat' dir='ltr'>mu-</span> 
     </span>
     <span class='ocr_line' id='line_1_110' title="bbox 1029 2087 1774 2129; baseline -0.004 -7"><span class='ocrx_word' id='word_1_505' title='bbox 1029 2089 1145 2129; x_wconf 86' lang='lat' dir='ltr'>nitum,</span> <span class='ocrx_word' id='word_1_506' title='bbox 1163 2099 1199 2121; x_wconf 87' lang='lat' dir='ltr'>ac</span> <span class='ocrx_word' id='word_1_507' title='bbox 1216 2088 1248 2120; x_wconf 93' lang='lat' dir='ltr'>in</span> <span class='ocrx_word' id='word_1_508' title='bbox 1269 2088 1324 2120; x_wconf 91' lang='lat' dir='ltr'>illo</span> <span class='ocrx_word' id='word_1_509' title='bbox 1344 2087 1500 2120; x_wconf 87' lang='lat' dir='ltr'>moniales</span> <span class='ocrx_word' id='word_1_510' title='bbox 1521 2087 1774 2120; x_wconf 86' lang='lat' dir='ltr'>introducendae</span> 
     </span>
     <span class='ocr_line' id='line_1_111' title="bbox 1030 2140 1773 2185; baseline -0.004 -10"><span class='ocrx_word' id='word_1_511' title='bbox 1030 2143 1135 2175; x_wconf 86' lang='lat' dir='ltr'>forent</span> <span class='ocrx_word' id='word_1_512' title='bbox 1160 2152 1196 2174; x_wconf 85' lang='lat' dir='ltr'>ex</span> <span class='ocrx_word' id='word_1_513' title='bbox 1221 2141 1297 2185; x_wconf 89' lang='lat' dir='ltr'>ipsis</span> <span class='ocrx_word' id='word_1_514' title='bbox 1322 2140 1502 2183; x_wconf 78' lang='lat' dir='ltr'>virginibus</span> <span class='ocrx_word' id='word_1_515' title='bbox 1530 2140 1562 2172; x_wconf 90' lang='lat' dir='ltr'>in</span> <span class='ocrx_word' id='word_1_516' title='bbox 1588 2140 1773 2173; x_wconf 82' lang='lat' dir='ltr'>huiusmodi</span> 
     </span>
     <span class='ocr_line' id='line_1_112' title="bbox 1030 2193 1771 2238; baseline -0.003 -10"><span class='ocrx_word' id='word_1_517' title='bbox 1030 2195 1165 2238; x_wconf 75' lang='lat' dir='ltr'>collegio</span> <span class='ocrx_word' id='word_1_518' title='bbox 1198 2194 1389 2237; x_wconf 79' lang='lat' dir='ltr'>degentibus</span> <span class='ocrx_word' id='word_1_519' title='bbox 1417 2194 1597 2227; x_wconf 87' lang='lat' dir='ltr'>secundum</span> <span class='ocrx_word' id='word_1_520' title='bbox 1623 2193 1771 2226; x_wconf 88' lang='lat' dir='ltr'>ordinem</span> 
     </span>
     <span class='ocr_line' id='line_1_113' title="bbox 1030 2248 1774 2293; baseline -0.001 -11"><span class='ocrx_word' id='word_1_521' title='bbox 1030 2254 1061 2282; x_wconf 91' lang='lat' dir='ltr'>et</span> <span class='ocrx_word' id='word_1_522' title='bbox 1080 2249 1313 2293; x_wconf 84' lang='lat' dir='ltr'>praelationem</span> <span class='ocrx_word' id='word_1_523' title='bbox 1335 2260 1352 2281; x_wconf 89' lang='lat' dir='ltr'>a</span> <span class='ocrx_word' id='word_1_524' title='bbox 1373 2248 1457 2281; x_wconf 90' lang='lat' dir='ltr'>dicto</span> <span class='ocrx_word' id='word_1_525' title='bbox 1472 2249 1589 2281; x_wconf 91' lang='lat' dir='ltr'>Ioanne</span> <span class='ocrx_word' id='word_1_526' title='bbox 1603 2248 1774 2281; x_wconf 82' lang='lat' dir='ltr'>fundatore</span> 
     </span>
     <span class='ocr_line' id='line_1_114' title="bbox 1028 2301 1771 2346; baseline -0.003 -11"><span class='ocrx_word' id='word_1_527' title='bbox 1028 2302 1260 2346; x_wconf 88' lang='lat' dir='ltr'>praescriptam</span> <span class='ocrx_word' id='word_1_528' title='bbox 1281 2307 1533 2341; x_wconf 88' lang='lat' dir='ltr'>assumerentur,</span> <span class='ocrx_word' id='word_1_529' title='bbox 1557 2301 1617 2333; x_wconf 90' lang='lat' dir='ltr'>nisi</span> <span class='ocrx_word' id='word_1_530' title='bbox 1639 2301 1771 2343; x_wconf 80' lang='lat' dir='ltr'>religio-</span> 
     </span>
     <span class='ocr_line' id='line_1_115' title="bbox 1029 2353 1774 2398; baseline -0.001 -11"><span class='ocrx_word' id='word_1_531' title='bbox 1029 2366 1101 2388; x_wconf 87' lang='lat' dir='ltr'>nem</span> <span class='ocrx_word' id='word_1_532' title='bbox 1124 2355 1249 2396; x_wconf 68' lang='lat' dir='ltr'>ingredi</span> <span class='ocrx_word' id='word_1_533' title='bbox 1275 2360 1482 2393; x_wconf 81' lang='lat' dir='ltr'>recusarent,</span> <span class='ocrx_word' id='word_1_534' title='bbox 1507 2365 1571 2398; x_wconf 89' lang='lat' dir='ltr'>quo</span> <span class='ocrx_word' id='word_1_535' title='bbox 1592 2364 1668 2387; x_wconf 85' lang='lat' dir='ltr'>casu</span> <span class='ocrx_word' id='word_1_536' title='bbox 1693 2353 1774 2387; x_wconf 87' lang='lat' dir='ltr'>aliae</span> 
     </span>
     <span class='ocr_line' id='line_1_116' title="bbox 1029 2408 1771 2452; baseline 0.001 -11"><span class='ocrx_word' id='word_1_537' title='bbox 1029 2409 1166 2451; x_wconf 82' lang='lat' dir='ltr'>virgines</span> <span class='ocrx_word' id='word_1_538' title='bbox 1186 2419 1344 2452; x_wconf 85' lang='lat' dir='ltr'>pauperes</span> <span class='ocrx_word' id='word_1_539' title='bbox 1369 2414 1399 2441; x_wconf 92' lang='lat' dir='ltr'>et</span> <span class='ocrx_word' id='word_1_540' title='bbox 1419 2408 1571 2441; x_wconf 76' lang='lat' dir='ltr'>honestae</span> <span class='ocrx_word' id='word_1_541' title='bbox 1594 2414 1625 2441; x_wconf 87' lang='lat' dir='ltr'>et</span> <span class='ocrx_word' id='word_1_542' title='bbox 1645 2414 1771 2452; x_wconf 79' lang='lat' dir='ltr'>specta-</span> 
     </span>
     <span class='ocr_line' id='line_1_117' title="bbox 1030 2461 1775 2505; baseline 0.001 -10"><span class='ocrx_word' id='word_1_543' title='bbox 1030 2468 1079 2495; x_wconf 90' lang='lat' dir='ltr'>tae</span> <span class='ocrx_word' id='word_1_544' title='bbox 1105 2461 1231 2494; x_wconf 86' lang='lat' dir='ltr'>virtutis</span> <span class='ocrx_word' id='word_1_545' title='bbox 1255 2462 1294 2494; x_wconf 90' lang='lat' dir='ltr'>ad</span> <span class='ocrx_word' id='word_1_546' title='bbox 1323 2461 1492 2494; x_wconf 88' lang='lat' dir='ltr'>arbitrium</span> <span class='ocrx_word' id='word_1_547' title='bbox 1524 2461 1651 2505; x_wconf 88' lang='lat' dir='ltr'>patroni</span> <span class='ocrx_word' id='word_1_548' title='bbox 1677 2462 1775 2505; x_wconf 75' lang='lat' dir='ltr'>elige-</span> 
     </span>
     <span class='ocr_line' id='line_1_118' title="bbox 1028 2514 1769 2554; baseline 0 -6"><span class='ocrx_word' id='word_1_549' title='bbox 1028 2520 1162 2554; x_wconf 72' lang='lat' dir='ltr'>rentur-3</span> <span class='ocrx_word' id='word_1_550' title='bbox 1190 2520 1225 2547; x_wconf 92' lang='lat' dir='ltr'>ut</span> <span class='ocrx_word' id='word_1_551' title='bbox 1253 2520 1360 2547; x_wconf 89' lang='lat' dir='ltr'>autem</span> <span class='ocrx_word' id='word_1_552' title='bbox 1383 2514 1550 2547; x_wconf 89' lang='lat' dir='ltr'>tolleretur</span> <span class='ocrx_word' id='word_1_553' title='bbox 1570 2515 1697 2548; x_wconf 86' lang='lat' dir='ltr'>occasio</span> <span class='ocrx_word' id='word_1_554' title='bbox 1718 2515 1769 2549; x_wconf 91' lang='lat' dir='ltr'>di-</span> 
     </span>
    </p>
   </div>
   <div class='ocr_carea' id='block_1_17' title="bbox 1065 2584 1771 2621">
    <p class='ocr_par' dir='ltr' id='par_1_17' title="bbox 1065 2584 1771 2621">
     <span class='ocr_line' id='line_1_119' title="bbox 1065 2584 1771 2621; baseline 0.001 -9"><span class='ocrx_word' id='word_1_555' title='bbox 1065 2587 1075 2611; x_wconf 74' lang='lat' dir='ltr'>i</span> <span class='ocrx_word' id='word_1_556' title='bbox 1088 2584 1176 2612; x_wconf 87' lang='lat' dir='ltr'>Editio</span> <span class='ocrx_word' id='word_1_557' title='bbox 1188 2584 1308 2612; x_wconf 81' lang='lat' dir='ltr'>Romana</span> <span class='ocrx_word' id='word_1_558' title='bbox 1318 2584 1400 2612; x_wconf 85' lang='lat' dir='ltr'>babet</span> <span class='ocrx_word' id='word_1_559' title='bbox 1410 2585 1461 2619; x_wconf 79' lang='lat' dir='ltr'>sic;</span> <span class='ocrx_word' id='word_1_560' title='bbox 1474 2593 1522 2612; x_wconf 90' lang='lat' dir='ltr'>nos</span> <span class='ocrx_word' id='word_1_561' title='bbox 1533 2584 1648 2621; x_wconf 83' lang='lat' dir='ltr'>legimus</span> <span class='ocrx_word' id='word_1_562' title='bbox 1661 2586 1771 2621; x_wconf 78' lang='lat' dir='ltr'>emptis.</span> 
     </span>
    </p>
   </div>
   <div class='ocr_carea' id='block_1_18' title="bbox 1643 2630 1735 2666">
    <p class='ocr_par' dir='ltr' id='par_1_18' title="bbox 1643 2630 1735 2666">
     <span class='ocr_line' id='line_1_120' title="bbox 1643 2630 1735 2666; baseline 0.011 -9"><span class='ocrx_word' id='word_1_563' title='bbox 1643 2630 1735 2666; x_wconf 51' lang='grc' dir='ltr'><strong>(ιιι).</strong></span> 
     </span>
    </p>
   </div>
   <div class='ocr_carea' id='block_1_19' title="bbox 1677 216 1972 253">
    <p class='ocr_par' dir='ltr' id='par_1_19' title="bbox 1677 216 1972 253">
     <span class='ocr_line' id='line_1_121' title="bbox 1677 216 1972 253; baseline 0.01 -3"><span class='ocrx_word' id='word_1_564' title='bbox 1677 216 1742 250; x_wconf 71' lang='lat'>327</span> <span class='ocrx_word' id='word_1_565' title='bbox 1787 225 1836 252; x_wconf 71' lang='lat' dir='ltr'>An.</span> <span class='ocrx_word' id='word_1_566' title='bbox 1859 224 1886 252; x_wconf 89' lang='lat' dir='ltr'>c.</span> <span class='ocrx_word' id='word_1_567' title='bbox 1905 225 1972 253; x_wconf 84' lang='lat'>1597</span> 
     </span>
    </p>
   </div>
   <div class='ocr_carea' id='block_1_20' title="bbox 1789 709 1973 789">
    <p class='ocr_par' dir='ltr' id='par_1_20' title="bbox 1789 709 1973 789">
     <span class='ocr_line' id='line_1_122' title="bbox 1816 709 1971 730; baseline 0.006 -1"><span class='ocrx_word' id='word_1_568' title='bbox 1816 709 1907 730; x_wconf 81' lang='lat' dir='ltr'>&#39;situlum</span> <span class='ocrx_word' id='word_1_569' title='bbox 1918 710 1932 730; x_wconf 85' lang='lat' dir='ltr'>i.</span> <span class='ocrx_word' id='word_1_570' title='bbox 1944 709 1971 730; x_wconf 79' lang='lat' dir='ltr'>M.</span> 
     </span>
     <span class='ocr_line' id='line_1_123' title="bbox 1789 736 1973 762; baseline 0 -6"><span class='ocrx_word' id='word_1_571' title='bbox 1789 739 1809 756; x_wconf 87' lang='lat' dir='ltr'>ct</span> <span class='ocrx_word' id='word_1_572' title='bbox 1820 736 1842 757; x_wconf 89' lang='lat' dir='ltr'>S.</span> <span class='ocrx_word' id='word_1_573' title='bbox 1853 736 1973 762; x_wconf 73' lang='lat' dir='ltr'>Hieronymi</span> 
     </span>
     <span class='ocr_line' id='line_1_124' title="bbox 1789 763 1962 789; baseline -0.006 -6"><span class='ocrx_word' id='word_1_574' title='bbox 1789 763 1881 789; x_wconf 74' lang='lat' dir='ltr'>reguiam</span> <span class='ocrx_word' id='word_1_575' title='bbox 1897 763 1962 783; x_wconf 68' lang='lat' dir='ltr'>dedit</span> 
     </span>
    </p>
   </div>
   <div class='ocr_carea' id='block_1_21' title="bbox 1790 1134 1974 1187">
    <p class='ocr_par' dir='ltr' id='par_1_21' title="bbox 1790 1134 1974 1187">
     <span class='ocr_line' id='line_1_125' title="bbox 1846 1134 1974 1163; baseline 0.008 -9"><span class='ocrx_word' id='word_1_576' title='bbox 1846 1134 1974 1163; x_wconf 20' lang='lat' dir='ltr'>&gt;cinus-urani</span> 
     </span>
     <span class='ocr_line' id='line_1_126' title="bbox 1790 1164 1867 1187; baseline -0.013 -6"><span class='ocrx_word' id='word_1_577' title='bbox 1790 1164 1867 1187; x_wconf 72' lang='lat' dir='ltr'>posint.</span> 
     </span>
    </p>
   </div>
   <div class='ocr_carea' id='block_1_22' title="bbox 1789 1453 1974 1553">
    <p class='ocr_par' dir='ltr' id='par_1_22' title="bbox 1789 1453 1974 1553">
     <span class='ocr_line' id='line_1_127' title="bbox 1810 1453 1974 1474; baseline -0.012 0"><span class='ocrx_word' id='word_1_578' title='bbox 1810 1453 1933 1474; x_wconf 68' lang='lat' dir='ltr'>interdictio</span> <span class='ocrx_word' id='word_1_579' title='bbox 1945 1453 1974 1472; x_wconf 87' lang='lat' dir='ltr'>in-</span> 
     </span>
     <span class='ocr_line' id='line_1_128' title="bbox 1789 1480 1973 1500; baseline -0.005 -1"><span class='ocrx_word' id='word_1_580' title='bbox 1789 1482 1821 1500; x_wconf 74' lang='lat' dir='ltr'>ter</span> <span class='ocrx_word' id='word_1_581' title='bbox 1835 1480 1938 1500; x_wconf 78' lang='lat' dir='ltr'>moniales</span> <span class='ocrx_word' id='word_1_582' title='bbox 1954 1481 1973 1498; x_wconf 80' lang='lat' dir='ltr'>at</span> 
     </span>
     <span class='ocr_line' id='line_1_129' title="bbox 1789 1505 1974 1531; baseline -0.011 -5"><span class='ocrx_word' id='word_1_583' title='bbox 1789 1506 1880 1531; x_wconf 73' lang='lat' dir='ltr'>virgines</span> <span class='ocrx_word' id='word_1_584' title='bbox 1891 1505 1974 1531; x_wconf 66' lang='lat' dir='ltr'>colli-gii</span> 
     </span>
     <span class='ocr_line' id='line_1_130' title="bbox 1789 1532 1923 1553; baseline -0.007 0"><span class='ocrx_word' id='word_1_585' title='bbox 1789 1532 1923 1553; x_wconf 75' lang='lat' dir='ltr'>commercio.</span> 
     </span>
    </p>
   </div>
  </div>
 </body>
</html>
