2253 3195
67 256 115 283 An.
133 256 162 284 C.
181 255 247 283 1599

90 1325 208 1347 Clautulao.

871 253 1018 278 CLEMENS
1038 253 1096 276 Vllt
1116 253 1166 276 ΓΡ.

265 314 326 347 que
347 303 569 347 spiritualibus
590 308 620 336 et.
640 303 871 347 temporalilms
889 302 920 334 in
930 312 1005 335 con-

265 356 441 389 ditionibus
455 363 482 390 et
503 357 722 390 infeudatione
743 356 916 400 praedictis
930 366 1005 389 con-

264 409 369 448 tentis,
393 421 472 453 quas
503 410 555 443 bie
583 410 694 442 haberi
727 410 798 442 volo
820 409 850 441 in
872 408 1005 450 singulis

263 462 329 495 suis
349 463 493 506 partibus
514 463 584 496 aliis
604 474 662 507 pro
683 462 832 506 specifice
863 460 1005 505 repetitis

264 522 293 549 et
312 517 490 560 expressis,
520 516 725 549 schismatico
762 520 816 547 aut
842 514 1005 547 haeretico

264 570 468 613 cuicumque,
494 570 538 602 vel
561 580 578 602 a
599 569 662 601 side
683 568 786 607 derio,
810 568 849 600 ab
871 567 937 610 ipsa
951 567 1006 599 Ec-

264 622 361 655 clesia
387 622 554 666 praeciso,
586 622 719 665 eiusque
754 620 946 664 sequacibus
977 625 1005 652 et

264 675 415 708 dantibus
435 675 479 708 eis
497 676 663 714 auxilium,
687 675 868 714 consilium,
893 674 939 706 vel
955 673 1002 705 sa-

263 740 371 762 vorem
386 739 450 762 non
464 729 566 768 dabit,
584 729 696 772 quovis
710 730 807 762 morlo
828 739 886 772 per
898 738 942 767 se,
958 728 1004 760 vel

262 782 372 821 alium,
389 793 444 814 seu
458 782 548 822 alios,
565 782 685 815 directe
699 782 746 815 vel
760 781 926 820 indirecte,
948 791 1005 823 pu-

263 834 346 868 blice
367 835 415 868 vel
437 836 562 868 occulte
583 836 748 875 auxilium,
772 835 942 867 consilium
957 834 1004 866 vel

263 889 417 929 savorem,
432 900 489 922 nec
511 890 550 923 ab
571 889 641 922 aliis
661 895 817 933 quantum
840 889 919 921 ineo
932 888 1001 927 crit,

262 942 288 975 si
314 943 470 986 impedire
496 943 631 987 poterit,
653 943 721 976 dari
751 942 926 986 permittet,
950 942 1004 974 sed

262 1006 328 1036 eos,
345 996 431 1029 iuxta
449 1007 541 1039 posse
562 1007 668 1036 suum,
693 996 795 1029 donec
817 1001 1005 1028 convertan-

262 1053 325 1088 tur,
349 1055 562 1093 persequetur
586 1055 617 1082 et
637 1049 854 1093 impugnabit3
885 1049 930 1081 sic
951 1050 1001 1082 di-

262 1108 348 1135 ctum
370 1103 553 1147 Philippum
576 1113 683 1145 regem
703 1104 784 1136 Deus
802 1103 950 1142 adiuvet,
975 1110 1005 1136 et

262 1155 341 1189 haec
361 1162 471 1189 sancta
490 1156 545 1189 Dei
567 1156 748 1198 Evangelia.
770 1156 884 1197 iuravi,
900 1162 934 1189 ut
953 1167 1004 1189 su-

261 1221 332 1254 pra,
357 1221 416 1252 ego
438 1211 623 1254 praedictus
644 1211 717 1244 dux.

307 1266 323 1307 g
344 1263 374 1297 8.
398 1264 482 1297 Nulli
504 1275 581 1307 ergo
602 1265 736 1297 omnino
757 1265 928 1298 hominum
960 1265 1001 1298 li-

263 1325 333 1351 ceat
352 1319 502 1362 paginam
531 1319 615 1352 lianc
635 1325 764 1352 nostrae
785 1320 1001 1359 admissionis,

261 1372 508 1412 reservationis,
532 1372 760 1413 concessionis,
791 1373 1001 1415 elargitionis,

261 1424 501 1465 infeudationis,
519 1426 738 1466 investiturae,
755 1427 939 1467 voluntatis,
956 1428 1004 1460 vel

261 1478 448 1512 intentionis
469 1480 656 1523 infringere,
682 1481 731 1514 vel
752 1480 780 1514 ei
801 1491 880 1514 ausu
905 1486 1003 1514 teme-

260 1533 348 1565 rario
378 1533 557 1573 contraire3
593 1534 617 1566 si
650 1534 722 1577 quis
742 1540 849 1567 autem
870 1534 931 1567 hoc
952 1541 1002 1568 at-

260 1591 385 1619 tentare
426 1588 701 1631 praesumpserit,
746 1588 1002 1630 indignationem

260 1640 493 1684 omnipotentis
520 1641 576 1674 Dei
604 1652 640 1673 ae
661 1642 831 1675 beatorum
863 1642 947 1675 Petri
975 1648 1005 1675 et

261 1693 351 1727 Pauli
369 1695 592 1738 apostolorum
607 1695 681 1728 Eius
701 1706 734 1728 se
752 1696 877 1729 noverit
898 1696 1006 1729 incur-

261 1757 384 1780 surum.

305 1801 419 1834 Datum
440 1802 561 1835 Romae
576 1803 661 1846 apud
676 1802 827 1836 Sanctum
849 1804 1002 1845 illarcum,

261 1865 346 1888 anno
367 1855 600 1889 incarnationis
624 1856 811 1890 Dominieae
832 1857 1005 1891 millesimo

261 1908 521 1952 quingentesimo
542 1911 754 1953 nonagesimo
775 1921 873 1951 nono,
892 1912 1005 1956 quinto

261 1961 333 1994 idus
352 1963 554 2005 septembris,
571 1964 778 2007 pontificatus
798 1965 900 1998 nostri
920 1976 1005 1999 anno

265 2020 389 2048 octavo.

298 2077 356 2105 Dat.
374 2078 417 2106 die
435 2079 452 2106 9
467 2080 614 2115 septembr.
634 2081 711 2116 1599,
732 2086 808 2117 pont.
824 2091 867 2109 an.
890 2089 946 2109 rut.

568 2278 689 2312 CCXVI.

262 2383 388 2416 Erectio
412 2384 543 2427 colleqie'
568 2384 765 2419 Clrrz'corum
797 2386 1008 2420 leutonico-

308 2457 384 2478 rum
407 2447 445 2479 in
469 2448 587 2491 oppido
600 2448 766 2481 Mosecano
790 2449 826 2481 in
851 2450 1007 2482 comitatu

309 2511 485 2550 Horncnsi,
506 2512 696 2544 Leodiensis
709 2512 871 2553 dioecesis,
888 2514 946 2545 snb
961 2524 1008 2546 re-

309 2574 435 2616 yz'mine
459 2573 526 2606 ΡΙ).
555 2574 723 2607 societatis
743 2575 816 2607 Iesu
841 2575 860 2608 ¹.

302 2665 311 2690 1
337 2663 373 2690 Ex
395 2663 502 2698 aegest.
523 2664 550 2691 in
571 2664 673 2692 Secret.
697 2664 830 2692 Brevium.

1686 237 1744 270 5411

1058 336 1191 363 Clemens
1213 336 1381 368 episcopus,
1400 340 1505 360 servus
1526 338 1679 359 servorum
1700 330 1761 362 Dei,

1162 388 1197 415 ad
1218 391 1392 422 perpetuam
1412 387 1456 413 rei
1476 386 1655 414 memoriam.

1084 461 1320 504 Circumspecta
1338 459 1471 493 Romani
1494 458 1657 491 Pontificis
1674 457 1780 501 provi-

1041 513 1147 546 dentia
1168 514 1253 546 circa
1274 525 1322 553 ea,
1346 524 1403 557 per
1423 523 1504 556 quae
1524 512 1659 554 collegia
1676 511 1715 544 ad
1732 511 1780 544 iu-

1041 566 1187 605 ventutis,
1205 567 1322 610 pietate
1343 572 1373 598 et
1389 566 1482 598 bonis
1501 566 1655 605 moribus,
1679 576 1715 597 ac
1729 575 1780 597 ec-

1040 620 1226 653 clesiasticis
1238 620 1372 663 aliisque
1385 620 1577 653 salutaribus
1589 619 1778 663 disciplinis,

1041 673 1224 715 religiosam
1247 673 1472 705 educationem
1489 679 1518 706 et
1536 672 1781 705 instructionem

1041 726 1160 769 ubique
1181 726 1366 770 propagari,
1395 732 1422 758 et
1445 726 1596 767 congruis
1617 725 1781 769 proventi-

1041 779 1099 812 bus
1123 790 1182 822 pro
1204 790 1415 823 personarum
1438 779 1516 811 inibi
1547 789 1605 822 pro
1637 785 1782 822 tempore

1041 833 1297 866 inducendarum
1333 833 1587 866 substentatione
1612 838 1640 866 et
1664 843 1779 865 manu-

1042 886 1196 925 tentione‚
1221 897 1424 929 onerantque
1444 886 1504 918 illis
1525 886 1781 919 incun‘ibentium

1040 940 1260 973 sublevan'iine
1274 940 1467 973 communiri
1484 940 1620 979 valeant,
1644 939 1783 972 libenter

1041 993 1189 1033 intendit,
1206 994 1282 1027 etin
1304 994 1353 1027 his
1370 993 1596 1027 sollicitudinis
1614 1003 1689 1026 suae
1702 1003 1780 1036 par-

1039 1052 1096 1087 tes,
1120 1048 1215 1080 etiam
1237 1059 1295 1091 per
1315 1047 1552 1091 suppressionis
1571 1047 1784 1080 monasterio-

1040 1111 1123 1141 rum,
1141 1106 1172 1133 et
1192 1101 1331 1134 aliorum
1353 1102 1498 1134 locorum
1521 1100 1731 1143 regularium,
1749 1100 1782 1133 in

1039 1153 1104 1186 suis
1128 1153 1283 1186 aedificiis
1308 1160 1339 1186 et
1365 1153 1535 1186 structuris
1556 1153 1683 1185 ruinam
1705 1164 1779 1196 pas—

1039 1217 1160 1247 sorum,
1181 1218 1217 1240 ac
1238 1207 1378 1251 propriis
1399 1206 1552 1250 praelatis
1573 1212 1603 1238 et
1624 1206 1783 1248 religiosis

1039 1260 1265 1293 destitutorum
1279 1260 1492 1294 miniSterium
1507 1259 1724 1293 favorabiliter
1737 1259 1784 1292 in-

1040 1314 1200 1358 terponit,
1238 1320 1333 1358 prout
1364 1315 1510 1347 locorum
1537 1319 1568 1346 et
1599 1319 1782 1356 temporum

1039 1367 1287 1401 circumstantiis
1308 1367 1414 1400 debite
1436 1366 1586 1411 pensatis,
1615 1366 1646 1400 id
1668 1366 1699 1398 in
1721 1367 1783 1399 Do-

1041 1421 1128 1453 mino
1150 1421 1307 1464 conspicit
1325 1420 1498 1453 salubriter
1518 1419 1679 1463 expedire.

1085 1477 1101 1517 ξ
1133 1475 1161 1508 1.
1190 1475 1336 1508 Exhibita
1366 1474 1527 1518 siquidem
1554 1473 1647 1507 nobis
1676 1484 1783 1517 nuper

1040 1539 1099 1572 pro
1124 1534 1215 1572 parte
1237 1528 1429 1561 venerabilis
1460 1528 1567 1560 fratris
1598 1527 1700 1560 nostri
1721 1528 1780 1560 Er-

1040 1582 1119 1615 nesti
1140 1582 1283 1626 episcopi
1303 1581 1488 1615 Leodiensis
1508 1581 1621 1625 petitio
1639 1581 1784 1615 contine-

1040 1637 1104 1677 bat,
1129 1637 1217 1680 quod
1238 1635 1471 1669 monasterium
1486 1636 1619 1669 Sanctae
1640 1635 1782 1668 Elisabe-

1040 1690 1113 1723 thae
1139 1690 1266 1723 Ordinis
1294 1690 1324 1723 S.
1352 1688 1781 1732 AugustiniCanonieorum

1040 1744 1248 1786 Regularium
1269 1744 1346 1776 olim
1367 1744 1399 1776 in
1420 1743 1576 1776 comitatu
1607 1742 1779 1781 Hornensi‚

1040 1797 1225 1831 Leodiensis
1245 1797 1412 1838 dioecesis,
1436 1803 1465 1830 et
1487 1797 1554 1830 ruri
1576 1803 1716 1840 quatuor
1735 1797 1783 1830 vcl

1040 1851 1169 1884 circiter
1192 1851 1292 1884 leucis
1324 1861 1396 1883 cum
1433 1850 1566 1883 dimidia
1595 1851 1634 1883 ab
1663 1850 1783 1894 oppido

1041 1907 1208 1939 Mosecano
1229 1906 1333 1938 dictae
1359 1905 1515 1938 dioecesis
1535 1905 1730 1945 consistens,
1754 1910 1785 1938 et

1041 1959 1233 1993 liberalitate
1254 1959 1421 1992 cuiusdam
1448 1958 1507 1990 viri
1528 1958 1646 1991 nobilis
1675 1963 1783 1991 extru-

1041 2019 1127 2047 ctum
1150 2013 1241 2046 annis
1255 2012 1383 2045 abhinc
1398 2011 1509 2055 viginti
1530 2017 1561 2044 et
1581 2011 1730 2055 amplius,
1748 2022 1785 2044 ex

1041 2066 1192 2100 incendio
1213 2077 1270 2110 per
1291 2066 1409 2099 milites
1440 2076 1497 2099 seu
1527 2065 1606 2098 alios
1637 2065 1785 2098 homines

1041 2121 1180 2154 nefarios
1200 2126 1277 2154 tune
1303 2120 1335 2153 in
1355 2120 1501 2164 partibus
1521 2119 1583 2152 illis
1603 2124 1785 2161 grassantes

1041 2175 1129 2208 illato
1154 2175 1199 2208 sic
1219 2173 1439 2216 conflagravit,
1462 2178 1496 2206 ut
1522 2178 1651 2216 praeter
1672 2173 1786 2205 funda-

1041 2234 1170 2269 menta,
1194 2228 1283 2261 nulla
1314 2227 1376 2260 alia
1395 2225 1706 2271 supereminentium
1731 2237 1785 2259 ae-

1042 2282 1225 2315 dificiorum
1247 2280 1463 2314 remanserint
1488 2279 1640 2321 vestigia;
1664 2279 1705 2312 ob
1731 2279 1782 2312 in-

1042 2336 1158 2368 iuriam
1180 2341 1286 2368 autem
1322 2341 1503 2378 temporum
1526 2333 1646 2366 dictum
1675 2343 1787 2366 mona-

1042 2389 1175 2422 sterium
1197 2388 1229 2422 in
1247 2389 1362 2422 eodem
1386 2387 1595 2421 desolationis
1616 2392 1699 2420 statu
1720 2387 1783 2419 lm-

1042 2453 1162 2486 cusque
1188 2441 1382 2486 permansit;
1406 2446 1435 2474 et
1453 2451 1489 2473 ex
1507 2441 1591 2473 illius
1622 2440 1786 2474 canonicis

1042 2507 1125 2529 unus
1149 2496 1287 2540 pridem,
1310 2496 1405 2528 dueta
1436 2505 1548 2532 uxore,
1572 2499 1716 2538 apostata
1741 2499 1788 2527 cst

1043 2550 1184 2589 effectus,
1213 2549 1292 2581 alter
1313 2548 1345 2580 in
1366 2547 1477 2580 babitu
1503 2547 1660 2580 saeculari
1686 2547 1783 2588 degit,

1043 2609 1074 2635 et
1095 2602 1249 2635 familiam
1277 2602 1308 2634 in
1333 2602 1419 2634 dicto
1445 2601 1566 2645 oppido
1591 2601 1668 2641 alit,
1693 2611 1729 2633 ao
1750 2611 1786 2633 ex

1043 2657 1136 2691 bonis
1157 2657 1299 2691 ciusdem
1322 2656 1510 2690 monasterii
1537 2661 1665 2689 centum
1689 2655 1787 2689 duca-

1797 247 1845 272 Αη.
1863 246 1891 272 C.
1910 245 1978 272 1599

1827 466 1855 487 132
1867 467 1946 486 nulium.

1818 1479 1923 1500 Bellorum
1933 1480 1983 1498 tem-

1800 1513 1915 1534 porumque
1931 1505 1984 1525 iniu-

1799 1542 1829 1555 ria
1855 1534 1984 1554 destructum

1798 1560 1948 1582 monasterium
1960 1559 1982 1578 S.

1799 1588 1935 1609 Elis-ibethae
1946 1588 1984 1605 Ur-

1799 1616 1853 1636 tliuis
1877 1615 1899 1635 S⁴
1916 1614 1984 1636 Augu-

1798 1645 1846 1662 stini
1871 1644 1984 1661 canonico-

1799 1675 1842 1689 rum
1858 1667 1984 1693 regularium

1799 1693 1984 1716 inuumitatuttor-

1799 1723 1869 1746 nemi,
