2253 3195
209 224 258 250 An.
274 224 303 250 C.
325 223 392 251 ¹597

225 1132 395 1155 Papularum-1⁴(-

211 1164 275 1185 super
289 1156 320 1177 liis
335 1156 396 1176 siten-

212 1186 262 1205 tium
277 1184 333 1203 ι1ι’“ἱιν
345 1183 371 1202 ¹2.-

213 1212 254 1232 sari
270 1211 315 1235 imp«
327 1212 363 1229 zat.

247 1556 341 1582 Eumque
362 1555 399 1575 «ta-

215 1586 270 1603 mnat
299 1583 319 1603 in
348 1582 399 1602 rese-

214 1613 283 1630 euom-
299 1614 399 1634 expet-sa·

214 1642 257 1657 run]

249 2511 310 2533 [ti-‘tn
324 2514 406 2532 unun-

223 2542 251 2559 ιιι
274 2546 293 2558 σι
321 2538 407 2559 inawlat

222 2568 322 2588 tutia-an,

408 272 510 305 cimus
530 276 560 304 et
583 281 639 303 seu
657 268 862 307 associamus,
886 265 1071 308 inducique,
1087 264 1148 297 im-
1164 269 1166 275 '

408 325 490 358 mitti
511 330 541 357 et
562 334 618 356 seu
642 320 793 355 associari
821 319 1030 358 mandamus,
1052 317 1151 350 iacta-

409 378 531 411 ctiones
551 385 681 420 quoque
695 402 702 415 ,
726 372 985 412 molestationes,
1015 370 1148 415 opposi-

411 431 522 471 tiones,
545 428 818 473 perturbationes,
840 426 1035 466 vexationes,
1055 435 1150 458 occu-

410 483 553 527 pationes
565 488 595 515 et
608 481 838 525 impedimenta
858 489 1082 524 quaecumque
1095 488 1153 521 per

410 537 530 569 dictum
547 536 713 569 Caesarem
734 535 764 568 S.
781 535 818 567 R.
834 534 868 567 E.
897 532 1037 576 Sedique
1055 537 1085 564 et
1097 531 1154 564 Ca-

410 600 517 622 merae
535 588 738 632 Apostolicae
755 588 794 620 de
815 593 845 620 et
865 596 961 630 super
981 584 1153 629 praedictis

409 642 559 676 omnibus
579 648 609 675 et
628 641 776 684 singulis,
793 647 824 674 et
834 640 965 673 illorum
983 637 1153 672 occasione

409 695 655 740 quomodolibet
675 695 784 735 saetas,
800 693 968 738 praestitas
985 698 1016 725 et
1035 691 1150 732 illatas,

409 751 568 794 factaque,
591 748 744 793 praestita
764 754 794 781 et
814 748 902 780 illata
922 747 1019 780 fuisse
1039 751 1069 779 et
1086 755 1153 778 esse

410 803 607 843 temerarias,
623 802 761 842 illicitas,
778 800 938 834 indebitas
956 806 987 833 et
1006 799 1150 838 iniustas,

409 856 655 899 temerariaque,
671 855 793 895 illicita,
810 853 954 887 indebita
971 858 1002 886 et
1022 851 1150 891 iniusta,

408 916 439 943 et
459 910 498 943 de
518 910 602 942 sacto
630 913 854 953 praesumptas
873 912 905 940 et
924 910 1131 950 praesumpta
1143 931 1150 944 ,

409 964 542 1007 illasque
574 969 605 996 et
629 963 683 995 illa
712 962 798 995 dicto
827 959 953 1006 Caesari
982 958 1093 992 secisse
1123 962 1153 990 et

410 1018 513 1049 faeere
532 1015 665 1049 minime
681 1015 810 1048 licuisse
830 1024 890 1047 nec
910 1013 1017 1046 licere.

455 1072 470 1112 ξ
491 1069 521 1103 -3,
545 1070 581 1103 Et
601 1074 775 1113 propterea
795 1067 900 1101 eidem
921 1065 1046 1100 Caesari
1071 1065 1103 1097 in
1125 1069 1155 1097 et

411 1134 509 1167 super
527 1122 679 1156 omnibus
693 1127 724 1155 et
736 1120 870 1164 singulis
883 1118 1066 1164 praemissis
1082 1128 1155 1162 per-

383 1191 396 1197 ··
412 1183 543 1221 petuum
573 1175 736 1209 silentium
764 1174 997 1218 imponendum
1018 1173 1098 1205 'sore
1124 1176 1153 1204 et

411 1241 490 1271 esse,
511 1241 547 1263 ac
568 1229 777 1273 imponimus,
792 1227 1007 1270 mandataque
1034 1226 1073 1259 de
1094 1225 1155 1257 im-

412 1284 582 1323 mittendo,
610 1289 641 1316 et
671 1293 728 1316 seu
748 1282 788 1315 de
815 1280 1003 1314 associando
1016 1307 1023 1320 ‚
1044 1284 1074 1312 et
1094 1277 1156 1311 alia

413 1347 638 1382 quaecumque
667 1336 806 1379 desuper
829 1334 1011 1368 necessaria
1038 1338 1069 1366 et
1099 1342 1156 1375 op-

413 1397 551 1435 portuna
570 1390 773 1424 decernenda
793 1395 823 1422 et
844 1388 1016 1422 relaxanda
1036 1387 1105 1419 sore
1126 1390 1157 1418 et

413 1456 492 1485 esse,
503 1450 598 1488 prout
610 1443 814 1477 decernimus
827 1448 857 1475 et
868 1442 1057 1480 relaxamus,
1068 1449 1158 1473 eum-

414 1499 553 1541 demque
572 1497 738 1531 Caesarem
756 1496 788 1529 in
809 1495 960 1529 omnibus
977 1499 1009 1527 et
1025 1492 1159 1536 singulis

415 1551 587 1591 fructibus,
616 1550 795 1584 redditibus
819 1555 850 1598 et
872 1547 1081 1593 proventibus
1101 1557 1159 1590 per

416 1617 489 1639 eum
514 1605 685 1650 perceptis,
709 1611 740 1638 et
758 1614 859 1648 usque
879 1603 911 1636 in
933 1603 1018 1636 diem
1038 1602 1159 1635 liberae

416 1659 606 1699 traditionis,
629 1669 685 1692 seu
703 1657 908 1691 relaxationis
927 1656 1032 1689 dietae
1052 1654 1160 1688 civita-

416 1712 472 1751 tis,
500 1712 657 1751 ducatus,
686 1710 872 1748 civitatum,
897 1715 1055 1742 terrarum
1071 1735 1078 1748 ‚
1102 1718 1156 1740 ea-

414 1771 566 1805 suorum,
591 1766 736 1798 locorum
755 1769 785 1797 et
803 1763 940 1796 aliorum
958 1761 1160 1806 supradicto-

416 1829 486 1850 rum
520 1818 549 1850 in
581 1817 795 1861 exequutione
827 1815 1038 1860 liquidantlis,
1071 1820 1102 1847 et
1128 1814 1160 1846 in

416 1871 567 1904 omnibus
587 1877 618 1903 et
634 1870 767 1912 singulis
782 1869 928 1913 expensis
941 1869 1000 1901 hac
1015 1868 1054 1901 de
1067 1878 1161 1900 eausa

418 1936 477 1968 pro
492 1929 581 1968 parte
601 1924 736 1957 Sanctae
757 1924 921 1956 Romanae
939 1921 1109 1961 Ecclesiae,
1125 1931 1161 1953 ae

416 1978 506 2012 Sedis
527 1984 555 2011 et
576 1978 726 2010 Gamerae
748 1975 948 2020 Apostolicac
970 1974 1070 2013 sactis,
1087 1984 1162 2006 con-

418 2031 637 2064 demnandum
664 2031 730 2063 sore
751 2035 778 2061 et
802 2040 892 2067 esse,
917 2033 1014 2072 prout
1045 2027 1163 2060 conde-

419 2095 586 2124 mnamus,
611 2093 749 2127 quorum
782 2083 942 2114 fructuum
972 2079 1159 2124 liquidatio-

419 2148 513 2177 nem,
540 2143 571 2170 et
600 2146 812 2181 expensarum]
846 2134 1038 2168 taxationem
1071 2133 1163 2166 nobis

419 2202 638 2230 reservamuffi
660 2196 691 2223 et
720 2190 762 2222 ita
783 2189 938 2225 dicimus,
967 2187 1161 2231 pronuncia-

421 2256 507 2283 mus,
538 2243 764 2282 decernimus,
793 2241 1024 2275 sententiamus
1049 2247 1079 2273 et
1110 2241 1163 2274 ‹le-

421 2299 591 2335 rlaramus,
611 2296 787 2341 praemisso
819 2301 848 2329 et
880 2296 967 2328 mimi
999 2295 1062 2327 alio
1098 2305 1164 2326 me-

422 2351 493 2383 liori
516 2352 632 2391 inodo,
656 2354 712 2383 etc.
746 2350 789 2383 lta
811 2348 1073 2393 pronuntiatum.
1102 2347 1164 2380 Nos

421 2405 566 2437 Clemens
587 2405 671 2447 Papa
694 2403 769 2437 Vnt.

466 2457 529 2500 gli.
555 2457 597 2490 Ne
627 2463 733 2490 autern
762 2456 865 2489 (lictus
893 2457 1028 2495 Caesar,
1052 2460 1079 2487 et
1108 2465 1162 2487 sen

422 2510 474 2542 alii
496 2522 552 2543 sua
566 2510 809 2554 quotnodoliliel
833 2509 984 2542 interesse
1002 2514 1161 2553 palatiu-S,

423 2564 562 2607 aliquam
585 2564 801 2607 praeinsertae
818 2562 994 2596 sententiae
1014 2562 1165 2604 ignoran-

424 2617 499 2651 tiam
512 2617 733 2661 praetendere,
757 2622 811 2650 aut
831 2616 896 2649 ullo
917 2625 1071 2660 umquam
1086 2620 1165 2648 tem-

991 216 1174 242 BULLARIUM
1193 215 1347 240 ROMANUM

1183 274 1273 307 pore,
1290 262 1402 307 quovis
1420 266 1588 306 praetextu
1601 267 1633 294 et
1645 259 1788 305 quaesito
1802 260 1922 300 colore,

1184 316 1323 359 allegare
1338 343 1346 356 ,
1366 326 1423 349 seu
1454 325 1487 348 se
1516 324 1666 348 excusare
1690 319 1839 357 possent,
1866 323 1926 357 pro

1184 376 1275 414 parte
1303 375 1333 403 et
1357 370 1397 403 ad
1428 368 1613 402 instantiam
1641 367 1800 400 dictorum
1832 377 1924 400 com-

1185 423 1323 456 missarii
1355 429 1386 456 et
1419 421 1640 466 procuratoris
1674 420 1792 454 fiscalis
1822 419 1928 453 debite

1187 476 1353 520 requisiti,
1377 476 1467 509 robis
1487 475 1638 509 omnibus
1664 480 1694 507 et
1724 473 1858 516 singulis
1874 484 1928 506 su-

1186 529 1350 574 pradietis,
1375 535 1406 563 et
1425 535 1564 563 vestrum
1582 528 1715 562 cuilibet
1734 527 1925 567 insolidum,

1187 582 1378 616 auctoritate
1411 582 1602 626 apostolica,
1638 587 1749 614 tenore
1777 590 1929 624 praesen-

1187 636 1280 677 tium,
1302 635 1520 680 praecipimus
1540 640 1571 668 et.
1591 634 1792 674 mandamus,
1812 639 1927 677 quate-

1188 699 1248 722 nus
1268 689 1374 722 statim
1405 695 1501 732 atque
1528 687 1650 721 fueritis
1681 686 1846 731 requisiti,
1874 696 1931 719 seu

1188 743 1303 786 aliquis
1313 749 1454 776 vestrum
1476 742 1572 776 suerit
1591 742 1775 786 requisitus,
1792 746 1931 784 exparte

1188 802 1219 829 et
1239 795 1429 830 auctoritate
1455 801 1564 829 nostra
1595 795 1780 839 praedicta,
1804 793 1932 838 praein—

1188 855 1306 883 sertam
1327 849 1532 890 sententiam,
1552 859 1610 893 per
1634 859 1704 889 nos,
1726 853 1762 882 ut
1782 848 1928 891 praeser-

1188 908 1250 943 tur,
1274 903 1371 936 latam
1392 908 1423 935 et
1441 902 1692 947 promulgatam,
1716 911 1752 934 ac
1773 900 1883 934 omnia
1902 905 1934 933 et

1188 956 1314 999 singula
1346 956 1378 989 in
1409 967 1446 989 ea
1482 961 1653 994 contenta,
1686 954 1772 988 dicto
1807 953 1932 987 Caesari

1189 1009 1311 1042 Estensi
1331 1020 1368 1042 ex
1392 1009 1526 1042 adverso
1554 1007 1736 1052 principali,
1765 1006 1932 1040 omnibus-

1189 1073 1252 1106 que
1272 1062 1342 1096 aliis
1366 1068 1397 1096 et
1421 1062 1572 1105 singulis,
1596 1067 1631 1095 ut
1656 1061 1853 1105 praefertur,
1877 1071 1935 1093 sua

1190 1116 1436 1160 quomodolibet
1444 1116 1597 1149 interesse
1606 1120 1767 1159 putantes,
1784 1124 1935 1159 praesen-

1190 1174 1235 1202 tes
1254 1175 1379 1203 nostras
1407 1169 1528 1202 litteras
1552 1179 1610 1212 per
1640 1167 1780 1202 edietum
1811 1167 1844 1200 in
1874 1167 1933 1201 hac

1190 1223 1274 1256 alma
1287 1223 1371 1256 Urbe
1385 1228 1494 1256 nostra
1508 1222 1540 1254 in
1554 1221 1777 1254 Lateranensis
1794 1226 1825 1255 et
1841 1220 1933 1254 Prin-

1190 1276 1269 1320 cipis
1294 1276 1523 1320 Apostolorum
1550 1274 1755 1308 basilicarum
1771 1301 1778 1314 ,
1802 1280 1833 1308 et
1856 1274 1936 1308 Can-

1191 1329 1339 1363 eellariae
1368 1328 1571 1373 Apostolicae
1602 1327 1717 1367 valvis,
1741 1332 1772 1360 et
1802 1327 1835 1360 in
1866 1327 1934 1360 acie

1191 1382 1300 1426 Campi
1320 1382 1491 1422 Florae‚ae
1509 1382 1605 1415 etiam
1624 1381 1656 1414 in
1671 1380 1936 1425 metropolitanae

1192 1436 1414 1475 Bononiensis,
1430 1442 1461 1469 et
1481 1435 1674 1470 cathedralis
1691 1434 1869 1469 Cerviensis
1886 1445 1937 1467 ec-

1193 1490 1362 1524 elesiarum
1383 1490 1491 1531 valvis,
1513 1489 1700 1534 respective,
1718 1498 1808 1521 more
1828 1488 1933 1528 solito,

1193 1544 1330 1587 legendo
1361 1550 1391 1578 et
1417 1543 1631 1588 publicando,
1659 1553 1695 1576 ac
1727 1542 1848 1576 ibidem
1869 1541 1937 1574 asti-

1193 1598 1310 1640 gendo,
1333 1603 1364 1631 et
1383 1607 1441 1641 per
1468 1596 1599 1640 aliquod
1623 1595 1778 1639 temporis
1797 1594 1937 1639 spatium

1194 1651 1302 1684 affixas
1333 1650 1542 1691 dimittendo,
1573 1649 1700 1694 illisque
1726 1655 1838 1693 postea
1863 1648 1937 1682 inde

1195 1704 1356 1745 detractis,
1374 1714 1485 1737 earum
1504 1703 1649 1747 exempla
1669 1702 1700 1735 in
1721 1702 1843 1736 eisdem
1859 1701 1938 1735 locis

1195 1758 1316 1802 pariter
1348 1758 1439 1791 affixa
1470 1756 1702 1800 relinquendo,
1736 1761 1767 1789 et
1792 1755 1825 1788 in
1854 1755 1939 1788 dicta

1195 1819 1304 1846 nostra
1329 1811 1491 1845 audientia
1516 1811 1697 1843 litterarum
1719 1808 1935 1842 contradicta-

1195 1876 1266 1899 rum
1288 1865 1383 1899 etiam
1403 1875 1492 1898 more
1512 1863 1606 1897 solito
1626 1862 1780 1905 legendo,
1805 1861 1935 1895 intime-

1198 1919 1246 1959 tis,
1263 1918 1430 1951 insinuetis
1450 1923 1478 1950 et
1501 1916 1681 1955 notificetis,
1698 1921 1729 1949 et
1749 1915 1788 1948 ad
1809 1914 1939 1948 illorum

1197 1978 1227 2006 et
1247 1971 1499 2014 tutiuscuiusque
1526 1980 1638 2003 eorum
1665 1968 1812 2002 notitiam
1839 1967 1940 2001 dedu-

1197 2024 1274 2057 catis
1288 2029 1318 2056 ct
1331 2023 1446 2056 deduci
1470 2022 1591 2055 faciatis
1611 2027 1642 2055 et
1662 2020 1830 2061 mamletis,
1842 2025 1941 2064 prout

1197 2088 1266 2115 nos,
1280 2077 1466 2111 earumdem
1481 2075 1699 2120 praesentium
1715 2080 1838 2115 tenore,
1848 2084 1941 2117 prae-

1198 2132 1349 2164 insertam
1370 2130 1580 2169 sententiam,
1604 2140 1639 2162 ae
1665 2129 1696 2161 in
1717 2139 1754 2161 ea
1782 2127 1941 2171 descripta

1198 2185 1307 2219 onmia
1327 2191 1357 2218 et
1378 2184 1505 2225 simmia
1535 2183 1620 2216 dieto
1647 2181 1771 2215 Caesari
1803 2181 1937 2219 Estensi.

1198 2251 1233 2272 at:
1263 2238 1413 2271 omnibus
1447 2242 1478 2270 et
1507 2235 1639 2278 singulis
1669 2234 1739 2268 aliis
1770 2233 1941 2278 praedictis

1199 2293 1407 2331 intimamus,
1432 2290 1632 2324 insinuamus
1661 2295 1692 2322 et
1723 2287 1937 2328 notificamus,

1198 2358 1234 2380 ae
1257 2348 1296 2379 :ul
1322 2356 1434 2379 eorum
1455 2350 1485 2377 et
1507 2342 1676 2376 cuiuslibet
1694 2341 1837 2385 ipsorum
1856 2340 1940 2374 noti-

1199 2399 1273 2432 tiam
1300 2398 1511 2437 ‹ledia-imus,
1535 2401 1565 2429 et
1595 2394 1709 2428 deduci
1735 2395 1882 2427 volumus
1910 2398 1941 2426 et

1200 2453 1390 2486 mandamus
1411 2461 1468 2495 per
1489 2454 1683 2494 praesentes.

1244 2511 1259 2547 ξ
1278 2505 1307 2538 5.
1325 2506 1537 2539 Decernentes
1557 2501 1743 2535 huiusmodi
1761 2499 1942 2544 praeinser-

1201 2564 1248 2591 tae
1278 2557 1451 2592 sententiae
1475 2556 1728 2595 intimationem,
1753 2551 1940 2586 insinuatio-

1199 2623 1272 2646 nem
1290 2618 1321 2646 et
1339 2610 1603 2650 notificationem,
1620 2621 1656 2643 ae
1674 2606 1937 2652 publicationem,

1938 210 1988 239 An.
2002 209 2030 238 C.
2053 209 2120 238 ¹597

1969 1224 2060 1245 Servata
2067 1222 2134 1243 torma

1949 1252 2050 1282 consueta
2066 1247 2135 1275 publi-

1949 1281 2046 1300 cationis.

1955 2511 2020 2559 „3235
2023 2510 2142 2563 31¹¹¹815n⁸222

1955 2564 2034 2585 tionum
2052 2563 2139 2585 luductt.
2177 2586 2179 2589 ,
