2253 3195
262 175 311 202 An.
329 175 357 202 c.
377 175 446 203 1594
492 165 557 198 ’104

289 924 369 945 Cama·-
385 923 446 943 tinius

262 953 423 972 constitution-a.

759 223 901 256 LXXXII.

463 330 625 364 Concessio
637 330 887 373 privileyiormn
907 329 1141 361 mercatoribus
1162 329 1222 361 ad*

503 396 631 434 portum
659 391 800 423 cio-itatis
830 390 984 424 Anconae
1010 400 1126 422 merc-es
1146 389 1204 423 ad-

507 452 691 484 vehentibus
724 451 770 484 rel
801 452 849 483 ibi
876 456 1076 485 mercaturae
1106 463 1206 485 eflusa

504 513 706 546 domicilium
734 513 1026 551 constituentibm,
1057 518 1085 546 el
1107 514 1205 546 iuris-

504 577 602 609 dictio
643 576 810 609 consulum
840 576 976 609 illorum
1012 587 1126 609 causas
1157 587 1205 609 co-

504 638 678 681 ynoscendi
698 639 716 671 ¹.

496 728 631 756 Clemens
640 729 814 763 Episcopus,
822 736 936 757 servus
952 736 1106 757 servorum
1116 729 1179 763 Dei,

573 783 609 810 ad
625 786 801 817 perpetuam
815 783 861 810 rei
880 783 1060 811 memoriam.

507 863 549 895 Ex
574 863 770 906 apostolicae
805 863 967 897 servitutis
998 863 1103 897 officio
1132 875 1203 897 eam

462 916 654 960 suscipimus
674 916 937 957 sollicitudinem,
962 917 992 950 in
1007 917 1086 951 locis
1106 918 1204 962 potis-

462 969 578 1002 simum
601 969 715 1003 ditioni
736 976 876 1010 nostrae,
910 970 1005 1003 etiam
1028 971 1059 1003 in
1082 976 1205 1015 tempo-

463 1023 582 1056 ralibus
601 1023 771 1064 subiectis,
795 1030 829 1056 ut
854 1024 977 1057 cunctis
999 1025 1201 1065 mortalibus,

463 1075 601 1109 maxime
622 1087 696 1110 vero
729 1077 844 1110 exteris
865 1078 1050 1111 nationibus
1068 1088 1106 1111 eo
1127 1088 1204 1111 con-

462 1129 644 1170 fluentibus,
668 1129 788 1163 iustitia
808 1141 911 1174 aequa
931 1131 1021 1164 lance
1043 1130 1204 1164 ministre-

462 1189 523 1221 tur,
563 1193 667 1227 neque
688 1194 802 1217 eorum
833 1185 982 1228 cuiquam
1006 1185 1121 1218 iniuria
1151 1191 1203 1218 aut

461 1246 633 1278 gravamen
651 1237 782 1280 aliquod
797 1237 972 1277 inseratur3
990 1238 1045 1271 sed
1067 1244 1102 1271 ut
1122 1238 1206 1271 chri—

462 1289 598 1322 stianam
629 1290 736 1334 potius
750 1318 757 1331 ‚
789 1301 825 1324 ae
844 1292 1032 1335 praesertim
1054 1292 1206 1336 apostoli-

463 1353 533 1376 cam
554 1343 704 1387 pietatem
741 1355 777 1378 ac
814 1345 1067 1387 benignitatem,
1100 1345 1148 1379 vel
1174 1345 1206 1378 in

465 1397 532 1440 ipsa
562 1397 729 1439 regiminis
751 1398 855 1432 forma
875 1405 1049 1441 agnoscant
1090 1404 1121 1432 et
1148 1399 1205 1432 ad-

463 1450 632 1491 mirentur,
659 1457 724 1484 tum
746 1462 821 1485 vero
842 1458 873 1485 ut
907 1453 1071 1486 civitatum
1093 1464 1130 1487 ac
1150 1463 1206 1497 po-

462 1503 611 1546 polorum
632 1503 737 1537 Status
768 1505 978 1539 Ecclesiastici
1016 1506 1144 1550 publica
1176 1512 1204 1539 et

462 1556 583 1599 privata
615 1558 786 1591 commoda
813 1568 1086 1603 communemque
1122 1559 1208 1592 utili-

464 1616 572 1650 tatem,
596 1621 654 1654 pro
691 1622 728 1644 ea
754 1622 818 1655 qua
840 1618 988 1645 tenemur
1008 1619 1142 1657 paterna
1172 1624 1208 1646 ac

464 1665 614 1707 pastorali
637 1664 810 1707 vigilantia,
839 1665 943 1699 modis
961 1666 1112 1699 omnibus
1133 1677 1207 1711 pro-

464 1727 623 1750 curemus.
658 1717 761 1757 Quare
793 1729 865 1751 cum
897 1719 980 1752 inter
1011 1719 1095 1759 ulia,
1125 1730 1207 1763 quac

465 1770 525 1802 lme
564 1771 747 1814 pertinent,
781 1772 860 1805 illud
881 1778 966 1805 corle
992 1783 1056 1806 non
1079 1773 1204 1806 medio-

464 1824 524 1856 cris
545 1825 700 1857 momenti
721 1825 772 1862 sit,
796 1831 827 1858 ut
857 1827 1089 1859 commercium
1110 1826 1208 1859 mari-

466 1877 578 1910 timum
605 1877 687 1911 inter
711 1879 856 1911 subditos
877 1885 1004 1912 nostros
1034 1886 1065 1912 et
1085 1889 1209 1912 merca-

466 1936 549 1963 tores
563 1931 772 1970 diversarum,
790 1933 975 1975 pracsertim
989 1933 1205 1972 orientalium,

466 1985 656 2024 regionum,
691 1985 745 2029 qui
779 1986 980 2020 Anconitano
1007 1997 1042 2019 ac
1075 1987 1209 2030 reliquis

466 2038 596 2070 (litionis
616 2044 744 2071 nostrae
765 2039 948 2082 praedii-tac
969 2039 1114 2083 portibus
1135 2050 1207 2073 cum

467 2091 601 2123 navibus
630 2091 753 2124 onustis
784 2091 944 2125 men-ibus
972 2093 1011 2125 ad
1033 2092 1150 2125 victum
1179 2099 1209 2125 et

467 2154 671 2177 communem
695 2156 787 2177 usum
807 2145 938 2178 utilibus
966 2157 1001 2178 ai:
1023 2145 1209 2179 necessariis

467 2198 642 2242 appellunt,
677 2210 738 2232 nou
761 2200 858 2232 modo
886 2205 1115 2236 conservetur.
1154 2200 1209 2232 sed

468 2252 580 2284 maiori
604 2252 633 2284 in
649 2253 726 2290 dies.
744 2254 807 2286 Deo
829 2253 965 2290 iuvante„
988 2253 1114 2286 navium
1129 2254 1209 2286 mul-

469 2305 602 2338 titudine
623 2312 649 2337 vt
675 2307 864 2350 frequentia,
895 2313 1109 2340 mercatorum
1131 2317 1208 2340 con·
1227 2338 1228 2349 ¹

469 2369 562 2390 eursu
584 2365 614 2391 ct
650 2360 848 2398 celebritate,
882 2360 1039 2393 mercium
1065 2361 1159 2404 copia
1180 2367 1206 2393 ct
1226 2357 1228 2362 '

468 2411 631 2449 ubertate,
655 2419 826 2453 ziiigiraitiii·;
850 2424 967 2457 operae
987 2414 1124 2457 pretium
1146 2414 1207 2446 du-

508 2495 514 2518 Ι
533 2492 623 2523 Quom}
642 2492 779 2520 Hebraeus
795 2495 918 2521 Anconae
932 2495 1072 2529 degentes,
1090 2494 1148 2520 vide
1165 2493 1211 2520 lm-
1229 2511 1230 2514 ,

469 2544 541 2563 mue
558 2535 694 2564 l'ontitlcis
708 2538 844 2564 constitut.
864 2545 909 2565 iv:
930 2540 1031 2573 Cocco,
1047 2538 1072 2565 in
1090 2537 1139 2565 lioc
1154 2537 1212 2574 ipso

1044 174 1228 198 BULLARHJM
1249 174 1403 199 nouatum

1220 222 1364 263 ‘ximus,
1397 228 1426 255 et
1453 222 1506 255 illa
1536 222 1575 256 de
1604 222 1711 256 medio
1739 223 1850 256 tollere
1870 233 1982 266 grava-

1221 774 1223 783 »
1238 756 1353 797 riculo,
1377 767 1540 790 revocare.

1226 2099 1378 2139 quosque
1405 2099 1432 2125 et
1467 2093 1638 2131 immunes,
1662 2104 1698 2126 ac
1719 2092 1758 2125 ad
1779 2092 1908 2125 illorum
1935 2102 1988 2126 so-

2003 173 2052 200 An.
2071 173 2100 201 c.
2112 175 2155 203 ¹5
2171 163 2183 202 .ss

1239 275 1326 308 mina
1350 281 1401 308 aut
1427 275 1670 319 impedimenta,
1705 286 1787 319 quae
1809 276 1894 319 ipsos
1916 277 1981 309 sor-

1239 335 1319 363 tasse
1340 329 1512 368 abducere,
1536 335 1590 362 aut
1609 329 1773 362 retrahere
1790 335 1930 373 possent,
1951 336 1983 363 et

1239 392 1294 415 eos
1314 387 1426 416 contra
1460 382 1650 425 gratiarum,
1681 382 1922 416 immunitatum
1952 388 1983 416 et

1238 436 1482 480 privilegiorum
1512 436 1652 478 benigna
1687 447 1723 469 ac
1751 436 1878 469 liberali
1908 446 1982 469 con-

1239 489 1402 527 cessione,
1437 495 1467 523 et
1498 489 1656 534 promissa
1682 490 1740 523 sub
1771 489 1834 523 fide
1854 490 1983 534 publica

1238 543 1408 577 securitate
1433 543 1588 580 invitare,
1617 555 1652 577 ac
1682 543 1828 577 subditos
1853 544 1983 577 demum

1238 602 1365 630 nostros
1385 597 1438 640 qui
1457 598 1497 630 ad
1511 597 1573 630 alia
1597 602 1728 631 externa
1745 597 1891 641 emporia
1908 607 1984 631 con-

1239 649 1353 688 fluunt,
1381 650 1420 683 ab
1452 649 1564 683 alienis
1592 650 1632 683 ad
1652 649 1783 694 propria
1803 649 1898 683 etiam
1919 677 1926 691 ,
1957 649 1983 682 si

1239 714 1319 747 opus
1339 703 1409 744 erit,
1444 703 1610 747 proposito
1635 703 1770 737 alicuius
1791 703 1901 737 damni
1921 713 1980 746 pe-

1283 809 1348 853 §l
1377 809 1408 843 Si
1429 809 1483 854 qui
1519 809 1616 852 igitur
1648 817 1865 851 mercatores,
1887 810 1982 844 etiam
2011 817 2183 853 Exemptioags

1238 863 1348 904 exteri,
1372 874 1409 897 ex
1433 873 1638 907 quacumque
1670 870 1764 906 gente
1789 870 1819 897 et
1851 864 1982 898 natione
1996 847 2113 910 {ssllssisziss
2118 853 2181 904 '2¹:1⁶‘

1238 916 1378 956 oriundi,
1413 927 1508 950 naves
1544 927 1733 962 comparare
1758 923 1789 951 et
1809 917 1978 958 instruere,
1997 901 2189 965 HEasf'ss'Jlll't‘f>

1238 975 1270 1003 et
1289 970 1321 1002 in
1342 970 1387 1003 eis
1409 970 1492 1003 ultro
1506 970 1652 1014 citroque
1673 970 1887 1004 commeando
1899 980 1983 1003 mer·
1997 955 2184 1007 &immidssssssffss

1239 1035 1290 1057 ces
1310 1034 1345 1057 ex
1367 1023 1577 1057 orientalibus
1590 1024 1737 1068 partibus
1749 1025 1915 1058 Anconam
1929 1025 1984 1058 ad·
1997 1006 2184 1072 lllssiifdiffmfflss
2235 1021 2237 1033 “

1239 1077 1368 1114 ducere,
1392 1078 1438 1110 vel
1466 1077 1497 1110 in
1518 1077 1586 1122 ipsa
1614 1077 1741 1111 civitate
1768 1077 1981 1118 Anconssana,
1999 1062 2190 1109 fiffllffienffih..

1239 1137 1274 1163 ut
1303 1137 1511 1164 venturarum
1537 1131 1695 1164 mercium
1726 1131 1891 1175 pericula,
1925 1131 1984 1164 sub

1239 1184 1334 1217 certis
1347 1184 1574 1228 sponsionibus
1583 1184 1770 1228 suscipiant,
1785 1184 1850 1217 sive
1861 1189 1894 1217 ut
1907 1184 1985 1218 alias

1239 1247 1371 1281 quoquo
1393 1239 1490 1271 modo
1512 1244 1714 1271 mercaturae
1734 1238 1871 1281 negotiis
1902 1248 1982 1282 ope-

1240 1302 1308 1324 ram
1329 1297 1457 1330 navent,
1490 1291 1691 1340 domicilium
1720 1291 1780 1325 sibi
1809 1301 1924 1335 parare
1955 1297 1985 1324 et

1240 1345 1434 1378 constituere
1465 1345 1635 1384 voluerint,
1663 1355 1717 1379 eos
1738 1355 1850 1379 omnes
1875 1350 1906 1378 et
1918 1345 1984 1378 sin-

1240 1398 1332 1441 gulos
1353 1398 1392 1431 ab
1413 1398 1564 1431 omnibus
1586 1398 1857 1442 impositionibus.
1879 1398 1982 1438 datiis,

1241 1451 1415 1489 oneribus,
1443 1451 1598 1494 gabellis,
1634 1451 1787 1493 collectis,
1821 1451 1983 1491 subsidiis,
2011 1466 2015 1471 ·

1241 1505 1550 1544 contributionibus,
1575 1506 1615 1539 ad
1636 1516 1718 1549 quae
1739 1505 1822 1539 cives
1849 1510 1879 1538 et
1899 1505 1987 1538 inco·

1241 1559 1289 1591 lae
1310 1558 1514 1597 Anconitani,
1539 1559 1617 1592 alias
1637 1569 1733 1602 quam
1754 1558 1879 1592 ratione
1900 1568 1986 1591 mer-

1242 1611 1326 1644 cium
1353 1611 1494 1655 ipsarum
1526 1612 1709 1652 venalium,
1740 1610 1987 1655 quomodolibet

1243 1670 1401 1703 tenentur,
1437 1665 1591 1698 haetenus
1619 1664 1747 1698 indictis
1776 1663 1870 1706 <illis
1889 1673 1984 1697 exce-

1243 1718 1303 1762 ptis
1317 1729 1399 1762 qliae
1420 1720 1570 1752 Gamerae
1582 1718 1787 1762 Apostolicac
1801 1717 1984 1760 debentur),

1243 1771 1367 1804 necnon
1386 1772 1482 1804 ctiam
1504 1771 1637 1815 posthac
1670 1772 1775 1811 forsan
1810 1769 1988 1804 indicendis

1243 1825 1512 1869 quibuscumque,
1536 1824 1632 1858 etiam
1660 1825 1684 1857 si
1706 1824 1835 1857 illorum
1850 1823 1988 1857 exactio-

1243 1889 1328 1919 nem,
1352 1889 1409 1922 per
1429 1879 1575 1911 camdem
1601 1878 1767 1911 Cameram
1803 1877 1910 1911 ciusve
1935 1877 1985 1910 οἳ·

1243 1931 1362 1964 sii-iales
1394 1937 1420 1964 et
1448 1931 1612 1964 ministros
1632 1931 1701 1964 sieri
1727 1930 1902 1974 contingat,
1925 1941 1985 1964 au-

1243 1985 1389 2018 ctoritate
1417 1985 1593 2028 apostolica
1621 1991 1731 2018 tenore
1752 1984 1984 2028 praesentium,

1244 2045 1400 2082 perpetuo
1421 2038 1591 2072 eximimus
1613 2045 1644 2072 et
1670 2039 1855 2078 liberamus,
1879 2048 1986 2072 exem-

1245 2146 1398 2179 lutiouem
1439 2157 1643 2190 nequaquam
1675 2145 1794 2184 teneri,
1823 2155 1927 2189 neque
1947 2145 1987 2178 ad

1244 2199 1274 2232 id
1296 2211 1312 2232 a
1333 2210 1496 2243 quoquam
1525 2199 1615 2241 rogi,
1641 2199 1687 2232 vel
1709 2198 1859 2242 compelli
1895 2208 1987 2242 posse

1245 2253 1450 2286 decernimus
1477 2259 1503 2286 et
1536 2253 1751 2292 (ieelaramus,
1781 2257 1987 2295 perpetuam-

1244 2318 1306 2350 que
1332 2306 1568 2339 iimnunitatem
1605 2311 1635 2339 et
1668 2304 1905 2349 exemptionem
1937 2315 1989 2339 su-

1246 2360 1353 2403 perius
1374 2370 1578 2403 expressam,
1613 2368 1725 2392 eorum
1750 2358 1884 2401 singulis
1915 2368 1988 2401 gra-

1246 2413 1324 2446 tiose
1354 2419 1385 2446 ct
1416 2412 1590 2445 liberaliter
1621 2411 1830 2445 concedimus
1851 2417 1881 2444 et
1901 2411 1985 2446 elar-

1245 2466 1364 2506 μίμων.

1291 2521 1306 2562 g
1326 2519 1355 2552 9..
1379 2520 1489 2558 Quoad
1526 2529 1581 2552 eos
1601 2529 1676 2552 vero
1697 2524 1894 2552 mercatores
1913 2517 1985 2551 illa-

471 2585 554 2613 tomo,
579 2590 638 2617 [ag.
656 2582 689 2608 ⁶23

1230 2583 1317 2610 ,rum
1346 2573 1512 2614 gentium,
1541 2579 1568 2606 et
1596 2573 1762 2606 nationum
1794 2572 1912 2616 quibus
1932 2582 1990 2617 per
