2253 3195
271 240 365 269 An.C1
388 241 457 270 1600
502 232 566 267 608

300 997 418 1019 clausulae.

274 1584 388 1611 Dorogatio
397 1590 445 1606 con·

260 1613 334 1633 Ιηιίυι
342 1618 382 1633 unt.

1047 242 1230 267 BULLARIUM

470 303 533 337 que
550 291 791 336 privilegiorum
811 297 841 324 et
863 291 1062 324 indultorum
1084 293 1230 335 apost0-'

470 346 606 379 licorum
632 345 693 378 illis
723 355 950 378 concessorum
987 351 1017 378 et
1045 355 1103 388 pro
1125 351 1208 378 tern-

468 409 548 443 pore
568 398 851 431 concedendorum
867 425 875 438 ‚
905 398 1030 431 avocari
1051 398 1212 431 ullatenus

467 462 560 495 posse
581 457 611 485 et
631 452 761 488 debere,
786 451 973 495 iudicesque
990 451 1125 484 civitatis
1137 451 1212 484 Fer·
1228 466 1229 469 ¹

467 505 826 538 rariaeinliibitionibus
838 505 979 538 iudicum
994 504 1098 543 Urbis,
1115 505 1210 538 etiam
1226 500 1230 517 ¹

467 557 626 591 dictorum
637 558 751 591 Curiae
769 558 920 591 Camerae
941 557 1156 601 Apostolicae,
1174 569 1210 591 ac

465 612 574 656 palatii
608 612 775 656 apostolici
797 612 982 645 auditorum
1011 623 1124 656 parere
1145 623 1208 646 non

467 665 579 705 teneri,
603 676 708 710 neque
729 666 874 699 censuris
895 672 926 699 et
946 667 1059 710 poenis
1080 666 1110 698 in
1133 666 1209 709 ipsis

466 719 713 752 inhibitionibus
739 719 980 752 communitatis
1004 720 1052 753 vel
1080 719 1208 752 inflictis

465 773 560 813 affici,
580 773 629 806 vel
646 773 755 817 aliquo
770 773 867 806 modo
883 772 1050 815 adstringi,
1067 773 1115 807 vel
1129 773 1207 806 alias

465 837 505 859 ne
525 827 556 859 in
571 826 675 860 causis
689 837 796 859 coram
812 826 887 870 ipsis
899 826 1116 870 pendentibus
1133 837 1207 870 pro-

465 879 580 912 cedant
599 879 750 922 impediri
770 879 819 911 vel
844 879 1003 912 remorari
1026 889 1131 923 posse.

510 932 576 975 53.
598 933 715 977 Sicque
745 944 803 977 per
830 943 1055 977 quoscumque
1085 933 1207 967 iudices

464 987 647 1020 ordinarios
668 993 699 1020 et
719 987 894 1029 delegatos,
918 988 1014 1020 etiam
1034 987 1136 1020 dictos
1149 998 1206 1020 au-

464 1040 595 1081 ditores,
609 1051 734 1074 necnon
757 1040 902 1074 eiusdem
924 1041 954 1075 S.
979 1041 1013 1074 R.
1039 1041 1071 1074 E.
1097 1041 1203 1074 cardi-

463 1095 563 1135 nales,
587 1095 684 1129 etiam
718 1095 758 1128 de
784 1095 885 1129 latere
910 1095 1054 1138 legatos,
1082 1096 1206 1129 sublata

463 1148 508 1181 eis
529 1154 560 1182 et
579 1159 691 1182 eorum
713 1149 844 1182 cuilibet
862 1149 972 1193 quavis
1003 1149 1097 1183 aliter
1116 1150 1203 1184 iudi-

463 1201 556 1235 candi
578 1208 608 1235 et
621 1201 854 1246 interpretandi
868 1202 1017 1236 facultate
1039 1209 1069 1236 et
1089 1209 1203 1236 aucto-

462 1255 567 1295 ritate,
596 1254 731 1288 iudicari
753 1261 784 1288 et
804 1255 932 1289 definiri
954 1256 1083 1296 debere,
1104 1267 1141 1290 ac
1161 1257 1204 1289 ir-

461 1308 559 1342 ritum
581 1314 611 1341 et
636 1308 731 1341 inane
751 1309 908 1352 quidquid
930 1320 1021 1343 secus
1040 1321 1137 1354 super
1158 1310 1206 1344 his

462 1372 480 1395 a
498 1372 674 1405 quoquam,
703 1362 815 1406 quavis
833 1363 1024 1396 auctoritate
1037 1391 1044 1403 ,
1067 1364 1206 1397 scienter

460 1416 508 1449 vel
537 1416 744 1458 ignoranter,
769 1417 941 1459 contigerit
968 1418 1119 1451 attentari
1148 1419 1204 1451 de-

462 1469 633 1503 cernimus.

506 1525 522 1566 g
547 1523 578 1556 4.
602 1524 671 1557 Non
704 1523 909 1557 obstantibus
939 1525 1106 1568 quibusvis
1126 1536 1204 1559 con-

460 1577 679 1611 stitutionibus
700 1583 730 1611 et
752 1577 1014 1612 ordinationibus
1045 1579 1201 1623 apostoli-

461 1630 516 1671 cis,
534 1642 570 1664 ac
591 1631 778 1675 privilegiis,
803 1631 935 1664 indultis
948 1638 979 1665 et
996 1632 1110 1665 litteris
1127 1643 1205 1676 apo-

459 1684 580 1718 stolicis
600 1685 803 1717 auditoribus
818 1685 1003 1728 praedictis,
1021 1691 1049 1718 et
1068 1686 1203 1729 quibus-

459 1737 505 1771 vis
526 1737 597 1771 aliis
617 1738 676 1771 sub
694 1738 954 1782 quibuscumque
988 1739 1154 1772 tenoribus
1173 1745 1204 1773 et

458 1790 579 1831 formis,
603 1797 634 1824 et
654 1803 725 1824 cum
748 1791 913 1835 quibusvis
934 1792 1085 1825 clausulis
1106 1798 1134 1826 ct
1149 1793 1204 1826 de-

458 1845 552 1878 cretis
574 1845 604 1877 in
626 1845 825 1878 contrarium
848 1845 1099 1889 praemissorum
1121 1858 1202 1890 quo-

459 1899 637 1932 modolibet
664 1899 846 1939 concessis,
871 1900 1071 1933 confirmatis
1095 1906 1126 1934 et
1145 1912 1201 1945 ap-

459 1953 614 1997 probatis,
655 1952 777 1992 Quibus
809 1953 960 1986 omnibus
985 1959 1015 1986 et
1045 1954 1198 1996 singulis,

457 2017 570 2040 corum
587 2013 713 2039 {enon-vs
734 2007 956 2051 praesentibus
970 2018 1027 2050 pro
1046 2008 1202 2051 expressis

457 2066 488 2093 et
507 2061 546 2093 ad
569 2061 701 2093 verbum
725 2061 852 2093 insertis
872 2061 1038 2101 habentes,
1054 2061 1113 2094 ltac
1135 2062 1201 2095 vice

455 2115 620 2148 dumtaxat
655 2115 839 2159 specialiter
867 2121 897 2147 ct
927 2125 1075 2158 expresse
1097 2115 1196 2148 dero-

455 2178 588 2211 gamus,
617 2169 816 2212 caeterisque
854 2168 1025 2201 contrariis
1061 2168 1197 2212 quibus-

455 2233 604 2265 cumque.

501 2276 612 2308 [latum
636 2276 756 2308 Romae
776 2275 860 2319 apud
882 2276 911 2309 S.
929 2276 1056 2308 Petrum
1070 2276 1129 2308 sul)
1143 2286 1199 2308 an-

455 2330 532 2362 nulo
566 2329 756 2368 l‘iscatoris,
781 2329 832 2362 die
863 2340 914 2362 xtv
949 2329 1091 2362 octobris
1120 2340 1195 2369 noc,

454 2383 660 2427 pontificatus
681 2383 780 2416 nostri
802 2394 887 2416 anno
913 2394 1010 2416 nono.

491 2445 546 2471 liat.
563 2445 605 2472 die
624 2446 653 2472 tt
673 2445 792 2472 octobris
811 2446 887 2476 ¹001),
910 2445 1005 2481 pontis.
1023 2454 1066 2473 an.
1089 2451 1123 2472 tx.

1250 242 1403 268 ROMANUM
2001 243 2048 273 An.
2065 244 2094 273 C.
2117 245 2184 276 1600

1525 292 1700 326 ccxxxix.

1246 398 1445 431 Donatz'ones
1457 399 1497 432 ab
1517 399 1673 442 episcopis
1690 399 1865 433 Sardiniae
1883 401 1986 444 factae

1289 451 1399 493 farore
1422 462 1704 495 quarumcumque
1721 463 1937 496 personarum
1958 458 1986 487 ct

1288 506 1420 547 piorum
1447 505 1600 547 Iocorum,
1631 516 1696 538 non
1722 511 1859 550 sequuta
1885 507 1987 540 tradi-

1293 559 1377 591 tione
1401 562 1430 592 et
1450 560 1695 602 consiqnatione
1713 561 1869 593 bonorum
1886 560 1987 593 dona-

1290 616 1407 650 torum,
1436 613 1550 646 nullae
1569 617 1598 646 et
1618 613 1734 646 irritae
1760 613 1983 654 declarantur,

1291 670 1459 710 tamquam
1471 668 1575 710 sactae
1588 667 1623 700 in
1636 667 1787 710 fraudem
1806 667 1987 711 spoliorum

1287 720 1427 753 ecclesiis
1451 721 1694 754 cathedralibus
1714 721 1963 754 concessorum¹.

1445 810 1579 838 Clemens
1599 811 1678 843 Papa
1696 811 1783 844 vm,

1370 864 1407 891 ad
1426 868 1602 899 perpetuam
1616 864 1658 893 rei
1678 866 1859 892 memoriam.

1286 935 1490 978 Apostolicae
1511 935 1601 969 Sedis
1618 935 1936 979 requiritauctoritas
1949 942 1985 969 ut
2024 946 2166 968 Prooemium.

1242 1000 1324 1033 quae
1342 1000 1406 1022 non
1425 989 1531 1022 minus
1544 990 1608 1033 pie,
1632 1000 1730 1033 quam
1752 990 1930 1034 prudenter
1942 990 1981 1023 ab

1242 1043 1354 1076 eadem
1366 1043 1447 1076 Sede
1463 1043 1492 1075 in
1505 1044 1646 1076 savorem
1659 1043 1878 1083 ecclesiarum,
1891 1054 1984 1088 prae-

1241 1097 1349 1130 sertim
1361 1097 1593 1130 cathedralium
1603 1103 1634 1130 et
1644 1097 1979 1141 metropolitanarum,

1241 1157 1444 1192 emanarunt,
1468 1152 1582 1185 eadem
1604 1151 1697 1184 firma
1717 1158 1874 1196 perpetuo
1895 1158 1926 1186 et
1946 1152 1983 1185 il-

1242 1205 1340 1238 libata
1365 1205 1546 1248 persistant.

1286 1261 1302 1302 g
1327 1258 1357 1292 t.
1381 1259 1463 1292 Sane
1481 1258 1687 1292 charissimus
1709 1259 1739 1292 in
1753 1258 1876 1293 Christo
1897 1259 1982 1293 filius

1241 1319 1349 1346 noster
1361 1312 1527 1356 Philippus
1550 1312 1776 1356 Hispaniarum
1798 1323 1853 1346 rex
1872 1313 1981 1346 catho-

1240 1366 1319 1400 licus
1340 1366 1433 1399 nobis
1454 1376 1556 1409 nuper
1576 1366 1691 1409 exponi
1706 1366 1789 1406 fecit,
1806 1366 1981 1409 quodlicet

1239 1420 1316 1452 alias
1345 1419 1445 1453 felicis
1470 1419 1704 1452 recordationis
1735 1419 1808 1452 Pius
1834 1419 1919 1462 Papa
1942 1420 1977 1461 V,

1241 1473 1469 1516 praedecessor
1485 1478 1604 1512 noster,
1614 1472 1905 1516 supplicationibus
1917 1472 1981 1506 cla-

1240 1538 1293 1560 rae
1308 1527 1484 1560 memoriae
1505 1526 1644 1570 Philippi
1658 1526 1790 1559 secundi
1812 1525 1980 1570 llispania-

1239 1592 1309 1615 rum
1343 1581 1425 1623 regis
1456 1580 1627 1619 catholici,
1660 1580 1803 1613 eiusdem
1841 1580 1980 1625 Philippi

1239 1635 1323 1677 regis
1337 1634 1502 1677 genitoris.
1521 1640 1596 1667 tunc
1614 1634 1797 1675 inclinatus,
1814 1633 1917 1678 spolia
1931 1644 1981 1667 ar-

1239 1687 1520 1732 chiepiscoporum
1542 1693 1570 1720 et
1586 1687 1812 1731 episcoporum
1834 1687 1865 1720 in
1881 1697 1981 1729 regno

1238 1741 1415 1781 Sardiniae,
1437 1747 1523 1774 extra
1546 1741 1636 1781 illud,
1660 1751 1723 1774 non
1746 1746 1852 1774 tamen
1875 1740 1981 1775 inlta-

1239 1795 1280 1828 lia
1301 1794 1550 1833 decedentium,
1575 1805 1610 1827 ac
1636 1795 1777 1833 fructus,
1802 1794 1924 1828 reditus
1949 1801 1979 1828 et

1239 1855 1413 1892 proventus
1424 1848 1747 1892 metropolitanarum
1769 1853 1796 1881 et
1812 1848 1980 1882 cathedra-

1239 1901 1315 1934 lium
1337 1901 1545 1935 ecclesiarum
1567 1901 1711 1934 eiusdem
1727 1901 1828 1942 regni,
1851 1901 1978 1935 illarum

1237 1955 1402 1988 vacatione
1433 1955 1584 1995 durante,
1616 1955 1655 1987 ab
1677 1954 1927 1999 archiepiscopis
1948 1961 1979 1989 et

1237 2009 1407 2052 episcopis,
1424 2019 1503 2052 quos
1517 2009 1546 2041 in
1562 2008 1704 2041 ecclesiis
1726 2008 1912 2042 huiusmodi
1926 2019 1979 2042 va-

1236 2062 1978 2103 cantibussuccederecontingeret,anctoritate

1235 2117 1412 2160 apostolica
1445 2122 1601 2160 perpetuo
1624 2116 1832 2154 abdicaverit,
1858 2116 1977 2160 illaque

1236 2170 1327 2203 ‹lirtis
1348 2170 1490 2202 ecelesiis
1514 2179 1572 2213 pro
1591 2169 1717 2202 illarum
1741 2169 1872 2209 fabrica,
1896 2175 1978 2203 slrtt-

1235 2230 1337 2262 rtura,
1372 2222 1574 2266 reparatione,
1600 2228 1629 2255 et
1656 2222 1917 2259 conservatione.
1941 2233 1977 2255 ac

1234 2282 1500 2310 ornamentornnt
1514 2281 1545 2308 et
1556 2282 1820 2319 paramentorum
1840 2275 1976 2319 emptio-

1235 2343 1272 2363 ne.
1294 2337 1321 2363 et
1345 2330 1588 2363 manunnnono
1609 2330 1704 2362 etiam
1737 2336 1893 2373 perpetuo
1914 2340 1972 2374 ap-

1235 2384 1410 2428 plicaverit,
1441 2395 1477 2416 at:
1497 2383 1631 2423 singulis
1653 2383 1852 2424 singularum
1875 2383 1975 2417 ercle-

1232 2438 1352 2470 siarum
1376 2437 1613 2481 praedictarum
1637 2436 1832 2481 presbyteris
1845 2443 1874 2469 et
1902 2447 1974 2480 pet·-

1231 2492 1318 2524 sonis
1350 2503 1406 2536 per
1437 2492 1587 2524 eumdem
1618 2491 1800 2534 Philippum
1840 2501 1970 2532 regem,

1231 2545 1364 2588 eiusque
1394 2555 1597 2577 successores
1621 2543 1789 2584 eligendis,
1819 2549 1852 2576 ut
1872 2543 1973 2587 spolia

1230 2603 1261 2631 et
1282 2598 1402 2630 svnt-tus
1424 2597 1608 2631 lntinsniotli
1640 2597 1818 2641 percipere,
1846 2596 1972 2639 exigere

1269 2662 1276 2686 l
1298 2660 1332 2686 131
1359 2659 1464 2695 lla-gest.
1483 2660 1509 2687 in
1525 2660 1626 2686 Set-ret.
1650 2659 1783 2686 Bretium.

1996 1295 2111 1316 Sardiniae
2125 1295 2182 1316 bona

1997 1321 2119 1348 fructusque
2146 1327 2182 1342 oc·

1996 1348 2109 1369 etesiarum
2147 1354 2180 1369 va-

1996 1377 2089 1395 cantium
2130 1375 2182 1402 ipsis

1996 1401 2093 1422 oseti-sits
2105 1401 2154 1422 Pius
2164 1401 2180 1422 V

1996 1429 2093 1449 asset-un.

2030 1267 2182 1294 Episcopot-um
