2253 3195
860 207 1007 231 CLEMENS
1025 208 1081 231 viu
1100 208 1149 231 PP.
1665 196 1729 229 σ219
1776 205 1826 231 An.
1844 205 1872 231 C.
1896 205 1963 234 1595

284 256 300 298 g
320 254 349 288 7.
366 255 544 294 Caeterum,
560 255 636 298 quia
653 254 782 288 difficile
798 255 879 288 soret
892 265 982 298 prae-
1062 257 1077 297 ξ
1109 255 1139 288 i.
1174 255 1236 288 Nos
1268 254 1375 298 itaque
1410 254 1701 287 animadvertentes
1728 254 1759 286 in
1803 266 1884 287 causae
1900 267 1963 287 mnus

41 317 222 366 Ητι-κιιιῆυιιίιιιιῆῑε
239 314 344 341 sentes
377 308 497 340 litteras
518 308 558 340 ad
579 308 705 350 singula
729 319 877 351 quaeque
898 308 979 345 loca,
1017 309 1102 341 alma
1122 309 1205 341 Urbe
1228 314 1347 348 nostra,
1363 308 1451 341 varia
1472 307 1614 351 alioquin
1630 307 1759 351 piorum
1776 295 1962 340 Ul-Z'.5'd}l1'{i?.¹“³⁹⁸

48 353 60 366 Ι(
70 353 100 367 ctu
120 352 124 366 i
149 354 152 363 1
181 361 185 364 .

41 210 89 237 Λ11.
111 208 139 236 C.
162 207 228 235 1595

239 362 270 394 in
289 361 405 405 quibus
423 361 594 404 expediens
615 367 708 401 esset,
733 361 863 398 deferri,
887 362 979 393 rolu-

238 425 326 454 mus,
362 420 391 446 ct
418 414 501 447 dicta
530 414 720 447 auctoritate
753 414 979 453 deceruimus,

237 468 324 512 quod
335 468 522 501 earumdem
531 467 749 511 praesentium
759 467 978 511 transumptiS,

238 532 335 554 manu
355 521 490 554 alicuius
506 521 623 554 notarii
637 521 758 564 publici
780 521 979 564 subscriptis,

237 580 268 608 et
293 574 398 617 sigillo
427 574 561 607 alicuius
590 584 748 617 personae
774 573 804 605 iu
828 573 982 615 dignitate

237 627 452 661 ecclesiastica
472 627 674 667 constitutae,
700 633 727 659 et
761 638 858 670 super
879 627 979 659 eolle-

236 682 342 715 ctione
364 681 498 714 subsidii
520 681 706 714 huiusmodi
722 681 894 724 deputatae
914 691 983 713 mu-

235 734 323 774 nitis,
354 734 470 767 eadem
497 744 630 777 prorsus
651 734 732 766 sides
757 733 788 766 in
808 733 928 766 iudicio
954 739 981 766 et

236 792 325 820 extra
345 787 425 820 illud
438 787 642 827 adhibeatur,
660 798 743 830 quae
759 786 982 830 praesentibus
997 790 999 802 ¹

997 855 999 863 ν
1016 851 1098 883 quae
1119 851 1136 872 a
1159 840 1243 883 turpi
1258 840 1404 884 corporis
1424 840 1471 873 sui
1484 845 1619 883 quaestu
1640 840 1679 873 ad
1694 851 1760 873 me-

236 840 314 884 ipsis
334 840 551 873 adhiberetur.

280 894 394 927 Datum
416 894 537 927 Romae
557 894 643 938 apud
668 894 819 927 Sanctum
840 894 980 926 Marcum

236 946 295 980 sub
308 947 428 980 annulo
448 947 630 987 Piscatoris,
653 947 703 980 die
724 957 777 980 xtv
790 946 981 990 septembris

236 1010 354 1041 iammv¹
377 1000 584 1044 pontificatus
601 1001 701 1033 nostri
722 1011 806 1033 anno
831 1011 873 1034 ιν.

272 1061 330 1091 nat.
351 1062 395 1089 die
416 1063 446 1089 14
466 1062 633 1097 septembris
655 1062 733 1096 1595,
756 1065 833 1097 pont.
855 1070 899 1088 an.
924 1070 960 1088 [v.

564 1248 649 1282 CXV.

236 1355 407 1388 Institutio
428 1355 630 1395 monasterii,
653 1365 708 1387 seu
728 1355 842 1388 domus
858 1355 981 1398 refugyii

284 1420 495 1460 nuncupatae
514 1416 551 1449 in
568 1416 658 1449 alma
680 1416 772 1457 Urbe,
793 1428 854 1460 pro
872 1417 978 1460 virqi-

282 1491 363 1514 num
390 1481 664 1525 honestarumque
695 1481 873 1514 viduarum
902 1481 980 1514 edu-

282 1542 418 1583 catione,
442 1546 470 1574 et
490 1542 637 1575 aliarum
661 1543 841 1575 mulierum
860 1542 903 1574 ad
924 1542 980 1575 lio-

281 1609 402 1638 nestam
421 1605 524 1637 vitam
539 1615 571 1638 se
590 1606 846 1638 convertentium
864 1606 999 1649 proba-1

284 1668 382 1709 tione;
404 1678 477 1700 cum
496 1668 638 1701 subsidii
662 1669 894 1710 assiquatione,
923 1669 978 1701 iu-

281 1730 426 1774 dicisque
438 1730 589 1774 specialis
602 1730 820 1774 deputatione,
838 1731 880 1763 ad
899 1732 982 1764 eius-

281 1792 354 1826 dem
384 1793 586 1827 monasterii.
598 1793 732 1837 eiusque
766 1805 983 1837 personarum

280 1860 310 1888 et
329 1855 520 1899 officialium
541 1856 613 1889 lites
633 1856 877 1890 diiudicandus.

446 1945 579 1973 Clemens
596 1947 675 1980 Papa
689 1947 768 1977 VIII.

1018 363 1163 394 locorum
1186 361 1371 394 celebritate
1398 361 1524 401 reserta,
1550 366 1670 393 certam
1697 360 1757 392 ali-

1017 425 1112 457 quam
1135 415 1267 447 domum
1287 414 1326 447 ad
1341 414 1398 446 tria
1413 424 1625 457 personarum
1641 424 1760 456 genera

1017 467 1200 510 recipienda
1223 467 1283 499 liorv
1305 473 1448 510 tempore
1465 467 1653 507 desiderari,
1670 467 1759 511 puel-

1018 521 1119 552 larum
1138 520 1292 552 nimirum
1315 531 1349 552 ac
1372 520 1543 562 virginum,
1561 531 1643 564 quae
1665 520 1761 553 variis

1017 573 1120 606 causis
1141 579 1313 616 autequam
1336 573 1469 613 nubant,
1494 579 1546 606 aut
1568 573 1666 606 vitam
1686 572 1761 606 reli-

1017 627 1103 668 giose
1126 626 1303 665 instituant,
1328 626 1359 658 in
1375 626 1561 659 discrimine
1582 627 1760 660 honestatis

1017 680 1206 712 constitutae
1232 685 1315 719 sunt3
1339 680 1507 712 viduarum
1530 680 1656 720 deinde,
1678 691 1760 723 quae

1016 734 1141 765 nullum
1163 743 1336 766 commune
1351 733 1550 766 domicilium
1572 734 1703 774 liabent,
1728 734 1760 766 in

1017 797 1080 830 quo
1102 788 1230 829 degant3
1248 798 1284 819 ac
1301 787 1432 820 demum
1446 798 1556 820 earum
1572 787 1756 828 mulierum,

1016 893 1129 925 liorem
1152 893 1276 934 frugem
1302 903 1335 925 se
1360 892 1505 936 recipere
1522 893 1675 931 volentes,
1692 903 1761 926 mu-

1016 946 1131 979 tandae
1160 946 1291 989 quidem
1320 945 1428 980 vitae.
1468 957 1504 978 ac
1542 946 1760 989 poenitentiae

1015 1000 1159 1041 agendae
1176 998 1335 1032 desiderio
1349 1000 1544 1042 quandoque
1558 999 1761 1032 inflamman-

1016 1059 1077 1094 tur,
1101 1054 1156 1086 sed
1178 1063 1251 1085 eum
1276 1053 1348 1085 loco
1369 1052 1546 1094 indigeant,
1570 1052 1625 1085 ubi
1643 1053 1681 1085 ab
1702 1053 1761 1085 im-

1014 1107 1133 1151 pudica
1153 1107 1321 1140 hominum
1335 1107 1568 1140 consuetudine
1589 1107 1677 1150 prius
1699 1107 1761 1140 dis-

1015 1161 1153 1203 iunctae,
1170 1160 1325 1208 tantisper
1337 1165 1589 1200 commorentur,
1606 1160 1761 1204 quamdiu

1015 1214 1047 1246 in
1077 1213 1310 1247 monasterium
1339 1214 1379 1246 ad
1404 1213 1474 1246 illas
1501 1213 1703 1257 recipiendas
1728 1213 1760 1246 in

1014 1267 1100 1300 Urbe
1121 1266 1315 1299 destinatum
1336 1266 1562 1307 admittantur,
1586 1271 1642 1299 aut
1672 1266 1760 1300 aliud

1014 1321 1185 1353 honestum
1206 1320 1288 1353 vitae
1306 1330 1406 1363 genus
1427 1320 1548 1360 ineant,
1578 1331 1619 1353 ne
1644 1331 1760 1353 conce-

996 1380 1070 1418 pto
1092 1374 1146 1407 illo
1175 1368 1292 1407 ardore
1317 1373 1437 1406 sensim
1462 1373 1703 1416 refrigescente,
1728 1373 1760 1407 in

1015 1429 1128 1462 eadem
1153 1428 1303 1472 pestifera
1323 1428 1478 1471 peccandi
1499 1427 1634 1461 libidine
1653 1438 1762 1472 perse-

1014 1487 1135 1515 verent.
1149 1481 1462 1525 Considerantesque
1482 1481 1628 1521 ulterius,
1645 1481 1669 1514 si
1683 1481 1762 1514 haec

1016 1536 1131 1569 domus
1157 1536 1189 1568 in
1200 1536 1286 1568 Urbe
1311 1535 1507 1578 erigeretur,
1532 1535 1760 1579 proculdubio

1016 1589 1198 1622 animarum
1224 1588 1340 1622 Christi
1361 1588 1559 1621 immaculati
1581 1588 1662 1630 Agni
1682 1599 1758 1621 san-

1016 1643 1112 1685 guine
1132 1643 1375 1686 redemptarum
1395 1642 1489 1675 saluti
1510 1647 1695 1685 opportuno
1708 1642 1764 1675 ad-

1017 1697 1149 1730 modum
1183 1696 1328 1730 remedio
1360 1696 1542 1730 consultum
1569 1696 1618 1735 iri,
1643 1696 1763 1729 idcirco

1017 1751 1150 1785 caeteris
1171 1751 1250 1784 locis
1261 1751 1363 1795 piisin
1373 1751 1459 1784 Urbe
1473 1761 1491 1783 a
1508 1750 1661 1783 Romanis
1678 1750 1763 1783 Pon-

1017 1805 1158 1839 tificibus
1177 1804 1481 1848 praedecessoribus
1505 1804 1624 1837 nostris
1642 1814 1763 1847 oppor-

998 1865 1105 1899 dune,
1133 1869 1192 1902 pro
1220 1869 1330 1891 rerum
1362 1868 1399 1891 ac
1430 1862 1616 1901 temporum
1638 1857 1763 1890 ratione

1018 1912 1181 1951 institutis,
1205 1911 1364 1945 eiusmodi
1379 1912 1512 1945 domum
1534 1911 1596 1944 hoc
1618 1916 1762 1953 tempore

998 1971 1000 1997 1
1018 1965 1200 1998 addendam
1222 1965 1383 1998 duximus.

369 2000 405 2026 ³⁴¹
421 2002 598 2056 perpetuam
612 1999 658 2026 rei
673 2001 853 2027 mmmmm·
998 2000 1000 2016 ¹
1063 2019 1077 2062 ἓ
1107 2017 1138 2051 2.
1171 2019 1219 2052 Ad
1248 2019 1376 2051 laudem
1404 2018 1502 2060 igitur
1527 2016 1762 2060 omnipotentis
1805 2022 1910 2043 1¹1³1i¹11t10
1927 2021 1963 2042 ‘¹⁰-

1016 2071 1083 2112 Dei,
1112 2072 1152 2104 ad
1170 2072 1331 2114 virginum
1352 2076 1384 2105 et
1404 2071 1574 2104 viduarum
1602 2070 1758 2103 aliarum·
1777 2054 1963 2106 {JRnglssjtl'rffl'i't'sss

1778 2103 1907 2128 rocipiendis
1942 2104 1971 2124 ω’

1017 2136 1080 2169 que
1102 2125 1276 2158 mulierum
1301 2125 1561 2169 supradictarum
1584 2123 1763 2157 comniodi-
1778 2136 1817 2150 um
1831 2130 1876 2150 eius
1892 2131 1963 2158 reme:

1777 2162 1815 2181 pro
1827 2156 1895 2176 viduis
1906 2162 1926 2175 in
1943 2161 1963 2175 a-

1017 2184 1125 2219 tatem,
1145 2189 1354 2212 communem
1376 2179 1521 2218 domum,
1546 2188 1628 2221 quae
1649 2177 1681 2209 in
1699 2182 1762 2209 tres
1778 2183 1816 2205 lin.
1833 2189 1858 2212 πρ
1874 2188 1910 2207 vro
1927 2182 1963 2202 im-

1778 2208 1963 2233 1uuticisiiiiitteri-

1017 2232 1157 2265 diversas
1177 2238 1283 2276 partes
1302 2232 1552 2271 distribuantur,
1573 2231 1603 2263 in
1625 2241 1761 2273 quarum
1778 2236 1817 2283 {³³33
1833 2235 1964 2283 igofflietfflti-

1017 2283 1112 2318 aliam
1138 2285 1296 2328 virgines,
1321 2296 1403 2329 quae
1423 2285 1471 2318 vel
1492 2284 1678 2328 parentibus
1704 2294 1760 2316 or-

1016 2339 1126 2379 batae,
1150 2340 1198 2371 vel
1217 2350 1330 2373 eorum
1356 2350 1434 2372 cura
1463 2345 1558 2382 atque
1577 2337 1677 2370 ‘omni
1701 2337 1764 2370 alia

1017 2403 1078 2436 ope
1092 2393 1273 2433 destitutae,
1291 2393 1322 2425 in
1340 2393 1485 2436 periculo
1500 2392 1674 2436 pudicitiae
1694 2403 1764 2425 ver·-

1017 2451 1138 2485 santur,
1164 2446 1266 2479 donec
1293 2446 1448 2479 nimirum
1468 2446 1515 2479 vel
1538 2447 1576 2479 de
1597 2446 1765 2479 matrimo-

998 2500 1071 2532 'nio
1100 2500 1344 2538 contrahendo,
1375 2500 1423 2532 vel
1445 2500 1484 2532 de
1516 2500 1579 2532 vita
1611 2499 1762 2542 religiose

1019 2553 1213 2587 instituenda
1245 2550 1515 2593 deliberaverint,
1556 2553 1684 2597 illisque
1724 2554 1763 2586 de

1017 2606 1220 2641 convenienti
1241 2606 1326 2648 dote,
1351 2613 1405 2641 aut
1423 2607 1637 2652 eleemosyna,
1661 2607 1726 2641 sive
1747 2617 1765 2641 a

281 2072 316 2104 In
340 2081 492 2114 supremo
514 2081 611 2104 curae
631 2071 801 2115 pastoralis
832 2082 979 2113 munere,

238 2124 326 2168 quod
355 2123 452 2157 nullis
476 2124 594 2157 nostris
622 2124 756 2163 meritis,
791 2125 847 2158 sed
874 2126 983 2159 divina

238 2188 299 2221 ope
319 2177 390 2211 freti
411 2177 639 2218 substinemus,
656 2177 736 2210 nihil
752 2178 852 2220 magis
865 2189 982 2212 curan-

239 2231 315 2265 dum
336 2241 404 2264 esse
422 2241 601 2270 censemus,
625 2239 722 2274 quam
743 2237 778 2263 ut
797 2232 982 2275 periclitan-

239 2284 319 2317 tium
352 2284 534 2316 animarum
567 2284 671 2325 saluti,
700 2289 731 2317 et
755 2295 978 2328 personarum,

239 2348 322 2382 quae
342 2338 523 2371 necessario
544 2337 663 2371 auxilio
694 2338 864 2371 destitutae
895 2344 979 2378 sunt,

239 2392 473 2432 commoditati,
490 2398 645 2436 quantum
667 2403 741 2425 cum
761 2393 898 2426 Domino
910 2404 983 2437 pos-

239 2457 360 2486 sumus,
384 2447 600 2480 consulamus.
624 2446 710 2485 Quae
724 2446 853 2489 quidem
875 2453 982 2490 pater-

239 2510 299 2533 nae
329 2499 492 2532 charitatis
524 2499 629 2532 officia
658 2499 699 2532 ita
732 2510 805 2532 cum
836 2506 983 2543 suscepta

241 2552 518 2586 administratione
547 2559 621 2586 sunt
652 2553 845 2593 coniuncta,
880 2559 915 2586 ut
946 2564 983 2586 ea

241 2605 415 2640 functionis
424 2612 552 2640 nostrae
566 2607 698 2651 propria
711 2617 778 2641 esse
791 2607 978 2641 sentiamus.

75 2124 196 2146 Exordium.
