2253 3195
2 251 3 255 ,
22 230 72 257 An.
89 229 117 257 C.
141 229 209 257 ¹596

50 1987 191 2009 Prooemium.

845 230 992 255 CLEMENS
1011 231 1070 255 Vttl
1088 231 1138 254 PP.

220 285 367 323 quutam,
391 279 566 323 omniaque
587 279 649 312 alia
669 286 700 313 et
719 279 845 321 singula
860 279 891 312 in
906 279 967 312 eis-

221 333 294 366 dem
312 332 524 376 praeinsertis
545 333 658 366 litteris
678 333 865 376 apostolicis
885 344 965 365 con-

223 391 309 418 tenta
329 385 511 429 specialiter
531 392 561 418 et
583 396 730 429 expresse
756 385 965 425 ratificamus,

221 446 426 483 acceptamus
444 445 474 472 et
491 439 719 483 approbamus,
734 449 770 472 ac
790 439 968 481 adimplere

222 492 441 536 promittimus
473 493 505 525 in
537 492 689 525 omnibus
714 497 742 524 ct
775 502 832 535 per
859 492 968 524 omnia

221 547 306 579 bona
333 546 407 587 fide,
432 547 518 579 iuxta
538 547 682 579 eiusdem
704 546 895 589 praeinserti
914 546 964 578 in-

220 600 391 632 strumenti
411 600 486 639 vim,
512 600 662 639 sormam,
684 599 916 632 continentiam
939 604 967 631 et

221 658 377 686 tenorem.
388 653 424 685 Et
438 652 469 684 in
485 652 706 685 testimonium
720 652 862 684 veritatis
876 662 968 695 prae-

220 711 326 739 sentes
344 711 472 738 nostras
492 710 638 749 patentes
651 705 772 738 litteras
786 715 900 738 manus
912 715 969 738 no-

220 764 304 791 strae
324 758 582 801 subscriptione,
607 764 635 790 et
657 763 769 791 nostro
799 757 893 790 solito
920 758 965 790 si-

222 811 300 854 gillo
322 811 462 844 munitas
483 810 554 844 fieri
576 811 810 844 mandavimus.

263 865 379 898 Datum
393 865 533 906 Parisiis,
549 865 599 899 die
613 876 666 899 xix
679 865 870 909 septembris
883 875 968 898 anno

219 919 346 953 Domini
364 919 536 952 millesimo
550 919 809 963 quingentesimo
827 929 968 961 nonage-

219 973 301 1007 simo
321 979 419 1013 sexto,
441 979 472 1006 et
498 973 588 1016 regni
609 973 710 1007 nostri
731 979 842 1006 octavo
855 973 874 1006 ¹.

521 1044 664 1077 HENRY.

608 1112 612 1115 '
652 1107 687 1140 N.
716 1107 777 1140 Per
801 1107 921 1149 Regem

220 1170 344 1205 Pendet
357 1170 422 1214 siyi
426 1169 509 1203 llum
520 1180 681 1214 maqnum
692 1171 821 1213 reyium
833 1171 870 1203 in
881 1181 962 1203 cera.

219 1295 376 1340 Sequitur
392 1293 602 1338 pontificium
622 1294 723 1334 breve,
739 1304 803 1338 quo
821 1294 967 1328 Clemens

264 1357 405 1392 Henrico
436 1356 627 1400 qratulatur
655 1356 693 1389 de
723 1357 962 1400 ratificatione,

264 1421 430 1455 Romanae
449 1420 546 1453 aulae
565 1420 726 1463 qaudium
748 1424 899 1453 testatum
915 1421 966 1464 fa-

265 1485 319 1524 cit,
336 1494 474 1528 eumque
490 1483 533 1516 ad
548 1484 824 1527 perseverantiam
844 1483 965 1516 adhor-

267 1551 365 1580 tatur.

236 1637 417 1665 Charissimo
436 1637 468 1664 in
485 1636 602 1664 Christo
622 1636 684 1664 filio
704 1639 808 1664 nostro
829 1637 954 1665 Henrico

327 1691 507 1718 Francorum
526 1690 589 1724 regi
609 1688 861 1717 christianissimo

403 1747 559 1778 Clemens
580 1747 674 1788 Papa
694 1747 786 1777 VIII.

237 1816 418 1844 Charissimo
438 1816 470 1843 in
490 1815 608 1843 Christo
628 1815 672 1843 fili
692 1818 805 1850 noster,
823 1817 956 1843 salutem

342 1872 373 1897 et.
393 1870 591 1904 apostolicam
610 1869 862 1897 benedictionem.
957 1863 963 1868 '

268 1940 492 1975 Benedicimus
511 1941 611 1974 Deum
642 1940 745 1981 coeli,
769 1940 825 1984 qui
845 1940 971 1973 miseri-

225 1995 370 2029 cordiam
395 2004 487 2028 suam
516 2004 686 2036 magnam,
710 2004 808 2038 quam
834 2005 892 2038 per
912 1994 971 2026 mi-

224 2048 393 2082 nisterium
413 2047 604 2081 humilitatis
633 2054 763 2081 nostrae
783 2048 816 2080 in
837 2054 867 2081 te
887 2059 968 2092 ope-

226 2108 314 2136 ratus
334 2107 402 2142 est,
426 2101 572 2145 quotidie
593 2101 694 2143 magis
724 2101 917 2141 confirmat,
942 2108 972 2135 et

225 2155 379 2198 gaudium
411 2160 558 2187 nostrum
591 2154 744 2187 cumulat.
779 2154 972 2198 Recepimus

225 2209 311 2243 enim
325 2220 342 2242 a
356 2209 475 2242 dilecto
489 2207 556 2240 filio
576 2213 687 2240 nostro
708 2207 889 2241 Alexandro
904 2219 972 2241 car-

225 2262 325 2296 dinali
346 2261 532 2295 Florentino
552 2266 662 2294 nostro
677 2260 971 2304 apostolicolegato

225 2316 476 2350 ratificationem
506 2325 524 2347 a
551 2320 603 2348 tua
634 2314 799 2347 maiestate
830 2314 968 2354 factam,

226 2381 290 2414 qua
310 2370 435 2410 omnia,
464 2379 546 2413 quae
575 2379 593 2402 a
614 2368 676 2402 tuis
703 2368 972 2412 procuratoribus

226 2423 348 2458 Romae
367 2428 424 2456 tuo
444 2422 576 2456 nomine
597 2428 667 2455 acta
695 2427 790 2461 sunt,
813 2427 973 2454 nostram-

227 2487 290 2521 que
311 2477 547 2511 absolutionem
579 2482 610 2510 et
637 2476 896 2510 benedictionem
911 2503 918 2516 ,
943 2481 973 2509 et

265 2557 275 2583 1
299 2556 459 2590 secretarii,
485 2557 531 2592 qui
555 2556 590 2583 de
615 2555 742 2583 mandato
763 2554 843 2590 Regis
862 2562 890 2581 se
907 2553 972 2581 sub-

229 2600 346 2637 scripsit,
368 2609 483 2635 nomen,
508 2600 553 2637 qui
581 2600 741 2637 antiquitate
771 2600 900 2635 deletum,
921 2600 971 2635 legi

229 2653 282 2673 non
303 2645 400 2682 potuit.

1003 279 1112 312 omnia
1130 290 1147 312 a
1168 279 1260 312 nobis
1281 289 1318 312 ea
1338 280 1377 312 de
1398 289 1492 312 causa
1506 279 1646 319 decreta,
1659 278 1751 312 etlit-

1003 332 1078 365 teris
1106 332 1222 365 nostris
1250 338 1347 376 atque
1372 332 1550 376 apostolico
1572 331 1750 375 diplomate

1003 387 1268 430 compraehensa,
1291 392 1359 419 rata
1379 386 1519 419 habuisti
1541 391 1572 418 et
1592 395 1747 429 compro-

1003 439 1094 479 basti,
1118 445 1214 483 atque
1243 440 1282 472 ad
1304 450 1341 472 ea
1365 445 1522 483 perpetuo
1543 439 1700 472 servanda
1720 444 1749 472 te

1003 492 1107 535 ipsum
1129 503 1237 524 coram
1258 493 1340 533 Deo,
1362 498 1393 525 et
1416 493 1484 525 eius
1504 497 1615 526 sancta
1635 492 1746 525 Eccle-

1002 545 1047 578 sia
1068 546 1239 585 (latliolica,
1261 546 1350 588 regia
1371 556 1485 579 manus
1506 552 1579 579 tuae
1600 545 1745 579 subscri-

1002 599 1112 642 ptione
1133 600 1348 639 obstrinxisti·,
1365 611 1429 643 qua
1442 610 1478 633 ex
1498 610 1533 633 re
1554 605 1676 633 tantam
1696 610 1750 633 vo-

1003 654 1157 697 luptatcm
1179 653 1340 697 cepimus,
1362 659 1515 697 quantam
1546 654 1673 687 animus
1693 664 1751 687 no-

1002 713 1066 740 ster
1086 717 1201 750 capere
1226 707 1399 740 maximam
1428 713 1575 751 poterat;
1599 718 1748 751 praeser-

1004 760 1059 793 tim
1080 760 1155 804 quia
1179 760 1265 793 idem
1290 761 1414 803 legatus
1440 767 1568 801 noster,
1593 766 1628 793 ut
1646 766 1700 794 tuo
1719 761 1750 793 in

1003 814 1115 857 primis
1140 814 1264 847 nomini
1285 820 1332 847 est
1352 814 1516 854 addictus,
1541 820 1678 858 tuaeque
1695 824 1748 847 sa-

1003 868 1077 901 lutis
1098 875 1128 902 et
1148 869 1270 911 gloriae
1291 869 1500 912 percupidus,
1517 868 1626 901 omnia
1639 868 1679 901 ad
1693 878 1751 901 nos

1003 927 1150 954 accurate
1169 926 1200 954 et
1212 921 1372 954 subtiliter
1392 921 1530 965 scripsit,
1544 932 1627 964 quae
1648 926 1747 963 gesta,

1003 984 1125 1017 quaeve
1139 974 1223 1007 dicta
1243 985 1261 1007 a
1282 980 1311 1007 te
1332 980 1417 1015 sunt,
1433 980 1466 1006 ut
1484 984 1567 1017 pene
1587 974 1690 1007 oculis
1703 973 1751 1006 in—

1003 1032 1180 1068 tueremur,
1201 1038 1265 1071 qua
1286 1027 1462 1067 alacritate,
1490 1038 1554 1071 qua
1571 1027 1747 1067 hilaritate,

1003 1091 1066 1124 qua
1091 1081 1209 1125 pietate
1242 1087 1272 1113 et
1304 1080 1474 1114 devotione
1502 1091 1578 1123 erga
1608 1091 1688 1121 nos,
1721 1085 1752 1113 et

1002 1133 1085 1167 hanc
1104 1134 1254 1167 Sanctam
1280 1134 1396 1168 Sedem
1418 1134 1451 1167 id
1476 1133 1591 1176 egeris,
1607 1133 1750 1177 denique

1001 1194 1252 1233 quamprompte
1285 1194 1315 1222 et
1345 1188 1468 1221 sincere
1493 1188 1554 1220 hac
1574 1187 1607 1220 in
1627 1198 1662 1220 re
1682 1187 1751 1220 offi-

1001 1242 1041 1275 cii
1063 1243 1108 1275 tui
1126 1248 1233 1286 partes
1259 1242 1300 1276 sis
1321 1247 1509 1286 exequutus.
1533 1241 1571 1274 Et
1589 1251 1648 1275 nos
1672 1241 1747 1285 qui-

1653 219 1718 253 315
1764 229 1814 257 An.
1835 229 1949 258 01596

1786 1248 1844 1269 Bona
1854 1248 1908 1273 regis
1917 1252 1952 1267 vo-

1766 1275 1835 1296 luutas
1858 1281 1870 1295 a
1893 1274 1950 1300 Papa

1002 1297 1091 1337 dem,
1116 1297 1161 1330 fili
1182 1296 1387 1337 charissime,
1411 1295 1454 1329 ita
1484 1305 1612 1339 semper
1637 1295 1676 1328 de
1697 1300 1751 1328 tua
1767 1301 1931 1322 cmumendatur-

1001 1350 1167 1383 excellenti
1192 1350 1309 1382 virtute
1324 1377 1331 1389 ,
1355 1348 1520 1392 animique
1548 1348 1595 1382 tui
1627 1347 1751 1391 magni-

1003 1405 1113 1438 tudine
1134 1410 1164 1437 et
1184 1405 1324 1437 candore
1344 1404 1437 1437 nobis
1457 1403 1592 1448 polliciti
1614 1413 1747 1443 sumus;

1002 1459 1062 1492 hoc
1088 1459 1162 1492 item
1185 1463 1250 1491 ate
1270 1457 1348 1491 boni
1375 1467 1487 1490 omnes
1515 1456 1746 1500 expectabant,

1001 1513 1057 1556 qui
1077 1522 1163 1545 nunc
1193 1511 1364 1544 nobiscum
1394 1520 1603 1553 summopere
1627 1509 1750 1543 laetan-

1001 1571 1069 1606 tur,
1094 1571 1126 1598 et
1144 1565 1209 1598 Deo
1230 1563 1407 1597 immortali
1432 1563 1611 1606 singulares
1631 1562 1750 1605 gratias

1001 1623 1110 1661 agunt.
1139 1617 1253 1651 Mirum
1286 1622 1333 1650 est
1361 1616 1464 1657 enim,
1495 1626 1592 1660 quam
1624 1621 1751 1659 optatus

1003 1678 1033 1706 et
1053 1671 1213 1705 iucundus
1226 1670 1379 1704 acciderit
1395 1669 1447 1703 hic
1464 1669 1602 1703 nuncius
1619 1679 1752 1702 venera-

1002 1725 1123 1758 bilibus
1140 1724 1292 1758 fratribus
1312 1723 1429 1757 nostris
1449 1722 1679 1763 cardinalibus,
1697 1733 1752 1755 au-

1004 1780 1052 1812 lae
1082 1779 1178 1812 huius
1204 1778 1374 1811 ordinibus
1387 1805 1394 1818 ,
1416 1783 1446 1811 et
1466 1777 1504 1810 iis
1525 1777 1676 1811 omnibus
1696 1776 1753 1820 qui

1005 1832 1103 1866 divini
1127 1831 1260 1865 honoris
1281 1831 1385 1864 zelum
1406 1830 1537 1870 habent,
1561 1830 1684 1874 quique
1697 1830 1752 1863 Dei

1004 1896 1104 1930 opera
1125 1885 1157 1918 in
1178 1892 1209 1918 te
1229 1885 1262 1918 in
1282 1885 1351 1918 dies
1371 1883 1529 1917 illustrius
1554 1883 1753 1917 manifestari

1005 1939 1255 1983 concupiscunt,
1273 1938 1391 1982 quibus
1411 1936 1629 1971 fundamentis
1649 1947 1667 1969 a
1687 1947 1754 1970 ma-

1006 1993 1118 2026 iestate
1140 1998 1194 2026 tua
1212 1998 1277 2025 tam
1291 1992 1457 2036 praeclare
1478 1990 1569 2024 iactis
1590 1995 1752 2024 caeteram

1005 2046 1316 2090 superstructionem
1330 2050 1580 2078 consentaneam
1596 2044 1674 2084 fore,
1697 2043 1754 2077 Dei

1006 2101 1164 2134 adiutrice
1193 2099 1320 2142 gratia,
1345 2098 1551 2132 confidimus.
1584 2097 1637 2131 Sic
1668 2097 1755 2130 enim

1006 2155 1064 2187 tibi
1084 2155 1172 2187 Illius
1193 2153 1325 2187 nomine
1345 2153 1539 2196 pollicemur
1552 2179 1559 2191 ,
1583 2151 1638 2195 qui
1669 2156 1698 2184 te
1719 2161 1755 2184 ex

1007 2209 1148 2241 tenebris
1183 2207 1307 2241 vocavit
1342 2207 1374 2240 in
1413 2205 1604 2239 admirabile
1643 2205 1755 2238 lumen

1006 2272 1112 2301 suum,
1137 2261 1228 2294 cuius
1253 2271 1312 2294 nos
1333 2259 1486 2292 immeriti
1509 2258 1611 2292 vicem
1639 2257 1671 2290 in
1692 2263 1756 2291 ter-

1008 2314 1050 2346 ris
1073 2314 1232 2356 gerimus,
1257 2313 1282 2346 si
1308 2313 1352 2346 ita
1376 2318 1411 2345 ut
1431 2311 1581 2355 coepisti,
1602 2311 1634 2343 in
1657 2311 1756 2344 corde

1007 2378 1089 2412 puro
1111 2372 1142 2400 et
1158 2366 1356 2400 conscientia
1375 2366 1471 2405 bona,
1493 2365 1640 2405 candide,
1655 2370 1752 2404 recte,

1007 2420 1197 2464 simpliciter
1222 2430 1331 2453 coram
1361 2420 1425 2452 Deo
1450 2417 1647 2458 ambulabis,
1671 2423 1703 2451 et
1722 2428 1756 2450 o-

1008 2485 1098 2507 mnes
1118 2473 1340 2516 cogitationes,
1357 2483 1470 2506 omnes
1488 2472 1630 2505 actiones
1643 2482 1680 2505 ac
1692 2476 1757 2504 stu-

1008 2528 1060 2561 dia
1087 2533 1140 2560 tua
1170 2527 1210 2560 ad
1238 2527 1307 2559 eius
1327 2526 1487 2569 gloriam,
1509 2525 1643 2569 eiusque
1663 2535 1757 2558 verae

1008 2581 1184 2615 catholicae
1206 2580 1282 2613 fidei
1309 2579 1535 2613 exaltationem
1557 2578 1755 2612 converteris

1008 2640 1104 2680 atque
1125 2634 1312 2675 contuleris,
1332 2639 1368 2667 ut
1388 2638 1474 2667 certe
1495 2633 1618 2678 Spiritu
1641 2633 1757 2666 Sancto
