2253 3195
273 195 323 222 An.
340 195 370 222 C.
393 194 460 223 1594
506 185 548 218 98

472 243 532 276 bus
550 242 665 275 litteris
685 241 904 279 adhiberetur,
929 238 953 271 si
984 238 1089 271 forent
1118 236 1208 270 exhi-

471 297 557 330 bitae
577 296 624 329 vel
645 301 800 328 ostensae.

514 351 630 383 Datum
641 350 761 382 Romae
775 347 860 391 apud
880 346 910 379 S.
926 346 1067 385 Petrum,
1084 344 1142 377 sub
1156 353 1212 376 an-

471 404 548 437 nulo
567 401 736 436 Piscatoris
757 401 806 434 die
820 411 861 433 xx
873 398 1053 433 decembris
1072 408 1208 435 nnxcni,

471 456 674 501 pontificatus
695 453 796 487 nostri
820 463 905 486 anno
923 464 957 486 11.

505 518 563 545 Dat.
580 517 623 544 die
638 517 673 544 20
688 516 825 544 decembr.
850 515 925 547 1593,
942 515 1036 551 pontis.
1060 523 1104 541 an.
1122 521 1148 540 tt.

792 687 922 721 LXXXI.

467 789 529 822 Sex
540 787 681 820 decinws
700 796 798 829 super
817 785 967 818 omnibus
988 782 1147 825 beneficiis
1164 792 1210 815 ec-

510 849 715 890 clesiasticis,
744 846 967 880 saecularibus
989 850 1016 878 et
1042 845 1208 887 reputari—

511 913 579 953 bus,
596 913 632 945 in
646 915 711 944 tota
720 911 739 943 I
740 910 833 949 talia,
844 909 993 952 aliasque
1006 908 1146 940 decimas
1158 918 1212 940 sex

509 986 605 1020 super
621 975 781 1019 fructibus
793 982 1074 1017 quarumcumque
1085 972 1212 1014 pensio-

509 1049 590 1071 num
610 1037 748 1081 imponit
758 1047 818 1080 pro
840 1036 921 1068 bello
942 1039 1053 1068 contra
1078 1035 1207 1073 Tui-cas,

510 1101 647 1144 exceptis
660 1100 691 1133 S.
714 1100 750 1133 R.
772 1099 808 1132 E.
828 1098 1062 1138 cardinalibus,
1077 1101 1105 1130 et
1125 1097 1208 1130 cluo-

510 1163 613 1195 decim
633 1161 936 1205 con-qreqaciomssbus
962 1160 1124 1194 Ordinum
1146 1171 1212 1193 ‘non

512 1225 781 1262 mendicantium,
802 1235 885 1268 quae
914 1223 1117 1257 concordiam
1139 1233 1212 1255 cum

1057 188 1240 214 BULLARIUM
1255 188 1410 212 ROMANUM

1245 241 1324 276 ctus,
1349 235 1442 269 insita
1467 246 1596 280 quoque
1626 236 1759 269 audacia
1788 242 1819 270 et
1837 237 1988 281 superbia

1245 290 1356 331 elatus,
1380 289 1463 323 hanc
1486 289 1531 322 rei
1557 300 1595 322 ex
1619 290 1776 322 sententia
1804 291 1984 333 gerendae,

1245 348 1411 389 tamquam
1425 343 1566 376 oblatam
1581 343 1797 383 occasionem,
1814 353 1910 387 quam
1923 343 1989 387 pri-

1245 397 1318 430 dem
1340 397 1439 440 (quod
1460 397 1608 430 dolenter
1628 396 1810 439 referimus>
1831 397 1985 441 arripuit,

1244 460 1330 483 nunc
1341 449 1479 483 maxime
1492 450 1671 492 urgendam
1685 455 1785 493 putat.
1798 449 1889 482 Videt
1903 449 1988 483 enim

1246 513 1361 545 magna
1382 503 1639 547 eum‘voluptate
1663 502 1855 546 firmissima¹
1880 513 1986 546 quon-

1245 556 1318 588 dam
1338 555 1498 588 Ecclesiae
1518 555 1698 589 Catholicae
1719 555 1964 600 propugnacula
1979 583 1986 593 ,

1244 619 1342 651 regna
1362 609 1510 643 videlicet
1534 610 1733 653 amplissima
1753 615 1785 643 et
1804 609 1991 643 florentissi-

1244 673 1295 695 ma
1312 660 1483 697 haeresum
1501 664 1670 701 incendiis,
1680 665 1841 698 bellorum
1855 669 1988 697 cruenta

1243 723 1359 760 strage,
1377 717 1611 751 discordiarum
1632 718 1781 752 fluctibus
1806 723 1834 751 et
1863 724 1987 762 tempe-

1243 770 1389 811 statibus,
1402 781 1467 804 non
1487 771 1592 804 solum
1606 771 1782 810 debilitata,
1799 772 1854 805 sed
1882 782 1989 805 eversa

1244 829 1274 856 ct
1294 829 1455 867 prostrata
1475 824 1694 857 miserandum
1715 824 1747 857 in
1779 825 1912 858 modum
1939 825 1987 858 ia-

1244 886 1327 909 cere.
1343 876 1446 915 Quare
1466 878 1506 910 ad
1527 877 1580 910 illa
1601 877 1668 921 ipsa
1690 888 1800 920 regna,
1817 883 1847 911 et
1865 883 1990 912 caetera

1244 930 1433 973 occupanda
1453 931 1635 974 (tamquam
1657 931 1790 964 divulsis
1810 931 1906 964 unius
1932 942 1987 965 ro-

1244 983 1328 1017 busti
1349 984 1494 1027 corporis
1514 984 1692 1027 membris)
1715 995 1866 1027 magnum
1893 991 1922 1018 et
1944 985 1989 1017 sa-

1245 1037 1338 1070 cilem
1360 1037 1481 1070 aditum
1502 1037 1562 1070 sihi
1583 1043 1693 1082 patere
1718 1037 1888 1071 existimat.
1911 1038 1988 1071 Nam

1245 1096 1275 1123 et
1295 1090 1408 1124 eadem
1424 1090 1501 1124 olim
1518 1096 1586 1124 arte
1601 1101 1659 1135 per
1675 1091 1813 1124 similem
1836 1091 1991 1135 temporis

1245 1144 1528 1187 opportunitatem,
1552 1144 1714 1178 Orientale
1734 1145 1900 1189 occupavit
1921 1146 1987 1178 lm-

1245 1197 1381 1241 perium,
1405 1197 1482 1230 dum
1502 1198 1626 1239 Graeci,
1652 1198 1789 1237 eodem,
1814 1209 1878 1242 quo
1905 1209 1990 1231 nunc

1244 1250 1398 1284 Occidens
1419 1251 1545 1289 morbo,
1570 1252 1770 1288 haeresibus,
1795 1251 1964 1285 discordiis
1979 1279 1986 1292 ,

2003 187 2052 215 An.
2069 187 2098 216 c.
2120 183 2203 216 1594‘

512 1289 648 1323 camera
670 1287 856 1331 Aposwhca
876 1291 1024 1319 '‘meran“
1040 1297 1137 1330 super
1156 1297 1208 1319 ω’
1244 1315 1280 1337 ac
1301 1304 1446 1337 civilibus
1466 1305 1557 1338 bellis
1577 1305 1778 1338 laborabant.
1799 1306 1862 1338 Nec
1883 1311 1988 1339 tamen

1244 1358 1432 1391 benedictus
1456 1359 1538 1391 Deus
1556 1363 1649 1401 pater
1674 1359 1985 1399 »2isericordiartmz,

1245 1416 1273 1444 ct
1294 1413 1392 1445 totius
1412 1412 1652 1452 consolationis,
1677 1412 1708 1445 in
1729 1422 1858 1446 summo
1878 1423 1987 1446 rerum

1246 1465 1430 1499 discrimine
1463 1477 1499 1499 ac
1519 1466 1773 1509 perturbatione,
1794 1476 1901 1499 servos
1914 1476 1989 1500 suos

2043 1313 2141 1338 fractam
2159 1320 2190 1339 ta·
2210 1327 2212 1330 ’

2003 1347 2050 1362 men
2066 1344 2188 1366 enriiindeni

2003 1369 2124 1394 <uniet-hiant
2153 1371 2190 1393 tri-

2003 1395 2052 1425 ptici
2082 1395 2189 1424 Ilo-tumlti

2003 1423 2138 1448 imperaturis
2161 1425 2189 1445 ri·
2220 1434 2229 1443 .-

2003 1449 2079 1470 ctorta.

2214 1348 2231 1383 *t

512 1352 635 1386 tutione
661 1351 799 1385 subsidii
826 1351 992 1384 ordinarii
1015 1351 1212 1395 temporibus

511 1415 568 1448 Pii
587 1415 656 1449 PP.
682 1415 710 1447 V
730 1415 750 1447 ¹.

296 1687 387 1708 Con-nus
403 1687 453 1707 Tur·
469 1695 489 1728 q

270 1720 341 1734 camin
360 1714 453 1740 bellique

269 1743 383 1766 ammam*
405 1746 453 1760 ⁰⁰¹·-
469 1736 720 1770 immanissimus
734 1746 770 1769 ac
783 1741 957 1779 perpetuus
974 1735 1114 1768 nominis
1129 1735 1212 1768 chri-

468 1790 561 1823 stiani
579 1790 679 1823 hostis
691 1790 866 1822 Turcarum
882 1794 1033 1833 tyrannus
1055 1789 1215 1833 funestam

270 1771 300 1787 tra
323 1766 453 1787 Christianos

271 1796 373 1814 feren-et.

495 1505 628 1532 clemens
644 1505 816 1539 episcopus,
841 1512 946 1532 servus
963 1511 1118 1532 servorum
1132 1504 1193 1536 Dei,

618 1559 654 1586 ad
670 1559 801 1586 futuram
816 1557 860 1585 roi
876 1559 1058 1585 memoriam.

513 1630 637 1670 Quanto
662 1629 825 1663 numerosi
853 1629 1010 1676 exercitus
1030 1634 1208 1673 apparatu,

493 1689 590 1717 uanto
616 1683 691 1715 belli
717 1683 838 1727 impetu
859 1688 887 1715 et
909 1682 1057 1715 horribili
1078 1682 1208 1718 surore,

468 1847 577 1888 (quam
602 1845 684 1877 Deus
713 1843 845 1885 avertat)
875 1843 1066 1876 christianae
1100 1843 1209 1886 reipu-

469 1898 570 1932 blicae
590 1897 805 1931 calamitatem
831 1902 858 1929 et
878 1895 1054 1940 perniciem
1076 1895 1136 1928 hoc
1157 1906 1213 1940 po-

468 1951 625 1985 tissimum
646 1957 790 1994 tempore
809 1949 961 1983 moliatur
978 1955 1007 1982 et
1028 1949 1209 1985 inmitem-3

469 2015 564 2049 quam
598 2004 673 2037 item
708 2003 816 2046 gravia
847 2003 990 2047 pericula
1023 2003 1211 2035 immineant

469 2057 645 2091 cervicibus
663 2056 772 2100 populi
791 2056 966 2096 christiani,
991 2055 1049 2088 nisi
1069 2055 1141 2089 totis
1161 2055 1209 2087 vi·
1228 2092 1229 2095 Ἴ

468 2111 556 2145 ribus
576 2121 671 2155 quam
687 2109 868 2149 celerrime,
883 2109 988 2142 divina
1001 2109 1126 2142 iuvante
1139 2120 1211 2152 gra-

469 2165 522 2205 tia,
539 2165 751 2209 depellantur,
766 2164 875 2197 horret
888 2163 1024 2203 animus,
1036 2174 1100 2196 non
1116 2165 1211 2197 modo

469 2219 572 2252 verbis
582 2219 774 2262 exprimere,
788 2217 843 2250 sed
865 2217 911 2250 vel
931 2217 997 2261 ipsa
1018 2217 1110 2250 tacita
1124 2229 1228 2254 nien-¹

469 2272 507 2304 tis
538 2272 730 2313 cogitatione
765 2271 987 2314 contemplari.
1022 2271 1144 2303 Etenim
1175 2282 1210 2305 ex

469 2324 627 2357 diuturnis
648 2331 674 2358 et
704 2325 860 2358 intestinis
887 2323 1079 2357 christianae
1111 2336 1207 2368 repu-

470 2377 570 2411 blicae
592 2379 693 2415 malis,
718 2378 834 2421 «puluis
860 2377 912 2410 illa
943 2377 1039 2410 nimis
1062 2377 1123 2410 iam
1151 2377 1227 2423 ¹¹¹i·l

468 2441 537 2464 sere
558 2432 770 2469 conflictatur.
792 2432 822 2464 in
843 2442 932 2475 spem
955 2431 1127 2464 maximam
1142 2442 1211 2464 cre-

506 2514 516 2538 ¹
541 2511 576 2538 Ex
597 2511 701 2547 llcgest,
720 2512 746 2538 in
761 2511 860 2539 Secrct.
873 2511 1003 2539 [trevium.
1025 2512 1096 2539 lianc
1113 2511 1211 2539 consti-

470 2556 599 2583 tutionem
615 2556 697 2583 edidit
712 2565 818 2592 quoque
830 2556 1004 2592 margarinus.
1023 2556 1210 2584 Budarem-

468 2601 588 2634 niuem„
607 2609 663 2636 pur.
680 2607 707 2633 11,
720 2610 778 2636 pag.
797 2601 858 2627 5¹52.

1245 1525 1409 1562 sperantes
1427 1519 1457 1551 in
1478 1519 1522 1552 Eo
1543 1519 1670 1561 descrit,
1698 1520 1753 1553 sed
1774 1520 1845 1553 illos
1865 1519 1990 1554 miseri-

1245 1573 1387 1606 corditer
1408 1573 1566 1606 consolari
1599 1584 1663 1607 non
1693 1580 1803 1608 cessat.
1824 1574 1989 1618 Siquidem

1246 1626 1322 1659 dum
1345 1627 1430 1659 ferus
1450 1627 1549 1659 hostis
1570 1627 1781 1660 orientalibus
1807 1627 1919 1671 spoliis
1939 1627 1988 1660 di-

1248 1685 1350 1715 tatus,
1374 1679 1515 1712 victoriis
1540 1690 1575 1712 ac
1597 1679 1768 1724 triumphis
1789 1679 1927 1713 ferocior
1946 1680 1992 1713 sa-

1246 1738 1324 1771 ctus,
1342 1742 1476 1775 magnos
1496 1733 1555 1765 sibi
1577 1733 1708 1776 spiritus
1732 1739 1925 1777 sumpserat,
1942 1733 1990 1766 in-

1246 1786 1394 1829 gentibus
1412 1785 1506 1818 minis
1524 1786 1660 1819 barbara
1677 1792 1773 1831 atque
1795 1787 1929 1820 immani
1948 1788 1992 1821 l'e-

1246 1841 1332 1874 rocia
1369 1841 1544 1881 vagabatur
1577 1841 1678 1873 clatus
1693 1868 1700 1879 ,
1728 1851 1832 1884 neque
1869 1847 1991 1875 tantum

1246 1899 1403 1927 extremos
1418 1893 1537 1927 limites
1550 1900 1738 1938 remotaque.
1752 1905 1787 1927 ac
1801 1894 1988 1939 longinqua,

1245 1954 1276 1981 ut
1304 1947 1380 1980 olim
1402 1948 1544 1984 solebat,
1569 1947 1733 1980 christiani
1757 1947 1884 1991 imperii
1905 1948 2000 1981 clau-·

1245 2007 1308 2034 stra
1330 2001 1483 2037 tentabat2
1499 2001 1553 2034 sed
1576 2000 1656 2033 intra
1678 2006 1804 2033 nostros
1825 2000 1904 2034 lines
1918 2001 1988 2034 lon-

1245 2055 1314 2094 gius
1345 2065 1531 2098 progressus
1552 2055 1731 2097 irruperat.
1755 2054 1884 2097 iamque
1906 2054 1988 2087 inte-

1228 2102 1229 2108 *
1247 2109 1330 2141 riora
1350 2107 1540 2141 Germaniae
1562 2107 1681 2140 viscera
1709 2112 1875 2151 penetrare
1897 2117 1992 2140 cona-

1227 2149 1229 2161 (
1245 2162 1353 2198 batur:
1375 2167 1506 2205 repente
1525 2161 1679 2194 Dominus
1694 2161 1775 2194 Deus
1793 2161 1990 2194 exercituum

1245 2221 1385 2259 optatam
1408 2215 1528 2255 mauis.
1552 2226 1648 2258 quam
1682 2220 1842 2258 speratam
1865 2214 1903 2257 (si
1925 2213 1987 2248 hu-

1246 2280 1354 2302 manas
1377 2274 1498 2302 tantuin
1521 2269 1603 2301 vires
1627 2268 1858 2312 spectaremus)
1885 2267 1987 2302 victo-

1246 2323 1324 2356 riam
1346 2322 1525 2355 charissimi
1548 2323 1577 2355 in
1599 2321 1722 2355 Christo
1737 2321 1792 2354 filii
1807 2321 1907 2354 nostri
1929 2322 1990 2356 Ro-

1245 2376 1355 2420 dutphi
1378 2376 1596 2408 Romanorum
1618 2374 1701 2416 regis
1723 2374 1865 2413 illustris,
1883 2374 1913 2408 in
1932 2374 1988 2408 im-

1245 2435 1425 2473 peratorem
1459 2428 1550 2462 electi
1583 2427 1704 2471 copiis.
1737 2427 1809 2460 licet
1851 2427 1988 2461 militum

1244 2494 1390 2522 numero,
1405 2483 1520 2527 opibus
1543 2487 1573 2515 et
1593 2481 1709 2515 bellico
1723 2487 1881 2525 apparatu
1893 2482 1988 2525 longe

1246 2536 1460 2577 inferioribus,
1482 2535 1633 2569 divinitus
1647 2535 1815 2576 concessit,
1831 2534 1932 2568 tribus
1945 2535 1989 2568 sc-

1226 2589 1402 2623 *tit-issimis
1421 2589 1561 2633 praeliis,
1585 2589 1760 2622 Turcarum
1787 2588 1928 2622 exercitu
1949 2587 1989 2621 nd
