2253 3195
43 194 92 221 An.
114 191 142 219 C.
161 191 228 219 1594

14 954 15 960 1
73 939 167 961 Pontifex
182 944 231 960 cau-

13 966 15 982 '=
46 967 100 989 telas
122 965 233 987 nonnullas

48 993 108 1015 addit
117 999 155 1019 pro
171 998 232 1019 prae-

12 1029 15 1040 s
47 1021 232 1051 missorum-secu-

14 1061 15 1069 η
47 1049 110 1068 ritate
125 1052 206 1067 maiori.

860 186 1006 211 CLEMENS
1026 186 1084 210 VIII
1102 186 1140 210 PF
1147 202 1152 209 .

241 244 418 282 praetextu,
447 237 534 281 quod
565 237 640 271 dicti
668 242 894 281 procuratores
919 245 983 268 non

240 292 398 324 haberent
418 290 603 324 huiusmodi
626 290 820 329 facultatem,
842 300 896 322 scu
919 290 983 322 for-

242 354 326 377 mam
347 344 619 388 praeinsertarum
647 343 825 376 litterarum
856 347 982 375 nostra--

241 408 312 430 rum
334 398 365 430 in
387 397 495 441 aliquo
520 396 730 433 variaverint.
754 407 809 429 seu
831 396 932 428 forma
955 394 985 426 in

241 451 285 484 eis
306 451 422 485 tradita
442 450 574 483 minime
599 455 721 483 servata
750 449 858 489 fuerit3
882 449 928 480 vot
951 459 985 479 ex

241 515 291 544 eo,
306 505 392 549 quod
410 504 533 548 priores
552 503 733 541 montinac,
748 513 803 535 seu
825 501 889 539 alii,
906 512 986 544 quo-

241 568 313 591 rum
332 558 473 597 interest,
496 557 599 589 vocati
623 566 688 602 non
709 556 827 588 fuerint
841 583 848 593 ‚
871 555 925 588 sed
952 565 988 587 ea

242 611 350 644 omnia
371 611 561 644 inconcussa
581 610 731 643 firmitate
762 609 933 643 subsistere
959 614 989 641 et

243 665 481 705 inviolabiliter,
496 675 533 698 ac
550 664 694 708 praecise
711 663 830 697 servari
851 663 985 701 debe1=e3

244 725 275 752 et
293 719 505 752 nihilominus
525 719 565 752 ad
587 718 742 752 maiorem
764 718 922 751 cautelam
941 723 988 750 ta-

245 783 316 805 xam
337 772 536 817 praedictam
554 769 718 805 scutorum
739 772 833 805 trium
853 771 987 803 millium

245 832 374 860 centum
395 826 630 870 quinquaginta
650 836 764 859 novem
789 826 853 858 bol.
877 824 919 857 60
939 836 991 858 su-

246 891 303 925 per
327 880 419 914 bonis
444 886 475 913 et
502 880 681 913 redditibus
705 879 860 923 cuiusque
892 880 992 913 dicta-

246 945 318 968 rum
338 934 650 977 Congregationum,
674 940 770 978 prout
798 934 830 966 in
858 934 988 978 praein-

247 994 332 1022 serto
353 989 568 1022 instrumento
589 988 993 1032 continetur,imponimus

248 1048 279 1075 et
299 1042 532 1082 constituimus,
548 1048 579 1075 et
598 1041 637 1074 ab
651 1041 721 1074 aliis
741 1041 899 1075 dictarum
911 1042 993 1075 Con-

248 1095 472 1138 gregationum
492 1095 585 1128 bonis
606 1100 636 1128 et
656 1094 834 1128 redditibus
855 1095 994 1137 seiungi-

248 1159 320 1182 mus
337 1154 368 1182 et
383 1159 580 1193 separamus,
604 1148 754 1192 dictoque
774 1149 871 1182 Monti
893 1149 995 1193 appli-

249 1212 360 1235 camus
384 1208 415 1235 et
443 1202 653 1244 assignamus,
681 1202 791 1245 illique
818 1212 876 1246 per
896 1202 995 1235 dictas

249 1255 538 1299 Congregationes,
563 1256 677 1296 modo,
703 1256 773 1289 loco
799 1262 828 1289 et
851 1255 995 1289 terminis

249 1309 443 1354 praemissis,
467 1309 601 1343 omnino
629 1316 660 1343 et
687 1320 760 1342 cum
782 1309 895 1343 effectu
917 1320 992 1354 per-

250 1363 328 1396 solvi
348 1363 551 1404 mandamus,
575 1374 611 1396 ac
631 1363 715 1397 illius
736 1364 856 1397 fructus
881 1365 921 1398 ad
942 1374 997 1397 an-

251 1427 315 1450 nua
335 1422 424 1450 scuta
445 1428 499 1450 sex
518 1422 642 1450 tantum
667 1427 726 1460 pro
757 1417 901 1461 quolibet
925 1418 997 1451 loco

251 1470 448 1512 reducimus,
465 1477 496 1504 et
507 1481 605 1514 super
622 1471 734 1504 eadem
749 1476 818 1504 taxa
832 1470 915 1504 dicta
928 1471 998 1504 loca

253 1524 429 1569 quingenta
449 1525 559 1568 viginti
581 1535 633 1558 sex
654 1534 727 1557 cum
748 1524 851 1557 tribus
880 1525 999 1568 quintis

254 1578 400 1622 partibus
411 1578 542 1612 alterius
561 1579 624 1612 loci
645 1578 685 1611 ad
705 1578 823 1611 dictam
842 1578 999 1612 rationem

253 1638 418 1666 scutorum
431 1643 484 1665 sex
494 1643 676 1666 annuorum
693 1642 753 1676 pro
774 1632 919 1676 quolibet
929 1633 1000 1666 loco

254 1685 407 1729 erigimus
424 1693 455 1720 et
474 1686 722 1726 instituimus,et
742 1696 814 1719 curn
837 1686 905 1719 aliis
926 1686 1000 1720 dicti

254 1739 367 1773 Montis
384 1739 548 1784 prioribus
565 1740 643 1773 locis
663 1740 804 1781 unimus,
829 1741 978 1774 addimus
990 1769 997 1782 ,

255 1793 482 1827 confundimus
503 1800 533 1827 et
554 1793 812 1838 incorporamus,
832 1794 876 1827 ita
895 1799 930 1827 ut
954 1794 1002 1827 in-

255 1853 305 1880 ter
335 1857 389 1880 eos
414 1847 519 1881 omnis
546 1847 746 1889 differentia,
773 1858 934 1892 omneque
955 1849 1002 1882 di-

256 1901 394 1934 scriinen
411 1901 538 1945 penitus
558 1907 590 1934 et
610 1902 743 1935 omnino
756 1902 898 1943 tollatur,
910 1914 1002 1946 prae-

256 1960 403 1998 terquam
421 1954 454 1987 in
475 1965 549 1987 casu
570 1954 792 1999 infrascriptae
809 1956 1005 1999 redemptio-

258 2007 322 2048 nis;
346 2008 495 2052 dictaque
523 2009 594 2041 loca
622 2008 798 2052 quingenta
817 2009 926 2052 viginti
952 2021 1003 2043 sex

259 2072 333 2095 curn
353 2062 455 2095 tribus
475 2062 595 2105 quintis
614 2062 759 2106 partibus
786 2062 916 2096 alterius
943 2064 1004 2096 loci

259 2115 379 2149 eisdem
399 2115 571 2148 Laurentio
599 2115 732 2149 Gavotto
762 2121 793 2149 et
817 2116 1005 2150 Sebastiano

259 2169 409 2203 Marretto
430 2170 598 2203 vendimus
615 2177 645 2203 et
664 2170 885 2204 transferimus
902 2171 1005 2214 pretio

260 2223 420 2257 dictorum
434 2228 599 2257 scutorum
614 2224 1005 2267 centum‘quatuordecim

261 2282 409 2310 monetae
428 2287 487 2320 pro
508 2276 653 2321 quolibet
675 2276 759 2316 loco,
775 2287 834 2320 per
855 2287 908 2309 eos
930 2286 1003 2309 mo-

262 2330 310 2364 dis
330 2338 360 2363 et
381 2330 581 2374 temporibus
606 2330 637 2362 in
659 2330 773 2363 eodem
794 2329 1007 2363 instrumento

264 2385 421 2418 contentis
441 2385 612 2425 solvendo,
637 2384 679 2417 ita
703 2389 738 2417 ut
758 2392 794 2417 ex
819 2394 905 2417 nunc
932 2384 1007 2417 dieti

265 2443 425 2482 emptores
445 2438 557 2471 eadem
583 2438 653 2471 loca
677 2437 791 2470 Montis
817 2437 1009 2480 cuicumque

265 2490 356 2524 alteri
377 2501 534 2535 personae
554 2491 586 2524 in
606 2501 690 2531 una,
714 2501 770 2524 seu
799 2490 945 2534 pluribus
965 2491 1009 2523 vi-

267 2544 356 2577 cibus
368 2545 506 2578 vendere
526 2550 557 2579 et
575 2544 750 2588 resignare,
765 2544 870 2588 deque
889 2543 952 2577 illis
969 2544 1009 2577 ad

269 2607 379 2631 eorum
404 2598 530 2632 libitum
552 2598 734 2642 disponere,
754 2598 854 2631 libere
875 2603 904 2631 et
925 2597 1009 2630 licite

1019 235 1152 268 valeant.
1182 233 1362 268 Statuentes
1392 232 1494 266 dictos
1515 237 1698 276 emptores,
1731 243 1765 266 o-

1020 298 1175 331 mnesque
1196 287 1276 320 alios
1301 286 1349 319 ius
1369 292 1399 319 et
1424 296 1554 319 causam
1579 286 1619 318 ab
1645 285 1689 319 eis
1710 286 1765 318 ha-

1020 342 1130 374 bentos
1150 347 1181 374 ct
1205 340 1370 373 habituros
1399 339 1439 372 ad
1464 340 1682 383 probandum,
1710 351 1765 373 seu

1021 394 1264 434 verificandum,
1289 394 1320 426 in
1345 404 1441 437 quam
1471 404 1600 426 causam
1627 394 1766 437 pretium

1022 448 1095 480 dicti
1122 448 1233 481 Montis
1258 448 1297 480 al)
1328 447 1372 481 eis
1403 448 1543 481 solutum
1576 458 1766 481 conversum

1022 502 1126 538 suerit,
1144 502 1231 534 nullo
1253 512 1395 545 uuquam
1418 508 1563 545 tempore
1585 502 1698 543 teneri,
1714 508 1768 536 aut

1022 555 1178 597 obligatos
1192 566 1274 595 esse,
1298 567 1334 590 ac
1353 556 1579 600 depositariam
1595 556 1670 589 dicti
1683 556 1769 589 Mon-

1024 608 1062 640 tis
1090 619 1162 641 cum
1192 609 1357 641 additione
1384 610 1525 652 praefata
1553 619 1650 642 unam
1676 619 1766 642 eam-

1023 662 1161 706 demque
1183 673 1361 700 remanere‚
1377 669 1408 696 et
1427 663 1466 695 ad
1487 663 1617 696 eosdem
1639 669 1766 707 empto-

1024 727 1084 757 res,
1106 727 1142 748 cx
1162 727 1257 749 causa
1276 716 1378 749 dietae
1398 717 1601 756 venditionis,
1626 723 1770 761 spectare

1024 776 1053 803 et
1074 769 1254 814 pertinere3
1287 770 1482 814 eosdemque
1506 771 1716 804 secretarium
1742 777 1772 804 et

1025 824 1252 868 computistam
1274 824 1348 858 dicti
1375 824 1488 857 Montis
1511 825 1632 858 litteras
1655 831 1769 868 paten-

1027 884 1072 911 tes
1090 884 1120 911 et
1140 878 1243 911 listam
1271 878 1467 911 creditorum
1494 884 1525 912 et
1545 878 1772 912 montistarum

1027 943 1099 965 cum
1114 932 1213 965 solitis
1225 931 1451 965 emolumentis
1463 931 1624 965 conficere
1636 937 1667 965 et
1680 943 1773 976 expe-

1028 986 1095 1019 dire
1107 986 1236 1018 debere.
1254 985 1290 1018 Et
1311 985 1342 1017 in
1364 995 1493 1018 omnem
1509 995 1618 1018 casum
1634 991 1665 1018 et
1678 996 1773 1019 even·
1815 995 1881 1016 Casus
1904 994 1974 1015 muda-

1766 1039 1771 1044 .
1789 1023 1852 1043 tionis
1881 1024 1973 1041 rontem-

1029 1045 1095 1072 tum
1131 1038 1362 1082 redemptionis
1397 1044 1427 1071 et
1460 1038 1664 1071 extinctionis
1697 1038 1975 1076 dictlptatus‚utsupra.

1028 1092 1141 1126 Montis
1166 1092 1227 1132 sic,
1250 1097 1285 1125 ut
1305 1091 1540 1135 praemittitur,
1565 1091 1685 1132 additi,
1710 1098 1774 1125 tam

1029 1146 1055 1179 si
1082 1152 1196 1190 sponte
1218 1145 1273 1178 fiat
1293 1155 1311 1178 a
1331 1145 1424 1178 dictis
1444 1145 1753 1187 Congregationibus
1766 1174 1773 1185 ‚

1030 1210 1127 1244 quam
1148 1199 1245 1232 etiam
1270 1209 1306 1232 ex
1337 1198 1450 1231 ordine
1483 1204 1514 1232 et
1539 1199 1691 1231 mandato
1713 1209 1773 1231 no-

1030 1253 1101 1286 stris
1121 1253 1168 1286 vel
1191 1261 1413 1285 successorum
1427 1257 1624 1292 nostrorum,
1638 1251 1779 1295 pretium

1031 1307 1116 1341 illius
1130 1308 1170 1341 ad
1184 1307 1331 1341 eamdem
1346 1306 1504 1340 rationem
1525 1312 1691 1339 scutorum
1706 1317 1780 1340 cen-

1032 1368 1099 1396 tum
1116 1361 1362 1406 quatuordecim
1376 1371 1436 1405 pro
1450 1360 1596 1404 quolibet
1608 1361 1680 1394 loco
1701 1361 1780 1394 solvi

1033 1422 1063 1450 et
1082 1416 1206 1450 restitui
1225 1416 1354 1455 debere,
1383 1421 1413 1448 et
1442 1421 1614 1460 propterea
1642 1415 1674 1448 in
1703 1416 1777 1460 qui—

1032 1470 1234 1513 buscumque
1260 1469 1373 1503 litteris
1405 1469 1589 1513 patentibus
1620 1470 1780 1503 dictorum

1034 1525 1218 1559 additorum
1251 1524 1459 1568 expediendis
1489 1524 1687 1557 mentionem
1712 1524 1781 1558 fieri

1034 1579 1182 1612 volumus
1203 1584 1234 1612 et
1254 1579 1456 1618 mandamus,
1472 1578 1561 1621 quod
1579 1584 1653 1611 sunt
1669 1579 1708 1612 de
1728 1579 1778 1611 lo-

1035 1634 1079 1666 cis
1104 1644 1189 1666 nunc
1214 1632 1330 1666 additis
1346 1660 1353 1673 ,
1374 1632 1414 1665 ad
1435 1632 1607 1671 effectum,
1639 1637 1674 1665 ut
1698 1631 1783 1665 dicta

1035 1686 1259 1730 redemptione
1279 1686 1325 1718 vel
1349 1685 1542 1719 extinctione
1571 1691 1780 1725 occurrente,

1035 1740 1222 1773 restituatur
1241 1739 1380 1783 pretium
1402 1738 1561 1772 dictorum
1584 1739 1732 1772 locorum
1744 1739 1784 1772 ad

1036 1795 1184 1828 eamdem
1204 1793 1364 1826 rationem
1383 1798 1549 1826 scutorum
1565 1798 1694 1825 centum
1707 1803 1785 1837 qua-

1036 1848 1215 1882 tuordecim
1224 1858 1284 1891 pro
1297 1846 1441 1891 quolibet
1454 1847 1536 1887 loco,
1553 1852 1582 1880 et
1597 1847 1703 1890 quoad
1712 1847 1786 1880 reli-

1037 1913 1100 1946 qua
1110 1907 1210 1935 cesset
1222 1901 1327 1934 omnis
1337 1900 1529 1940 differentia,
1541 1911 1577 1933 ac
1591 1900 1623 1933 in
1634 1900 1786 1933 omnibus

1038 1962 1067 1989 et
1080 1965 1137 1999 per
1150 1954 1260 1988 omnia
1280 1953 1442 1998 prioribus
1457 1954 1545 1993 locis,
1559 1959 1593 1987 ut
1606 1953 1785 1997 praemitti-

1041 2014 1102 2049 tur,
1127 2008 1390 2052 aequiparentur,
1417 2007 1582 2050 dictasque
1607 2007 1787 2049 Congrega-

1040 2062 1141 2095 tiones
1160 2062 1250 2094 nullo
1266 2071 1420 2104 umquam
1442 2066 1588 2104 tempore
1611 2060 1787 2093 solutiones

1039 2115 1219 2160 praedictas
1247 2125 1304 2159 per
1330 2125 1382 2148 eas
1403 2114 1526 2148 debitas
1546 2124 1707 2153 recusare,
1731 2124 1786 2147 seu

1041 2169 1152 2214 quovis
1166 2169 1263 2202 modo
1281 2168 1447 2201 retardare
1467 2173 1522 2201 aut
1539 2167 1668 2201 differre
1679 2178 1784 2212 posse,

1041 2222 1136 2255 etiam
1154 2222 1212 2255 sub
1233 2227 1421 2265 praetextu,
1450 2221 1537 2264 qu‘od
1568 2221 1600 2253 in
1626 2221 1788 2265 computis

1042 2276 1145 2309 dictae
1172 2282 1262 2309 taxae
1286 2286 1322 2308 ac
1343 2275 1428 2308 illius
1452 2275 1703 2315 distributionis,
1732 2286 1788 2308 seu

1042 2329 1118 2362 alias
1138 2329 1385 2373 quomodolibet
1404 2334 1554 2371 gravatae
1580 2327 1710 2369 suerint,
1734 2329 1789 2362 sed

1042 2383 1175 2416 omnino
1201 2388 1232 2415 et
1251 2382 1394 2426 praecise
1412 2382 1450 2415 ad
1473 2382 1575 2415 dictas
1599 2382 1786 2422 solutiones,

1043 2437 1146 2470 modis
1167 2443 1198 2470 et
1219 2436 1418 2480 temporibus
1437 2436 1639 2480 supradictis,
1657 2436 1787 2480 deposi-

1044 2490 1125 2523 tario
1153 2490 1267 2523 Montis
1300 2490 1460 2524 faciendas
1480 2489 1583 2523 teneri
1605 2495 1635 2523 et
1661 2489 1785 2532 obliga-

1044 2549 1090 2577 tas
1111 2554 1190 2578 esse.

1089 2599 1104 2640 ξ
1129 2598 1159 2630 4.
1184 2598 1434 2642 Praesentesque
1455 2604 1579 2631 nostras
1606 2598 1644 2631 de
1673 2597 1786 2631 subre-

1668 174 1732 207 ΜΕ)
1778 184 1826 209 An.
1845 183 1874 210 c.
1897 183 1964 210 ¹594
