2253 3195
839 232 985 256 crniinxs
1006 231 1063 255 vni
1082 230 1132 255 1³1³.
1649 215 1712 251 6:33
1759 227 1806 254 An.
1825 227 1854 254 C.
1873 226 1941 255 1600

222 280 506 322 derogationetiat,
523 285 575 313 aut
591 280 703 324 quovis
719 280 782 313 alio
798 286 963 324 praetextu
980 283 982 316 ἶ
998 279 1141 322 probatis
1169 284 1197 312 et
1224 276 1392 311 innovatis.
1425 276 1545 316 Quibus
1577 276 1738 315 omnibus,

222 340 252 367 et
272 334 416 377 quaesito
438 334 568 374 colore,
592 334 753 378 proticisci
778 339 808 367 et
829 333 963 367 transire
981 360 982 364 ,
999 332 1122 365 etiamsi
1132 332 1330 376 proillorun‘i
1342 329 1742 371 sufficientiderogatione,

221 386 361 419 audeant
380 388 427 420 vel
448 393 665 431 praesumant.
689 387 726 420 Et
743 387 836 430 siqui
858 386 964 418 liacte-
981 396 982 409 ¹
998 386 1076 418 alias
1106 387 1144 419 de
1178 386 1240 418 illis
1267 395 1444 429 eorumque
1477 384 1549 417 totis
1578 383 1744 416 tenoribus

221 449 280 472 nus
300 440 348 472 vel
371 440 581 483 imposterum
603 450 693 473 secus
719 439 863 479 fecerint,
879 445 964 482 post·
980 446 982 468 1
999 439 1156 482 specialis,
1172 439 1332 483 specifica,
1353 449 1501 482 expressa
1513 443 1544 471 et
1565 437 1740 477 individua,

220 502 317 535 quam
339 493 451 526 moniti
475 493 612 533 fuerint,
637 493 742 526 statim
765 493 823 525 sub
842 493 962 525 eisdem
981 522 982 534 ,
999 503 1035 525 ac
1056 494 1094 526 de
1115 494 1212 526 verbo
1234 494 1273 526 ad
1294 493 1426 526 verbum
1444 520 1450 531 ,
1473 502 1538 525 non
1560 497 1666 524 autem
1687 501 1745 534 per

220 546 344 589 poenis,
359 546 445 579 omni
460 546 798 579 inoraetexcusatione
809 551 963 585 cessante,
1000 547 1158 579 clausulas
1207 547 1373 589 generales
1410 546 1494 579 idem
1534 545 1745 588 importantes

220 599 259 632 ad
278 599 378 632 dictas
399 599 518 632 insulas
550 599 772 643 Pliilippinas,
807 600 855 632 vel
888 599 965 631 alias
981 589 983 625 l
1000 599 1132 640 mentio,
1151 610 1206 633 seu
1229 599 1358 643 quaevis
1369 599 1430 631 alin
1449 599 1609 642 expressio
1625 598 1747 630 haben-

220 658 327 696 partes
346 652 509 686 indiarum
530 651 782 686 Occidentaliun]
806 652 921 686 reverti
937 658 966 685 et
982 675 984 688 ,
1000 653 1049 691 da,
1085 659 1140 686 aut
1175 653 1283 697 aliqua
1321 653 1383 685 alia
1404 652 1562 696 exquisita
1582 652 1684 685 forma
1706 651 1746 684 ad

982 694 1061 739 ¹hoc
1082 707 1237 740 servanda
1272 711 1371 745 esset,
1409 713 1535 740 tenores
1560 705 1746 739 huiusmodi

25 232 71 260 An.
94 231 122 259 C.
141 229 209 260 1600

221 705 328 738 redire
349 705 482 738 omnino
504 711 694 746 teneantur,
729 712 759 739 et
790 706 830 739 ad
858 706 888 738 id
909 713 984 750 per·

63 986 129 1007 tussia
139 985 207 1012 publi-

24 1013 85 1062 leaagdi
100 1013 155 1034 hanc
163 1012 208 1033 but·

53 1571 208 1595 Contrariorum

26 1598 75 1620 ἀει-ο
79 1601 143 1626 gatto.

221 769 444 804 quoscumque
477 760 599 793 iudices
631 760 875 799 ecclesiasticos,
907 760 965 792 sub

222 812 342 846 eisdem
364 819 395 846 et
411 813 481 847 aliis
495 824 607 847 eorum
630 814 764 847 arbitrio
782 813 966 856 infligendis

222 867 347 910 poenis,
371 867 441 910 cogi
464 873 494 901 et
514 867 665 911 compelli
687 867 820 911 possint.

266 920 281 963 ἓ
302 920 332 953 8.
356 921 540 955 Mandantes
561 927 732 965 propterea
760 921 916 954 universis
937 927 967 954 et

223 973 356 1017 singulis
381 974 587 1018 patriarchis,
608 974 869 1018 archiepiscopis,
894 973 964 1017 epi-

223 1027 327 1072 scopis
345 1038 382 1061 ac
402 1029 536 1061 caeteris
554 1028 762 1062 ecclesiarum
777 1033 807 1061 et
820 1028 966 1061 locorum

224 1081 318 1114 etiam
331 1082 538 1124 Regularium
552 1082 702 1126 praelatis
715 1092 773 1125 per
782 1081 966 1114 universum

224 1134 335 1167 orbern
355 1135 556 1175 constitutis,
580 1140 614 1168 ut
634 1141 817 1179 praesentes
846 1134 968 1167 litteras

223 1187 254 1220 in
286 1188 352 1221 suis
390 1188 525 1233 quisque
546 1189 737 1233 provinciis,
774 1188 963 1229 civitatibus,

223 1241 436 1284 dioecesibus,
461 1243 609 1287 capitulis
640 1249 671 1277 et
692 1242 968 1277 iurisdictionibus

223 1295 263 1328 ab
295 1297 445 1330 omnibus
474 1297 703 1330 inviolabiliter
723 1297 909 1337 observari,
938 1303 968 1330 et

223 1349 349 1393 quoties
380 1350 419 1383 ab
448 1349 605 1384 Ordinum
625 1350 865 1394 praedictorum
887 1350 964 1383 reli-

223 1402 319 1445 giosis
339 1403 483 1447 requisiti
506 1404 637 1444 suerint,
654 1404 843 1437 solemniter
863 1404 968 1448 publi-

224 1456 289 1489 cari
310 1462 423 1489 curent
443 1462 474 1489 et
493 1456 621 1490 saciant.

268 1511 285 1551 ἓ
306 1508 335 1542 9.
357 1509 426 1542 Non
440 1509 640 1543 obstantibus
660 1510 832 1543 interdicto
853 1516 883 1543 et
893 1521 968 1554 pro-

223 1562 391 1603 hibitione,
415 1574 451 1597 ac
471 1563 584 1597 litteris
602 1564 677 1597 dicti
698 1565 964 1608 praedecessoriS,

224 1617 360 1661 aliisque
384 1617 580 1661 praemissis,
603 1628 662 1651 nec
683 1628 747 1651 non
769 1618 964 1662 apostolicis,

225 1681 262 1703 ac
282 1670 314 1703 in
339 1671 558 1715 synodalibus,
578 1671 830 1715 provincialibus
848 1677 879 1704 et
898 1672 969 1704 uni-

225 1724 402 1757 versalibus
423 1724 568 1758 conciliis
593 1724 686 1758 editis
707 1725 900 1769 specialibus
921 1726 968 1758 vel

224 1777 428 1820 generalibus
446 1778 730 1812 constitutionibus
744 1784 775 1811 et
791 1778 969 1812 ordinatio-

223 1831 329 1872 nibus,
345 1842 405 1865 nec
424 1842 489 1865 non
509 1832 692 1876 praedictae
713 1832 878 1866 Societatis
899 1832 969 1866 Iesu

224 1884 425 1929 aliarumque
444 1885 660 1928 Religionum,
682 1886 921 1930 provinciarum
939 1892 970 1919 et

224 1939 393 1981 regionum
414 1939 654 1982 praedictarum
676 1939 870 1981 iuramento,
892 1951 968 1974 con-

223 1991 406 2025 firmatione
427 1992 614 2036 apostolica,
630 1993 678 2026 vel
693 1993 804 2037 quavis
817 1993 970 2027 firm-itate

224 2045 286 2078 alia
306 2045 466 2079 roboratis
479 2046 603 2080 statutis
617 2052 647 2080 et
667 2047 967 2088 consuetudinibus,

224 2098 401 2143 privilegiis
440 2110 569 2144 quoque
584 2127 591 2140 ‚
633 2100 765 2134 indultis
797 2106 827 2134 et
858 2101 971 2134 litteris

225 2152 419 2197 apostolicis,
447 2153 510 2187 illis
528 2164 706 2198 eorumque
731 2154 892 2198 praelatis,
912 2165 968 2188 su-

224 2206 408 2250 perioribus
429 2213 460 2240 et
483 2207 646 2251 personis,
671 2207 766 2241 etiam
792 2208 968 2251 particula-

225 2259 343 2304 ribus„⁷
371 2260 430 2293 sub
461 2260 720 2304 quibuscumque
750 2260 917 2293 tenoribus
942 2266 972 2294 et

225 2312 347 2354 formis,
368 2323 405 2346 ac
418 2323 491 2346 cum
504 2313 668 2357 quibusvis
686 2313 782 2346 etiam
801 2313 972 2356 derogato-

226 2365 348 2399 riarum
357 2366 580 2410 derogatoriis‚
591 2367 725 2411 aliisque
737 2366 972 2400 efficacioribus

226 2426 257 2453 et
277 2420 412 2454 insolitis
432 2421 594 2461 clausulis,
612 2431 671 2454 nec
685 2431 750 2453 non
772 2420 971 2454 irritantibus

227 2478 257 2506 et
281 2473 350 2506 aliis
371 2473 508 2507 decretis
524 2501 531 2514 ,
555 2474 650 2507 etiam
678 2480 767 2507 motu
788 2474 921 2517 proprio
942 2479 973 2507 et

227 2536 264 2559 ex
289 2532 375 2559 certa
395 2526 545 2567 scientia,
581 2537 618 2560 ac
638 2527 677 2560 de
698 2527 892 2571 apostolicae
913 2537 971 2571 po-

228 2579 349 2613 testatis
369 2578 581 2623 plenitudine,
602 2580 633 2613 in
645 2590 762 2623 genere
782 2581 829 2613 vel
850 2580 881 2613 in
901 2591 972 2625 spe-

228 2633 286 2674 cie,
310 2644 347 2666 ac
367 2633 445 2667 alias
465 2633 711 2678 quomodolibet
728 2633 898 2675 concessis,
915 2644 972 2678 ap-

329 2696 407 2725 null,
424 2696 508 2725 Rom.
529 2696 588 2724 Vol.
607 2697 640 2724 X.
854 2697 889 2726 80

1001 770 1037 792 ac
1058 759 1083 792 si
1105 760 1144 793 de
1164 760 1262 793 verbo
1283 760 1323 793 ad
1344 760 1496 799 verbum,
1520 759 1599 792 nihil
1620 759 1747 802 penitus

983 813 1132 855 norniSSO,
1148 813 1335 846 etformain
1355 813 1543 846 illistradita
1565 813 1743 852 observata,

983 857 985 864 ¹
1002 867 1111 900 inserti
1124 867 1238 903 forent,
1249 867 1471 911 praesentibus
1485 877 1542 910 pro
1553 866 1748 900 sufficienter

1001 920 1158 964 expressis
1178 927 1209 953 et
1230 921 1355 954 insertis
1385 920 1556 961 habentes,
1591 920 1651 953 hac
1680 920 1747 953 vice

1001 974 1182 1017 specialiter
1194 980 1225 1007 et
1238 985 1398 1018 expresse,
1415 974 1444 1006 in
1460 979 1616 1018 quantum
1631 973 1748 1006 nostris

1002 1027 1212 1070 prohibitioni
1233 1034 1263 1061 et
1284 1028 1465 1067 interdicto,
1488 1028 1623 1071 aliisque
1648 1038 1744 1071 prae-

1002 1080 1105 1114 missis
1126 1081 1345 1121 adversentur,
1370 1081 1483 1114 harum
1505 1081 1586 1114 serie
1607 1081 1745 1123 deroga-

1004 1144 1084 1174 mus,
1099 1145 1135 1167 ac
1147 1135 1340 1177 derogatum
1361 1146 1429 1168 esse
1450 1141 1480 1168 et
1494 1134 1629 1175 censeri,
1643 1145 1748 1178 neque

1003 1187 1056 1220 illa
1084 1188 1128 1221 eis
1159 1189 1320 1222 ullatenus
1348 1189 1517 1232 suffragari
1549 1189 1697 1222 volumus
1718 1194 1749 1221 et

1003 1241 1221 1283 declaramus3
1253 1242 1451 1286 caeterisque
1479 1241 1650 1275 contrariis
1671 1241 1746 1285 qui-

1002 1295 1214 1340 buscumque.

1047 1351 1063 1391 g
1084 1349 1138 1382 10.
1160 1350 1197 1382 Et
1214 1349 1290 1393 quia
1309 1349 1439 1383 difficile
1458 1350 1541 1382 foret
1564 1354 1750 1393 praesentes

1002 1401 1135 1443 litteras,
1153 1402 1351 1446 ubicumque
1371 1414 1446 1436 usus
1464 1403 1598 1443 venerit,
1623 1402 1748 1435 ostendi

1003 1455 1218 1499 etpublicari,
1241 1456 1401 1495 volumus,
1423 1461 1457 1488 ut
1470 1466 1580 1489 earum
1597 1455 1750 1499 exemplis

1003 1509 1098 1542 etiam
1117 1509 1294 1553 impressis,
1311 1520 1408 1542 manu
1423 1509 1540 1542 notarii
1561 1509 1682 1553 publici
1701 1509 1749 1542 vel

1002 1562 1136 1595 alicuius
1161 1562 1321 1595 dictarum
1348 1562 1553 1605 Religionum
1582 1561 1749 1595 secretarii

1002 1617 1201 1661 subscriptis,
1219 1623 1249 1651 et
1262 1627 1419 1662 personae
1433 1617 1463 1650 in
1476 1617 1631 1660 dignitate
1645 1617 1748 1650 eccle-

1003 1670 1129 1704 siastica
1149 1671 1340 1704 constitutae
1361 1671 1409 1704 vel
1430 1670 1568 1703 cuiusvis
1589 1680 1624 1703 ex
1645 1680 1746 1712 gene-

1003 1724 1123 1757 ralibus
1140 1724 1315 1768 praedictis
1335 1724 1440 1767 sigillo
1461 1724 1610 1764 munitis,
1634 1724 1747 1757 eadem

1003 1788 1135 1821 prorsus
1155 1777 1235 1811 fides
1254 1778 1285 1810 in
1301 1777 1420 1811 iudicio
1442 1783 1472 1811 et
1489 1783 1576 1811 extra
1590 1777 1745 1810 adhibea-

1004 1836 1074 1871 tur,
1103 1842 1186 1875 quae
1216 1830 1439 1875 praesentibus
1466 1830 1693 1871 adhiberetur,
1725 1829 1750 1862 si

1005 1889 1111 1917 essent
1129 1884 1292 1918 exhibitae
1312 1885 1360 1917 vel
1379 1890 1536 1917 ostensae.

1047 1938 1161 1971 Datum
1182 1938 1304 1971 Romae
1332 1938 1418 1982 apud
1454 1938 1484 1972 S.
1510 1938 1661 1978 Petrum,
1691 1937 1750 1970 sub

1005 1991 1125 2024 annulo
1146 1991 1328 2032 Piscatoris‚
1343 1991 1393 2025 die
1413 2002 1458 2025 xii
1479 1991 1659 2025 decembris
1672 2000 1748 2031 mne,

1005 2045 1211 2090 pontificatus
1232 2045 1333 2079 nostri
1354 2056 1440 2079 anno
1464 2056 1506 2079 lx.

1039 2108 1102 2134 Dat.
1119 2108 1162 2135 dic
1180 2108 1211 2134 ΓΞ
1227 2108 1381 2135 decembris
1398 2108 1477 2141 1600,
1495 2107 1590 2143 pontif.
1607 2115 1652 2134 an.
1668 2115 1705 2134 lx.

1299 2286 1460 2321 CCXLVII.

1006 2393 1148 2426 Litterae
1166 2393 1391 2427 monitoriales
1415 2403 1455 2426 ne
1474 2393 1710 2438 appellationes
1734 2405 1754 2427 a

1051 2455 1215 2488 tribunali
1234 2456 1374 2500 episcopi
1403 2456 1584 2490 Cenetensis
1608 2457 1675 2489 alio
1695 2457 1750 2490 in-

1052 2522 1266 2561 terponantur
1300 2522 1532 2562 praeterquam
1570 2519 1612 2552 ad
1640 2519 1754 2553 Sedem

1050 2579 1272 2623 Apostolicam
1295 2581 1315 2613 ¹.

1043 2644 1052 2669 1
1073 2641 1111 2669 Ex
1128 2642 1236 2678 Regest.
1254 2643 1280 2670 in
1295 2643 1397 2671 Sveret.
1417 2643 1552 2672 Breviuin.

1803 1353 1865 1374 Fides
1882 1359 1950 1374 exem-

1765 1381 1851 1407 plorum.
