2253 3195
238 228 290 255 An.
305 227 335 254 C.
354 228 423 256 1597

273 499 384 519 clamatae
395 499 422 519 ad

238 529 380 550 praesentiunt
391 527 421 545 tn-

238 554 328 572 terarum
338 552 422 572 sirmita-

238 581 286 599 tem.

276 1612 421 1637 Exequutores

236 1638 358 1667 earumdem
384 1639 420 1659 de-

235 1666 310 1689 putau.

470 219 534 253 372
1013 228 1197 252 mammem

436 278 555 319 legare,
579 277 716 320 aliaque.
740 287 823 320 quae
843 277 883 309 ad
903 275 1010 309 sorum
1033 281 1181 309 nostrum

435 331 600 374 spirituale
631 335 773 373 spectant
799 335 830 362 et
858 329 1044 372 pertinent,
1077 329 1182 362 faeere

436 390 467 417 ct
487 383 601 427 exequi
619 383 717 426 possit
736 388 765 415 et
786 383 912 416 debeat.

482 438 498 478 g
519 436 548 468 6.
569 437 757 469 Praesentes
770 445 901 478 quoque
914 440 1042 468 nostrae
1055 427 1181 467 litterae

437 501 474 522 ex
499 489 664 532 quibusvis
684 488 805 528 causis,
829 489 868 521 de
889 487 1124 531 subreptionis,
1148 498 1182 520 o-

438 541 638 585 breptionis,
666 552 722 574 seu
747 541 904 574 nullitatis
934 541 1027 579 vitio,
1051 546 1106 574 aut.
1134 540 1182 573 in-

439 595 588 629 tentionis
607 601 748 635 nostrae,
769 595 819 628 rel
839 595 953 639 quovis
970 595 1034 628 alio
1055 595 1182 628 defectu

436 649 554 688 notari,
581 659 637 682 seu
656 649 851 692 impugnari,
872 654 927 682 aut
947 649 1025 681 alias
1045 659 1182 693 quomo-

436 702 557 735 dolibet
578 702 708 745 infringi
728 703 777 735 vel
792 702 969 741 retractari,
993 713 1050 735 seu
1071 703 1182 735 invali-

436 755 516 795 dari,
537 760 592 788 aut
622 756 663 788 ad
689 755 773 788 viam
795 760 826 788 et
846 755 1002 788 terminos
1026 755 1104 788 iuris
1124 766 1178 788 re—

436 809 527 849 duci,
551 820 608 842 seu
629 809 661 841 in
681 809 730 841 ius
760 809 809 842 vel
838 808 1090 842 controversiam
1120 819 1178 841 vo-

436 862 514 903 cari,
538 868 593 895 aut
612 862 764 895 adversus
781 873 834 895 eas
854 862 1083 905 quodcumque
1103 861 1182 894 iuris

436 921 467 948 et
487 916 559 949 sacti
575 943 582 954 ,
605 916 655 948 vel
675 915 815 949 iustitiae
828 943 835 955 ‚
859 919 915 948 aut
931 915 1053 957 gratiae
1075 925 1181 948 reme-

436 967 525 1001 dium
546 967 723 1012 impetrari,
739 968 787 1000 vel
808 967 942 1001 concedi
961 978 1027 1000 non
1044 967 1178 1011 possint,

436 1028 466 1054 et
487 1022 530 1054 ita
549 1032 608 1065 per
627 1022 759 1055 eosdem
780 1021 914 1060 iudices,
926 1020 1177 1061 commissarios,

435 1076 465 1109 S.
494 1075 530 1108 R.
562 1075 596 1108 E.
628 1075 830 1115 cardinales,
858 1074 956 1108 etiam
987 1075 1110 1116 legatos
1142 1075 1180 1108 de

435 1129 552 1167 latere,
589 1139 623 1161 ac
656 1128 812 1172 praedicti
847 1127 956 1172 palatii
993 1127 1157 1161 auditores
1172 1155 1179 1167 ,

435 1181 560 1214 sublata
580 1181 626 1214 eis
646 1186 674 1214 et
696 1191 808 1214 eorum
830 1180 961 1214 cuilibet
981 1181 1092 1224 quavis
1116 1180 1178 1212 ali-

438 1240 485 1267 ter
510 1235 673 1268 iudicandi
705 1240 736 1268 et
768 1234 1001 1278 interpretandi
1030 1234 1182 1267 facultate

436 1293 465 1320 et
487 1288 692 1328 auctoritate,
709 1288 828 1332 ubique
849 1287 984 1321 iudicari
1003 1293 1034 1320 et
1054 1287 1181 1320 definiri

438 1341 568 1381 debere,
596 1352 722 1375 necnon
743 1341 870 1374 irritum
892 1347 923 1374 et
945 1341 1056 1380 inane,
1081 1341 1178 1384 quid-

435 1394 514 1438 quid
533 1405 624 1428 secus
643 1405 740 1438 super
759 1394 808 1428 his
831 1405 848 1427 a
869 1405 1046 1438 quoquam,
1070 1393 1182 1438 quavis

436 1447 638 1487 auctoritate,
659 1447 798 1481 scienter
817 1448 866 1481 vel
887 1447 1084 1489 ignoranter,
1105 1457 1182 1480 con-

436 1501 538 1543 tigerit
561 1501 710 1534 attentari
736 1501 857 1545 pariter
877 1501 1091 1535 decernimus.

481 1557 497 1598 5
511 1555 540 1588 7.
552 1555 711 1595 Quocirca
719 1555 957 1589 venerabilibus
966 1555 1117 1589 fratribus
1126 1556 1181 1590 Ca-

436 1608 611 1649 vallicensi,
628 1609 926 1652 Carpenetoratensi
945 1615 976 1642 ct
995 1609 1180 1643 Vasionensi

435 1661 595 1705 episcopis
613 1673 670 1705 per
690 1668 875 1706 praesentes
895 1662 1130 1696 committimus
1150 1668 1181 1696 et

438 1716 642 1756 mandamus,
666 1721 825 1759 quatenus
852 1716 923 1759 ipsi,
950 1716 997 1749 vel
1023 1717 1098 1755 duo,
1127 1722 1181 1750 aut

436 1779 518 1802 unus
540 1780 651 1802 eorum
673 1780 730 1813 per
750 1780 794 1809 se,
809 1770 856 1803 vel
875 1769 986 1809 alium,
1009 1780 1065 1802 seu
1087 1770 1176 1809 alios,

435 1827 618 1865 praesentes
652 1822 796 1861 litteras,
828 1827 859 1855 et
890 1822 920 1855 in
954 1823 998 1856 eis
1030 1829 1179 1856 contenta

435 1885 669 1919 quaecumque,
693 1875 746 1908 ubi
768 1881 798 1908 et
818 1876 949 1919 quando
970 1887 1052 1920 opus
1072 1877 1176 1915 suerit,

434 1939 470 1961 ac
483 1928 609 1972 quoties
623 1938 681 1972 pro
696 1935 784 1972 parte
800 1929 875 1961 dicti
890 1929 1049 1963 Francisci
1065 1930 1180 1963 Mariae
1195 1969 1196 1972 Ἴ

434 1981 620 2021 cardinalis,
638 1987 693 2014 aut
706 1992 765 2025 pro
787 1987 933 2025 tempore
953 1982 1117 2015 existentis
1130 1993 1197 2016 ar->

434 2034 630 2078 cliiepiscopi
651 2035 882 2068 Avenioncnsis
903 2036 1042 2078 desuper
1063 2035 1177 2068 suerint

434 2087 601 2132 requisiti,
625 2087 813 2121 solemniter
842 2088 1044 2131 publicantes
1069 2089 1179 2132 cisque

435 2141 465 2173 in
494 2141 680 2184 praemissis
706 2141 842 2173 efficacis
873 2141 1066 2174 defensionis
1087 2153 1196 2185 prae-i

433 2195 515 2227 sidio
541 2195 721 2227 assistentes
743 2194 880 2231 saciant,
905 2195 1093 2227 auctoritato
1115 2207 1175 2228 no-

434 2254 508 2286 stra,
527 2253 710 2292 praesentes
724 2248 844 2280 litteras
862 2253 891 2280 et
913 2248 944 2280 in
966 2248 1010 2280 eis
1029 2255 1178 2282 contenta

435 2302 618 2335 huiusmodi
646 2301 783 2334 tirmiter
803 2302 983 2341 observari,
1009 2302 1178 2346 ipsumque

437 2355 639 2387 Francisrmn
669 2354 799 2388 Mariam
821 2349 1046 2394 ‘cardimilmm
1071 2362 1100 2389 et
1121 2367 1178 2400 pro

437 2414 581 2451 ternpore
599 2408 786 2441 existentem
807 2408 1086 2452 :irritis-pisropum
1101 2410 1179 2442 Ave·
1194 2420 1195 2426 ¹

436 2461 622 2494 nionensem
639 2461 699 2494 illis
714 2462 846 2506 pacitiee
857 2463 1008 2502 inuidere,
1023 2473 1085 2495 non
1101 2474 1175 2506 per·

438 2514 598 2546 mittentes
618 2525 673 2547 eos
699 2516 837 2559 desuper
858 2526 914 2559 per
933 2527 1155 2559 quoscumqiw.
1168 2543 1175 2554 ,
1194 2526 1195 2550 l

437 2572 547 2598 eontra
566 2569 753 2600 earmndem
774 2568 990 2611 pras-sentium
1013 2574 1175 2608 tenorem,
1194 2603 1196 2612 ,

437 2619 681 2663 quomodolibet
714 2621 894 2660 molestari‘,
926 2613 1196 2662 contradictores}

1215 227 1369 252 Romnum

1215 275 1376 319 quoslibet
1394 282 1425 309 et
1444 276 1590 318 rebelles,
1606 287 1665 320 per
1678 287 1829 311 censuras
1842 283 1873 311 et
1884 288 1960 322 poe—

1215 340 1272 362 nas
1289 329 1530 371 ecclesiastic-as,
1544 341 1581 363 ac
1599 331 1661 363 alia
1680 337 1863 375 opportuna
1881 331 1960 365 iuris

1215 383 1368 424 remedia,
1389 384 1606 427 appellatione
1626 384 1814 428 postposita,
1830 395 1960 428 compe-

1215 436 1346 475 scendo,
1371 447 1407 469 ae
1426 437 1578 479 legitimis
1602 447 1698 481 super
1724 437 1774 470 his
1803 437 1960 471 habendis

1215 490 1347 523 serratis
1365 490 1585 534 processibus,
1608 501 1761 523 censuras
1782 494 1814 523 et
1839 501 1961 534 poenas

1216 542 1310 586 ipsas,
1332 543 1428 576 etiam
1448 543 1570 576 iteratis
1594 543 1718 576 vicibus
1734 543 1956 586 aggravando,

1216 595 1362 629 invocato
1383 596 1479 629 etiam
1500 597 1539 630 ad
1564 588 1647 636 hoc,
1671 597 1697 630 si
1728 607 1809 640 opus
1838 597 1956 637 suerit,

1216 649 1332 682 auxilio
1353 649 1476 682 brachii
1493 650 1677 683 saecularis.

1258 704 1275 747 ,ἓ
1295 703 1325 737 8.
1346 704 1417 736 Non
1437 703 1638 736 obstantibus
1657 704 1762 737 bonae
1782 703 1958 738 memoriae

1216 756 1371 790 Bonisaeii
1394 757 1499 800 Papae
1519 756 1598 798 Ytll,
1618 757 1875 800 praedecessoris
1894 767 1956 790 no-

1215 810 1290 850 stri,
1311 821 1374 854 qua
1395 815 1526 843 cavetur
1545 821 1692 854 expresse
1719 821 1760 844 ne
1780 810 1852 854 quis
1871 815 1961 844 extra

1214 875 1305 897 suani
1326 864 1487 897 civitatem
1501 869 1531 897 et
1551 863 1737 905 dioecesim,
1759 864 1843 897 ultra
1861 875 1960 897 unam

1215 917 1366 958 diaetam,
1389 918 1430 951 ad
1451 917 1605 950 iudicium
1626 917 1820 958 advocetur,
1843 928 1900 951 seu
1919 928 1960 950 ne

1215 972 1337 1005 iudices
1357 982 1373 1004 a
1393 971 1473 1005 Sede
1497 971 1661 1015 praedicta
1687 971 1845 1015 deputati,
1873 976 1961 1004 extra

1215 1025 1375 1058 civitatem
1388 1026 1437 1058 vel
1453 1025 1627 1058 dioecesim
1641 1025 1674 1057 in
1687 1024 1805 1068 quibus
1817 1024 1960 1068 deputati

1216 1079 1361 1119 fuerunt;
1385 1084 1496 1112 contra
1522 1089 1745 1122 quoscumque
1768 1079 1957 1123 procedere,

1216 1138 1270 1166 aut
1278 1132 1331 1165 alii
1342 1133 1391 1166 vel
1400 1132 1470 1165 aliis
1478 1133 1562 1165 vices
1571 1143 1644 1166 suas
1653 1132 1856 1166 committere
1869 1142 1961 1176 prae-

1215 1191 1354 1225 sumant,
1379 1190 1411 1217 et
1431 1186 1470 1218 de
1494 1185 1620 1218 duabus
1648 1185 1679 1218 in
1706 1184 1844 1218 concilio
1864 1194 1961 1227 gene-

1216 1238 1275 1271 rali
1289 1238 1385 1278 edita,
1402 1238 1581 1271 dummodo
1601 1248 1667 1271 non
1686 1238 1770 1271 ultra
1791 1243 1854 1271 tres
1874 1238 1962 1272 diae-

1215 1297 1262 1325 tas
1291 1291 1406 1335 aliquis
1433 1291 1624 1324 auctoritate
1651 1291 1869 1335 praesentium
1890 1296 1958 1324 tra-

1215 1346 1322 1386 hatur,
1335 1351 1366 1378 et
1377 1345 1447 1378 aliis
1460 1344 1644 1388 apostolicis
1663 1344 1958 1384 constitutionibus,
1999 1338 2005 1342 ⁵

1216 1399 1311 1432 etiam
1334 1398 1438 1432 dietae
1459 1399 1613 1432 ecelesiae
1633 1398 1847 1432 Avenioncnsi
1877 1397 1961 1432 iura-

1216 1458 1336 1491 mento,
1358 1452 1605 1486 confirmatione
1621 1451 1811 1496 apostolica,
1823 1452 1873 1485 vel
1882 1462 1961 1496 qua-

1215 1506 1260 1539 vis
1280 1505 1431 1539 firmitate
1449 1505 1512 1538 alia
1531 1505 1691 1538 roboratis
1703 1505 1829 1538 statutis
1842 1510 1873 1538 et
1885 1515 1961 1538 con-

1215 1558 1440 1591 suetudinibus
1455 1586 1462 1598 ‚
1486 1558 1656 1592 contrariis
1686 1558 1956 1602 quibuscumque.

1215 1614 1273 1646 Aut
1295 1613 1320 1645 si
1346 1612 1508 1656 aliquibus
1531 1612 1750 1645 communiter
1767 1612 1814 1645 vel
1833 1612 1958 1646 divisim

1215 1666 1255 1699 ab
1267 1666 1379 1699 eadem
1402 1666 1439 1699 sit
1454 1666 1535 1699 Sede
1552 1666 1723 1705 indultum,
1747 1666 1835 1709 quod
1855 1666 1957 1699 inter·
1986 1698 1989 1701 .

1215 1719 1290 1759 dici,
1304 1719 1800 1763 suspendiautexcommunicari
1814 1729 1879 1753 non
1887 1729 1960 1763 pos-

1215 1773 1278 1806 sint
1292 1783 1349 1817 per
1371 1773 1492 1805 litteras
1511 1773 1703 1816 apostolicas
1722 1783 1787 1806 non
1808 1772 1960 1806 facientes

1215 1827 1342 1870 plenam
1357 1832 1387 1860 et
1400 1837 1593 1870 expressam,
1610 1838 1647 1859 ae
1661 1827 1700 1859 de
1713 1826 1813 1859 verbo
1830 1826 1869 1859 ad
1887 1837 1958 1859 ver-

1214 1880 1303 1919 bum,
1322 1880 1361 1912 de
1383 1879 1507 1912 indulto
1535 1879 1720 1912 lmiusmodi
1745 1874 1954 1923 mentionem.

1258 1933 1370 1965 Datum
1387 1933 1507 1965 Romae
1527 1932 1613 1976 apud
1629 1932 1660 1965 S.
1674 1933 1816 1965 Marcum
1829 1932 1888 1966 sub
1902 1943 1958 1966 an-

1214 1990 1290 2022 nulo
1305 1989 1484 2026 Piscatoris,
1497 1989 1549 2022 die
1561 1999 1595 2023 ιιι
1608 1989 1799 2033 septembris
1811 1999 1961 2029 Mnxcvu,

1214 2043 1420 2086 pontificatus
1440 2043 1540 2075 nostri
1566 2054 1651 2076 anno
1673 2049 1771 2077 sexto.

1251 2105 1306 2132 [tat.
1323 2105 1368 2144 die
1388 2107 1403 2132 3
1418 2106 1567 2141 septembr.
1587 2106 1664 2141 1597,
1686 2098 1762 2142 po'nt.
1777 2114 1821 2133 nn.
1843 2107 1906 2132 η’.

1252 2170 1259 2195 1
1281 2169 1326 2196 llie
1343 2178 1356 2195 x
1372 2169 1492 2198 eiusdem
1509 2169 1609 2197 mensis
1629 2169 1726 2197 etanni
1743 2169 1866 2197 Clemens
1886 2168 1957 2205 Papa

1214 2205 1323 2231 mudum
1340 2205 1502 2245 praefinivit,
1523 2214 1576 2241 quo
1591 2205 1780 2241 inquirendum
1805 2205 1840 2232 sit
1855 2205 1882 2232 in
1898 2212 1954 2236 eos.

1213 2240 1257 2275 qui
1283 2240 1375 2267 Ordmi
1401 2240 1522 2268 Fratrum
1539 2241 1756 2268 l'raealicutorum
1772 2248 1868 2267 nomen
1891 2239 1956 2268 dare

1214 2275 1379 2309 intimamus
1390 2276 1605 2312 litteris,quil›us
1614 2280 1653 2303 est
1665 2276 1779 2303 initium:
1792 2276 1825 2303 In
1838 2276 1893 2309 his,
1902 2280 1954 2304 etc.

1214 2310 1265 2338 [flas
1288 2315 1376 2338 tumen
1396 2311 1490 2344 omisi,
1515 2312 1577 2347 quin
1601 2312 1756 2339 reseruntur
1778 2311 1804 2338 in
1826 2310 1954 2345 Bullario,

1213 2346 1283 2373 ttiod
1299 2347 1331 2373 nd
1349 2356 1424 2373 usum
1441 2347 1562 2374 eiusdem
1578 2347 1684 2374 Ordinis
1703 2346 1787 2373 edidit
1801 2346 1835 2373 cl.
1858 2346 1897 2373 vir
1911 2345 1954 2374 Fr.

1213 2355 1362 2409 ‘intoninus
1379 2382 1519 2416 Bremond,
1536 2383 1580 2418 qui
1605 2391 1708 2409 summa
1729 2381 1881 2418 prudentia.
1907 2389 1956 2409 nec

1212 2419 1410 2453 satisumqunm
1422 2418 1594 2453 rependendo
1606 2418 1736 2445 beneflcio
1748 2421 1853 2453 praeest
1861 2421 1888 2445 et
1897 2417 1956 2453 qui-

1212 2453 1272 2479 dem
1290 2457 1353 2481 tum.
1373 2461 1409 2483 ri.
1427 2462 1486 2489 pam
1504 2454 1566 2480 ⁶225.
1589 2456 1674 2489 Atque
1695 2453 1795 2480 utinum
1812 2451 1955 2488 aliquando

1213 2493 1363 2550 opportuna
1384 2489 1448 2515 milii
1463 2497 1522 2515 sese
1543 2489 1671 2524 praebeat
1686 2488 1793 2515 occasio
1813 2487 1955 2524 aliqualem

1212 2524 1228 2550 il
1244 2524 1250 2550 i
1266 2524 1334 2556 grati
1349 2524 1431 2551 animi
1447 2524 1498 2551 mei
1514 2529 1640 2551 aeternae.
1663 2532 1829 2551 summorum
1850 2523 1954 2551 beneti—

1212 2559 1324 2594 eiorum,
1341 2559 1439 2595 quitum
1456 2568 1497 2586 nie
1513 2560 1669 2591 rumulnvit,
1686 2560 1832 2587 inemorine
1851 2558 1954 2594 signiti-

1213 2595 1346 2622 cutionem
1359 2594 1537 2631 praeferendi.
1551 2595 1590 2622 lta
1601 2595 1792 2631 Goequelinius
1806 2593 1952 2664 sqribegmt.

1972 229 2026 255 An.
2042 228 2072 256 C.
2086 230 2158 260 1592*

1987 713 2102 744 Dei-ugano
2109 702 2158 742 oon*

1974 743 2092 762 trau-mrum.
