2253 3195
266 238 314 264 An.
337 238 365 264 C.
386 238 452 266 icoo
497 229 561 263 622

1050 243 1232 266 BULLARIUM
1252 243 1405 267 ROMANUM

2001 244 2049 271 An.
2071 243 2098 271 C.
2118 244 2185 272 ¹600

319 295 381 316 fides
395 299 450 317 που·
466 289 1210 333 rarumtransumptiS,etiamimpressis,manu
1243 290 1286 323 tia
1312 291 1513 334 provenisse,
1537 302 1575 324 eo
1594 291 1694 334 magis
1715 292 1864 334 angimur
1890 298 1918 326 et
1940 293 1986 326 as-

465 342 582 375 notarii
600 342 721 385 publici
742 342 941 386 subscriptis,
963 348 993 375 et
1013 343 1118 385 sigillo
1136 354 1210 387 per·
1243 343 1414 377 flictamur.
1438 344 1617 384 Cum,sicut
1643 345 1837 388 accepimus,
1860 346 1986 379 uberri-

464 406 561 428 sonae
583 395 613 427 in
641 395 795 437 dignitate
817 396 1033 429 ecclesiastica
1055 397 1210 430 constitu-
1225 412 1227 446 ἱ
1244 408 1332 430 mum
1343 397 1660 441 etpernecessarium
1671 398 1887 441 agriculturae
1898 410 1986 433 excr-

265 326 402 349 sumptorum.

290 1676 371 1699 cmm
386 1678 448 1699 huius

262 1708 426 1726 constitutionis.

465 454 514 480 tae
538 448 735 490 obsignatis,
759 449 871 482 eadem
902 460 1034 492 prorsus
1066 450 1145 483 fides
1178 450 1208 483 in

464 501 584 534 iudicio
606 507 634 534 et
653 507 740 534 extra
761 502 840 535 illud
861 502 982 546 ubique
1003 493 1205 545 adhibeatur,

463 565 545 598 quae
566 555 776 589 adhiberetur
793 556 913 590 eisdem
932 557 1166 601 praesentibus,
1183 557 1208 591 si

463 614 569 641 essent
589 609 750 642 exhibitae
771 610 819 643 vel
838 616 996 644 ostensae.

470 678 476 682 ·
507 662 620 695 Datum
642 663 763 696 Romae
783 665 869 707 apud
886 664 916 698 S.
937 665 1068 698 Petrum
1080 665 1139 698 sub
1154 675 1209 698 an-

464 716 539 748 nulo
561 716 742 755 piscatoris,
764 717 816 750 die
836 718 1058 751 decimatertia
1078 729 1208 752 novem-

463 769 528 802 bris
548 779 628 810 nnc,
652 769 858 813 pontificatus
878 771 978 805 nostri
1000 782 1084 805 anno
1106 782 1203 805 nono.

500 831 557 858 Dat.
575 831 618 859 die
637 833 671 860 23
688 833 845 860 novembris
864 833 940 868 1600,
962 833 1057 870 pontif.
1074 842 1118 861 an.
1136 840 1170 860 tx.

762 993 908 1028 CCXLIV.

462 1100 646 1143 Privileqia
676 1111 735 1144 pro
762 1100 1019 1143 ayricultoribus
1045 1102 1120 1145 ayri
1147 1102 1208 1136 Ro-

506 1164 621 1204 mani‚·
643 1167 671 1196 et
688 1164 868 1207 prohibitio
886 1175 925 1197 ne
947 1165 1081 1198 barones
1093 1165 1208 1198 baum·-

507 1229 615 1258 menta
628 1226 712 1258 circa
727 1226 968 1270 agriculturam
985 1227 1176 1271 promnlyen
1183 1231 1203 1268 t,

506 1286 555 1319 vel
571 1287 713 1320 subditos
730 1288 911 1331 impediant
924 1289 1099 1333 quominus
1115 1293 1206 1323 extra

507 1360 617 1383 eorum
631 1354 752 1384 statum
767 1351 891 1384 alienos
904 1362 998 1395 ayros
1011 1351 1202 1393 conducant,

506 1413 626 1454 colant,
651 1419 712 1447 etc.

675 1502 811 1530 Clemens
831 1503 911 1538 Papa
930 1503 1009 1538 vui,

587 1556 624 1583 nd
644 1560 821 1591 perpetuam
839 1557 883 1584 rei
899 1557 1082 1585 memoriam.

508 1628 593 1661 lnter
627 1627 822 1672 multiplices
856 1629 1028 1672 pastoralis
1063 1630 1206 1663 muneris

463 1681 563 1715 nostri
592 1691 685 1715 curas
713 1687 743 1714 et
774 1682 1028 1722 sollicitudines,
1052 1693 1089 1716 ea
1114 1683 1206 1716 nobis

463 1735 636 1779 praecipue
663 1736 752 1769 cordi
781 1741 850 1775 est,
879 1742 911 1769 ut
936 1737 1020 1770 alma
1045 1737 1126 1770 Urbs
1147 1748 1205 1771 no-

462 1794 537 1829 stra,
550 1789 590 1821 ad
604 1799 700 1832 quam
720 1789 865 1832 quotidie
884 1794 1047 1833 tamquam
1063 1790 1102 1822 ad
1117 1790 1206 1823 Prin-

462 1842 541 1885 cipis
562 1842 788 1885 Apostolorum
807 1842 934 1882 Sedent,
949 1848 978 1876 ct
998 1853 1203 1876 communem

462 1895 606 1928 omnium
629 1895 773 1928 fidelium
801 1895 938 1939 patriam
960 1907 995 1929 ac
1018 1902 1201 1939 parentem,

461 1948 608 1981 nationes
629 1958 741 1982 omnes
762 1949 947 1988 confluunt,
973 1954 1003 1982 ct
1025 1960 1121 1992 quam
1147 1960 1205 1983 nos

462 2002 612 2035 omnibus
632 2002 812 2035 commodis
828 2003 1067 2035 etornamentis
1087 2013 1205 2044 augere

461 2056 648 2094 studemus,
672 2065 736 2088 non
766 2056 870 2088 solum
900 2056 944 2087 rei
976 2056 1205 2089 frumentariae

463 2108 571 2151 inopia
592 2119 796 2152 nequaquam
819 2114 960 2146 vexetur,
978 2109 1032 2142 sed
1055 2109 1205 2143 ulteriore

463 2162 570 2206 potius
597 2162 690 2205 copia
711 2162 998 2205 (quandoquidem
1025 2163 1092 2203 agri
1123 2163 1206 2196 illius

464 2215 593 2247 ubertas
615 2215 644 2247 itl
667 2221 828 2258 pracstar«¹
850 2217 974 2258 potest)
997 2215 1112 2257 iugiter
1133 2228 1205 2260 per-

464 2270 598 2301 fruatur.
631 2269 746 2300 Verum
783 2269 1022 2301 considerantes
1060 2280 1206 2303 annonae

465 2322 678 2360 difficultates,
696 2332 775 2364 quas
792 2321 832 2354 ab
849 2321 1010 2365 aliquibus
1024 2322 1115 2354 aunis
1128 2323 1206 2356 citra

465 2386 614 2418 perpessa
645 2381 712 2414 cst,
737 2381 767 2407 et
796 2386 879 2407 nunc
901 2375 996 2407 etiam
1019 2375 1152 2419 patitur,
1176 2382 1203 2409 ct

464 2428 580 2470 quibus
612 2438 668 2460 nos
704 2427 863 2465 inaximo,
904 2427 998 2460 ‹ftiatu
1037 2434 1146 2461 nostro
1176 2434 1206 2461 ct

464 2481 832 2524 ‹jaun-tmapostoliam,
850 2481 1018 2524 dispendio
1037 2492 1206 2515 occurrere

466 2544 527 2565 uon
551 2533 778 2571 rat-usaviuius,
804 2544 866 2566 non
888 2539 1009 2566 tautum
1041 2545 1076 2567 cx
1104 2545 1205 2566 annu-

466 2597 534 2617 ruut
561 2586 744 2625 stt-ruituro,
769 2592 799 2618 vt
824 2586 1045 2630 superioriluts
1077 2587 1202 2625 (ausis,

465 2645 620 2681 quantum
639 2651 675 2672 ex
697 2639 863 2672 hominum
880 2640 973 2683 culpa
993 2645 1023 2672 et
1044 2639 1206 2682 negligen-

1244 450 1353 483 citium
1384 451 1416 483 in
1443 451 1538 484 Urbis
1566 451 1732 484 territorio
1762 457 1792 484 et
1821 452 1983 494 districtu,

1244 504 1386 548 locisque
1412 504 1557 537 finitimis
1583 505 1737 548 paulatim
1767 505 1907 547 negligi,
1930 516 1986 538 seu

1242 557 1350 601 potius
1382 558 1485 591 deseri
1521 564 1670 601 coeptum
1700 557 1761 599 sit,
1794 558 1836 591 ita
1864 564 1900 591 ut
1931 559 1987 592 ubi

1242 611 1342 655 prius,
1355 612 1479 654 vigente
1499 612 1707 654 agricultura,
1723 622 1788 645 non
1810 612 1907 645 modo
1927 612 1988 656 ipsi

1242 664 1319 698 Urbi
1336 664 1553 698 necessarium
1568 665 1765 698 frumentum
1780 665 1983 709 suppetebat,

1242 729 1350 751 verum
1364 718 1459 752 etiam
1473 719 1512 752 ad
1533 724 1680 751 externas
1697 718 1843 751 nationes
1863 718 1987 761 ingenti

1242 771 1441 815 privatorum
1457 772 1559 812 lucro,
1574 777 1602 805 et
1617 782 1681 804 non
1696 772 1825 805 modico
1835 772 1987 806 Gamerae

1242 830 1369 858 nostrae
1377 825 1597 858 emolumento
1606 825 1891 866 transmittebatur,
1902 836 1988 859 nunc

1241 889 1327 918 vero,
1345 878 1551 912 cultivatione
1566 884 1719 918 cessante,
1737 885 1903 912 externum
1918 879 1984 912 fru-

1242 937 1386 965 mentum
1409 942 1526 974 magno
1552 932 1655 976 pretio
1683 937 1714 965 ct
1740 932 1926 966 difficultate
1947 933 1986 965 ab

1241 984 1311 1017 aliis
1329 984 1532 1028 conquirere,
1550 984 1696 1028 illudque
1712 984 1807 1018 etiam
1826 996 1884 1029 per
1898 995 1986 1018 mare

1241 1038 1421 1071 vehendum
1443 1043 1623 1082 expectare,
1639 1044 1669 1071 et
1683 1048 1915 1082 nonnunquam
1929 1038 1987 1085 Ur-

1241 1092 1288 1124 bis
1309 1092 1440 1131 samem,
1468 1098 1637 1126 ventorum
1659 1092 1805 1132 arbitrio,
1833 1103 1898 1125 non
1921 1092 1983 1125 mi-

1241 1145 1311 1178 nori
1334 1145 1502 1186 dedecore,
1520 1156 1617 1189 quam
1638 1145 1794 1189 periculo,
1812 1145 1916 1179 metiri
1929 1156 1985 1180 ne-

1241 1210 1327 1232 cesse
1352 1205 1409 1232 est.

1284 1253 1299 1297 g
1325 1252 1354 1286 1.
1384 1252 1438 1286 Cui
1469 1253 1599 1296 quidem
1632 1253 1739 1294 malo,
1763 1259 1919 1297 quantum
1953 1254 1983 1288 in
1999 1255 2186 1304 {ffgffigg't-,shtli'fflg

1240 1306 1333 1339 nobis
1353 1312 1410 1346 est,
1434 1315 1616 1346 occurrere,
1645 1312 1675 1339 et
1700 1306 1840 1340 nobilem
1863 1317 1900 1340 ac
1917 1307 1983 1341 sru-
1999 1309 2187 1357 ξξξῃζζῃῡξζξζῇξζξξζ

1240 1366 1383 1393 ctuosam
1405 1359 1621 1399 agriculturae
1639 1365 1739 1392 artem
1762 1359 1793 1393 in
1823 1370 1900 1401 agro
1921 1361 1984 1394 Ro·
2000 1362 2186 1416 stghguffuggssffg:

1242 1423 1337 1446 mano
1359 1412 1527 1445 restituere
1548 1422 1584 1445 ac
1609 1423 1765 1446 renovare
1794 1413 1960 1457 cupientes
1974 1441 1981 1455 ,
2000 1416 2185 1464 ξῃξήωυζῇῗᾞζζ

1241 1473 1272 1501 et
1293 1473 1328 1500 ut
1348 1476 1461 1500 omnes
1483 1472 1665 1499 tenutarum
1687 1472 1718 1500 et
1738 1467 1891 1500 casalium
1922 1467 1982 1502 do·
2000 1472 2110 1496 ⁰⁰8³¹¹¹¹¹¹²

1243 1520 1333 1560 mini,
1357 1529 1484 1553 necnon
1505 1519 1703 1564 quicumque
1724 1520 1936 1562 agricultores
1955 1526 1987 1554 et

1242 1573 1347 1607 coloni
1368 1584 1424 1617 spe
1445 1573 1525 1606 lucri
1547 1573 1585 1606 ad
1607 1573 1778 1607 colendum
1809 1580 1839 1607 et
1870 1584 1982 1608 scren-

1242 1627 1317 1660 dum
1339 1626 1532 1665 alliciantur,
1553 1627 1839 1670 praedecessorum
1861 1633 1986 1661 nostro-

1243 1691 1312 1713 rum
1334 1680 1410 1714 Sixti
1431 1679 1481 1718 tv,
1498 1679 1566 1713 lulii
1589 1680 1624 1719 ll,
1641 1679 1811 1713 Clementis
1829 1679 1891 1720 Vll,
1904 1680 1948 1713 Pii
1962 1680 1986 1713 V

1241 1740 1271 1767 et
1292 1733 1428 1766 aliorum
1450 1733 1660 1766 Summorum
1679 1733 1871 1766 Pontificum
1893 1733 1986 1766 vesti-

1241 1788 1299 1831 giis
1320 1788 1543 1827 inhaerentes,
1569 1792 1658 1820 motu
1679 1787 1830 1830 proprio,
1854 1791 1925 1827 etc,
1948 1798 1986 1821 ex

1241 1847 1329 1875 certa
1349 1847 1457 1874 nostra
1486 1840 1642 1880 scicntia,
1671 1846 1701 1873 et
1722 1840 1761 1873 de
1790 1840 1986 1884 apostolicae

1241 1894 1406 1938 potcstatis
1427 1893 1639 1937 plenitudine,
1664 1893 1823 1926 dictorum
1845 1894 1983 1937 praede-

1240 1958 1402 1981 cessorum
1425 1953 1609 1979 nostrorum
1632 1946 1764 1985 litteras,
1789 1946 1818 1979 in
1843 1947 1984 1981 savorem

1241 2000 1284 2033 rei
1300 1999 1527 2033 frumentariae
1549 2004 1579 2032 et
1600 1999 1677 2032 artis
1691 1999 1906 2041 agriculturae
1917 2000 1985 2033 edi-

1241 2060 1286 2087 tas
1306 2056 1458 2097 (quorum
1481 2059 1608 2086 tenores
1629 2052 1680 2085 hic
1698 2063 1756 2096 pro
1777 2053 1942 2096 expressis,
1955 2059 1987 2087 et

1241 2108 1279 2140 ‹le
1298 2107 1395 2140 verbo
1409 2107 1447 2140 ad
1464 2107 1594 2139 verbum
1611 2107 1747 2146 insertis,
1766 2112 1796 2140 et
1810 2107 1985 2149 registi-atis

1242 2160 1350 2193 haberi
1372 2160 1520 2193 volumus
1541 2160 1571 2192 in
1594 2159 1642 2192 his
1662 2170 1744 2203 quae
1766 2160 1985 2203 praesentibus

1242 2213 1358 2246 nostris
1380 2223 1442 2246 non
1463 2213 1685 2251 adversantur,
1709 2218 1738 2245 ct
1759 2222 1840 2256 quae
1861 2223 1920 2246 usu
1934 2223 1984 2247 rc-

1242 2273 1333 2310 rcpta
1355 2267 1494 2304 suerunt,
1510 2266 1552 2298 ita
1574 2272 1604 2299 ut
1628 2266 1751 2299 domini
1774 2265 1927 2299 casalium
1954 2273 1985 2301 et

1243 2325 1425 2352 teuutarutu
1448 2319 1518 2361 cogi
1549 2330 1611 2351 non
1638 2319 1760 2362 possint
1787 2319 1826 2352 ad
1852 2318 1904 2352 illa
1937 2320 1984 2353 vel

1243 2373 1322 2411 illas,
1351 2373 1381 2405 in
1405 2379 1505 2405 totum
1528 2382 1584 2405 seu
1612 2372 1643 2404 in
1666 2377 1812 2415 partem,
1836 2371 1875 2404 ad
1901 2382 1983 2415 quo-

1242 2432 1317 2464 tam,
1333 2437 1388 2459 scu
1406 2426 1485 2458 alias
1506 2426 1623 2465 locare,
1648 2431 1740 2469 prout
1765 2425 1794 2457 in
1817 2425 1910 2458 dic-tis
1931 2436 1984 2459 eo-

1242 2480 1388 2512 ruuulctn
1420 2479 1703 2523 praedecessorum
1737 2478 1851 2511 litteris
1875 2478 1980 2511 ronti-

1242 2539 1354 2571 nctur,
1377 2533 1432 2564 svtt
1460 2532 1595 2565 liberum
1621 2532 1658 2564 sit
1683 2531 1758 2575 ipsis
1786 2531 1982 2576 doministdc

1242 2586 1303 2618 illis
1331 2586 1369 2618 ad
1397 2585 1522 2618 libitum
1549 2585 1733 2628 disponeret
1754 2584 1982 2618 confirmantes

1241 2645 1270 2672 et
1290 2639 1488 2672 innovantes.
