2253 3195
31 229 72 256 10.
94 227 121 254 C.
142 226 201 254 tfiot

83 343 206 364 alii-acutum

32 376 79 391 rans
95 369 207 390 ortatiouis

31 397 79 418 »eati
100 396 206 422 aymundt.

30 423 113 444 {xtenso
144 428 207 448 3111101-

30 449 83 477 iquis
88 449 152 475 pallio
159 455 206 470 0011-

32 482 65 497 um
97 476 207 501 sexaginta

29 502 119 524 nititur-ia
126 508 160 523 sex
170 503 207 523 1111-

29 530 52 550 ·is
93 529 206 550 contin-iens

28 556 161 577 :marchionem
170 562 206 582 ap-

29 583 80 603 111111.

834 225 981 250 CLEMENS
1001 225 1059 249 Vttt
1079 225 1129 249 Pr.

266 274 331 316 §3¹1
343 301 347 306 .
359 274 416 307 llic
432 279 497 306 tmn
513 273 842 317 boatusRaymundus
856 273 965 306 animo

222 328 338 361 dubius
359 333 385 360 et
411 328 550 360 incertus
575 338 640 371 quo
660 338 693 359 30
713 333 861 364 verteret,
883 338 962 360 0011-

221 381 305 413 sulto
330 380 458 413 tandem
490 380 639 423 precibus
669 380 777 412 divino
808 380 962 420 numine,

221 433 331 467 statuit
344 433 423 466 nihil
438 433 563 475 «gravius
582 433 640 465 31111
661 433 855 469 faciendum,
868 444 964 476 quam

222 492 255 519 ut
269 497 305 519 ex
325 487 428 520 insula
443 486 631 527 discederet,
647 497 686 519 110
701 486 867 520 libidinem
883 487 966 519 eius-

223 541 296 573 dem
330 540 435 573 lacobi
462 539 560 582 regis,
592 549 687 583 quam
720 540 802 571 serre
828 539 966 582 amplius

222 604 286 626 non
308 598 450 636 poterat,
475 593 612 636 probare
639 603 697 625 sua
718 592 900 636 praesentia
921 592 965 624 vi-

222 646 362 680 deretur.
395 647 504 690 ltaque
534 656 606 679 eum
632 646 724 681 adiit,
748 646 898 690 serioque
930 657 965 679 ar

221 711 331 733 severe
355 700 569 739 admonitum,
594 711 669 733 suae
699 700 871 733 voluntatis
896 711 965 733 cer-

223 754 336 787 tiorem
355 754 439 787 fecit.
461 754 594 787 lacobus
615 764 689 787 vero
710 764 775 794 rex,
793 754 860 787 eius
881 755 965 798 apud

221 817 254 840 se
276 807 435 841 retinendi
453 802 600 851 cupidus,
615 813 728 840 nautas
749 818 861 840 omnes
874 818 966 851 prae-

222 861 347 894 moneri
370 861 471 901 iussit,
495 867 591 905 atque
613 861 740 905 capitali
761 862 867 895 edicto
884 872 962 905 pro-

222 913 337 953 hiberi,
358 924 397 946 ne
428 915 512 947 ullus
541 925 614 947 eum
640 914 812 947 traiiceret.
836 914 965 948 Interim

222 967 353 1010 ignarus
373 968 506 1001 huiusce
527 968 653 1001 consilii
675 968 786 1001 beatus
804 968 966 1012 1101101110-

223 1021 282 1055 dus
307 1022 338 1054 in
356 1027 486 1065 portum
507 1022 660 1065 porrexit,
683 1021 738 1053 ubi
756 1021 795 1053 ab
817 1022 967 1054 omnibus

222 1075 496 1109 naviculatoribus
517 1075 681 1108 communi
700 1086 857 1108 consensu
879 1075 963 1108 reie-

223 1135 303 1172 ctus,
327 1131 455 1173 cognita
483 1129 586 1164 iacobi
613 1131 695 1173 regis
725 1132 905 1171 voluntate,
934 1131 966 1164 in

222 1189 351 1227 portum
373 1184 483 1218 Sotlar
502 1185 664 1228 profectus
685 1190 729 1218 est
746 1212 753 1224 ,
775 1184 898 1217 itineris
918 1185 966 1217 sui

223 1237 333 1270 comiti
354 1237 416 1270 hoc
435 1248 535 1270 unum
558 1238 744 1271 firmissime
768 1248 963 1279 asseverans,

223 1291 266 1324 ibi
287 1296 454 1324 aeternum
476 1301 584 1333 regem
602 1291 661 1324 sibi
680 1301 743 1324 non
766 1291 962 1324 defuturum.

224 1346 261 1378 At
281 1355 354 1378 cum
376 1355 481 1388 neque
507 1344 538 1377 in
560 1355 598 1377 eo
619 1350 714 1389 portu
738 1355 755 1377 a
783 1344 887 1378 nautis
912 1345 967 1378 ad-

223 1397 414 1435 mitteretur,
431 1398 462 1431 id
484 1409 593 1431 secum
616 1398 682 1441 ipse
703 1398 891 1438 demiratus,
905 1398 966 1431 hoc

222 1461 340 1494 magna
360 1450 424 1485 fide
445 1451 681 1495 pronunciavit,
704 1462 813 1494 regem
836 1452 965 1496 quidem

223 1505 392 1538 mortalem
414 1505 456 1538 ita
476 1505 635 1545 statuisse,
659 1506 713 1538 sed
737 1516 843 1548 regem
865 1511 965 1539 aeter-

222 1568 301 1591 num
323 1558 416 1591 aliter
439 1557 656 1602 provisurum.
681 1559 792 1602 ltaque
817 1559 967 1592 omnibus

223 1611 253 1643 in
274 1611 382 1644 littore
409 1611 554 1645 salutatis
569 1639 576 1652 ,
605 1622 663 1655 per
687 1612 842 1655 quasdam
872 1623 968 1656 rupes

223 1670 253 1698 et
277 1670 450 1709 praerupta
471 1675 543 1698 saxa
570 1665 600 1697 10
622 1675 712 1698 mare
740 1670 890 1709 porrecta
911 1665 968 1698 ali-

222 1719 412 1762 quantulum
435 1729 641 1762 progressus,
663 1719 695 1751 in
717 1729 805 1752 mare
830 1719 965 1752 descen-

223 1771 279 1813 dit,
292 1783 328 1805 ac
341 1772 465 1806 socium
480 1773 676 1816 alloquutus:
694 1772 833 1813 Videbis,
850 1773 965 1817 inquit,

223 1825 498 1869 quemadmodum
538 1826 621 1859 Deus
658 1826 812 1869 optimam
855 1836 966 1860 navem

223 1878 414 1922 providebit.
426 1878 534 1920 Quare
544 1879 681 1912 fiduciae
694 1879 819 1922 plenus,
830 1890 969 1923 expanso

224 1943 321 1976 super
345 1932 437 1976 aquis
461 1932 577 1976 pallio,
604 1933 800 1976 reductaque
820 1933 889 1966 eius
913 1943 969 1966 ora

223 1986 324 2019 instar
354 1986 415 2019 veli
446 1986 487 2019 ad
513 1986 687 2027 baculum,
712 1997 777 2030 quo
802 1993 967 2031 tamquam

223 2039 309 2072 malo
340 2045 505 2079 uteretur,
526 2039 579 2073 Dei
609 2050 702 2083 opem
737 2039 907 2081 invocans,
933 2051 969 2073 ac

225 2092 317 2135 signo
338 2092 442 2126 crucis
462 2103 495 2126 se
513 2092 674 2134 muniens,
692 2093 805 2126 relicto
820 2093 969 2127 in'insula

224 2156 298 2187 suo,
318 2146 466 2180 modicae
491 2146 566 2180 fidei
599 2157 634 2179 ac
662 2146 843 2185 dubitante,
866 2146 965 2188 socio,

224 2200 305 2233 mari
326 2210 359 2233 se
384 2200 563 2236 commisit,
587 2210 624 2233 ac
655 2200 718 2233 leni
746 2210 969 2244 prosperoque

227 2253 357 2286 inflante
376 2259 470 2287 vento
490 2253 721 2297 perambulans
741 2253 871 2286 semitas
896 2264 965 2286 ma-

227 2307 280 2347 ris,
305 2317 341 2340 ac
362 2307 556 2340 benedicens
573 2307 685 2347 Deum,
709 2306 763 2350 qui
785 2306 971 2340 dominatur

226 2360 374 2404 potestati
396 2360 474 2401 eius,
490 2367 618 2394 centum
637 2360 801 2403 sexaginta
820 2360 970 2394 milliaria

226 2423 279 2447 sex
306 2413 395 2447 horis
419 2413 574 2453 confecit,
602 2412 818 2456 omnibusque
848 2413 968 2447 circum

226 2465 335 2499 littora
356 2466 521 2499 insolitum
543 2465 714 2507 navigandi
743 2476 844 2506 genus
869 2466 972 2500 admi-

226 2519 396 2559 rantibus,
420 2519 630 2553 Barcinonem
661 2519 807 2564 appulit,
835 2519 890 2553 ubi
921 2530 971 2553 re-

227 2578 356 2617 sumpto
387 2573 503 2617 pallio,
531 2573 618 2617 quod
650 2583 690 2606 ne
720 2573 850 2617 quidem
888 2583 971 2617 aqua

228 2627 394 2670 perfusum
417 2631 502 2667 erat,
528 2626 567 2660 ad
589 2626 820 2661 monasterium
841 2627 889 2661 3111
915 2626 970 2660 01-

1647 211 1710 244 695

1001 273 1084 305 dinis
1104 273 1162 304 sub
1182 271 1348 305 meridiem
1362 282 1394 304 se
1415 270 1566 309 eontulit3
1590 270 1742 313 quodque

1000 337 1064 359 000
1086 326 1192 359 11110113
1212 325 1437 358 admirandum
1460 329 1517 364 est,
1535 323 1637 356 ianuis
1658 324 1743 356 clau-

1000 380 1042 412 sis
1064 379 1142 412 illud
1168 379 1340 421 ingressus,
1365 378 1473 422 populi
1496 376 1744 410 acclamationes

1001 433 1120 466 evitans
1141 433 1179 465 ad
1195 433 1312 475 gratias
1326 433 1390 465 Deo
1405 432 1604 475 peragendas
1619 430 1650 463 in
1665 435 1743 463 tem-

1000 486 1089 529 plum
1108 485 1248 526 secessit,
1273 486 1364 518 cuius
1390 485 1434 517 rei
1462 486 1544 518 sama
1568 490 1664 517 totam
1692 493 1744 516 ur-

1001 539 1073 571 bem
1096 540 1240 582 iinesque
1262 539 1346 571 illius·
1367 539 1454 571 brevi
1476 538 1625 582 pervasit.
1651 537 1743 570 Auxit

1001 591 1095 624 etiam
1111 592 1205 625 huius
1219 592 1365 625 miraculi
1388 591 1644 634 magnitudinem
1660 590 1744 623 eius-

1001 646 1072 678 dem
1095 645 1202 678 lacobi
1223 645 1306 687 regis
1327 645 1512 678 emendatio
1532 644 1740 687 subsequuta.

1001 699 1111 731 Extant
1138 704 1243 731 autem
1265 709 1368 742 usque
1389 699 1419 731 10
1441 699 1526 731 hune
1547 698 1631 732 diem
1652 697 1745 730 vesti-

1001 752 1051 792 gia
1072 752 1170 784 turris
1190 757 1219 785 et
1241 752 1382 795 capellae
1410 762 1447 785 eo
1469 752 1498 784 in
1527 752 1597 784 loco
1623 761 1657 783 ex
1680 761 1744 793 quo

1001 806 1032 838 10
1066 817 1154 839 mare
1191 807 1398 839 descenderat
1436 812 1618 845 extructae,
1649 810 1745 848 atque

1002 860 1105 903 ipsum
1125 860 1219 893 etiam
1238 860 1383 904 pallium,
1399 866 1429 893 ut
1453 859 1639 893 continuata
1659 858 1745 902 apud

1001 923 1055 946 eos
1065 914 1203 957 populos
1218 913 1388 947 traditione
1401 919 1565 957 receptum
1581 918 1637 953 est,
1656 912 1746 945 cuius

1001 972 1150 1000 contactu
1173 967 1263 1000 multi
1285 978 1302 1000 a
1322 967 1417 1000 variis
1438 966 1585 1010 corporis
1607 965 1744 999 infirmi-

1003 1019 1119 1053 tatibus
1137 1020 1281 1063 quotidie
1303 1020 1493 1054 liberantur.

1047 1074 1061 1117 ξ
1087 1072 1139 1106 9192.
1164 1075 1197 1106 111
1230 1075 1435 1117 procuranda
1466 1074 1689 1106 Hebraeorum
1715 1079 1744 1106 et

1001 1127 1234 1160 Saracenorum
1256 1128 1357 1161 salute
1379 1137 1496 1169 magno
1513 1126 1676 1160 charitatis
1696 1137 1746 1159 ar-

1001 1180 1079 1212 dore
1107 1190 1236 1223 semper
1264 1180 1414 1213 incensus
1446 1180 1526 1220 suit,
1550 1189 1746 1222 omnemque

1001 1243 1133 1277 operam
1156 1233 1244 1266 dedit
1264 1233 1304 1267 ad
1325 1244 1379 1267 eos
1400 1233 1431 1265 in
1453 1233 1528 1266 fidei
1549 1233 1746 1266 Christianae

1002 1286 1204 1320 documentis
1232 1286 1446 1323 excolendos,
1475 1296 1511 1318 ae.
1537 1296 1598 1329 pro
1627 1285 1747 1318 viribus

1001 1340 1223 1378 adiuvandos,
1246 1340 1332 1384 quod
1365 1346 1396 1372 ut
1425 1339 1452 1373 ei
1486 1339 1609 1373 facilius
1641 1345 1744 1379 essct,

1001 1394 1212 1427 seminarium
1235 1394 1281 1436 (in
1300 1404 1364 1437 quo
1385 1393 1533 1426 nonnulli
1554 1392 1603 1426 sui
1621 1393 1748 1427 Ordinis

1001 1447 1143 1490 religiosi
1182 1447 1336 1480 hebraico
1368 1453 1398 1480 et
1434 1446 1564 1480 arabico
1600 1456 1748 1480 sermone

1002 1502 1232 1544 erudirentur)
1253 1501 1405 1535 Castellae
1435 1507 1465 1534 et
1492 1500 1672 1543 Aragoniae
1692 1511 1745 1534 re-

1002 1565 1077 1598 gum
1108 1554 1262 1598 impensis
1291 1554 1451 1594 instituit,
1474 1554 1561 1597 quod
1586 1564 1667 1598 opus
1692 1554 1748 1587 toti

1002 1607 1174 1652 Hispaniae
1203 1612 1415 1644 ornamento,
1439 1612 1534 1650 atque
1564 1606 1749 1640 infidelibus

1003 1661 1191 1694 adiumento
1210 1660 1307 1694 fuisse
1321 1671 1357 1693 ex
1371 1670 1409 1693 eo
1422 1660 1497 1693 satis
1510 1666 1646 1700 constat,
1661 1660 1749 1704 quod

1004 1715 1088 1748 illius
1117 1725 1178 1758 ope
1203 1719 1300 1758 atque
1331 1713 1450 1746 auxilio
1466 1741 1473 1754 ‚
1498 1713 1611 1756 ingens
1636 1723 1748 1746 eorum

1005 1768 1178 1801 multitudo
1210 1767 1418 1800 christianam
1452 1767 1642 1809 religionem
1675 1777 1745 1800 am-

1004 1822 1096 1865 plexa
1115 1821 1165 1864 311.
1190 1821 1374 1865 Neophytos
1402 1831 1466 1854 non
1498 1820 1616 1853 minori
1643 1820 1749 1853 ehari-

1005 1881 1068 1909 tate
1097 1875 1264 1909 doetrinae
1285 1874 1479 1908 christianae
1507 1873 1746 1917 praeceptioni-

1004 1930 1064 1962 bus
1085 1929 1267 1969 imbuebat,
1291 1934 1388 1972 atque
1410 1934 1474 1961 tam
1506 1927 1652 1961 assiduus
1684 1933 1752 1960 erat

1004 1983 1035 2016 in
1066 1983 1127 2016 illis
1164 1982 1388 2023 instituendis,
1418 1988 1451 2015 ut
1483 1993 1594 2015 eorum
1633 1992 1749 2026 parens

1004 2048 1071 2071 esse
1089 2037 1252 2070 videretur
1272 2042 1321 2077 et,
1345 2047 1385 2069 ne
1406 2035 1559 2069 alimenta
1579 2035 1617 2069 iis
1637 2036 1677 2069 ad
1697 2035 1746 2068 vi-

1004 2097 1066 2125 tam
1093 2090 1274 2124 necessaria
1299 2090 1468 2130 deessent,
1496 2088 1639 2132 undique
1660 2089 1746 2122 elee-

1005 2155 1153 2188 mosynas
1174 2143 1379 2186 corrogabat.

1047 2200 1064 2241 ξ
1085 2198 1138 2231 33.
1163 2198 1205 2231 De
1226 2198 1321 2231 rebus
1342 2197 1448 2231 dubiis
1462 2207 1557 2240 saepe
1571 2197 1746 2237 consultus,

1003 2251 1159 2294 singulari
1185 2251 1357 2295 prudentia
1384 2261 1421 2283 ac
1446 2249 1554 2283 divina
1581 2250 1676 2293 plane
1700 2260 1749 2283 sa-

1004 2305 1124 2350 pientia
1138 2304 1290 2338 omnibus
1308 2303 1534 2347 respondebat,
1550 2308 1646 2347 atque
1667 2302 1750 2336 inter

1004 2365 1129 2393 caetera
1146 2358 1314 2398 beneficia,
1331 2368 1413 2401 quae
1434 2356 1567 2400 accepit,
1583 2356 1750 2399 1100111110-

1004 2413 1098 2457 cipue
1119 2412 1240 2445 donum
1266 2422 1283 2443 a
1308 2411 1373 2444 Deo
1394 2415 1441 2443 est
1461 2415 1691 2453 consequutus,
1714 2416 1750 2443 ut

1005 2477 1070 2507 eos,
1094 2466 1287 2510 quibuscum
1323 2470 1441 2507 ageret,
1475 2464 1558 2496 mira
1578 2469 1750 2497 consuetu-

1005 2519 1088 2553 dinis
1117 2528 1193 2552 suae
1222 2517 1393 2551 dulcedine
1421 2528 1457 2550 ae
1484 2517 1647 2561 voluptate
1675 2527 1749 2561 per-

1005 2572 1163 2605 funderet.

1050 2626 1066 2667 ς
1095 2624 1147 2657 34.
1178 2623 1298 2658 Orandi
1328 2623 1635 2670 contemplandique
1660 2634 1747 2660 sum-

1757 222 1803 247 An.
1826 220 1854 247 C.
1874 221 1937 247 mol

1789 1080 1839 1100 Eius
1854 1079 1945 1100 studium

1762 1108 1782 1127 111
1812 1106 1946 1132 procuranda

1761 1133 1899 1154 conversione
1908 1132 1947 1153 He-

1761 1161 1873 1181 braeorum
1882 1159 1946 1180 εῖδει-

1761 1192 1894 1208 1000001010.

1791 2199 1917 2222 Humanitas
1930 2201 1950 2221 10

1765 2233 1842 2248 omncs.
