2253 3195
274 231 324 258 An.
341 231 371 259 c.
395 231 462 260 ¹597
509 221 573 255 338

272 293 331 314 tandi
343 293 457 323 parochias

272 322 356 341 erectas
377 323 398 340 et
417 325 457 340 eri-

272 347 358 373 gendes.

299 1825 421 1846 comminuo
430 1825 455 1846 de

273 1858 314 1878 qua
330 1858 349 1872 in
364 1852 447 1873 rubrica
454 1867 459 1872 .

471 279 697 324 Hispaniarum
718 289 773 312 rex
797 278 994 319 catholicus,
1026 279 1115 321 quod
1142 278 1217 311 licet

471 344 530 378 pro
551 332 762 366 instructione
780 332 1003 373 Moriseorum‚
1017 342 1074 365 seu
1094 342 1112 365 a
1131 332 1217 365 Mau-

471 386 515 418 ris
535 386 575 418 ad
599 385 806 418 christianam
824 384 921 417 fidem
936 384 1126 418 iamdudum
1141 395 1217 417 con-

471 439 568 472 versis
581 438 847 471 descendentium
859 438 950 481 regni
961 438 1125 471 Valentiae
1139 438 1217 471 alias

470 492 654 535 complures
681 492 745 524 iam
773 491 894 524 fuerint
913 491 948 524 in
978 491 1094 524 eodem
1115 502 1216 534 regno

470 545 670 589 parochiales
693 545 846 579 ecclesiae
868 551 899 578 et
929 545 1066 578 vicariae
1091 551 1217 578 erectae

469 605 500 632 et
520 599 659 639 dotatae,
676 599 772 632 etiam
785 599 896 641 vigore
915 598 1097 632 litterarum
1115 598 1217 631 felicis

469 652 706 685 recordationis
722 652 869 695 Gregorii
889 652 994 695 Papae
1013 652 1092 691 XIII,
1116 662 1213 695 prae-

471 705 648 738 decessoris
668 705 780 745 nostri,
798 705 849 738 die
864 715 917 738 xv1
932 704 1001 737 iulii
1013 714 1166 745 nanxw,
1180 715 1216 737 ac

469 768 531 791 xxx
550 757 675 800 augusti
696 757 856 791 mensium
876 768 1031 791 itanxvn
1056 767 1214 790 annorum

469 811 596 844 Domini
611 811 642 844 in
657 812 760 845 forma
773 812 878 845 brevis
891 811 1125 856 expeditarum.
1137 811 1216 850 Quia

470 870 578 897 tamen
609 875 668 908 pro
699 865 827 909 meliori
856 875 893 898 ac
922 864 1135 898 commodiori
1163 875 1216 897 eo-

469 918 620 951 rumdem
641 918 870 957 Moriscorum‚
898 928 954 951 seu
985 917 1112 951 noviter
1140 927 1216 950 con-

470 970 860 1015 vemorumseorumque
892 971 1158 1005 descendentium
1183 971 1215 1003 in

465 1018 629 1058 'catholica
649 1024 712 1058 tide
739 1031 770 1058 et
797 1024 946 1058 doctrina
966 1025 1157 1058 educatione
1186 1029 1217 1057 et

470 1077 670 1112 institutione
690 1079 819 1122 expedit
838 1079 915 1112 alias
935 1078 1046 1112 itidem
1073 1078 1112 1112 de
1132 1088 1216 1111 novo

471 1131 610 1174 erigere,
634 1137 665 1165 et
689 1132 801 1165 dotare
820 1131 1022 1175 parochiales
1043 1131 1212 1171 ecelesias,

471 1189 501 1217 et
515 1184 649 1217 vicarias
669 1185 701 1217 in
722 1185 834 1218 vestris
848 1185 1060 1225 dioecesibus,
1075 1195 1112 1218 ac
1124 1195 1217 1229 prae-

470 1238 581 1271 sertim
606 1239 801 1279 Dertusensi,
824 1239 1047 1281 Segobricensi
1068 1244 1099 1272 et
1118 1238 1212 1272 Orio-

470 1291 562 1331 lensi‚
583 1302 619 1325 ac
639 1292 702 1324 iam
724 1298 845 1325 erectas
860 1320 867 1333 ,
891 1298 922 1326 et
942 1292 1048 1325 minus
1073 1303 1216 1335 congrue

471 1344 605 1386 dotatas,
630 1346 758 1379 dotibus
789 1356 845 1380 seu
873 1345 1062 1385 redditibus,
1087 1352 1117 1378 et
1134 1356 1212 1390 pro-

469 1398 616 1431 ventibus
636 1409 770 1441 augere,
794 1404 892 1442 prout
922 1398 1137 1432 fraternitates
1164 1409 1216 1431 ve-

470 1456 565 1492 strae,
588 1451 636 1485 vel
654 1452 694 1485 ad
716 1452 747 1484 id
767 1463 826 1496 per
847 1463 899 1485 eas
920 1452 1123 1495 deputandae
1144 1463 1216 1496 per-

471 1514 569 1538 sonae
597 1505 732 1539 idoneae
755 1506 857 1548 magis
883 1516 964 1550 opus
989 1511 1022 1539 et
1045 1506 1216 1549 expediens

470 1568 538 1591 esse
567 1559 798 1600 cognoverint,
822 1559 943 1592 idcirco
969 1558 1054 1592 idem
1077 1570 1131 1592 rex
1156 1570 1215 1593 no—

469 1611 519 1644 bis
547 1611 713 1645 humiliter
743 1612 918 1656 supplicari
948 1613 1091 1653 curavit,
1115 1618 1147 1645 ut
1184 1612 1214 1646 in

471 1665 657 1707 praemissis
677 1671 861 1710 opportune
881 1666 1052 1710 providere
1067 1666 1106 1700 de
1126 1666 1216 1699 beni-

470 1717 590 1759 gnitate
610 1719 787 1762 apostolica
808 1719 1027 1762 dignaremur.

515 1771 530 1813 5
551 1770 580 1803 2.
598 1771 661 1804 Nos
682 1771 780 1813 igitur
799 1772 889 1815 pium
911 1772 1055 1806 eiusdem
1076 1772 1214 1816 Philippi

470 1825 554 1867 regis
574 1826 677 1858 zelum
705 1826 882 1869 plurimum
913 1827 943 1859 in
971 1827 1108 1860 Domino
1128 1838 1216 1861 com-

471 1879 681 1919 mendantes,
703 1889 739 1912 ac
769 1890 1048 1924 quarumcumque
1072 1881 1214 1914 eiusdem

470 1931 615 1973 Gregorii
648 1932 925 1975 praedecessoris,
951 1941 977 1966 et
1000 1933 1135 1966 aliarum
1162 1934 1216 1966 de—

470 1994 567 2028 super
587 1985 693 2018 forsan
719 1985 941 2029 expeditarum
963 1985 1142 2019 litterarum
1165 1992 1212 2019 te-

471 2048 567 2071 nores
585 2039 808 2082 praesentibus
834 2049 892 2082 pro
913 2039 1069 2082 expressis
1096 2039 1216 2073 haben-

471 2096 527 2131 tes,
544 2091 727 2125 huiusmodi
746 2092 1036 2136 supplicationibus
1057 2092 1212 2131 inclinati,

471 2144 590 2177 eisdem
616 2145 868 2178 fraternitatibus
888 2145 1016 2185 vesu-is,
1040 2146 1216 2189 apostoliea

471 2198 661 2231 auctoritate
691 2204 816 2238 nostra,
843 2205 952 2232 tenore
974 2199 1190 2242 praesentium
1205 2227 1212 2237 ,
1232 2242 1233 2250 ἵ

472 2251 702 2284 committimus
715 2258 746 2285 et
760 2252 961 2292 mandamus,
974 2258 1132 2296 quatenus
1146 2253 1216 2296 qui-

473 2305 547 2338 libet
574 2311 712 2338 vcstrum
735 2305 765 2338 in
786 2305 851 2338 suis
865 2306 1038 2349 respertire
1060 2306 1215 2339 dioecesi-

473 2358 541 2397 bus,
566 2358 659 2391 terris
691 2364 721 2391 et
750 2359 849 2399 locis,
874 2359 904 2392 in
927 2359 1044 2403 quibus
1066 2359 1212 2397 Moruni,

471 2422 525 2444 seu
546 2423 562 2443 a
584 2412 699 2444 Mauris
712 2412 943 2445 descendentes
957 2412 1110 2456 praedicti
1124 2412 1215 2445 inha-

472 2464 583 2504 bitant,
605 2465 659 2497 ubi
689 2465 889 2509 parochiales
909 2466 1074 2505 eeclesiae,
1097 2477 1154 2499 seu
1173 2465 1215 2497 vi-

472 2518 575 2550 cariae
595 2518 738 2551 nondum
757 2525 881 2551 erectae
902 2524 985 2559 sunt,
1009 2524 1040 2551 et
1060 2519 1138 2551 alias
1155 2518 1215 2551 eri-

473 2580 558 2612 gere,
582 2571 714 2610 dotare,
738 2572 903 2610 dividere.
926 2583 982 2606 seu
1004 2572 1094 2605 dotes
1115 2572 1214 2604 adau-

473 2634 548 2668 gere
569 2631 599 2657 et
626 2624 760 2659 fundare
784 2626 964 2669 oportebit.
987 2636 1043 2659 seu
1065 2624 1232 2670 expedire,

1059 229 1244 255 BULLARIUM
1259 229 1415 255 ROMANUM

1251 278 1353 311 visum
1373 278 1480 319 fuerit,
1503 279 1691 319 erectiones,
1707 279 1922 320 fundationes,
1946 279 1994 312 di-

1250 332 1399 374 visiones,
1423 332 1655 374 distinctiones,
1678 333 1925 377 applicationes,
1947 338 1994 366 ta-

1249 396 1304 418 xas
1323 391 1355 419 et
1378 386 1570 427 taxationes,
1599 386 1778 419 dotationes
1805 386 1993 430 dotiumque

1251 438 1314 471 iam
1343 439 1502 472 saetarum
1533 445 1564 473 et
1584 439 1794 481 tributarum,
1823 450 1861 473 ac
1886 439 1994 473 reddi-

1251 498 1340 525 tuum
1366 498 1397 526 et
1416 498 1630 536 proventuum
1658 492 1865 526 adauctiones
1884 492 1994 526 huius-

1250 545 1351 586 modi,
1365 546 1430 579 sive
1450 546 1537 579 iuxta
1556 546 1746 579 earumdem
1760 545 1890 588 Georgii
1901 556 1992 590 prae-

1251 599 1428 633 decessoris
1446 592 1629 633 litterarum
1649 599 1799 640 formam,
1821 598 1886 632 sive
1908 599 1994 632 iuxta

1250 652 1358 693 aliam,
1370 663 1429 696 per
1451 662 1507 686 vos
1524 652 1620 686 simul
1639 653 1688 686 vel
1701 652 1838 686 seorsim
1855 651 1994 686 faciendi

1250 710 1281 738 et
1310 705 1552 749 prescribendi,
1579 711 1677 749 prout
1707 705 1797 739 vobis
1831 705 1934 748 magis
1964 710 1995 739 et

1250 758 1366 791 melius
1386 759 1537 802 expedire
1562 759 1744 800 videbitur,
1765 758 1938 801 designetis
1963 763 1996 792 et

1250 811 1487 855 particulariter
1506 811 1707 856 specificetis‚
1723 812 1858 856 illasque
1876 811 1923 845 sic
1939 811 1994 845 de-

1250 864 1390 907 signatas
1409 870 1442 898 et
1460 864 1670 909 specificatas,
1690 875 1727 898 ac
1747 865 1780 898 in
1800 864 1926 909 scriptis
1945 865 1994 898 di-

1250 917 1387 960 ligenter
1405 918 1552 951 redactas
1566 945 1574 958 ,
1597 918 1637 951 ad
1666 928 1725 951 nos
1739 945 1746 959 ,
1770 923 1802 951 et
1817 917 1902 951 hane
1921 927 1994 950 san-

1250 976 1333 1004 ctam
1353 971 1571 1015 Apostolicam
1602 971 1717 1005 Sedem
1746 970 1969 1004 transmittatis
1983 997 1991 1011 ,

1249 1029 1284 1057 ut
1307 1024 1395 1068 quod
1423 1025 1524 1067 magis
1544 1024 1584 1058 ad
1603 1023 1659 1059 Itei
1680 1024 1812 1057 laudem
1827 1051 1834 1065 ,
1855 1029 1887 1057 et
1906 1023 1994 1068 ipso-

1249 1087 1321 1110 rum
1342 1077 1549 1110 Moriscorum
1564 1104 1571 1118 ,
1595 1087 1651 1111 seu
1671 1077 1797 1110 noviter
1817 1086 1992 1110 converso-

1250 1141 1322 1163 rum
1343 1131 1587 1164 instructionem
1608 1137 1639 1164 et
1659 1130 1845 1172 utilitatem,
1860 1141 1898 1164 ac
1918 1130 1995 1164 alia-

1249 1195 1322 1218 rum
1342 1184 1550 1218 ecelesiarum
1577 1184 1819 1218 indemnitatem
1850 1189 1995 1228 spectare

1250 1238 1507 1281 cognoverimus,
1523 1244 1676 1279 statuere,
1700 1238 1874 1272 decernere
1892 1243 1923 1272 et
1941 1248 1995 1272 or-

1250 1292 1361 1326 dinare
1385 1292 1560 1326 valeamus.
1900 1336 1904 1340 ἱ

1295 1344 1363 1386 §3
1391 1346 1508 1378 Dantes
1537 1351 1568 1378 et
1598 1345 1813 1379 concedentes
1842 1344 1932 1379 vobis
1961 1345 1994 1378 in

2005 229 2055 257 An.
2071 229 2101 256 C.

2021 1351 2132 1374 messuri
2162 1363 2163 1369 ι
2175 1351 2187 1357 ⁴

1250 1398 1434 1442 praemissis
1459 1398 1610 1432 omnibus
1627 1403 1659 1432 et
1678 1398 1823 1441 singulis,
1847 1398 1990 1432 auctori-
2008 1378 2131 1427 affigam

1250 1457 1312 1486 tate
1340 1457 1451 1485 nostra
1470 1452 1646 1495 praedicta,
1669 1453 1799 1496 plenam
1820 1458 1851 1486 et
1870 1452 1990 1486 libera-

1249 1516 1317 1539 ram
1338 1505 1520 1539 facultatem
1539 1511 1569 1539 et
1593 1510 1795 1549 potestatem.

1295 1558 1362 1601 gli.
1395 1559 1464 1591 Non
1493 1558 1694 1592 obstantibus
1724 1558 1929 1603 praemissis,
1956 1569 1994 1592 ac

1249 1612 1413 1656 quibusvis
1431 1612 1714 1646 constitutionibus
1731 1618 1763 1646 et
1783 1612 1994 1647 ordinationi·

1250 1665 1308 1699 bus
1321 1665 1515 1709 apostolicis,
1526 1665 1726 1710 caeterisque
1739 1665 1910 1700 contrariis
1922 1665 1993 1710 qui-

1249 1718 1460 1763 buscumque.

1293 1773 1408 1806 Datum
1429 1773 1549 1806 Romae
1569 1772 1656 1816 apud
1675 1772 1826 1807 Sanctum
1847 1773 1990 1814 Petrum,

1249 1825 1308 1858 sub
1325 1826 1445 1858 annulo
1465 1825 1646 1865 Piscator-is,
1671 1825 1722 1858 die
1741 1836 1841 1860 xxvut
1864 1826 1993 1859 februa-

1251 1879 1289 1912 rii
1314 1889 1456 1919 ninxcvu,
1480 1878 1688 1922 pontificatus
1705 1878 1805 1912 nostri
1825 1889 1910 1913 anno
1930 1888 1972 1914 vl.

1287 1941 1344 1969 Dat.
1365 1941 1410 1969 die
1429 1941 1463 1969 28
1482 1941 1612 1969 februarii
1634 1941 1712 1976 1597,
1733 1941 1830 1977 pontif.
1852 1949 1897 1970 an.
1917 1948 1957 1969 vl.

1571 2074 1668 2109 CLIII.

1250 2147 1374 2180 Erectio
1404 2146 1518 2179 domus
1548 2145 1591 2179 ad
1619 2145 1785 2179 ecclesiam
1811 2144 1843 2179 S.
1866 2144 1993 2180 Mariae

1294 2200 1332 2233 de
1352 2200 1447 2233 Scala.
1474 2201 1509 2232 in
1533 2200 1663 2243 reqione.
1687 2199 1932 2242 Translybert'm
1955 2199 1994 2233 de

1297 2254 1378 2286 Urbe
1396 2263 1454 2296 pro
1474 2253 1634 2296 fratribvs
1655 2252 1841 2286 Carmelitis
1860 2251 1990 2286 Discal-

1294 2307 1390 2339 centis
1404 2305 1538 2343 Italiae:
1558 2315 1642 2349 quae
1653 2304 1784 2349 quidem
1799 2305 1914 2338 domus
1925 2315 1995 2339 nna

1294 2371 1367 2393 cum
1391 2354 1596 2393 conventu‘S.
1613 2358 1730 2393 Annae
1749 2362 1777 2391 et
1798 2358 1994 2392 vnonasterio

1294 2413 1491 2446 monialium.
1516 2412 1729 2445 Ianuensimn
1755 2411 1995 2455 disitmqunlur

1293 2477 1313 2498 a
1350 2466 1603 2508 Conspi-eqntn'one
1637 2465 1819 2509 Hispanica
1849 2463 1993 2498 eiusdem

1295 2518 1440 2557 Ordinis,
1457 2522 1485 2551 e!
1505 2517 1692 2551 immediate
1711 2510 1858 2552 Romanov
1876 2517 1992 2551 Poma·-

1292 2572 1347 2613 fici
1365 2572 1590 2605 subiiciuntur
1611 2572 1630 2604 ³.

1286 2635 1294 2660 ¹
1319 2633 1356 2661 Ex
1377 2633 1482 2670 Βοῦρα.
1504 2633 1530 2661 in
1545 2634 1647 2662 Secret.
1664 2633 1799 2662 Brevium.

2056 1564 2156 1588 Obstat!

2007 1591 2124 1619 derogatio.

2121 229 2188 260 158⁷
2209 250 2213 251 ν
