2253 3195
257 252 305 279 An.
322 250 351 280 C.
374 251 441 279 1602
488 240 551 276 768
1033 250 1216 274 surranum

455 307 584 342 nostro,
608 299 813 339 accedentes,
837 297 988 332 omnibus
1008 294 1200 332 christianae

455 348 582 398 pietatis
601 353 715 387 officiis
743 363 778 386 ac
814 353 1007 397 opportunis
1038 353 1201 386 favoribus

455 407 719 452 prosequamini,
748 407 850 450 iisque
879 417 1009 446 omnem
1041 417 1137 450 opem
1170 398 1219 446 ets

455 461 609 494 auxilium
631 461 663 493 in
688 461 754 501 his,
783 471 866 504 quae
901 461 941 493 ad
970 460 1140 493 nationum
1172 465 1202 491 et

455 514 624 556 regionum
658 513 898 557 praedictarum
936 512 1140 557 pacationem
1172 517 1204 544 et

456 567 701 600 conversionem
719 567 959 610 procurandam
981 565 1200 610 pertinebunt,

455 627 608 664 prompto
629 630 665 653 ac
684 620 796 653 libenti
814 620 923 653 animo
937 618 1095 653 deferatis.
1112 618 1203 657 Quod
1220 630 1221 635 ¹

455 673 481 706 si
503 673 653 714 feceritis,
668 680 797 717 praeter
815 679 965 706 aeternae
983 671 1205 705 retributionis
1220 668 1221 672 ’

457 728 649 771 praemium,
661 734 805 761 nostram
820 737 950 771 quoque
963 732 992 760 et
1002 725 1205 769 Apostolicae

457 780 548 814 Sedis
567 781 828 814 benedictionem
855 787 886 813 et
908 780 1045 822 gratiam
1070 788 1203 822 prome-

459 833 623 867 rebimini.

502 887 617 920 Datum
640 888 761 920 Romae
782 887 868 931 apud
882 887 912 920 S.
929 887 1059 920 Petrum
1073 886 1133 919 sub
1150 895 1206 918 an-

459 941 536 974 nulo
557 941 738 981 Pis-catoris,
755 941 806 974 die
827 951 858 974 ix
880 940 987 973 martii
1007 949 1110 977 alneu,
1126 948 1206 982 pon-

460 993 598 1027 tificatus
618 994 718 1027 nostri
739 1004 824 1026 anno
845 1004 888 1027 xl.

495 1057 553 1084 [lat.
571 1057 615 1085 die
629 1058 647 1084 9
663 1058 751 1084 martii
770 1056 847 1091 ¹602,
860 1057 956 1093 pontif.
975 1065 1019 1084 an.
1036 1064 1074 1083 xl.

1190 1115 1198 1120 -
1221 1088 1223 1139 ff
1240 1101 1350 1143 gorius
1369 1100 1454 1144 Papa
1466 1100 1544 1138 xtv,
1561 1099 1657 1133 etiam
1676 1099 1908 1142 praedecessor
1927 1108 1985 1132 no·
1998 1104 2097 1136 setinum

1221 1151 1223 1167 ³
1240 1160 1314 1195 ster,
1336 1153 1398 1186 alia
1417 1164 1474 1187 sua
1494 1159 1651 1197 perpetuo
1671 1152 1808 1185 valitura
1831 1152 1986 1186 constitu·

826 1219 862 1226 ..
899 1219 905 1224 .
1220 1172 1223 1216 l

742 1218 919 1252 cemma.
1181 1245 1188 1249 e
1221 1245 1223 1262 γ

459 1316 638 1350 Moderatio
662 1316 931 1349 constitutionum
954 1313 1041 1347 Sia-ti
1060 1313 1085 1346 l'
1099 1304 1224 1356 quoad}

503 1370 691 1403 nullitatem
722 1369 932 1412 professionis
967 1366 1163 1400 emittendae
1186 1378 1205 1399 a

503 1423 635 1456 novitiis
668 1421 829 1455 Orth'num
870 1420 1098 1464 regularium,
1134 1430 1224 1458 cum,

501 1476 730 1520 praefinitione
752 1485 930 1519 poenarum
964 1479 1076 1507 contra
1105 1484 1203 1516 supe-

504 1531 605 1562 riores
624 1529 694 1572 qm',
720 1539 782 1561 non
801 1532 930 1560 serrata-
948 1528 1055 1570 forma
1076 1527 1120 1559 eis
1142 1531 1207 1559 tra-

504 1583 586 1617 dita.
610 1593 661 1615 eos
680 1582 868 1626 receperint.
897 1581 937 1614 Et
957 1580 1082 1614 decreta
1106 1591 1203 1623 qene-

505 1636 593 1668 ralia
617 1646 678 1679 pro
702 1635 901 1667 novitiorum
928 1633 1126 1676 receptione,
1157 1634 1206 1665 in-

504 1689 674 1722 stitutione
699 1693 727 1721 e!
747 1688 948 1721 educatione.

673 1780 810 1807 Clemens
825 1779 906 1813 Papa
921 1778 1000 1810 VIII,

590 1835 625 1861 ad
642 1837 818 1868 perpetuam
833 1832 877 1860 rei
897 1831 1078 1860 memoriam.

561 1797 577 1808 x

506 1906 539 1940 lu
560 1916 711 1950 suprema
740 1905 899 1938 Ecclesiae
927 1904 1109 1938 Catholicae
1137 1913 1208 1947 spe-

461 1960 545 1999 cula,
570 1958 776 1992 meritislicct
799 1957 988 2002 imparibus,
1011 1957 1118 1990 divina
1133 1950 1227 2000 pro-l

462 2012 600 2045 videntia
622 2010 829 2055 disponente,
853 2010 1030 2050 constituti,
1059 1989 1227 2088 omnibusi

464 2065 678 2099 incommodis
698 2075 781 2108 quae
803 2064 832 2097 in
852 2064 963 2097 eadem
979 2062 1129 2102 Ecclesia,
1145 2073 1208 2095 non
1224 2092 1227 2100 ,

462 2120 530 2153 sine
552 2118 696 2152 fidelium
718 2118 900 2151 animarum
923 2116 1070 2160 periculo
1098 2122 1126 2149 et
1155 2116 1208 2149 de-

463 2174 627 2213 trimento,
651 2173 728 2206 oriri
751 2178 895 2216 possunt,
919 2171 960 2205 ob
981 2171 1100 2204 variam
1123 2176 1150 2204 et
1166 2170 1207 2202 si-

465 2227 598 2260 nistram
617 2225 882 2259 constitutionum
900 2225 1118 2258 Romanorum
1132 2223 1210 2257 Pon-

464 2280 599 2317 tificum,
618 2279 902 2323 praedecessorum
918 2283 1115 2313 nostrorum,
1131 2287 1210 2320 quus

465 2333 554 2365 iustis
575 2333 614 2365 de
635 2332 738 2365 causis
759 2331 940 2371 ediderunt,
966 2329 1207 2373 interpretatio-

465 2396 550 2424 nem,
571 2396 630 2429 pro
651 2384 750 2418 nostri
773 2383 942 2428 pastoralis
961 2382 1058 2416 officii
1078 2393 1211 2415 munere

294 1962 408 1983 Exordium

1240 1000 1351 1028 exorta
1369 993 1590 1027 declaraverit.

1221 1208 1347 1248 itione,
1371 1217 1454 1251 quae
1485 1206 1618 1250 incipit:
1656 1206 1894 1250 Circumspecta
1922 1205 1984 1239 Ro-

1222 1266 1223 1282 ³
1245 1261 1338 1294 mani
1346 1260 1518 1302 Pontifiois
1527 1258 1749 1302 provideram,
1763 1263 1834 1299 etc„
1846 1258 1906 1292 sub
1919 1258 1983 1292 dat.

1236 250 1391 275 noitsntffl
1987 246 2080 279 Aac.

1235 305 1266 332 et
1285 298 1444 341 religiosis
1463 297 1636 332 Ordinibus
1653 297 1684 331 in
1704 297 1844 332 Ecclesia
1863 298 1978 332 Sancta
1993 311 2089 342 iinon-
2103 327 2126 339 ,μ

1235 352 1388 385 institutis
1409 352 1613 385 retinendum
1641 357 1671 385 et
1696 352 1953 385 conservandum
1968 379 1976 390 ,
1992 338 2114 367 dmm*

1236 405 1375 449 quadam
1400 416 1457 438 sua
1481 405 1711 438 constitutione
1736 415 1817 449 quae
1843 404 1975 448 incipit:

1238 458 1319 492 Cum
1343 458 1380 491 <te
1405 459 1556 491 ominbus
1592 458 1817 491 ecclesiasticis
1847 457 1981 492 Oret-ini-

1237 513 1315 551 bus,
1338 501 1481 544 subdat.
1509 517 1596 545 sexto
1614 511 1767 545 kalendas
1787 511 1979 552 decembris,

1237 564 1445 608 pontificatus
1469 564 1517 598 sni
1543 575 1627 598 auno
1648 575 1696 605 tu,
1720 565 1876 598 nonnulla
1897 558 1983 598 circa

1239 620 1384 658 modum,
1401 621 1538 652 formam
1559 625 1589 652 et
1609 619 1780 663 qualitates
1793 619 1982 652 admittendi

1238 673 1407 715 religiosos
1433 673 1472 706 ad
1501 672 1630 716 quosvis
1660 672 1825 714 regulares
1848 670 1983 705 Ordines

1239 726 1431 760 decreverit:
1457 732 1487 758 et
1507 726 1624 759 deinde
1645 725 1707 759 alia
1723 724 1819 758 simili
1833 734 1916 768 quae
1933 724 1982 756 in-

1240 780 1332 824 cipit:
1371 779 1425 813 Act
1459 780 1643 813 Romanum
1677 783 1798 822 spectat
1838 778 1980 820 Pontifi-

1240 839 1405 874 cem,etc.‚
1425 834 1484 867 sub
1510 833 1575 866 dat.
1604 844 1648 867 xu
1677 833 1831 866 kalendas
1850 842 1984 866 novem-
2024 842 2026 845 ’

1240 887 1316 928 bris,
1327 887 1533 931 pontificatus
1558 887 1607 920 sui
1634 896 1720 919 anno
1747 896 1800 925 ιιι,
1824 885 1983 930 quaedam

1240 940 1338 974 dubia
1369 951 1467 984 super
1498 939 1582 973 dicta
1618 939 1718 983 priori
1755 938 1984 972 constitutione
2016 933 2019 935 ’

1284 1049 1301 1090 ξ
1324 1047 1353 1080 2.
1377 1047 1412 1080 Et
1430 1052 1600 1090 praeterea
1620 1045 1692 1089 piae.
1713 1045 1890 1078 memoriae
1899 1045 1981 1079 Gre-
1997 1078 2070 1101 nom
2084 1065 2101 1099 't

2000 1131 2083 1159 gitium

1242 1314 1348 1347 idibus
1369 1313 1486 1351 martii,
1499 1311 1706 1356 pontificatus
1723 1311 1772 1345 sui
1793 1321 1878 1344 anno
1896 1322 1918 1352 1,
1934 1321 1986 1344 re-

1241 1367 1381 1412 spective
1403 1366 1507 1403 editis.
1531 1365 1778 1399 constitutiones
1797 1364 1874 1398 Sixti
1894 1374 2001 1408 prae--

1241 1421 1419 1455 decessoris
1438 1419 1651 1464 supradictas,
1662 1419 1769 1463 quoad
1787 1418 1990 1461 illegitimos*

1243 1475 1430 1508 moderatus
1450 1473 1555 1512 fuerit,
1583 1477 1680 1516 prout
1704 1471 1736 1504 in
1761 1471 1882 1505 eisdem
1904 1481 1984 1504 con-

1240 1528 1463 1563 stitutionibus
1483 1526 1611 1571 plenius
1629 1525 1822 1559 continetur.

1285 1583 1300 1626 ξ
1324 1581 1354 1615 3.
1378 1582 1508 1618 Tamen.
1529 1579 1606 1623 quia
1626 1579 1722 1622 longo
1749 1589 1807 1612 usu
1834 1583 1864 1611 et
1885 1587 1982 1622 expe·
1999 1581 2071 1631 4121...
2088 1619 2101 1624 ff

1243 1636 1358 1670 rientia
1390 1639 1594 1678 compertum
1615 1638 1672 1674 est,
1697 1643 1732 1666 ex
1758 1632 1858 1665 nimia
1884 1631 1986 1665 facili·
2000 1635 2086 1685 tm·-

1243 1697 1306 1724 tate
1337 1695 1366 1722 et
1398 1687 1606 1722 multitudine
1637 1682 1793 1726 casuum,
1817 1685 1848 1718 in
1869 1685 2036 1730 quibusen-
2082 1690 2091 1709 ‘-

1242 1742 1397 1787 professio
1422 1752 1439 1774 a
1455 1740 1705 1785 suscipientibus
1724 1739 1870 1773 habitum
1888 1738 1988 1773 alicu-

1244 1796 1292 1829 ius
1310 1794 1467 1838 regularis
1487 1791 1616 1828 Ordinis
1635 1804 1653 1825 a
1674 1793 1760 1826 dicto
1779 1791 1867 1826 Sixto
1887 1801 1985 1836 prae-

1243 1849 1410 1883 decessore
1442 1847 1530 1880 uulla
1559 1846 1752 1886 declaratur,
1777 1845 1905 1885 multos,
1929 1844 1988 1878 hac

1243 1901 1412 1936 occasione
1445 1906 1584 1944 arrepta,
1615 1899 1837 1933 fraudulenter
1861 1897 1989 1942 petiisse

1243 1960 1274 1988 et
1295 1954 1325 1986 in
1344 1953 1411 1986 dies
1432 1959 1556 1997 petere,
1579 1957 1615 1985 ut
1634 1951 1808 1996 professio,
1832 1960 1928 1995 quam
1955 1950 1988 1983 in

1243 2008 1353 2052 aliquo
1372 2006 1511 2049 regulari
1539 2005 1658 2039 Ordine
1679 2004 1854 2038 emiserunt
1871 2031 1878 2044 ,
1902 2003 1990 2038 nulla

1243 2061 1437 2097 declaretur.
1461 2071 1498 2092 ex
1519 2069 1583 2103 quo
1615 2058 1762 2092 nonnulli
1794 2067 1906 2091 eorum
1936 2067 1988 2090 re-

1244 2115 1371 2157 gulares
1390 2113 1527 2147 Ordines
1541 2118 1569 2146 et
1585 2111 1728 2146 instituta
1748 2111 1808 2145 sub
1825 2110 1887 2144 hoc
1898 2120 1991 2156 prae-

1245 2174 1328 2201 textu
1355 2168 1591 2205 deseruerunt;
1618 2170 1650 2198 et
1678 2164 1798 2198 idcirco
1829 2163 1990 2208 plerisque

1245 2222 1275 2255 in
1297 2221 1375 2254 locis
1401 2219 1539 2253 maxima
1560 2218 1767 2252 incommoda
1787 2223 1819 2251 et
1837 2216 1988 2251 scandala

1244 2280 1353 2307 exorta
1376 2275 1522 2312 suerunt;
1551 2282 1609 2306 nos
1640 2283 1675 2306 ea
1709 2270 1860 2305 scandala
1884 2275 1915 2304 et
1935 2269 1987 2303 in-

1245 2327 1431 2366 commoda,
1455 2331 1611 2371 quantum
1645 2325 1675 2358 in
1705 2323 1841 2358 Domino
1867 2333 1984 2368 possu-

1247 2393 1335 2421 mus,
1363 2389 1529 2414 removere
1560 2384 1589 2412 ct
1619 2389 1657 2411 nc
1691 2377 1899 2422 imposterum
1929 2375 1991 2410 alia

465 2449 622 2471 conamur
643 2438 823 2482 providere,
841 2442 935 2481 prout
957 2436 987 2469 in
1010 2436 1146 2469 Domino
1160 2446 1211 2468 sa-
1246 2433 1404 2469 eiusmodi
1426 2433 1484 2467 ltac
1512 2433 1550 2466 de
1572 2442 1666 2465 cansa
1692 2430 1849 2469 oriantur,
1866 2439 1987 2474 oppor-

468 2491 604 2524 tutu-iter
629 2490 845 2535 conspicimus
869 2489 1032 2533 expedire.
1248 2494 1323 2523 tuna
1344 2487 1467 2520 ratione
1489 2485 1658 2530 providere
1675 2483 1850 2528 cupientes,
1874 2482 1987 2525 singu·

512 2547 528 2585 ἦ
555 2544 579 2576 l.
615 2545 692 2576 Cum
719 2543 816 2585 igitur
846 2542 945 2576 felicis
979 2541 1213 2575 recordationis
1248 2542 1351 2575 larum
1383 2539 1649 2573 constitutionum
1679 2537 1915 2582 praedictarum
1947 2541 1991 2570 te-

295 2603 366 2622 ⁵·¹‘⁰·
381 2601 394 2619 v
413 2601 450 2620 ¹0¹-
468 2597 666 2641 Sixtusl'apa
679 2597 712 2633 V,
727 2597 955 2640 praedecessor
975 2601 1094 2635 noster,
1111 2595 1150 2628 ad
1165 2594 1213 2628 in·
1230 2611 1232 2636 t
1248 2604 1344 2627 nores
1362 2591 1585 2636 praesentibus
1605 2599 1663 2634 pro
1685 2589 1841 2634 expressis
1868 2588 1991 2622 haben-

267 2629 413 2650 memtndialit
423 2634 453 2648 ιο-

267 2656 453 2682 ε·ν»ϋ1υνυων·”
473 2650 652 2692 tegritatem
683 2656 710 2681 ct
744 2650 918 2681 t'atltlot'ffltl
949 2649 979 2681 in
1014 2647 1215 2690 regularibus
1230 2651 1233 2686 ’,
1250 2652 1306 2685 tes,
1330 2643 1640 2687 inatui·a‚stipe1·his
1660 2653 1732 2676 cum
1755 2641 1992 2675 venerabilibus
