2253 3195
8 947 9 954 ι

8 963 9 1003 i
50 971 169 992 Exordium.

49 1236 132 1258 Fratre<
148 1244 196 1262 pru-

20 1263 94 1285 tinctat:
116 1264 196 1285 ilalina-

21 1290 54 1312 i-:ie
72 1292 92 1311 et
108 1291 196 1311 lustinu-

19 1318 118 1338 totitmae
152 1320 196 1338 tat.-

17 1344 195 1366 4ιιῐιιειιοδοοωνιιηι

19 1377 60 1392 πω
67 1371 138 1392 int-ian
147 1372 196 1392 uba·-

19 1398 106 1420 ttebaut.

47 1664 86 1685 Hie
101 1664 196 1685 Pontifex

17 1691 92 1711 ricarm
112 1693 131 1711 et
149 1691 197 1711 risi-

18 1718 116 1738 aierit-us
135 1724 196 1742 eene-

19 1744 92 1765 ·alibus
112 1745 196 1764 tlt-llinis

19 1771 134 1792 πονίηυῑκω
155 1771 197 1791 lta-

21 1797 54 1818 iae
71 1798 169 1822 subiicit,

6 2515 53 2545 :Et
63 2516 197 2546 *ciileutll'ru-

6 2550 7 2556 ι
17 2547 95 2563 vinciae
111 2545 166 2567 unit,

106 293 110 298 .
137 271 202 298 1602

835 278 981 302 CLEMENS
1004 279 1060 303 x'ttt
1081 280 1130 302 Pr.

508 324 651 358 CCXCIX.

215 429 368 462 Reducli'u
387 431 601 473 provincialis
632 436 660 464 el
683 433 822 474 fratrum
855 434 955 465 Tertii

259 492 394 524 Ordinis
406 493 438 526 S.
455 494 635 529 Francia-i,
658 495 844 537 provinciae
868 497 950 528 Dal-

258 555 379 586 matiae
392 559 420 587 et
430 555 737 598 Iusliuopolilansw,
753 557 794 589 ad
808 558 954 590 abortien-

259 617 336 648 tiam
360 621 388 649 cl
408 618 632 650 sulm-tionem
658 619 772 651 vicarii
791 620 953 662 gleneralis

257 679 397 712 eiusdem
421 679 556 713 Ordinis
581 680 599 712 ¹.

423 779 554 806 clemens
577 780 654 813 Papa
674 781 757 813 vm,

340 834 374 858 ad
391 835 567 866 perpetuam
582 833 626 860 rei
641 833 822 860 memoriam.

257 913 317 945 Pro
346 913 446 946 nostri
476 914 643 957 pastoralis
675 915 817 948 muneris
845 915 953 948 debito

212 966 251 999 ad
273 977 309 999 ea
330 966 467 1000 libenter
488 967 696 1007 intendimus,
717 979 775 1011 per
794 979 875 1011 quae
898 980 950 1001 rea

211 1019 400 1062 ligiosorum
414 1031 570 1064 prospero
584 1021 733 1063 regimini
748 1027 779 1055 et
795 1022 953 1064 gubernio

212 1080 393 1117 opportune
420 1075 620 1115 consulitur,
645 1082 741 1119 prout
765 1076 796 1108 in
817 1077 953 1109 Domino

211 1128 383 1161 salubriter
403 1129 621 1172 conspicimus
646 1129 808 1172 expedire.

257 1182 273 1222 g
294 1180 324 1213 l.
348 1181 424 1214 Cum
445 1181 564 1224 itaque,
585 1181 668 1214 sicut
688 1182 883 1225 accepimus,
909 1182 954 1215 di-

212 1234 283 1267 lecti
313 1234 369 1266 filii
402 1235 613 1278 provinciales
648 1241 678 1268 et
710 1236 823 1268 fratres
858 1236 954 1270 Tertii

211 1287 338 1321 Ordinis
358 1288 387 1322 S.
412 1288 584 1326 Francisci,
612 1289 797 1332 provinciae
821 1291 955 1323 Dalma-

213 1341 274 1374 tiae
294 1347 324 1375 et
344 1341 729 1385 Iustinopolitanae,nulli
751 1343 843 1376 alteri
863 1355 956 1387 supe-

211 1395 288 1428 riori
319 1395 490 1435 obediant,
518 1396 573 1428 sed
599 1395 673 1428 dicti
699 1397 813 1429 fratres
842 1407 954 1430 eorum

211 1448 400 1492 provinciali
419 1459 478 1492 per
495 1454 566 1482 vota
587 1454 710 1483 secreta
729 1460 789 1493 pro
812 1455 956 1494 tempore

212 1503 314 1535 electo
346 1503 570 1535 tantummodo
600 1503 741 1543 subsint,
766 1514 825 1536 nec
856 1504 955 1537 alium

212 1556 416 1600 superiorem
442 1562 635 1598 agnoscant:

257 1612 273 1653 ξ
295 1610 324 1643 02.
353 1611 415 1644 Nos
436 1621 592 1654 prospero
612 1611 760 1653 regimini
783 1618 813 1644 et
833 1612 952 1654 guber-

211 1664 266 1698 nio
279 1664 439 1697 dietorum
453 1665 585 1697 fratrum
604 1665 695 1697 valde
717 1666 866 1708 expedire
880 1677 956 1699 con-

212 1718 389 1751 siderantes
405 1723 439 1751 ut
458 1718 517 1761 ipsi
536 1728 714 1762 eorumque
730 1719 951 1762 provincialis,

212 1771 329 1804 vicario
350 1777 380 1805 et
398 1771 616 1805 visitatoribus
636 1772 841 1814 generalibus
861 1773 954 1806 Ordi-

211 1824 260 1857 nis
273 1824 429 1868 praedicti
448 1824 632 1867 provinciae
653 1825 762 1858 ltaliae
782 1825 955 1859 subiician-

214 1882 273 1917 tur,
297 1888 334 1910 ac
354 1887 467 1910 eorum
485 1878 716 1921 superioritati,
738 1878 909 1911 visitationi
925 1884 955 1912 et

211 1932 416 1973 correctioni,
429 1938 525 1976 prout
538 1932 591 1964 alii
608 1933 720 1965 fratres
740 1933 849 1966 Italiae
862 1944 954 1976 prae-

211 1985 288 2018 dicti
312 1985 456 2025 Ordinis,
481 1986 520 2019 de
541 1992 668 2019 caetero
689 1987 894 2027 subiaceant,
919 1998 955 2020 ae

210 2039 384 2083 praedictis
414 2039 565 2072 fratribus
595 2040 703 2073 Italiae
739 2041 798 2073 sub
828 2041 953 2084 {eisdem

211 2093 417 2135 generalibus
452 2093 675 2136 superioribus
710 2094 885 2134 uniantur,
919 2105 955 2127 ac

211 2151 384 2190 propterea
410 2146 441 2178 in
468 2146 653 2190 praemissis
674 2153 857 2191 opportune
878 2159 954 2192 pro-

211 2200 319 2233 videre
351 2200 509 2240 volentes,
538 2200 827 2243 supplicationibus
858 2201 953 2234 ctiam

211 2263 270 2297 pro
295 2259 385 2296 parte
411 2253 517 2286 dilecti
543 2253 601 2286 filii
622 2254 775 2287 Bernardi
797 2254 952 2296 Sabbiae,

212 2307 318 2340 fratris
339 2312 370 2339 et
390 2307 610 2350 procuratoris
630 2308 789 2350 generalis
809 2308 954 2342 ciusdem

212 2360 349 2401 Ordinis,
371 2361 464 2394 nobis
484 2371 583 2404 super
607 2361 667 2394 boc
692 2361 858 2395 liumiliter
882 2373 956 2406 por-

216 2413 310 2446 rectis
331 2413 475 2446 inclinati
491 2425 497 2446 t

258 2468 274 2508 g
300 2466 329 2499 3.
351 2467 582 2500 Provincialem
605 2474 635 2501 et
656 2470 771 2501 tratres
790 2469 886 2502 Tertii
900 2470 956 2503 Oit-

214 2519 297 2553 dinis
319 2520 350 2553 S.
374 2521 534 2553 Francisci
566 2521 750 2565 provinciae
782 2522 955 2556 Dalmatiae

1634 269 1690 301 8⁴³1

988 326 1140 360 visitatori
1161 327 1301 369 generali
1329 327 1426 360 'l'ertii
1447 326 1574 360 Ordinis
1587 327 1617 360 S.
1632 328 1730 360 Fran-

989 380 1062 413 cisci
1083 380 1267 413 huiusmodi
1289 380 1409 421 Italiae,
1434 380 1625 413 auctoritate
1645 391 1725 424 apo>-

988 433 1121 471 stolica,
1157 439 1267 467 tenore
1297 433 1537 477 praesentium,
1572 439 1728 477 perpetuo

988 486 1186 525 subiicimus,
1204 487 1338 530 illosque
1359 487 1417 519 sub
1440 487 1624 519 huiusmodi
1647 487 1728 519 vica-

988 538 1025 570 rii
1060 545 1091 571 et
1122 539 1293 572 visitatoris
1324 539 1482 581 generalis
1519 539 1725 580 obedientia,

989 592 1140 625 fratribus
1158 592 1302 625 eiusdem
1321 592 1448 625 Ordinis
1461 592 1569 625 Italiae
1586 592 1725 625 unimus.

1032 647 1048 687 g
1069 645 1099 677 4.
1115 646 1158 678 Ac
1179 646 1299 678 eisdem
1316 646 1505 689 provinciali
1527 651 1557 678 et
1578 646 1729 678 fratribus

986 699 1162 732 Dalmatiae
1187 705 1215 732 et
1236 699 1534 743 Itis-titiopolitanae,
1560 705 1592 732 ut
1618 699 1725 732 omni-

988 752 1045 784 bus
1066 757 1096 785 et
1116 752 1249 794 singulis
1266 752 1386 795 gratiis,
1410 752 1596 796 privilegiis,
1621 753 1728 785 indul-

988 804 1036 845 tis,
1061 805 1233 845 favoribus,
1259 805 1532 846 concessionibus,
1556 816 1730 849 praeroga-

990 857 1058 890 tivis
1079 864 1109 891 et
1129 858 1354 900 indulgentiis,
1379 869 1504 891 necnon
1525 869 1602 891 voce
1628 858 1730 891 activa

988 916 1019 943 ct
1038 911 1161 954 passiva
1189 912 1220 944 in
1246 912 1394 955 capitulis
1414 912 1620 954 generalibus
1647 917 1677 944 et
1698 912 1730 944 in

989 964 1144 997 electione
1171 965 1280 998 vicarii
1311 971 1341 998 et
1369 965 1541 998 visitatoris
1573 965 1731 1007 generalis

988 1018 1193 1059 huiusmodi,
1223 1019 1263 1051 ad
1295 1018 1394 1051 instar
1429 1018 1675 1062 provincialium
1700 1025 1731 1051 et

989 1071 1121 1104 fratrum
1140 1071 1248 1104 ltaliae
1274 1072 1417 1105 eiusdem
1440 1071 1660 1112 Ot‘din1s,sine
1675 1072 1731 1104 ali-

988 1134 1051 1167 qua
1075 1134 1207 1167 prorsus
1235 1124 1414 1158 differentia
1443 1125 1637 1168 respective,
1658 1125 1727 1161 uti,

989 1177 1087 1220 potiri
1112 1183 1143 1210 et
1175 1179 1315 1220 gaudere
1341 1178 1461 1222 possint
1486 1183 1517 1211 et
1543 1179 1669 1211 valeant
1695 1189 1731 1210 ac

990 1231 1137 1271 debeant,
1150 1232 1340 1264 auctoritate
1361 1239 1392 1265 et
1412 1238 1523 1266 tenore
1544 1232 1728 1276 praedictis,

990 1285 1198 1318 concedimus
1219 1292 1246 1318 et
1269 1285 1484 1328 indulgemus.

1035 1338 1102 1381 §5
1135 1339 1320 1372 Mandantes
1348 1345 1520 1382 propterea
1552 1339 1582 1372 in
1617 1339 1732 1372 virtute

990 1398 1118 1425 sanctae
1139 1392 1343 1426 obedientiae
1368 1393 1486 1426 vicario
1517 1399 1548 1426 et
1576 1393 1732 1426 visitatori

991 1446 1133 1487 generali
1164 1445 1349 1489 praedicto,
1377 1453 1412 1479 ut
1443 1446 1673 1489 provincialem
1702 1451 1733 1478 et

991 1500 1104 1533 fratres
1131 1500 1313 1543 praedictos
1342 1500 1526 1543 provinciae
1557 1500 1733 1533 Dalmatiae

990 1558 1021 1586 et
1049 1553 1335 1596 Iustinopolitanae
1372 1553 1431 1586 sub
1465 1553 1532 1586 eius
1561 1564 1670 1586 curam
1703 1559 1734 1586 et

990 1606 1183 1648 gubernium
1204 1606 1343 1648 benigne
1371 1607 1523 1650 recipiat,
1548 1612 1578 1639 et
1607 1617 1644 1639 ea
1671 1617 1734 1650 qua

991 1661 1081 1693 dccet
1101 1660 1243 1699 caritate,
1268 1666 1492 1703 prosequatur.

1034 1715 1048 1758 g
1069 1713 1099 1747 O.
1117 1714 1196 1757 Ipsis
1215 1725 1291 1747 vero
1313 1714 1500 1757 provinciali
1519 1720 1549 1747 et
1567 1714 1730 1755 fratribus,

990 1774 1024 1801 ut
1044 1768 1210 1812 praedicto
1228 1768 1346 1801 vicario
1368 1774 1399 1801 et
1418 1768 1572 1801 visitatori
1591 1768 1733 1810 generali

989 1821 1206 1855 obedientiam
1236 1827 1267 1853 ct
1302 1822 1515 1854 reverentiam
1548 1821 1671 1854 debitas
1705 1828 1735 1854 ct

989 1877 1119 1909 devotas
1144 1880 1293 1919 prompte
1313 1880 1477 1918 praestent
1498 1880 1527 1908 et
1548 1875 1731 1915 exhibeant,

989 1929 1145 1973 illumque
1183 1928 1291 1962 debita
1333 1928 1583 1962 honoriticentia
1616 1939 1731 1972 prose-

989 1989 1145 2026 quantur:
1174 1982 1318 2026 alioquin
1343 1982 1536 2015 sententiam
1562 1981 1626 2015 sive
1651 1992 1732 2024 poe—

989 2047 1075 2076 nam,
1096 2046 1192 2079 quam
1215 2035 1281 2079 ipsc
1299 2035 1436 2068 vicarius
1462 2040 1493 2067 et
1518 2035 1662 2067 visitator
1682 2045 1735 2076 ge-

990 2089 1107 2122 neralis
1138 2089 1197 2121 rite
1228 2089 1335 2121 tulerit
1367 2099 1424 2122 seu
1449 2088 1595 2121 statuerit
1623 2088 1654 2120 in
1684 2098 1734 2121 re-

990 2143 1109 2181 belles,
1135 2148 1236 2175 ratam
1263 2142 1474 2180 habebimus,
1499 2147 1530 2174 et
1557 2141 1731 2180 faciemus,

989 2203 1120 2230 auctore
1141 2196 1288 2236 Domino,
1305 2206 1406 2239 usque
1427 2196 1465 2228 ad
1484 2195 1732 2229 satisfactionem

990 2250 1185 2292 condignam
1214 2249 1443 2282 inviolabiliter
1468 2250 1641 2282 observari.

1035 2306 1051 2346 ἓ
1080 2303 1109 2336 7.
1140 2304 1209 2337 Non
1246 2303 1448 2336 obstantibus
1480 2303 1664 2346 praemissis
1697 2314 1733 2337 ae

990 2356 1272 2389 constitutionibus
1303 2362 1330 2389 et
1364 2355 1621 2389 ordinationibus
1650 2367 1730 2400 apo-

990 2409 1121 2449 stolicis,
1146 2419 1272 2442 necnon
1294 2408 1437 2441 ciusdem
1459 2409 1599 2447 Ordinis,
1623 2419 1660 2441 ac
1681 2409 1731 2442 di-

990 2469 1058 2495 ctae
1082 2462 1268 2506 provinciae
1293 2461 1468 2495 Dalmatiae
1497 2468 1527 2495 et
1548 2462 1731 2506 Iustinopo-

990 2516 1106 2549 litanae
1133 2515 1228 2549 ctiam
1259 2515 1463 2555 iuramento,
1486 2515 1734 2549 confirmatione

213 2579 244 2606 et
271 2573 554 2617 Iustinopolitanae
583 2575 756 2617 praedii-tis
783 2575 900 2609 vicarie
925 2581 956 2609 οι
989 2569 1233 2613 apostotica,vel
1252 2570 1363 2612 quavis
1385 2569 1537 2603 firmitate
1557 2570 1617 2603 alia
1641 2571 1735 2603 robo-

250 2638 258 2663 1
284 2636 320 2664 De
340 2636 391 2663 hoe
410 2636 507 2663 Ordine
530 2637 588 2663 vide
615 2638 641 2664 in
663 2639 769 2665 constit,
787 2646 865 2674 xtvu,
888 2639 954 2667 Leo-

213 2681 254 2708 nis
268 2681 304 2709 X:
322 2682 412 2717 Inter,
431 2686 494 2710 tom.
511 2690 534 2714 v,
556 2690 616 2718 pag.
635 2683 695 2711 762.

991 2622 1068 2655 ratis
1088 2622 1213 2655 statutis
1234 2628 1264 2655 ct
1285 2623 1584 2664 consuctudinibus,
1608 2624 1736 2667 privile-

990 2676 1049 2718 giis
1063 2687 1203 2720 quoquc,
1219 2677 1349 2710 indultis
1367 2683 1397 2711 et
1417 2677 1531 2711 litteris
1551 2678 1735 2721 apostolicis

1744 279 1792 305 An.
1813 278 1841 307 C.
1860 279 1927 305 1602

1771 661 1897 687 Gratiawth
1910 663 1927 679 ‹·t

1744 688 1855 713 pritilcgii
1874 694 1890 705 r·
1901 694 1928 707 ιιι-

1744 720 1843 734 mtnuran

1794 1351 1845 1371 Istos
1862 1353 1931 1371 iii-wart

1748 1379 1768 1398 ut
1785 1384 1821 1397 evis
1841 1378 1930 1403 benigue

1748 1404 1859 1431 recipiant.

1776 1724 1822 1743 tuos
1839 1730 1894 1746 uro,
1911 1725 1933 1743 ut

1749 1750 1793 1769 istis
1814 1756 1896 1770 ommno
1912 1756 1933 1769 o-

1749 1776 1833 1798 bediant
1842 1793 1846 1799 ,

1775 2308 1934 2335 contrariisque

1749 2335 1844 2359 derogat.
