2253 3195
235 223 284 249 An.
301 223 329 249 C.
353 222 420 250 1596

264 1127 351 1147 Sanctio
370 1133 419 1153 poe·

237 1154 297 1173 natin.

261 2135 285 2155 l'ae
289 2142 393 2155 ιιιιιιιιιιιι

465 213 529 247 276

434 272 568 314 singulis
583 299 590 310 ,
614 271 739 304 etiamsi
770 281 829 313 pro
850 270 979 302 illorum
1000 268 1173 302 sufficienti

435 325 664 367 derogatione.
689 324 728 356 de
751 323 812 355 illis
833 333 1012 366 eorumque
1034 321 1106 355 totis
1126 327 1174 354 te-

436 378 581 417 noribus,
605 377 763 420 specialis,
791 375 953 420 specifica,
977 385 1127 420 expressa
1145 380 1177 408 et

436 431 610 468 individua,
642 440 705 462 non
727 435 833 462 autem
855 440 913 472 per
933 429 1091 462 clausulas
1119 439 1175 470 ge-

435 484 558 517 nerales
588 483 673 516 idem
701 483 932 526 imponantes,
966 482 1088 515 mentio
1119 493 1175 515 seu

435 534 565 578 quaevis
583 533 646 566 alia
671 533 833 577 expressio
860 533 1019 574 habenda,
1043 537 1098 566 aut
1117 532 1175 565 ati-

435 597 499 631 qua
517 587 579 619 alia
592 586 749 630 exquisita
768 586 874 619 forma
886 587 928 620 ad
946 586 1009 619 hoc
1020 585 1176 620 servanda

435 641 527 680 soret,
548 646 676 673 tenores
696 639 899 680 huiusmodi,
923 650 960 673 ac
976 639 1002 671 si
1020 639 1060 672 de
1077 639 1177 672 verbo

435 693 474 726 ad
492 693 639 731 verbum,
663 692 743 725 nihil
763 692 892 736 penitus
911 693 1043 733 omisso,
1067 698 1098 725 et
1114 692 1177 725 sor-

436 757 488 779 ma
510 745 571 779 illis
589 746 707 779 tradita
726 746 906 786 observata,
926 745 1037 779 inserti
1057 746 1174 785 forent,

435 798 658 842 praesentibus
678 809 737 842 pro
758 798 914 842 expressis
927 825 934 839 ,
965 804 997 832 et
1020 799 1059 831 de
1079 797 1178 831 verbo

435 852 475 885 ad
499 852 633 885 verbum
663 852 790 886 insertis
820 852 998 892 hahentes,
1027 852 1087 885 hac
1111 851 1178 884 vice

435 905 614 945 dumtaxat,
634 910 665 937 et
682 905 722 937 ad
739 904 888 937 effectum
903 904 1049 950 omnium
1063 909 1095 937 et
1114 903 1179 937 sin-

435 958 585 1000 gulorum
600 957 869 1001 ¹praemissorum,
886 957 1069 1001 specialiter
1082 963 1113 991 et
1126 967 1179 990 ex-

437 1020 560 1054 presse,
590 1021 626 1043 ac
656 1010 810 1044 latissime
836 1011 1041 1053 derogamus,
1068 1016 1176 1044 caete-

437 1063 546 1107 risque
571 1063 742 1097 contrariis
758 1063 1028 1108 quibuscumque.

482 1116 567 1150 Nulli
588 1127 678 1159 ergo,
701 1121 758 1150 etc.

479 1169 596 1202 Datum
617 1170 738 1203 Romae
758 1169 854 1214 apud.
876 1169 905 1203 S.
931 1169 1074 1202 Marcum
1093 1179 1178 1202 anno

437 1222 673 1256 lucarnationis
685 1222 884 1262 Dominicae,
899 1222 1071 1256 millesimo
1083 1222 1178 1266 quin-

437 1276 617 1318 gentesimo
630 1276 842 1318 nonagesimo
855 1281 955 1316 sexto,
971 1275 1109 1319 septimo
1122 1276 1178 1308 ka-

437 1329 548 1362 lendas
569 1329 653 1369 iulii,
676 1328 881 1373 pontificatus
898 1329 999 1362 nostri
1017 1339 1102 1362 anno
1123 1340 1151 1362 v.

472 1392 532 1419 Dat.
548 1391 592 1419 die
606 1391 641 1419 25
656 1391 723 1419 iunii
736 1391 818 1426 1596,
834 1391 930 1427 pontif.
947 1399 991 1419 an.
1009 1399 1035 1418 v.

734 1568 889 1603 CXXXlV.

436 1678 614 1711 Moderatio
634 1687 849 1710 censurarum
869 1681 982 1709 contra
1006 1678 1179 1710 eoetrahen-

481 1745 524 1773 tes
543 1741 708 1782 frumenta
729 1744 758 1772 et
777 1740 873 1772 aliud
899 1736 1179 1782 annonae-oenus

479 1806 572 1835 extra
591 1802 721 1835 Statum
743 1801 1004 1835 Ecclesiasticum
1024 1813 1081 1846 per
1103 1813 1177 1836 con-

479 1864 683 1896 stitutionem
693 1863 1174 1906 GreqoriiXIIlinflictarum¹.

644 1952 777 1979 clemona
799 1952 875 1985 Papa
895 1952 978 1985 vlu,

562 2008 597 2033 ad
613 2008 788 2040 perpetuam
803 2005 847 2032 roi
862 2005 1043 2032 memoriam.

484 2077 654 2111 Pastoratis
684 2083 792 2110 nostra
818 2077 857 2109 de
889 2077 1071 2110 :mimarum
1093 2089 1173 2111 cun-

434 2139 558 2165 ctorum
580 2131 839 2165 christifidelium
869 2131 972 2164 salute
992 2131 1177 2165 sollicitudo

435 2196 493 2217 nos
514 2185 678 2222 admonet,
703 2189 734 2216 ut
758 2195 817 2220 ea,
841 2194 923 2227 quae
952 2185 1177 2227 pincderesso-

436 2248 483 2269 roas
504 2236 603 2269 nostri
626 2235 761 2270 Romani
785 2236 964 2276 Pontifices,
991 2236 1080 2269 iustis
1104 2248 1177 2270 sua-

433 2290 582 2322 ‹tvntibus
605 2289 792 2330 rationibus,
817 2289 949 2333 provide
971 2290 1173 2331 ordinarunt,

436 2344 511 2375 ilum
535 2349 640 2375 tatuen
655 2354 689 2375 ox
709 2343 757 2375 liis
777 2342 900 2375 :minias
918 2342 1175 2376 christifidelium

410 2420 414 2424 .
435 2396 623 2438 illaqueatas
641 2395 785 2429 detincre
807 2395 1039 2439 comperimus,
1055 2407 1113 2440 pro
1125 2407 1177 2429 va-

435 2449 581 2480 minuit-tt!
614 2448 795 2481 :mimarum
818 2449 919 2481 Sssisslt’
950 2449 1170 2486 tunderentur,

435 2506 526 2543 prout
552 2502 581 2533 in
608 2501 744 2534 Domino
764 2501 935 2534 salubriter
959 2501 1176 2545 conspicimus

433 2552 595 2595 expedire.

468 2616 476 2642 t
499 2614 534 2642 Ex
553 2614 660 2651 ltessess.
679 2615 703 2642 in
718 2617 819 2643 Secret.
841 2616 976 2644 Brevium.

1015 221 1199 246 BULLARIUM
1219 220 1373 254 ROMANtJM

1252 269 1267 312 ἓ
1289 268 1317 301 1.
1341 269 1418 302 Cum
1443 268 1561 312 itaque,
1584 269 1666 302 sicut
1685 270 1878 314 accepimus,
1905 270 1948 302 ob

1209 321 1594 355 constitutionemselicis
1616 323 1849 356 recordationis
1871 323 1949 356 Gre-

1209 374 1292 417 gorii
1316 375 1420 419 Papae
1440 375 1521 415 XllI,
1540 380 1653 408 contra
1665 375 1867 408 extrahentes
1884 375 1950 408 sru-

1210 433 1330 468 menta‚
1354 428 1450 461 blada
1469 433 1501 461 et
1521 427 1608 460 aliud
1620 437 1768 461 annonae
1781 439 1881 471 genus
1898 439 1951 462 ex·

1211 487 1259 515 tra
1277 482 1400 515 Statum
1415 481 1672 515 Ecclesiasticum
1694 481 1826 523 editam,
1842 482 1875 515 in
1888 493 1952 526 qua
2000 484 2001 487 ’

1211 535 1552 569 excommunicationis
1571 545 1676 579 poena
1696 545 1734 568 eo
1755 535 1824 579 ipso
1845 535 1952 569 incur-

1211 589 1312 622 renda
1329 588 1449 622 inflicta
1476 588 1590 629 existit,
1615 589 1734 622 multae
1756 593 1822 621 tum
1840 588 1951 622 subdi-

1211 647 1317 674 torum
1335 647 1523 675 nostrorum
1543 641 1574 675 S.
1597 642 1634 675 R.
1657 641 1691 674 E.
1705 669 1713 681 ,
1737 647 1805 674 turn
1825 641 1950 675 vicino-

1211 705 1283 727 rum
1304 694 1435 727 ditionis
1455 699 1584 748 nostrae
1612 694 1730 743 finibus
1757 695 1952 738 populorum

1211 757 1380 791 personae,
1403 757 1486 790 quae
1506 747 1602 780 etiam
1622 758 1682 791 pro
1709 758 1824 781 eorum
1844 747 1929 780 victu
1942 775 1949 785 ,

1211 806 1243 834 et
1261 800 1294 833 in
1315 800 1444 834 modica
1469 801 1647 844 quantitate
1674 800 1862 834 huiusmodi
1887 801 1954 834 sru-

1212 859 1331 894 menta,
1354 854 1461 894 blada,
1488 853 1652 896 legumina
1672 859 1704 887 et
1719 853 1782 886 alia
1801 853 1834 887 id
1853 864 1954 896 genus

1212 907 1379 940 extrahere
1411 912 1583 949 coguntur,
1612 907 1954 940 excommunicationis

1213 960 1399 994 huiusmodi
1426 970 1530 1004 poena
1562 960 1755 1004 illaqueatae
1777 959 1950 993 detinean-

1213 1019 1276 1053 tur,
1299 1020 1331 1047 et
1350 1013 1429 1047 alias
1449 1013 1545 1047 etiam
1565 1024 1662 1057 saepe
1682 1013 1849 1057 illaqueari
1870 1023 1951 1047 con·
2004 1015 2017 1022 *

1215 1067 1324 1110 tingat.

1258 1121 1273 1164 ἓ
1293 1120 1323 1154 02.
1347 1121 1421 1161 Nos,
1455 1121 1573 1164 quibus
1593 1121 1775 1154 animarum
1796 1120 1950 1154 christifi-

1213 1173 1334 1207 delium
1361 1173 1447 1206 salus
1476 1173 1635 1217 imprimis
1665 1174 1873 1217 procuranda
1892 1179 1950 1215 est,

1213 1221 1409 1270 praemissis,
1433 1231 1590 1269 quantum
1617 1236 1690 1258 cum
1707 1225 1844 1259 Domino
1873 1236 1951 1269 pos-

1213 1290 1335 1319 sumus,
1367 1276 1498 1326 obviare
1529 1279 1683 1318 volentes,
1719 1278 1955 1312 constitutionis

1215 1332 1397 1377 praedictae
1418 1338 1575 1372 tenorem,
1600 1332 1673 1365 acsi
1694 1333 1735 1365 ad
1754 1332 1889 1365 verbum
1908 1331 1954 1365 in-

1213 1391 1386 1423 sereretur.
1409 1385 1634 1429 praesentibus
1653 1395 1713 1429 pro
1734 1395 1887 1429 expresso
1900 1385 1955 1418 ha-

1213 1439 1337 1479 bentes,
1362 1443 1451 1472 motu
1472 1438 1617 1482 proprio,
1641 1443 1672 1471 et
1688 1448 1726 1471 ex
1742 1443 1830 1471 certa
1846 1438 1953 1472 scien-

1215 1492 1257 1526 tia
1287 1497 1478 1536 maturaque
1504 1491 1737 1525 deliberatione
1767 1491 1897 1532 nostris,
1920 1502 1957 1525 ac

1213 1547 1253 1580 de
1273 1545 1469 1590 apostolicae
1490 1545 1658 1590 potestatis
1674 1545 1887 1590 plenitudine,
1902 1557 1956 1579 ex-

1214 1598 1518 1632 communicationis
1547 1608 1685 1642 poenam
1717 1598 1749 1631 in
1775 1598 1860 1632 dicta
1879 1608 1957 1632 con-

1195 1652 1379 1686 ‚stitutione
1400 1651 1565 1692 inflictam,
1590 1652 1696 1695 quoad
1715 1661 1780 1687 eos,
1804 1651 1859 1695 qui
1882 1651 1953 1684 fru-

1214 1711 1332 1745 menta,
1357 1705 1463 1745 blada,
1494 1704 1657 1747 legumina
1678 1710 1710 1737 ct
1728 1704 1791 1737 alia
1819 1703 1957 1738 cuiusvis

1213 1769 1360 1793 annonae
1380 1757 1506 1801 generis
1538 1758 1569 1790 in
1603 1757 1729 1791 modica
1757 1757 1953 1801 quantitate,

1213 1819 1240 1847 et
1263 1824 1323 1856 pro
1348 1823 1406 1846 usu
1434 1811 1567 1856 proprio
1588 1817 1710 1844 tantum
1727 1838 1735 1848 .
1758 1821 1823 1844 non
1848 1816 1955 1844 autem

1214 1871 1413 1899 mercaturae
1433 1875 1539 1902 causa,
1556 1874 1591 1897 cx
1610 1865 1699 1897 statu
1720 1869 1830 1898 nostro
1848 1865 1956 1898 Eccle-

1212 1918 1339 1952 siastico
1359 1929 1418 1962 pro
1441 1923 1585 1961 tempore
1605 1917 1808 1955 extraxerint.
1824 1917 1956 1952 omnino

1213 1971 1355 2004 tollimus
1374 1976 1405 2004 et
1425 1970 1631 2012 abrogamus,
1648 1980 1767 2014 eosque
1788 1971 1884 2004 talem
1905 1982 1956 2004 ex-

1213 2023 1517 2057 communicationis
1537 2033 1699 2068 poenam,
1722 2023 1817 2056 salvis
1849 2029 1954 2057 tamen
1988 2038 1993 2041 ·

1212 2076 1282 2110 aliis
1295 2076 1407 2120 poenis
1425 2076 1456 2109 in
1470 2076 1555 2109 dicta
1572 2075 1800 2110 constitutione
1812 2075 1952 2116 inflictis,

1213 2130 1346 2163 minime
1359 2130 1399 2163 de
1413 2135 1541 2163 caetero
1555 2129 1721 2162 incurrere
1738 2129 1951 2163 declaramus.

1256 2186 1272 2223 ξ
1293 2183 1323 2216 3.
1354 2184 1521 2217 Praeterea
1541 2183 1800 2227 quibuscumque
1824 2183 1951 2217 conses-

1211 2236 1313 2275 sariis,
1328 2242 1359 2269 ut
1380 2246 1545 2280 pei·sonaS‚
1565 2236 1822 2280 quasliucusque
1835 2235 1876 2269 ob
1889 2236 1954 2269 t'ru-

1213 2295 1395 2323 mentorum
1423 2295 1452 2322 et
1479 2289 1617 2323 aliorum
1648 2288 1888 2332 praedictorum
1921 2288 1953 2322 in

1213 2342 1339 2376 modica
1359 2341 1537 2386 quantitate
1551 2369 1558 2379 .
1586 2348 1617 2375 et
1641 2352 1700 2385 pro
1728 2353 1786 2375 usu
1807 2341 1951 2386 proprio,

1212 2406 1274 2429 non
1297 2396 1335 2428 ad
1358 2401 1572 2428 mercaturam
1594 2393 1786 2434 sariendam,
1807 2405 1843 2426 ex
1864 2393 1952 2428 dicto

1211 2450 1299 2483 Statu
1327 2448 1579 2486 extructionem,
1609 2446 1954 2480 ext-ommunicationis

1213 2501 1395 2534 huiusmodi
1423 2511 1559 2545 poenam
1587 2499 1760 2533 incurrisse
1788 2509 1955 2544 compere-

1213 2555 1302 2594 rint,
1332 2556 1371 2588 ab
1403 2554 1586 2588 lmiusmodi
1607 2553 1951 2587 excommunicationis

1213 2618 1332 2653 poena,
1358 2607 1498 2642 iniuncta
1519 2599 1563 2641 «iis
1584 2606 1781 2653 poenitentia
1800 2605 1950 2645 salutari,

1963 221 2012 248 Αη.
2032 221 2143 252 &15⁹6
2163 222 2170 259 'V

1989 282 2018 303 Ex
2035 283 2142 310 Greguiia-
2195 298 2198 301 -

1962 315 2002 330 uae
2013 309 2143 331 constitutio,

1963 341 1994 355 ms
2017 336 2090 356 stricta
2109 336 2158 358 uh-

1963 362 2069 383 scrvantin
2101 362 2149 384 ani

1964 394 2010 409 maa
2043 388 2117 415 illaqu-

1964 415 2047 436 bantur.

2009 1126 2103 1149 clemens
2117 1131 2154 1151 οι

1968 1153 2128 1175 communicatio
2134 1162 2144 1170 ·

1967 1186 2015 1201 nam
2023 1180 2143 1210 tollitquon1

1968 1212 2012 1228 uos,
2031 1212 2067 1233 qui
2087 1210 2154 1228 anm2

1968 1239 2015 1254 nam
2041 1232 2155 1255 extu-ahma

1969 1265 2007 1286 pro
2021 1265 2060 1281 suu
2075 1264 2121 1281 usu.

2006 2187 2058 2208 Data
2072 2191 2111 2207 con

1969 2213 2031 2234 sarm
2041 2219 2078 2234 eus
2084 2211 2122 2233 ab·

1970 2239 2032 2261 randi
2047 2238 2158 2263 fnoullflun
