2253 3195
71 252 121 279 An.
139 251 167 278 C.
191 250 258 278 1598

900 250 1047 274 CLEMENS
1063 250 1121 274 vul
1139 251 1189 274 PP.

270 298 489 343 praesentibus
513 299 609 332 etiam
634 309 691 342 pro
723 300 878 344 expressis
905 299 1017 332 haberi

269 353 435 392 volumus,
459 363 477 385 a
502 353 631 386 maioris
655 352 1015 391 excommunicationis,

270 402 498 445 anathematis,
525 405 758 439 maledictionis
789 406 946 439 sententia
981 415 1016 437 ac

270 457 339 491 aliis
357 459 500 492 censuris
515 458 750 498 ecclesiasticiS,
766 468 823 502 per
839 468 1014 501 quascum-

270 521 334 554 que
355 512 574 545 Romanorum
598 510 791 544 Pontificum
818 510 1018 544 constitutio-

270 575 345 606 neS,
368 576 404 598 ac
428 564 550 598 litteras
569 564 619 597 die
648 564 769 598 Coenae
796 563 932 596 Domini
955 563 1017 605 legi

270 619 397 660 solitas,
431 629 490 652 nec
519 628 583 652 non
615 617 710 651 etiam
741 627 847 650 sacros
878 627 1016 650 canones

270 673 467 715 generalium
507 671 734 711 conciliorum,
764 681 801 703 ac
828 671 1016 714 praesertim

270 725 469 758 oecumenici
496 725 653 769 generalis
681 724 813 758 Concilii
840 724 1017 757 Tridentini

271 777 412 818 decreta,
430 788 467 811 ac
489 779 584 812 etiam
609 778 803 818 rebellionis,
823 778 927 811 laesae
945 788 1014 810 ma-

270 830 391 864 iestatis
425 831 568 865 criminis
606 832 638 865 in
667 832 772 876 primo
803 831 925 875 capite,
959 841 1018 864 nec

271 895 336 918 non
371 885 557 929 privationis
592 886 786 929 gratiarum,
822 885 1015 924 titulorum,

271 937 447 978 honorum,
473 938 782 982 praerogativarum,
809 937 1015 982 dignitatum,

271 990 523 1035 privilegiorum,
552 991 710 1031 favorum,
735 992 925 1024 facultatum
943 1001 1019 1034 qua-

273 1055 501 1088 rumcumque,
520 1044 733 1086 indultorum,
753 1044 1016 1085 tolerantiarum,

272 1098 513 1138 remissionum,
539 1098 741 1138 libertatum,
762 1097 1016 1138 immunitatum,

272 1151 534 1186 iurisdictionum
559 1159 591 1186 et
614 1153 775 1186 bonorum
800 1151 1020 1196 quorumlibet

272 1212 337 1239 tam
374 1205 574 1239 allodialium
609 1212 640 1239 et
676 1206 1016 1250 emphyteutieorum,

272 1269 370 1302 quam
403 1259 500 1293 etiam
530 1259 725 1298 feudalium,
752 1264 1019 1301 caeterorumque

272 1322 557 1355 quorumcumque
574 1323 631 1356 per
650 1323 725 1345 eum
750 1317 823 1345 ante
844 1311 1020 1355 praemissa

271 1364 378 1399 forsan
402 1376 420 1398 a
444 1365 703 1409 quibuscumque
727 1365 882 1405 ecclesiis,
909 1365 955 1399 vel
980 1365 1019 1398 ab

273 1419 317 1452 eis
341 1419 586 1462 quomodolibet
610 1419 869 1463 dependentibus
893 1419 1019 1452 habito-

272 1483 357 1512 rum,
381 1483 438 1506 seu
463 1473 576 1516 quovis
600 1473 698 1506 modo
722 1483 955 1517 possessorum,
982 1483 1018 1506 ac

273 1525 306 1558 in
332 1525 468 1569 quibuS‚
495 1532 526 1559 ct
550 1526 589 1559 ad
615 1537 696 1570 quae
720 1526 770 1560 ius
795 1526 854 1560 sibi
875 1537 1015 1570 quomo-

274 1579 394 1613 dolibet
420 1579 635 1623 competebat,
662 1580 813 1613 eumdem
838 1579 1014 1621 Caesarem,

275 1639 305 1666 et
329 1634 408 1666 alios
431 1634 611 1677 praedictos
637 1634 744 1677 vigore
765 1633 954 1675 sententiae,
982 1644 1018 1666 ac

274 1686 454 1720 litterarum
491 1693 673 1720 nostrarum
705 1688 942 1731 praedictarum
967 1699 1018 1721 su-

274 1751 332 1785 per
343 1740 559 1774 declaratione
576 1747 607 1775 et
623 1741 881 1785 promulgatione
894 1752 1019 1775 earum-

275 1794 349 1828 dem
374 1805 585 1829 censurarum
611 1795 785 1839 respective
809 1795 961 1836 incursis,
989 1801 1017 1829 et

276 1853 387 1882 contra
410 1858 464 1882 eos
486 1859 543 1891 per
566 1859 626 1882 nos
649 1848 777 1882 inflictis
807 1854 839 1882 et
870 1859 1016 1891 pronum

276 1902 377 1943 ciatis,
404 1903 606 1944 auctoritate,
635 1903 802 1947 potestatis
819 1902 1019 1947 plenitudine

276 1960 307 1988 et
322 1961 434 1989 tenore
454 1955 644 1999 praedictis,
663 1956 801 2000 gratiose
825 1956 1020 1990 absolvimus

276 2014 307 2042 et
330 2008 517 2050 liberamus,
537 2020 573 2042 ac
597 2020 748 2043 censuras
773 2016 804 2043 et
828 2020 944 2053 poenas
962 2010 1020 2043 hu-

276 2061 416 2095 iusmodi
441 2062 503 2095 illis
526 2068 557 2095 et
582 2062 711 2096 cuilibet
735 2074 846 2097 eorum
878 2063 1021 2096 remitti-

276 2125 349 2148 mus
373 2120 403 2148 et
428 2115 669 2157 condonamus,
694 2117 831 2159 illosque
855 2117 1020 2151 universos

278 2174 309 2202 et
333 2169 476 2212 singulos
500 2167 615 2201 unitati
633 2175 664 2203 et
688 2169 910 2203 communioni
936 2169 1017 2203 alio-

277 2231 350 2255 rum
375 2221 632 2255 christifidelium
650 2222 791 2265 plenarie
808 2222 1018 2263 restituimus,

278 2280 310 2309 et
333 2286 406 2308 cum
432 2275 577 2318 personis
602 2274 824 2309 ecelesiasticis
856 2285 953 2319 super
981 2275 1022 2308 ir-

278 2329 483 2373 regularitate
508 2335 686 2369 contracta,
705 2339 743 2362 eo
765 2329 852 2372 quod
877 2329 1022 2362 censuris

279 2381 450 2426 praedictis
466 2382 555 2425 ligati
580 2393 612 2416 se
633 2383 666 2416 in
691 2382 816 2422 divinis,
835 2392 899 2415 non
917 2386 1022 2415 tamen

279 2435 313 2468 in
345 2440 564 2479 contemptum
597 2435 744 2476 clavium,
778 2435 1021 2475 immiscuerint,

279 2488 514 2532 dispensamuS‚
537 2490 725 2532 fructusque
754 2493 922 2532 propterea
942 2488 1024 2522 male

279 2547 446 2586 perceptos
471 2541 532 2574 illis
564 2542 786 2575 condonamus
799 2569 806 2582 ,
828 2552 863 2574 ac
884 2541 1023 2575 interdi—
1040 2558 1041 2561 ¹

280 2602 366 2630 ctum
396 2597 427 2629 in
456 2596 651 2645 Ferrariensi
680 2601 711 2629 et
736 2596 805 2629 aliis
829 2596 1021 2637 civitatibus,

280 2649 373 2683 terris
407 2655 438 2683 et
468 2648 546 2683 locis
579 2650 610 2682 in
642 2649 736 2683 dictis
767 2649 883 2683 nostris
913 2649 1025 2684 litteris

331 2712 410 2740 Bult.
431 2712 513 2740 Rom.
540 2712 599 2741 Vol.
621 2713 655 2740 X.
884 2712 918 2738 54

1696 238 1761 272 425

1052 298 1208 342 expressis
1229 309 1285 342 per
1304 308 1362 331 nos
1386 298 1581 342 appositum,
1604 298 1796 331 remittimus

1051 357 1082 384 et
1102 352 1290 392 relaxamus,
1307 361 1365 384 nec
1385 361 1451 385 non
1471 351 1672 395 praedictum
1685 351 1797 385 Caesa-

1052 415 1119 438 rem
1132 405 1264 448 eiusque
1279 405 1372 445 filios,
1387 406 1509 445 fratres,
1527 405 1796 448 consanguineos,

1052 458 1224 500 proximos,
1247 458 1378 499 affines,
1407 458 1608 500 coniunctos,
1643 458 1796 499 fautores,

1051 510 1250 544 consultores
1262 538 1269 551 ,
1299 511 1525 552 adhaerentes,
1563 518 1798 552 conversantes,

1050 564 1223 606 complices
1243 570 1274 597 et
1294 574 1458 608 sequaces,
1481 571 1512 598 et
1536 565 1711 609 quemlibet
1738 577 1794 599 eo-

1051 627 1134 656 rum,
1150 617 1215 649 acsi
1232 617 1424 650 nominatim
1442 618 1559 661 singuli
1577 618 1798 662 praesentibus

1051 676 1155 703 essent
1183 670 1335 713 expressi,
1366 670 1405 703 ad
1429 671 1623 713 primaevam
1647 672 1796 713 sormam,

1051 723 1181 767 gradus,
1200 723 1339 757 honores
1358 734 1395 757 ae
1412 724 1641 764 successiones,
1663 725 1799 768 dignita-

1053 782 1097 811 tes
1115 782 1145 810 et
1161 777 1327 818 beneficia,
1351 777 1476 821 aliaque
1493 777 1576 811 bona
1601 783 1666 810 tam
1685 779 1716 810 in
1734 789 1795 811 no-

1052 830 1126 863 stris
1145 829 1270 870 litteris,
1285 841 1382 874 quam
1401 831 1433 863 in
1452 831 1728 872 conventionibus,
1748 842 1799 864 ca-

1051 883 1161 928 pitulis
1190 889 1221 917 et
1247 884 1347 927 pactis
1379 885 1570 928 supradictis
1597 895 1745 929 expressa
1769 892 1801 919 et

1053 938 1303 981 comprehensa,
1329 948 1365 971 ac
1390 938 1467 971 alias
1498 938 1530 971 in
1555 938 1743 982 pristinum,
1769 945 1801 972 et

1053 1000 1125 1023 eum
1144 990 1176 1023 in
1196 1001 1260 1034 quo
1275 996 1347 1024 ante
1364 992 1537 1034 praemissa
1557 992 1801 1035 quomodolibet

1053 1049 1144 1077 erant
1162 1049 1279 1077 statum
1289 1044 1484 1087 plenissime,
1495 1045 1526 1077 in
1540 1045 1690 1078 omnihus
1703 1051 1734 1079 et
1745 1056 1802 1090 per

1054 1097 1174 1137 omnia,
1186 1097 1397 1139 restituimus,
1413 1099 1599 1141 reponimus
1615 1105 1646 1132 et
1659 1098 1802 1143 plenarie

1053 1150 1304 1194 reintegramus,
1337 1150 1469 1193 perinde
1501 1151 1566 1184 acsi
1589 1153 1748 1186 sententia
1771 1159 1802 1186 et

1055 1203 1177 1237 litterae
1193 1209 1323 1238 nostrae
1340 1203 1522 1247 praedictae
1535 1214 1702 1248 nunquam
1716 1217 1801 1239 ema-

1053 1263 1192 1298 nassent,
1218 1263 1250 1291 et
1282 1268 1435 1291 censurae
1463 1268 1500 1291 ac
1519 1268 1638 1302 poenae
1662 1259 1801 1293 inflictae

1053 1321 1117 1344 non
1135 1311 1282 1344 fuissent.

1098 1365 1156 1408 §5—
1174 1366 1330 1405 Quocirca
1343 1367 1447 1401 eidem
1462 1367 1556 1401 Petro
1571 1366 1728 1400 cardinali
1745 1378 1802 1411 per

1052 1420 1224 1463 apostolica
1244 1421 1361 1464 scripta
1393 1421 1600 1461 mandamus,
1630 1428 1666 1454 ut
1690 1428 1800 1455 nostro

1053 1478 1147 1517 atque
1167 1475 1338 1515 Ecclesiae,
1355 1474 1446 1508 Sedis
1478 1481 1509 1508 et
1527 1475 1676 1509 Gamerae
1701 1486 1797 1519 prae-

1052 1527 1213 1561 dictarum
1231 1527 1363 1561 nomine
1381 1528 1515 1562 civitatis
1532 1533 1563 1561 et
1579 1528 1716 1562 ducatus
1727 1529 1800 1562 Fer—

1052 1581 1214 1622 rariensis,
1227 1593 1262 1615 ac
1277 1588 1447 1622 terrarum,
1459 1587 1648 1622 castrorum,
1667 1582 1801 1626 oppido-

1052 1645 1137 1674 rum,
1156 1645 1216 1668 nec
1235 1645 1301 1669 non
1321 1635 1443 1668 arcium
1463 1642 1494 1669 et
1513 1636 1751 1677 fortalitiorum,
1764 1647 1800 1669 ac

1052 1688 1198 1722 locorum
1239 1699 1519 1733 quorumcumque
1561 1688 1801 1733 praedictorum

1052 1742 1284 1785 possessionem
1302 1742 1419 1775 realem
1436 1749 1467 1776 et
1485 1743 1683 1786 corporalem
1701 1743 1801 1786 (iuxta

1054 1796 1288 1838 praedictorum
1315 1797 1529 1840 capitulorum
1561 1802 1593 1829 et
1616 1796 1802 1830 conventio-

1053 1859 1130 1882 num
1149 1849 1380 1883 continentiam
1399 1855 1430 1883 et
1451 1850 1609 1892 tenorem)
1625 1850 1802 1893 apprehen-

1054 1902 1119 1943 dat,
1146 1913 1183 1936 ae
1211 1904 1228 1935 a
1253 1903 1376 1936 dilectis
1402 1902 1476 1936 filiis
1501 1903 1800 1944 communitatibus,

1055 1956 1318 1990 universitatibus
1333 1962 1364 1990 et
1380 1956 1565 1990 hominibus
1583 1957 1718 1991 civitatis
1728 1957 1802 1990 Fer—

1054 2010 1203 2044 rariensis
1223 2016 1254 2043 ct
1270 2010 1407 2043 aliorum
1425 2011 1571 2044 locorum
1596 2010 1799 2054 supradicto-

1055 2073 1138 2104 rum,
1162 2063 1325 2097 sidelitatis
1345 2063 1563 2096 iuramentum
1583 2064 1727 2108 recipiat,
1749 2070 1799 2096 at-

1054 2128 1118 2161 que
1130 2118 1198 2161 ipsa
1214 2117 1351 2161 capitula
1362 2122 1393 2149 et
1412 2117 1638 2151 conventiones
1651 2118 1683 2150 in
1698 2117 1803 2150 omni-

1054 2171 1114 2204 bus
1134 2175 1165 2204 et
1192 2181 1249 2214 per
1277 2170 1383 2204 omnia
1405 2171 1563 2211 observet,
1587 2177 1617 2204 et
1641 2170 1803 2204 observari

1055 2228 1145 2256 curet
1158 2229 1188 2256 ct
1206 2223 1393 2267 saciat.{Non
1408 2223 1734 2257 obstantibuslitteris
1747 2233 1804 2256 no-

1057 2277 1130 2310 stris
1154 2277 1338 2321 praedictiS‚
1361 2289 1397 2311 ac
1418 2278 1527 2321 regula
1548 2284 1658 2311 nostra
1683 2278 1722 2311 de
1738 2288 1802 2312 non

1058 2330 1199 2364 tollendo
1221 2331 1288 2364 iure
1303 2331 1461 2374 quaesito,
1478 2336 1636 2374 quatenus
1653 2341 1733 2375 opus
1750 2332 1802 2371 sit,

1057 2382 1165 2417 aliisve
1190 2384 1354 2426 quibusvis
1379 2383 1664 2417 constitutionibus
1688 2390 1718 2417 et
1746 2395 1804 2418 or-

1058 2435 1275 2470 dinationibus
1295 2437 1488 2481 apostolicis,
1507 2437 1704 2481 caeterisque
1728 2448 1804 2471 con-

1057 2489 1161 2522 trariis
1185 2489 1455 2533 quibuscumque.

1102 2543 1155 2585 §sn
1168 2544 1320 2576 Volumus
1330 2548 1437 2577 autem
1449 2550 1484 2577 ut
1497 2550 1561 2578 tam
1569 2544 1694 2585 Cacsar,
1706 2555 1802 2589 quam

1059 2595 1110 2629 alii
1121 2596 1330 2639 quicumque,
1341 2598 1448 2640 vigore
1461 2598 1688 2641 praesentium,
1700 2609 1717 2631 a
1731 2610 1803 2633 cen-

1059 2650 1141 2683 suris
1160 2655 1191 2684 et
1206 2650 1317 2694 poenis
1338 2650 1505 2695 praedictis
1522 2651 1671 2691 absoluti,
1692 2653 1802 2696 poeni-

1808 249 1857 275 An.
1874 249 1903 276 C.
1927 249 1995 277 1598

1830 1376 1942 1397 Committit
1955 1382 2000 1396 car-

1817 1403 1881 1423 dinali
1940 1403 2000 1423 Aido-

1816 1429 1919 1450 brandino
1931 1432 1953 1449 ut
1963 1430 2000 1449 tlu-

1816 1458 1875 1476 catus
1881 1456 2001 1476 Ferrarien-

1815 1483 1844 1503 sis
1865 1483 1943 1503 realem
1964 1488 2001 1508 ap-

1815 1509 1933 1535 prehendat
1954 1515 2000 1534 pos-

1815 1536 1938 1557 sessionem.

1836 2550 1925 2576 iniungi«
1934 2550 2004 2570 ansol-

1820 2577 1898 2601 vendis,
1909 2579 1929 2597 ut
1938 2577 2003 2602 impu·

1817 2603 1908 2624 nondam
1925 2610 1937 2624 a
1954 2609 2003 2623 con-

1819 2630 1906 2651 fessario
1930 2636 2002 2655 porni-
