2253 3195
261 217 310 244 An.
327 219 355 245 c.
382 219 446 246 ujus>
493 211 557 244 774

459 269 541 302 adsit
561 269 602 302 ad
622 269 804 313 spirituales
837 269 1025 303 collationes
1041 281 1099 303 seu
1119 280 1199 303 con-

461 323 612 355 serentias
633 322 796 355 faciendas
811 350 818 362 ‚
842 334 879 355 ac
900 323 1056 356 lectiones
1083 323 1203 357 instru-

459 375 646 418 ctionesque
657 375 801 417 magistri
810 375 1039 413 audiendas,et
1051 376 1083 409 in
1095 387 1203 420 quem,

460 428 573 461 hiemis
587 434 744 472 tempore,
759 429 798 462 ad
812 429 1065 463 calefaciendum
1083 440 1118 463 se
1130 430 1203 473 igne

460 481 629 514 conununi
649 481 858 526 recipiantur.
875 482 1058 516 Oratorium
1072 483 1205 527 insuper

457 545 514 568 seu
534 535 670 578 capella,
686 535 710 568 si
732 536 905 569 commode
926 535 996 569 fieri
1018 536 1146 580 poterit,
1163 537 1203 570 ad

457 587 596 621 novitios
629 587 660 620 in
685 588 910 632 spiritualibus
925 616 932 629 ‚
959 589 1150 633 praesertim
1171 590 1203 623 in

458 640 673 674 caeremoniis
682 640 974 685 ecclesiasticisque
984 642 1204 676 functionibus

460 694 667 727 exercendos.
689 694 808 727 llortus
828 705 960 738 quoque
979 695 1151 739 peculiaris
1163 696 1202 729 ad

410 787 418 791 -
461 747 630 780 honestam
659 747 894 781 recreationem
923 748 1006 782 bene
1033 749 1204 782 conclusus

458 806 555 844 atque
577 801 721 834 munitus
741 801 836 842 adsit;
857 801 905 835 sin
931 802 1049 842 nunus,
1072 802 1202 836 hortum

457 853 593 887 caeteris
604 854 758 887 fratribus
771 865 978 889 communem
993 855 1204 889 recreationis

461 913 606 951 tempore
626 907 860 950 ingrediantur:
884 908 962 952 ipsis
979 919 1056 943 vero
1076 909 1204 943 novitiis

460 960 502 992 ibi
515 960 805 1001 commorantibus,
822 961 949 995 curabit
963 962 1116 1005 magister
1129 973 1202 996 cum

460 1013 521 1045 loci
543 1013 721 1057 superioris
733 1015 936 1055 auctoritate,
954 1015 979 1049 si
994 1026 1075 1059 opus
1093 1016 1200 1057 suerit,

460 1077 501 1098 ne
523 1066 554 1099 in
575 1067 725 1100 eumdem
747 1067 920 1112 quisquam
942 1068 1203 1111 aliusingrcdia—

462 1125 523 1152 tur.
545 1119 591 1152 Ad
613 1119 800 1154 huiusmodi
827 1121 934 1154 locum
956 1121 1129 1156 novitiatus
1146 1133 1202 1156 ne-

461 1173 540 1206 miui
557 1173 702 1207 eiusdem
724 1174 771 1208 vel
793 1174 927 1209 alterius
945 1175 1077 1209 Ordinis
1101 1187 1200 1219 regn-

460 1227 530 1266 lari,
558 1227 654 1260 etiam
681 1234 858 1262 conventus
886 1233 917 1262 et
938 1229 1122 1263 monasterii
1150 1230 1199 1263 of-

459 1280 568 1320 ficiali,
582 1281 648 1314 ullo
666 1283 826 1325 uinquam
845 1288 1002 1326 tempore,
1019 1283 1078 1315 sub
1090 1284 1202 1327 quovis

459 1339 624 1376 praetextu
659 1334 764 1368 aditus
800 1341 930 1378 pateat,
973 1342 1200 1380 praeterquam

461 1387 614 1429 magistro
634 1387 768 1431 eiusque
788 1388 888 1428 socio,
911 1399 948 1422 ae
973 1389 1068 1422 etiam
1086 1400 1201 1423 mona-

458 1440 546 1473 sterii
576 1446 630 1474 aut
649 1446 826 1474 conventus
845 1441 1005 1485 superiori
1023 1469 1029 1481 ,
1052 1442 1076 1475 si
1098 1453 1201 1487 quan-

459 1494 644 1537 documque
665 1494 913 1537 ingrediendum
937 1495 998 1528 sibi
1020 1497 1220 1530 necessario>

458 1547 708 1586 existimaverim
735 1557 801 1591 quo
825 1554 932 1582 tamen
964 1559 1038 1582 casu
1059 1549 1200 1593 aliquem

457 1611 586 1644 semper
605 1611 640 1633 ex
666 1601 851 1634 senioribus
868 1607 1046 1635 conventus
1064 1603 1111 1636 vel
1134 1614 1203 1637 mo-

459 1653 589 1686 nasterii
619 1654 765 1697 patribus
781 1654 904 1687 socium
926 1661 1078 1689 assumat.
1103 1656 1203 1690 lluius

460 1707 520 1739 loci
552 1707 720 1740 clausurae
756 1707 854 1741 clavis
886 1708 970 1752 apud
1011 1709 1201 1751 magistrum

458 1771 587 1804 semper
607 1766 800 1801 asservetur,
826 1761 936 1805 illique
957 1762 1015 1795 soli
1048 1762 1141 1796 liceat
1163 1774 1200 1796 ex

458 1813 545 1855 gravi
565 1819 688 1847 tantum
709 1825 804 1847 causa
825 1814 1002 1857 ingressum
1019 1815 1094 1850 illuc
1107 1816 1201 1851 alicui

459 1867 647 1910 permittere
671 1878 695 1907 ;-
713 1867 737 1900 si
765 1867 837 1911 quis
868 1874 975 1902 autem
1005 1869 1200 1903 novitiorum

459 1919 644 1964 quempiam
654 1920 775 1964 alloqui
785 1921 932 1961 voluerit,
946 1921 1099 1964 magistro
1108 1934 1202 1967 prae-

458 1979 548 2006 sente
572 1979 603 2007 et
627 1984 690 2006 non
712 1973 817 2012 aliter,
838 1975 1032 2018 alloquatur.

504 2028 520 2068 5
539 2026 591 2060 ⁶2⁴5.
618 2026 819 2060 Novitiorum
843 2027 996 2070 magistro
1015 2023 1123 2063 ‘socius
1138 2057 1145 2067 ,
1176 2031 1200 2064 si

439 2079 498 2111 ¹ad
531 2079 726 2112 novitiorum
759 2079 981 2114 instruendam
1013 2081 1197 2115 multitudi-

378 2140 387 2151 ‘
413 2141 532 2165 ¹¹·ueui
559 2132 757 2167 necessarius
778 2133 885 2171 suerit.
910 2133 972 2166 vita
989 2140 1016 2166 et
1041 2135 1198 2176 moribus,

459 2186 566 2229 ‹pioad
588 2183 656 2219 lieri
677 2185 806 2230 poterit,
823 2186 1198 2232 consimilis‹leputetur;

459 2238 513 2282 qui
535 2239 566 2271 iu
599 2239 659 2279 his,
687 2249 770 2282 quae
791 2239 830 2271 ad
857 2239 1030 2273 novitiatus
1056 2241 1200 2281 regimen

458 2298 613 2335 spectant,
634 2291 720 2325 dicto
741 2291 896 2334 magistro
919 2292 1104 2327 immediate
1123 2295 1200 2328 sub-

461 2345 560 2378 iectus
579 2345 702 2384 existat,
725 2345 950 2389 eliganturque
965 2351 1027 2379 tam
1050 2347 1202 2387 iunagister

459 2410 556 2442 quam
582 2398 688 2432 socius
709 2410 766 2443 per
792 2399 987 2443 provinciale
1007 2400 1197 2444 capitulum,

460 2463 516 2495 per
537 2452 709 2485 triennium
728 2453 767 2485 :nt
787 2452 892 2486 :uiuus
912 2463 994 2486 onus
1015 2453 1199 2488 huiusmodi

459 2503 607 2537 subituri.
636 2505 726 2543 (Juod
747 2504 772 2537 si
790 2505 904 2548 aliquo
924 2516 997 2539 casu
1019 2511 1106 2539 extra
1122 2512 1200 2540 tent-

461 2567 518 2599 pus
538 2556 713 2600 capitulare
734 2569 814 2591 nova
836 2558 905 2592 loca
926 2558 1096 2592 novitiatus
1117 2570 1196 2593 cou-

459 2609 529 2643 ιιι-,ἀί
550 2610 727 2650 continuat,
746 2617 819 2645 tuuc
841 2612 1032 2646 electionem
1056 2613 1198 2654 magistri

1045 223 1180 247 BULLARI
1186 223 1228 246 ml
1248 224 1401 247 Romami

1236 270 1431 304 novitiorum
1450 277 1480 304 et
1493 271 1572 304 socii
1593 271 1790 312 huiusmodi,
1810 271 1841 305 in
1855 272 1905 307 his
1917 283 1976 307 no-

1237 323 1282 357 vis
1301 324 1380 357 locis
1400 335 1458 368 per
1470 325 1654 367 generalem
1669 325 1715 357 vel
1731 325 1973 368 provincialem,

1236 388 1293 411 seu
1308 377 1502 417 ministrum,
1525 383 1580 410 aut
1596 387 1708 411 eorum
1731 378 1909 413 visitatores
1921 390 1977 413 seu

1238 430 1372 464 vicarios
1386 457 1393 470 ,
1417 430 1457 464 de
1477 430 1686 464 definitorum
1708 436 1814 464 tamen
1835 432 1882 465 vel
1903 443 1978 475 gra·—

1237 483 1361 516 viorum
1384 483 1521 516 aliorum
1548 489 1676 528 patrum
1706 484 1882 525 consensu,
1905 486 1977 520 fieri

1237 535 1447 579 permittitur;
1474 535 1627 580 idemque
1655 542 1802 570 servetur
1827 537 1853 570 si
1892 537 1977 572 intra

1238 589 1425 629 triennium,
1445 589 1582 623 alterum
1596 591 1644 624 vel
1663 596 1838 634 utrumque
1851 592 1978 635 urgenti

1237 642 1345 686 aliqua
1365 643 1405 676 de
1418 653 1514 676 eausa
1527 653 1565 676 ex
1581 643 1644 677 illis
1663 643 1744 677 locis
1763 644 1980 686 amoveri,vel⁴
2031 636 2034 638 v

1239 696 1321 730 mori
1335 697 1517 740 contigerit,
1538 697 1572 730 in
1596 697 1688 731 cuius
1709 699 1757 732 vel
1777 709 1918 742 quorum
1930 699 1979 734 lo-

1238 761 1311 783 eum
1337 750 1390 783 alii
1415 750 1600 784 consimiles
1627 751 1797 795 subrogari
1825 752 1974 787 debeant.

1236 802 1313 836 Tam
1346 803 1540 837 novitiorum
1562 804 1716 847 magister
1744 815 1842 849 quam
1871 806 2000 840 socius⁴

1237 856 1277 889 ab
1299 856 1336 889 iis
1356 856 1507 890 omnibus
1528 857 1658 897 officiis,
1689 858 1908 902 oneribusque
1926 869 1979 893 va-

1238 909 1398 943 cationem
1419 910 1578 951 habeant,
1601 921 1686 955 quae
1705 911 1901 946 novitiorum
1923 922 1979 946 cu-

1239 973 1305 996 ram
1330 969 1361 997 et
1390 963 1534 1007 regimen
1561 964 1720 1008 impedire
1745 965 1880 999 valeant.
1908 966 1979 1010 lpse

1239 1015 1392 1058 magister
1410 1016 1601 1050 sacerdotali
1627 1017 1741 1051 ordine
1760 1017 1801 1052 sit
1820 1017 1975 1060 initiatus,

1238 1081 1274 1103 ae
1305 1069 1336 1102 in
1367 1069 1481 1114 quinto
1507 1071 1620 1116 saltem
1651 1081 1749 1116 supra
1776 1071 1978 1114 trigesimum

1237 1123 1351 1156 aetatis
1370 1133 1447 1156 suae
1467 1133 1552 1167 anno
1570 1123 1775 1165 constitutus,
1799 1130 1827 1158 et
1845 1135 1904 1168 pet·
1923 1125 1979 1158 de·
2015 1136 2019 1140 ’

1237 1175 1390 1209 connium
1402 1186 1420 1208 a
1433 1175 1633 1219 professione
1642 1176 1757 1210 emissa
1770 1176 1802 1210 in
1812 1176 1979 1220 lteligioue

1238 1230 1423 1275 perstiterit.
1456 1231 1570 1265 Socius
1590 1241 1665 1265 vero
1692 1231 1894 1274 trigesimum
1914 1242 1976 1265 an-

1237 1295 1313 1317 num
1335 1285 1482 1324 excedat;
1501 1285 1629 1328 sintque
1649 1285 1746 1318 ambo
1766 1285 1913 1318 doctrina
1932 1290 1974 1326 et,

1236 1342 1392 1381 quantum
1414 1347 1472 1381 per
1494 1337 1701 1380 superiorem
1722 1337 1922 1380 diligentiam
1947 1343 1979 1372 et

1236 1401 1346 1424 curam
1361 1389 1432 1423 ficri
1446 1390 1577 1434 poterit,
1592 1390 1674 1424 vitae
1694 1391 1791 1424 etiam
1812 1397 1978 1425 anteactae

1237 1444 1384 1488 exemplo
1405 1449 1614 1488 praestantes
1637 1443 1794 1477 orationis
1812 1449 1979 1488 praeterea

1236 1497 1540 1531 etmortificatiouis
1565 1497 1719 1541 operibus
1739 1497 1870 1538 addicti,
1894 1507 1974 1542 pru-

1237 1549 1346 1584 dentia
1365 1549 1586 1594 charitateque
1608 1549 1726 1591 referti,
1750 1560 1815 1584 uon
1834 1550 1904 1584 sine
1931 1550 1978 1584 as-

1237 1603 1390 1637 sabilitatc
1420 1613 1554 1646 graves,
1587 1603 1690 1636 zelum
1716 1603 1771 1637 Dei
1793 1614 1866 1637 eum
1885 1613 1977 1637 man-

1236 1656 1407 1690 suetudine
1424 1657 1691 1700 p1·aesesei·enteS‚
1714 1656 1754 1690 ab
1767 1656 1856 1690 omni
1871 1656 1978 1691 cordis

1237 1720 1274 1743 ac
1299 1709 1397 1742 animi
1425 1709 1690 1753 perturbatione,
1715 1709 1761 1742 ira
1787 1709 1976 1753 praesertim

1237 1769 1268 1796 et
1285 1761 1517 1805 indignatione,
1540 1772 1623 1806 quae
1644 1762 1674 1795 iu
1695 1772 1730 1795 se
1749 1768 1780 1796 et
1800 1773 1878 1806 erga
1897 1762 1978 1797 alios

1237 1815 1426 1850 charitatem
1446 1815 1604 1859 impedire
1618 1821 1864 1855 consueverunt,
1879 1825 1978 1860 quam

1237 1868 1422 1912 longissime
1442 1868 1550 1908 alieni,
1574 1874 1603 1902 et
1626 1869 1704 1902 tales
1721 1869 1851 1902 demum
1872 1868 1928 1913 qui
1943 1868 1978 1903 in

1236 1922 1388 1956 omuibus
1399 1933 1432 1955 se
1442 1922 1528 1966 ipsos
1541 1921 1701 1955 bonorum
1711 1932 1848 1966 operum
1869 1931 1978 1956 exem-

1236 1976 1324 2020 plum
1351 1976 1542 2020 praebeant,
1566 1981 1602 2008 ut
1630 1975 1662 2015 ii,
1696 1975 1752 2019 qui
1778 1985 1892 2009 eorum
1915 1986 1974 2010 cu-

1237 2039 1290 2062 rae
1309 2029 1455 2067 subsunt,
1472 2027 1543 2061 illos
1556 2038 1620 2062 non
1636 2033 1699 2062 tam
1715 2034 1868 2070 metuant,
1880 2038 1978 2073 quam

1238 2087 1454 2121 revereantm·,
1471 2091 1530 2115 nee
1548 2081 1610 2115 illis
1631 2091 1786 2126 umquam
1807 2082 1978 2117 detrahere

1236 2135 1413 2179 quidquam
1428 2134 1560 2178 possint.
1576 2134 1697 2169 llabeat
1710 2135 1806 2169 etiam
1822 2134 1976 2179 magister

1237 2190 1363 2233 plenam
1396 2194 1424 2222 et
1456 2188 1636 2222 absolutam
1670 2194 1860 2233 potestatem
1891 2189 1986 2224 cirea·

1236 2243 1430 2277 novitiorum
1466 2242 1701 2277 institutionem
1733 2254 1770 2276 ac
1806 2242 1978 2278 novitiatus

1235 2296 1391 2339 regimen,
1413 2295 1454 2328 ita
1475 2302 1510 2328 ut
1530 2295 1561 2328 in
1584 2295 1646 2328 illis
1669 2294 1790 2329 nemini
1812 2295 1973 2334 (visitato-

1236 2349 1324 2382 ribus
1335 2360 1370 2382 ae
1386 2348 1610 2393 superioribus
1624 2348 1802 2382 maioribus
1813 2349 1861 2382 vel
1878 2348 1974 2383 etiam

1235 2402 1391 2435 localibus
1421 2401 1582 2445 exeeptis)
1603 2401 1716 2445 quovis
1735 2401 1843 2435 colore
1873 2411 1908 2435 se
1928 2400 1976 2435 in-

1234 2466 1346 2497 gerere
1369 2454 1472 2488 liceat.
1489 2455 1603 2488 Curam
1618 2454 1769 2488 adhibeat
1786 2454 1973 2497 diligentem

1235 2514 1269 2542 ut
1289 2507 1397 2541 novitii
1411 2518 1525 2541 onmes
1537 2507 1566 2541 in
1582 2507 1720 2549 regulari
1742 2506 1909 2552 disciplina
1922 2517 1974 2542 so-

1234 2561 1310 2594 dulo
1331 2566 1550 2599 exerceantur,
1574 2566 1815 2604 {ignoscantque
1843 2558 1971 2605 praeci-

1235 2624 1296 2658 pue
1316 2613 1454 2651 divinae.
1477 2624 1539 2658 qua
1559 2613 1646 2656 digni
1679 2613 1750 2647 sacti
1770 2618 1855 2653 sunt.
1878 2622 1973 2647 voca-
