2253 3195
37 288 86 318 An.
107 288 220 316 c.1599

74 1890 197 1912 Adhortatio
206 1891 231 1912 ile

49 1918 118 1938 officio
132 1918 186 1938 bene
195 1918 231 1938 Διὶ-

49 1944 191 1965 ministrando.

849 286 995 312 cennens

234 336 420 370 efficacibus
439 343 470 369 et
495 335 631 370 insolitis
652 336 815 376 clausulis,
840 336 972 368 irritan-

235 390 383 433 tibusquc
404 395 435 423 et
454 390 524 422 aliis
556 390 707 427 decretis,
742 390 837 422 etiam
860 394 972 427 motu,

234 443 366 476 scientia
386 449 414 476 et
436 444 601 487 potestatis
626 443 825 487 plenitudine
857 442 973 474 simili-

234 496 316 534 bus,
350 507 387 529 ac
408 496 504 529 etiam
531 496 819 535 consistorialiter,
844 501 874 527 et
899 495 976 527 alias

235 550 480 592 quomodolibet.
504 549 675 587 concessis,
699 548 908 587 confirmatis,
930 548 977 580 in-

235 603 369 642 novatis,
393 603 530 635 extensis
550 608 581 635 et
599 602 782 641 moderatis3
804 601 921 644 quibus
941 612 976 633 ac

236 656 387 688 omnibus
407 656 488 695 aliis,
509 666 590 698 quae
611 655 731 687 eisdem
753 654 977 698 praesentibus

237 708 484 752 quomodolibet
503 708 615 741 obesse
630 714 770 751 possent,
795 707 917 740 etiamsi
934 712 978 739 ta-

237 762 279 795 lia
300 767 330 795 et
350 762 451 794 multa
476 767 592 801 essent,
616 772 699 805 quae
717 761 776 794 sub
798 760 978 794 concessio-

237 815 332 848 nibus
351 815 556 857 generalibus
576 825 639 848 non
654 814 809 851 venirent,
833 814 888 846 sed
909 824 996 857 spe-1

237 867 975 912 cialibusomninoindigerentexpressionibus,
995 885 997 894 ι

238 921 380 962 illorum,
405 932 441 954 ac
461 922 722 965 supradictorum
752 921 898 954 omnium
921 931 976 953 ve-

239 974 340 1007 riores
361 981 389 1007 et
412 980 496 1007 totos
522 981 650 1008 tenores
674 975 897 1018 praesentibus
922 985 979 1018 pro

238 1028 332 1070 plene
350 1033 381 1060 et
400 1028 598 1061 sufficienter
628 1029 784 1072 expressis
812 1028 977 1067 babentes,
997 1035 998 1051 ¹

239 1081 301 1114 illis
319 1082 397 1114 alias
413 1082 445 1114 in
459 1092 517 1115 suo
539 1082 657 1114 robore
677 1082 908 1125 permansuris,
922 1082 981 1114 bac

239 1135 306 1168 vice
318 1136 494 1176 dumtaxat,
518 1135 632 1168 harum
646 1135 738 1175 serie,
756 1136 938 1179 specialiter
952 1141 979 1167 et

239 1199 398 1232 expresse,
410 1199 447 1222 ac
467 1189 676 1232 amplissime,
694 1195 794 1229 motu,
805 1189 938 1222 scientia
951 1194 982 1221 et.
998 1197 1000 1208 ³

238 1243 403 1286 potestatis
424 1242 624 1286 plenitudine
644 1242 813 1283 similibus,
838 1248 868 1275 et
882 1243 921 1275 ad
935 1243 982 1275 es-

239 1295 356 1329 sectum
377 1295 549 1329 validitatis
560 1295 748 1328 earumdem
762 1295 982 1339 praesentium

241 1348 452 1391 derogamus3
482 1349 635 1393 quodque
656 1354 708 1387 tu,
738 1348 823 1381 iuxta
842 1348 984 1392 praefata

240 1402 365 1443 omnia,
389 1402 602 1446 qualificatus,
626 1408 656 1435 et
676 1402 699 1435 Ι.
724 1402 758 1435 U.
783 1403 817 1435 Di
841 1412 906 1435 non
926 1402 980 1441 sis,
1000 1411 1002 1449 'g

241 1455 440 1499 caeterisque
453 1455 622 1488 contrariis
637 1455 904 1498 quibuscumque.
923 1456 984 1487 Aut

241 1509 267 1542 si
287 1509 448 1552 aliquibus
468 1509 684 1542 communitor
703 1510 751 1541 vel
773 1508 920 1547 divisim,
945 1509 983 1541 ab

243 1563 357 1595 eadem
375 1562 414 1595 sit
425 1562 506 1595 Sede
520 1562 693 1601 indultum,
718 1562 805 1605 quod
820 1561 981 1597 interdici,

243 1616 394 1659 suspendi
419 1616 468 1648 vel
489 1615 763 1648 excommunicari
784 1625 849 1647 non
862 1615 1003 1658 possintt

243 1669 433 1713 perlitteras
451 1669 643 1713 apostolicas
662 1679 727 1701 non
748 1668 898 1701 facientes
911 1669 982 1712 ple-

243 1734 316 1756 nam
344 1729 374 1756 et
394 1733 587 1767 expressam,
613 1734 648 1756 ac
669 1723 708 1756 de
729 1722 826 1755 verbo
846 1723 886 1755 ad
910 1733 982 1755 ver-

243 1777 320 1810 bum
335 1777 374 1810 de
395 1777 519 1809 indulto
541 1776 727 1809 huiusmodi
755 1776 964 1808 mentionem.
1002 1783 1004 1798 ¹

290 1832 306 1872 ξ
331 1829 384 1863 43,
407 1831 452 1863 Tu
478 1829 597 1872 igitur,
620 1828 846 1862 benedictione
877 1834 1005 1862 nostra>

247 1884 346 1916 fretus
361 1911 368 1923 ,
392 1893 463 1916 eam
489 1883 521 1915 in
542 1883 738 1915 demandato
760 1882 818 1914 tibi
849 1893 866 1914 a
895 1875 1005 1915 nobis*

247 1937 308 1971 hoc
329 1948 462 1970 munere
487 1947 617 1981 operam
640 1942 803 1980 praestare
831 1936 958 1969 curabis
977 1963 983 1977 ,

247 1997 282 2024 ut
302 1991 335 2030 ii,
359 2002 439 2034 quos
459 1991 521 2024 iam
543 1991 652 2023 animo
681 1989 890 2034 percipimus,
915 1990 984 2022 sru—

248 2051 317 2078 ctus
337 2045 495 2078 industria
516 2050 569 2077 tua
593 2044 737 2088 quotidie
762 2043 864 2085 magis
884 2054 985 2085 auge-

248 2103 354 2138 scant,
378 2108 501 2141 nosque
521 2102 551 2130 et
572 2097 737 2140 praedicta
762 2096 859 2130 Sedes
880 2107 937 2139 per
959 2102 988 2129 te

248 2151 370 2195 optime
390 2150 589 2184 consuluisse
608 2150 776 2182 laetemur.
805 2149 889 2182 Nulli
911 2159 988 2191 ergo

249 2205 382 2238 omnino
409 2203 578 2237 bominum
595 2230 602 2243 ,
633 2206 689 2235 etc.
714 2202 745 2236 Si
776 2202 847 2245 quis
865 2208 985 2243 autem,

249 2263 320 2299 etc„
349 2258 565 2291 incursurum.

291 2313 404 2346 Datum
427 2312 547 2344 Romae
568 2310 652 2353 apud
681 2309 711 2342 S.
735 2309 877 2349 Petrum,
905 2319 989 2341 anno

249 2364 481 2399 lnearnationis
510 2363 697 2397 Dominicae
722 2372 853 2401 mxcix,
878 2362 1007 2405 quinto*

250 2419 375 2452 decimo
388 2418 540 2450 kalendas
552 2415 699 2456 ianuarii,
714 2415 920 2458 pontificatus
932 2425 990 2447 no-

249 2473 305 2506 stri
326 2482 410 2505 anno
430 2481 499 2504 vm.

287 2535 344 2561 Dat.
366 2533 408 2560 die
424 2533 458 2560 18
473 2532 610 2560 decembr.
631 2532 710 2565 1509,
728 2530 823 2566 pontis.
842 2538 886 2557 an.
903 2536 960 2556 vnt.

1015 286 1073 310 vm
1093 285 1142 310 rr.
1656 269 1719 301 550

1302 332 1451 367 ccxxlv.

1012 442 1175 481 Dcclarat,
1197 451 1399 484 quocumque
1422 438 1594 482 prt'rileqio
1615 448 1679 470 non
1700 437 1752 469 ob-

1055 509 1176 543 stante,
1214 503 1372 536 neminem
1412 513 1450 534 cr
1484 501 1752 534 Fert—ariensibus

1055 570 1236 608 exemptum
1251 576 1315 597 esse
1327 576 1347 596 α
1364 575 1424 596 sua
1444 574 1538 607 opera
1553 561 1753 606 praestanda

1055 628 1219 660 custodiae
1240 631 1267 660 et
1289 627 1492 670 reparationi
1512 635 1668 669 aqyeritm
1692 624 1754 667 flu-

1056 691 1157 723 minis
1177 690 1265 723 Padi
1282 690 1301 722 ¹.

1218 781 1350 807 Clemens
1371 780 1449 812 Papa
1472 779 1550 807 vm.

1138 833 1173 860 ad
1197 836 1371 866 perpetuam
1386 832 1429 859 rei
1446 831 1628 858 memoriam-

1059 915 1075 955 ξ
1090 913 1120 945 ’1.
1135 913 1211 946 Cum
1227 923 1285 945 nos
1298 912 1387 951 alias,
1404 922 1461 955 per
1470 911 1635 944 nostrasin
1652 911 1755 943 forma

1014 966 1118 999 brevis
1133 966 1265 1004 litteras,
1289 971 1377 998 motu
1391 965 1535 1009 proprio,
1551 975 1664 997 omnes
1687 964 1750 996 im-

1016 1020 1198 1059 munitates,
1222 1020 1442 1063 exemptiones
1463 1025 1493 1052 et
1514 1019 1694 1057 libertates,
1719 1028 1755 1050 ac

1016 1073 1184 1117 privilegia
1202 1084 1426 1117 quaecumque
1448 1083 1506 1116 per
1526 1072 1623 1105 duces
1643 1073 1757 1105 Ferra-

1016 1128 1081 1160 riae
1092 1127 1256 1171 quibusvis
1266 1127 1413 1170 personis
1426 1136 1577 1159 concessa
1589 1125 1677 1168 (licet
1686 1131 1757 1168 post

1017 1181 1152 1214 civitatis
1179 1187 1210 1214 et
1238 1181 1371 1213 ducatus
1397 1179 1610 1212 Ferrariensis
1634 1179 1674 1212 ad
1699 1189 1758 1211 nos

1017 1240 1048 1267 et
1066 1235 1214 1268 Sanctam
1228 1234 1407 1266 Romanam
1421 1232 1594 1265 Ecclesiam
1607 1259 1613 1271 ‚
1626 1243 1662 1264 ac
1674 1233 1758 1275 Apo-

1017 1287 1162 1320 stolicam
1184 1287 1299 1319 Sedem
1322 1285 1755 1328 devolutioncmsequutam,

1018 1346 1049 1374 et
1069 1351 1086 1373 a
1106 1340 1199 1373 nobis
1219 1339 1362 1382 legitime
1385 1344 1596 1382 acceptatam,
1617 1349 1653 1370 ac
1674 1338 1759 1370 eius-

1019 1395 1090 1427 dem
1113 1394 1248 1427 civitatis
1269 1394 1447 1427 etducatus
1464 1392 1536 1426 Scdi
1558 1398 1588 1425 et
1608 1392 1759 1425 Gamerae

1018 1448 1190 1493 praedictis
1215 1446 1510 1491 incorporationem
1543 1457 1601 1489 per
1624 1456 1682 1478 nos
1715 1446 1760 1477 sa-

1019 1503 1118 1545 etam>
1132 1502 1272 1534 resoluta
1286 1506 1317 1534 et
1329 1511 1460 1544 prorsus
1477 1500 1613 1532 extincta
1629 1499 1761 1531 fuissent

1020 1561 1050 1588 et
1063 1561 1184 1594 essent·,
1208 1554 1410 1587 attendentes
1430 1557 1559 1585 nostrae
1574 1562 1609 1584 ac
1624 1554 1761 1595 Aposto—

1019 1610 1099 1642 licae
1118 1609 1208 1643 Sedis
1233 1608 1380 1650 dignitati
1413 1606 1552 1639 maxime
1574 1605 1758 1645 convenire,

1020 1669 1051 1696 et
1079 1673 1138 1706 pro
1172 1662 1376 1695 subditorum
1408 1667 1593 1694 nostrorum
1625 1659 1762 1693 utilitate

1021 1717 1116 1749 etiam
1137 1716 1179 1749 ita
1200 1715 1362 1759 expedire,
1387 1715 1425 1747 (le
1447 1714 1577 1758 speciali
1599 1713 1701 1756 gratia
1715 1713 1762 1745 in·-

1020 1770 1257 1809 novaverimus,
1281 1775 1311 1802 et
1331 1769 1369 1801 de
1387 1778 1470 1801 novo
1492 1766 1759 1805 concesserimus3

1021 1829 1051 1856 et
1068 1823 1184 1856 deinde
1200 1821 1331 1855 diversis
1352 1820 1600 1865 particularibus
1617 1819 1763 1863 personis

1021 1877 1137 1910 similia
1161 1876 1343 1920 privilegia,
1367 1874 1588 1907 immunitates
1605 1881 1636 1906 et
1656 1884 1763 1906 exem-

1021 1931 1148 1975 ptiones
1169 1930 1245 1974 ipsis
1262 1929 1388 1973 pridem
1403 1939 1421 1961 a
1434 1928 1526 1961 dictis
1537 1928 1673 1961 ducibus
1685 1938 1763 1961 con-

1023 1995 1126 2018 cessas
1150 1983 1343 2017 nominatim
1375 1982 1634 2016 innovaverimus
1665 1986 1696 2014 et
1725 1982 1764 2014 de

1022 2049 1105 2071 novo
1126 2036 1390 2077 concesserimus,
1414 2041 1510 2079 prout
1527 2035 1559 2067 in
1580 2034 1712 2068 diversis
1733 2034 1764 2066 in

1023 2093 1126 2125 forma
1156 2091 1261 2124 brevis
1293 2090 1447 2134 expeditis
1487 2089 1600 2122 litteris
1638 2088 1764 2132 plenius

1023 2145 1216 2178 continetur.

1068 2201 1084 2240 ξ
1106 2198 1135 2231 2.
1164 2198 1319 2241 Cumque,
1343 2197 1425 2229 sicut
1449 2196 1643 2240 accepimus,
1672 2196 1764 2228 multi

1024 2264 1059 2286 cx
1073 2252 1258 2286 huiusmodi
1273 2251 1481 2295 privilegiatis
1494 2250 1707 2294 praetendant
1717 2260 1761 2290 se,

1023 2306 1131 2348 vigore
1152 2306 1313 2338 dictorum
1335 2304 1576 2348 privilegiorum
1599 2303 1674 2347 ipsis
1688 2314 1766 2336 eon-

1024 2369 1201 2398 cessorum,
1222 2369 1239 2391 a
1261 2358 1414 2391 custodiis
1432 2363 1462 2391 et
1482 2357 1651 2390 laboreriis
1672 2367 1767 2399 agge-

1025 2422 1095 2444 rum
1118 2411 1260 2444 ssuminis
1279 2411 1356 2444 Padi
1378 2416 1407 2444 et
1426 2410 1686 2454 aquaeductuum
1710 2421 1767 2453 pu-

1026 2465 1185 2498 blicorum
1207 2470 1371 2507 exemptos
1391 2470 1422 2497 et
1442 2464 1603 2496 immunes
1628 2473 1707 2503 esse,
1732 2473 1768 2495 ac

1027 2525 1197 2565 propterea
1227 2518 1264 2550 iis
1291 2517 1496 2550 contribuere
1517 2523 1547 2550 et
1574 2516 1768 2550 intervenire

1028 2574 1133 2607 forsan
1154 2577 1313 2605 recusent.

1072 2629 1088 2669 ξ
1106 2625 1136 2659 3.
1153 2625 1216 2658 Nos
1230 2624 1524 2658 animadvertentes
1536 2623 1687 2668 publicae
1700 2633 1769 2657 orn-

1064 2692 1074 2716 l
1095 2689 1130 2716 Ex
1143 2689 1248 2724 llegest.
1263 2688 1288 2715 in
1305 2688 1407 2714 Seeret.
1427 2687 1559 2717 Brevium.

1767 279 1815 306 An.
1833 279 1860 305 C.
1884 278 1950 306 1600

1784 927 1955 948 ferrariensibus

1771 954 1914 979 exemptiones
1943 960 1955 973 a

1771 981 1861 1001 :tut-ibus
1870 986 1955 1000 conce<-

1771 1014 1805 1027 ηις
1825 1007 1954 1027 confirmati!

1772 1035 1874 1055 (lit-inens.

1827 2201 1920 2223 Nonnulli
1942 2207 1965 2222 se

1780 2229 1882 2249 immunes
1901 2235 1913 2248 a
1929 2235 1966 2249 cu-

1780 2256 1848 2276 stotlla
1865 2261 1964 2281 aggerum

1781 2282 1832 2302 Padi
1842 2282 1967 2302 asscrebant
