2253 3195
246 240 299 268 An.
315 239 344 268 c.
362 239 432 268 1596
475 229 541 264 310

445 288 518 322 dem
539 287 662 330 collega
681 296 769 326 meo,
797 285 868 318 iuro
888 285 994 328 ipsum
1013 283 1188 317 Henricum

267 350 430 380 proemiorum
445 351 553 383 regem
575 341 656 384 (Deo
677 339 826 381 iuvante)
845 343 1046 371 servaturum
1074 337 1188 381 poeni-

246 377 431 433 ἷιῖζῖἶῗιῑεξῑᾎῗέῗῗὶῗ
447 394 559 427 tentias
579 393 639 426 sibi
659 403 677 425 a
696 391 868 426 Sanctitate
889 391 1000 424 Vestra
1018 390 1189 433 iniungen-

245 430 324 477 efflue
351 430 431 456 mse*
445 448 513 487 das,
537 451 567 479 et
585 445 681 478 huius
701 445 835 478 Sanctae
865 444 955 477 Sedis
986 443 1188 487 Apostolicae

446 499 604 532 mandatis
633 498 772 531 libenter
802 497 1114 541 obtemperaturum.
1138 498 1189 530 In-

444 563 541 596 super
561 562 620 594 ego
641 551 775 585 Iacobus
793 555 986 594 procurator
1004 550 1189 594 praedictus

444 617 518 639 cum
538 605 705 650 praedicto
729 605 871 638 Arnaldo
891 605 1016 647 collega
1035 615 1126 645 meo,
1149 605 1188 637 ad

444 658 724 692 confirmationem
738 663 770 691 et
781 657 1082 691 corroborationem
1095 668 1190 701 prae-

444 712 628 752 missorum,
651 716 681 745 et
702 711 742 744 ad
767 711 924 744 maiorem
950 710 1189 754 expressionem

444 771 474 799 et
501 765 753 799 declarationem
784 765 929 798 sincerae
959 764 1133 798 voluntatis
1160 770 1190 798 et

444 818 620 852 catholicae
640 818 716 852 fidei
736 817 812 851 dicti
831 817 961 851 Henrici
986 818 1070 860 regis
1088 818 1189 851 nostri

442 869 640 914 principalis,
664 869 898 913 infrascriptam
921 875 1050 903 sanctae
1077 870 1189 903 catho-

444 922 525 956 licae
561 929 591 956 et
619 922 818 956 orthodoxae
845 921 920 956 fidei
955 923 1189 967 professionem

444 986 592 1020 expresse
611 976 693 1010 facio
718 983 749 1010 et
769 977 892 1018 emitto,
916 987 975 1020 pro
993 986 1058 1021 quo
1077 976 1190 1010 simili-

444 1036 493 1064 ter
512 1031 552 1064 de
571 1036 642 1064 rato
659 1031 825 1076 promitto,
848 1036 885 1065 ut
904 1031 997 1072 infra,
1021 1030 1114 1064 firma
1127 1030 1190 1064 fide

445 1084 543 1117 credo
562 1089 658 1128 atque
685 1084 842 1128 profiteor
862 1083 972 1117 omnia
993 1088 1024 1116 et
1043 1083 1186 1126 singula,

444 1147 528 1181 quae
548 1137 756 1171 continentur
776 1137 809 1171 in
835 1137 981 1182 symbolo
1005 1137 1104 1178 fidei,
1125 1148 1190 1181 quo

445 1191 563 1225 Sancta
579 1191 725 1225 Romana
741 1191 882 1225 Ecclesia
894 1191 1006 1231 utitur,
1023 1191 1186 1224 videlicet:

445 1243 547 1277 Credo
569 1243 601 1277 in
626 1254 728 1278 unum
753 1245 854 1279 Deum
884 1245 1011 1278 Patrem
1040 1245 1190 1288 omnipo-

445 1303 579 1338 tentem,
600 1298 753 1332 factorem
785 1298 866 1332 coeli
894 1303 925 1331 et
945 1303 1061 1339 terrae,
1084 1297 1192 1331 visibi-

447 1350 525 1384 lium
540 1350 684 1384 omnium
703 1356 734 1384 et
754 1351 974 1384 invisibilium.
991 1351 1027 1384 Et
1045 1351 1076 1384 in
1090 1361 1190 1384 unum

446 1404 621 1438 Dominum
654 1405 757 1438 lesum
793 1404 954 1438 Christum
984 1404 1101 1438 Filium
1136 1405 1191 1438 Dei

445 1457 674 1500 Unigenitum;
697 1463 727 1490 et
747 1468 784 1491 cx
802 1457 896 1491 Patre
921 1463 1032 1491 natum
1062 1463 1135 1491 ante
1155 1467 1192 1491 o-

447 1511 534 1545 mnia
558 1511 708 1551 saecula;
731 1511 831 1544 Deum
853 1511 892 1544 de
912 1511 998 1551 Deo,
1022 1511 1132 1545 lumen
1152 1511 1192 1544 de

448 1565 581 1605 lumine,
609 1565 709 1598 Deum
731 1575 842 1598 verum
864 1565 903 1598 de
923 1565 987 1598 Deo
1012 1575 1109 1605 vcr03
1137 1575 1192 1607 ge-

447 1618 561 1657 nitum,
576 1628 640 1651 non
662 1619 793 1658 tactum,
809 1617 1114 1651 consubstantialem
1133 1618 1192 1651 Pa-

448 1671 499 1711 tri,
514 1681 573 1715 per
587 1682 683 1716 quem
705 1671 814 1704 omnia
835 1671 914 1704 facta
933 1676 1026 1704 sunt:
1047 1671 1106 1710 Qui
1119 1681 1192 1715 pro-

447 1730 518 1769 pter
537 1735 596 1758 nos
616 1725 775 1765 homines,
790 1731 820 1758 et
840 1731 972 1769 propter
987 1731 1130 1758 nostram
1144 1736 1193 1759 sa-

448 1779 545 1812 lutem
572 1778 738 1812 descendit
757 1779 797 1811 de
820 1778 936 1819 coelis·‚
959 1784 991 1812 et
1009 1778 1193 1812 incarnatus

448 1838 495 1865 est
514 1832 554 1865 de
577 1831 698 1875 Spiritu
717 1831 834 1865 Sancto
855 1842 891 1864 ex
910 1831 1007 1864 Maria
1036 1831 1166 1874 Virgine
1182 1843 1189 1870 3

448 1890 479 1918 et
499 1885 598 1918 homo
620 1885 720 1918 sactus
739 1889 796 1917 cst.
820 1884 995 1918 Crucifixus
1015 1884 1111 1917 etiam
1132 1895 1192 1928 pro

448 1938 541 1972 nobis
560 1938 619 1971 sub
644 1937 757 1971 Pontio
788 1937 906 1977 Pilato,
931 1948 1063 1981 passus,
1087 1943 1118 1970 et
1137 1948 1189 1970 se-

448 1992 556 2035 pultus
571 1997 627 2025 est.
648 1991 681 2024 Et
699 1991 873 2024 resurrexit
897 1991 987 2024 tertia
1011 1991 1062 2024 dic
1079 2002 1192 2024 secun-

448 2045 525 2078 dum
550 2045 742 2089 Scripturas.
766 2045 801 2078 Et
823 2045 967 2078 ascendit
988 2044 1018 2077 in
1040 2045 1165 2078 coelum
1181 2073 1188 2086 ,

448 2100 539 2132 sedet
561 2099 602 2132 ad
623 2098 787 2131 dexteram
808 2097 862 2131 Dei
887 2097 1000 2131 Patris.
1018 2097 1055 2131 Et
1075 2097 1190 2131 iterum

447 2158 602 2186 venturus
615 2157 662 2185 cst
675 2162 746 2184 cum
769 2150 871 2192 gloria
892 2150 1034 2184 iudicare
1055 2151 1141 2184 vivos
1162 2156 1193 2185 et

450 2212 610 2247 mortuos,
634 2205 725 2238 cuius
751 2204 841 2248 regni
868 2214 931 2237 non
963 2204 1022 2237 orit
1050 2204 1131 2238 sinis.
1156 2205 1193 2239 Et

451 2259 480 2292 in
501 2259 656 2303 Spiritum
677 2260 829 2292 Sanctum
851 2257 1035 2297 Dominum,
1059 2263 1087 2290 ct
1110 2258 1188 2290 viri-

450 2314 616 2353 ttcantmm
640 2313 693 2357 qui
720 2324 755 2346 cx
778 2312 886 2351 Patre,
911 2311 1056 2356 Filioque
1081 2322 1192 2355 prore-

450 2367 517 2406 dit‘,
541 2367 594 2411 qui
613 2377 686 2399 cum
708 2366 800 2399 l'atro
821 2371 849 2398 et
880 2365 970 2405 Filio,
999 2365 1093 2398 simul
1115 2366 1192 2399 ado-

451 2426 539 2452 ratur
553 2425 584 2452 ct
604 2419 883 2460 conuloriiicatm··‚
906 2409 1133 2463 qui‘loquutus
1146 2424 1193 2452 est

451 2484 508 2516 per
528 2473 719 2516 prophetam
743 2478 773 2505 nt
795 2483 890 2505 unam
912 2473 1059 2506 Sanctam
1078 2472 1193 2505 Catho-

452 2525 544 2558 livarn
559 2530 587 2557 vt
603 2525 816 2569 Apostolicam
832 2525 1016 2558 Ecclesiam.
1033 2524 1194 2558 Confiteor

453 2589 551 2610 unum
574 2578 778 2622 baptismam
801 2579 1022 2612 remissionem
1045 2583 1191 2623 pcccato-

455 2641 544 2671 rum’,
567 2637 597 2664 cet
615 2638 747 2676 expecto
763 2632 1031 2666 resurrectionem
1048 2637 1192 2665 mortuo-

1019 235 1203 261 BULLAnnm
1221 235 1376 260 nouatum!

2237 191 2239 209 t

1981 233 2032 261 An.
2047 232 2077 261 c.
2095 229 2164 263 «πθ
2187 246 2190 248 v

1222 294 1313 324 rum;
1347 288 1377 317 et
1406 282 1503 316 vitam
1535 282 1660 316 venturi
1689 282 1819 317 saeculi.
1847 283 1961 317 Arnen.

1221 336 1421 380 Apostolicas
1450 341 1479 369 et
1506 335 1737 369 ecclesiasticas
1761 335 1962 376 traditiones,
2005 347 2146 378 Ultra-symb

1220 389 1426 433 reliquasque
1454 389 1597 422 eiusdem
1623 388 1783 422 Ecclesiae
1809 389 1962 422 observa-
1979 375 2126 432 llffi‘a‘ffi'ff

1222 443 1325 476 tiones
1340 470 1347 483 ,
1370 447 1401 475 et
1429 435 1674 476 constitutiones
1702 441 1886 475 firmissime
1910 443 1966 476 ad-
1979 428 2161 485 ῗιῖῗςῖἒῖιῖοὲἑῖἒ

1222 495 1315 529 mitto
1333 501 1364 528 et
1376 496 1564 539 amplector.
1585 495 1664 528 Item
1682 505 1804 528 sacram
1825 495 1966 539 Scriptu-
1979 480 2154 534 ‘3¹2¹”212ffl'0

1222 560 1291 593 ram
1303 576 1310 590 ‚
1329 549 1414 582 iuxta
1435 559 1508 582 eum
1531 559 1675 590 sensum,
1699 559 1797 592 quem
1814 549 1917 582 tenuit
1936 554 1968 582 et
1981 538 2021 556 ‘¹¹¹²

1224 608 1310 636 tenet
1339 608 1448 636 sancta
1479 608 1583 636 mater
1605 603 1767 644 Ecclesia,
1801 602 1893 636 cuius
1920 608 1967 636 est

1223 656 1366 690 iudicare
1387 657 1426 690 de
1446 667 1522 690 vero
1542 667 1638 690 sensu
1655 663 1687 690 et
1702 656 1968 700 interpretatione

1223 709 1392 743 Sacrarum
1423 709 1662 753 Scripturarum
1675 737 1683 750 ‚
1718 709 1874 750 admitto;
1907 720 1968 743 nec

1223 773 1294 796 eam
1315 773 1459 806 unquam
1479 762 1540 796 nisi
1564 763 1651 796 iuxta
1669 763 1857 796 unanimem
1884 773 1964 796 con-

1222 826 1351 849 sensum
1372 816 1502 850 Patrum
1523 815 1679 860 accipiam
1710 821 1741 849 et
1769 815 1965 860 interpreta-

1222 869 1293 902 bor.
1320 869 1479 902 Profiteor
1504 879 1633 913 quoque
1653 874 1776 913 septem
1805 879 1874 902 esse
1893 879 1968 903 vere

1223 928 1254 955 et
1270 922 1402 966 proprie
1422 927 1625 956 sacramenta
1644 932 1745 956 novae
1765 922 1845 966 legis
1861 933 1880 957 a
1897 923 1969 957 lesu

1223 975 1346 1008 Christo
1374 975 1511 1009 Domino
1539 980 1650 1009 nostro
1681 975 1845 1017 instituta,
1873 981 1969 1023 atque

1223 1029 1264 1062 ad
1294 1028 1429 1062 salutem
1451 1028 1588 1062 humani
1620 1029 1765 1072 generis,
1797 1029 1871 1063 licet
1902 1039 1968 1062 non

1224 1083 1333 1115 onmia
1355 1082 1509 1125 singulis,
1533 1083 1731 1124 necessaria,
1752 1082 1874 1117 scilicet
1903 1083 1965 1116 Ba-

1223 1137 1388 1181 ptismum‚
1408 1135 1705 1177 Confirmationem‚
1718 1136 1964 1177 Eucharistiam,

1224 1189 1470 1231 Poenitentiam,
1486 1190 1668 1223 Extremam
1685 1189 1889 1231 Uncfionem,
1912 1190 1969 1224 Or-

1225 1242 1333 1276 dinem
1354 1248 1385 1276 et
1404 1242 1663 1283 Matrimonium
1693 1242 1812 1287 illaque
1832 1242 1968 1285 gratiam

1225 1297 1392 1337 conferre,
1421 1302 1452 1329 et
1471 1307 1508 1329 cx
1524 1296 1576 1329 'his
1599 1296 1798 1340 Baptismum
1814 1324 1821 1337 ,
1844 1296 1969 1330 Confir-

1226 1350 1402 1384 mationem
1430 1356 1462 1383 et
1485 1350 1639 1384 Ordinem
1655 1377 1662 1390 ‚
1686 1350 1754 1383 sine
1774 1350 1943 1393 sacrilegio
1958 1378 1966 1391 ,

1226 1403 1372 1437 reiterari
1393 1413 1458 1436 non
1479 1413 1585 1447 posse.
1612 1403 1769 1447 Receptos
1789 1413 1918 1448 quoque
1939 1409 1970 1437 et

1226 1457 1420 1501 approbatos
1440 1456 1623 1491 Catholicae
1648 1456 1808 1490 Ecclesiae
1836 1455 1916 1490 ritus
1937 1456 1970 1490 in

1223 1515 1499 1544 sacramentorum
1529 1509 1791 1554 supradictorum
1823 1509 1969 1555 omnium

1223 1563 1360 1597 solemni
1391 1563 1671 1597 administratione
1685 1590 1693 1604 ‚
1713 1563 1836 1607 recipio
1856 1568 1888 1596 et
1907 1556 1967 1596 ad-

1225 1617 1328 1650 mitto.
1346 1616 1460 1651 Omnia
1481 1622 1511 1650 et
1530 1616 1667 1660 singula,
1683 1626 1767 1660 quae
1785 1616 1824 1650 de
1837 1621 1970 1660 peccato

1224 1669 1391 1713 originali,
1415 1675 1445 1703 et
1476 1669 1514 1703 de
1540 1668 1766 1703 iustificatione
1796 1669 1828 1702 in
1857 1678 1967 1702 sacro-

1224 1729 1334 1757 sancta
1353 1723 1542 1758 Tridentina
1561 1723 1690 1769 Synodo
1711 1722 1844 1757 definita
1864 1728 1895 1756 et
1916 1722 1972 1756 de-

1224 1777 1343 1810 clarata
1358 1777 1499 1817 suerunt,
1514 1776 1694 1820 amplector
1706 1781 1738 1809 et
1751 1775 1972 1820 recipio.Pro-

1224 1829 1318 1863 fiteor
1335 1829 1456 1873 pariter
1475 1829 1507 1862 in
1529 1829 1626 1862 missa
1643 1828 1751 1862 offerri
1765 1829 1830 1863 Deo
1842 1838 1967 1869 verum,

1224 1883 1391 1927 proprium
1421 1888 1452 1916 et
1482 1882 1743 1927 propitiatorium
1774 1881 1970 1916 sacrificium

1224 1947 1283 1980 pro
1303 1936 1380 1970 vivis
1400 1943 1431 1970 ct.
1450 1936 1608 1970 defunctis
1622 1964 1629 1977 ‚
1653 1942 1750 1980 atque
1771 1936 1803 1969 in
1835 1935 1970 1970 sanctis-

1222 1990 1305 2023 simo
1325 1990 1543 2025 Eucharistiae
1562 1994 1782 2031 sacramento,
1797 1999 1866 2023 esse
1882 1999 1968 2030 vere,

1225 2044 1353 2078 realiter
1372 2049 1402 2077 et
1422 2043 1675 2078 substantialiter
1694 2053 1812 2088 corpus
1836 2049 1868 2078 et
1898 2053 1973 2077 san-

1224 2098 1353 2139 guinem
1371 2125 1378 2138 ,
1410 2108 1474 2132 una
1507 2108 1580 2131 cum
1612 2097 1719 2130 anima
1749 2102 1780 2131 et
1808 2096 1973 2131 divinitate

1224 2152 1349 2185 Domini
1371 2152 1471 2185 nostri
1492 2152 1561 2186 lesu
1581 2151 1707 2192 Christi,
1734 2150 1871 2196 fierique
1892 2159 1970 2185 con-

1224 2205 1402 2238 versionem
1416 2204 1512 2238 totius
1525 2204 1722 2238 substantiae
1735 2203 1827 2249 panis
1840 2203 1871 2236 in
1892 2213 1973 2237 cor-

1224 2268 1293 2302 pus,
1317 2263 1347 2291 et
1370 2257 1466 2290 totius
1488 2256 1684 2290 substantiae
1704 2256 1767 2290 vini
1793 2255 1825 2289 in
1844 2255 1972 2299 sangui-

1224 2321 1309 2351 nem;
1321 2321 1417 2355 quam
1430 2310 1673 2344 conversionem
1687 2309 1848 2344 Catholica
1861 2309 1970 2343 Eccle-

1223 2364 1270 2397 sia
1293 2363 1665 2397 transubstantiationem
1687 2363 1838 2407 appellat.
1859 2363 1974 2397 Fateor

1224 2417 1319 2452 etiam
1333 2417 1392 2451 suh
1406 2417 1506 2450 altera
1525 2422 1647 2450 tantum
1669 2415 1787 2461 specie,
1806 2421 1907 2450 totum
1927 2421 1974 2450 at-

1225 2481 1287 2515 que
1319 2471 1479 2513 integrum
1508 2470 1690 2510 Christum,
1715 2479 1890 2514 rerumque
1916 2479 1969 2503 sa-

1224 2530 1425 2558 cramentum
1446 2524 1541 2557 sumi.
1566 2524 1754 2557 Constanter
1774 2529 1867 2557 teneo
1887 2522 1970 2557 Pur-

1224 2578 1384 2618 uatorium
1417 2588 1507 2618 esse,
1531 2577 1720 2622 animasque
1753 2576 1796 2610 ibi
1825 2577 1973 2610 detentas

1224 2631 1368 2665 fidelium
1406 2630 1566 2674 suffragiis
1604 2630 1715 2664 iuvari.
1751 2628 1905 2664 Similiter
1940 2633 1974 2662 et
