2253 3195
221 195 271 222 An.
289 195 319 222 C.
337 194 405 223 1595

212 1056 324 1079 Contraria
338 1057 398 1079 tollit.

450 186 515 221 216
1001 198 1185 222 numanum
1203 198 1357 223 ROMANUM

417 254 458 279 ne
473 250 721 288 augmentorum
733 251 765 279 et
777 245 1021 289 impositionum
1041 245 1156 278 huius-
1193 245 1352 287 dictione,
1376 256 1414 280 ex
1433 247 1544 290 quavis
1574 256 1670 281 causa
1689 247 1936 292 quomodolibet

417 297 507 332 modi
536 298 597 331 irui
629 303 660 332 et
684 298 847 341 gaudere;
878 297 944 331 'non
968 298 1159 342 permittens
1193 299 1500 333 dismembratorum
1512 305 1544 334 et
1559 306 1847 344 sequestratorum,
1869 301 1930 335 do-

406 361 472 396 cos
492 352 630 396 desuper
649 363 666 385 a
687 362 862 396 quoquam,
890 352 1000 396 quavis
1019 351 1160 386 auctori·
1193 351 1299 394 minis,
1333 363 1390 386 seu
1420 353 1613 394 comitibus,
1647 359 1703 388 aut
1731 354 1929 394 feudatariis,

418 410 480 438 tate
495 433 502 445 ‚
531 406 776 449 quomodolibet
805 405 946 439 indebite
978 405 1154 439 mohestari.
1192 405 1366 446 livellariis,
1386 406 1529 440 vassallis
1549 412 1580 440 et
1597 406 1862 441 universitatibus
1874 418 1934 451 per

417 458 676 492 Contradictores
696 459 857 503 quoslibet
877 469 937 503 per
956 469 1108 493 censuras
1127 465 1159 492 et
1191 468 1415 503 quoscumque
1449 460 1612 494 Romanos
1640 460 1814 494 Pontifices
1832 471 1929 506 prae-

416 522 537 556 poenas
556 513 809 555 ecclesiasticas,
836 524 873 546 ac
892 513 954 547 alia
974 519 1157 558 opportuna
1171 537 1175 569 Ι
1191 512 1376 546 decessores
1405 519 1543 555 nostros,
1566 524 1604 547 ac
1623 524 1682 547 nos
1703 519 1734 547 et
1757 513 1871 547 Sedem
1892 515 1933 548 Α-

416 565 496 599 iuris
512 571 543 598 et
563 565 637 599 sacti
662 567 808 600 remedia
831 567 1080 611 compescendo;
1101 576 1158 600 vos
1190 565 1394 609 postolicam,
1414 566 1511 600 etiam
1531 577 1591 611 per
1613 567 1697 600 viam
1716 567 1796 610 legis
1816 572 1848 601 et
1870 573 1933 601 sta-

415 629 503 659 vero,
526 629 582 652 seu
603 619 772 664 deputatos
783 620 968 664 quotannis,
987 630 1097 654 coram
1118 630 1156 653 eo
1191 618 1249 652 tuti
1269 619 1429 663 perpetui,
1453 625 1485 654 et
1497 630 1534 654 ex
1547 620 1658 664 quavis
1678 620 1775 654 etiam
1796 630 1932 654 onerosa

415 672 574 717 rationem
595 673 771 707 exactionis
791 679 822 707 et
850 673 1060 718 expositionis
1076 684 1156 717 aug·
1189 683 1304 714 causa,
1327 673 1387 707 sub
1415 673 1675 718 quibuscumque
1707 674 1873 708 tenoribus
1900 679 1932 708 et

414 731 598 759 mentorum
636 727 826 760 eorumdem
862 727 999 761 reddere
1036 726 1152 768 faciat,
1171 727 1174 748 ³
1190 725 1313 767 formis,
1337 737 1374 760 ac
1394 738 1468 761 cum
1486 727 1652 772 quibusvis
1676 728 1773 762 etiam
1794 727 1932 772 deroga-

412 785 509 823 prout
528 790 584 814 vos
604 785 635 814 et
654 781 823 824 deputatos
835 780 1017 824 praedictos
1031 780 1076 813 <ad
1096 779 1156 813 hu·
1171 790 1173 802 ⁴
1191 779 1346 813 toriarum
1368 780 1593 823 derogatoriis,
1615 780 1752 825 aliisque
1765 780 1928 815 efficacio-

411 832 551 866 iusmodi
575 833 734 867 rationem
754 833 954 867 reddendam
974 833 1094 874 teneri,
1119 843 1156 866 ac
1190 832 1279 867 ribus
1298 839 1330 867 et
1349 833 1486 867 insolitis
1511 834 1673 875 clausulis,
1693 844 1754 867 nee
1773 844 1838 868 non
1859 834 1932 868 irri-

412 886 484 929 cogi
504 893 536 920 et
552 887 705 931 compelli
725 897 820 932 posse
844 887 1015 921 statuimus
1035 892 1065 921 et
1095 896 1151 920 or-

412 938 571 974 dinamus.

457 993 474 1035 }
504 991 534 1026 7.
568 992 638 1027 Non
659 992 860 1028 obstantibus
884 993 1050 1038 quibusvis
1069 1003 1150 1037 apo—

411 1046 544 1087 stolicis,
565 1057 601 1081 ac
622 1047 654 1080 in
679 1047 926 1089 universalibus,
946 1046 1153 1092 provinciali-

412 1099 471 1134 bus
491 1106 521 1134 et
538 1101 746 1145 synodalibus
766 1101 912 1135 conciliis
936 1100 1030 1134 editis
1049 1110 1150 1143 gene-

410 1154 533 1188 ralibus
563 1155 611 1188 vel
642 1154 838 1199 specialibus
869 1154 1171 1202 constitutionibus,v

411 1213 443 1241 et
459 1207 734 1249 ordinationibus,
759 1208 948 1252 praesertim
974 1207 1075 1243 felicis
1103 1218 1154 1241 re-

411 1261 608 1294 eordationis
624 1261 807 1306 Symmachi
827 1261 931 1305 Papae
956 1260 1149 1304 praedeces-

410 1313 492 1348 soris
508 1315 621 1355 nostri,
645 1325 727 1358 quae
746 1315 877 1359 incipit:
901 1314 975 1348 Non
993 1314 1098 1354 liceat,
1115 1324 1151 1346 ac

410 1367 522 1410 regula
541 1374 649 1402 nostra
663 1368 702 1402 de
719 1378 784 1402 non
806 1368 948 1402 tollendo
969 1368 1038 1401 iure
1051 1377 1150 1411 quae-

409 1421 489 1461 sito,
524 1431 650 1455 necnon
678 1422 841 1466 quibusvis
871 1421 1019 1464 legibus,
1053 1421 1149 1454 etiam

408 1474 630 1519 imperialibus
659 1481 689 1508 et
720 1475 991 1519 municipalibus,
1023 1475 1150 1508 statutis

407 1538 537 1572 quoque
567 1534 598 1562 et
633 1528 921 1562 consuetudinibus
952 1527 1087 1562 civitatis
1119 1534 1149 1561 et

407 1580 568 1615 districtus
588 1581 762 1622 Bononiae,
785 1592 822 1615 ac
841 1581 1030 1626 quorumvis
1049 1580 1145 1615 Ordi-

406 1645 483 1668 num
499 1641 530 1669 et
543 1635 743 1675 militiarum,
758 1636 854 1669 etiam
865 1635 1060 1676 iuramento,
1072 1645 1148 1668 con-

406 1687 589 1722 firmatione
609 1688 843 1732 apostolicarel
866 1688 976 1732 quavis
995 1687 1147 1722 firmitate

406 1741 647 1782 aliaroboratis,
660 1742 835 1786 privilegiis
845 1752 985 1786 quoque,
1001 1742 1144 1781 indultis,

406 1795 676 1839 exemptionibus,
704 1795 975 1834 immunitatibus,
1010 1795 1144 1828 liberta-

406 1848 490 1881 tibus
515 1854 545 1881 et
569 1848 684 1881 litteris
715 1848 912 1891 apostolicis,
936 1848 1031 1881 etiam
1058 1849 1148 1882 Mare

405 1912 561 1945 maqnum
577 1908 607 1934 et
621 1901 722 1935 Bulla
737 1912 835 1934 aurea
857 1902 1062 1945 nuncupatis,
1078 1902 1147 1946 qui-

406 1955 512 1988 busvis
536 1955 730 1995 Ordinibus,
762 1956 857 1988 etiam
884 1956 1143 1995 Mendicantiuni,

405 2015 458 2042 aut
479 2008 649 2042 duodecim
675 2009 980 2051 Congu-egationum,
1011 2015 1063 2042 aut
1087 2009 1146 2042 nii-

405 2062 544 2094 litiaruui
567 2067 595 2094 et
618 2061 836 2105 hospitalium,
860 2062 955 2095 etiam
976 2063 1006 2095 S
1020 2063 1147 2095 loannis

405 2115 697 2160 Hierosoly-mitani,
722 2126 757 2148 ac
775 2116 804 2149 S.
817 2116 969 2159 Stephani
989 2122 1017 2149 et
1030 2116 1145 2150 S.Bar-

405 2169 578 2203 tholomaei
600 2169 639 2203 de
657 2169 811 2209 Mushmo,
836 2170 1044 2203 Bononiensis
1064 2170 1142 2204 civi-

405 2223 476 2256 tatis
490 2230 519 2256 et
531 2223 696 2263 dioecesis,
710 2223 739 2256 S.
759 2223 931 2264 Benedicti,
945 2234 1000 2256 seu
1015 2225 1087 2257 altei
1099 2224 1146 2258 ius

405 2288 439 2309 cx
462 2276 633 2320 praedietis
659 2276 793 2309 invii-em
825 2276 921 2309 unitis
943 2277 1146 2311 monasteriis

405 2330 598 2373 illorumque
630 2330 823 2369 abbatibus,
862 2330 1084 2374 superioribus
1115 2337 1142 2365 et

404 2383 560 2426 personis,
584 2395 619 2415 ac·
641 2383 833 2427 supradictis
852 2383 996 2424 collegiis
1016 2390 1043 2417 et
1071 2385 1141 2418 cui-

405 2436 479 2469 libet
506 2436 666 2479 ipsorum,
695 2448 730 2468 ac
763 2437 858 2470 etiam
891 2437 1140 2478 scammatibus,

1190 885 1330 920 [antibus
1355 892 1386 920 et
1414 886 1486 920 aliis
1512 886 1673 928 decretis,
1706 886 1803 920 etiam
1838 892 1931 921 motu

1188 939 1332 984 proprio,
1356 945 1388 973 et
1407 950 1445 973 ex
1464 945 1553 973 certa
1572 939 1716 982 scientia,
1739 950 1776 974 ac
1796 940 1836 974 de
1853 950 1931 984 apo-

1187 992 1319 1026 stolicae
1339 993 1506 1037 potestatis
1529 993 1744 1037 plenitudine,
1767 999 1822 1027 aut
1846 1003 1927 1028 con-

1186 1046 1398 1087 sistorialiter,
1415 1057 1470 1080 seu
1491 1047 1570 1080 alias
1587 1047 1835 1091 quomodolibet
1854 1058 1930 1082 con-

1187 1100 1294 1141 cessis,
1315 1110 1352 1133 ac
1365 1099 1461 1134 etiam
1479 1100 1601 1134 iteratis
1610 1100 1734 1134 vicibus
1743 1101 1930 1146 approbatis

1187 1159 1217 1187 et
1237 1153 1404 1187 innovatis.
1433 1153 1554 1194 Quibus
1580 1154 1751 1195 omnibus,
1780 1154 1876 1188 etiam
1901 1154 1928 1189 si

1186 1217 1244 1251 pro
1265 1207 1395 1241 illorum
1415 1207 1585 1242 sufficienti
1599 1207 1810 1251 derogatione
1827 1208 1867 1242 de
1890 1207 1928 1241 il-

1186 1261 1234 1302 lis,
1263 1271 1442 1305 eorumque
1462 1261 1536 1295 totis
1565 1261 1732 1295 tenoribus
1758 1260 1923 1305 specialis,

1167 1314 1346 1358 specifica,
1370 1324 1519 1358 expressa
1549 1320 1580 1347 et
1603 1313 1790 1355 individua,
1821 1324 1859 1348 ac
1887 1313 1927 1348 de

1184 1367 1282 1401 verbo
1303 1367 1342 1400 ad
1369 1368 1513 1408 verbum,
1545 1377 1609 1400 non
1634 1372 1741 1401 autem
1762 1377 1820 1411 per
1839 1366 1927 1401 clau-

1184 1421 1269 1455 sulas
1288 1421 1454 1464 generales
1469 1421 1553 1454 idem
1566 1421 1778 1465 importantes
1789 1420 1922 1462 mentio,

1183 1485 1239 1508 seu
1256 1474 1387 1519 quaevis
1406 1474 1470 1507 alia
1489 1474 1651 1519 expressio
1675 1473 1836 1515 habenda,
1870 1480 1926 1508 aut

1164 1539 1167 1552 ι
1183 1528 1289 1572 aliqua
1309 1528 1465 1572 exquisita
1482 1527 1586 1562 forma
1605 1528 1760 1562 servanda
1772 1527 1823 1569 sit,
1846 1528 1925 1562 etin

1183 1582 1228 1615 eis
1245 1587 1396 1615 caveatur
1413 1591 1574 1626 expresse,
1597 1581 1685 1625 quod
1708 1581 1771 1615 illis
1790 1581 1927 1616 nullate-

1183 1645 1242 1669 nus
1263 1635 1412 1678 derogari
1433 1635 1544 1679 possit,
1574 1640 1702 1669 tenores
1717 1634 1921 1676 huiusmodi,

1183 1699 1361 1733 eorumque
1381 1698 1511 1722 causam
1532 1694 1561 1722 et
1587 1688 1748 1729 effectum,
1771 1698 1924 1733 praesen-

1183 1743 1267 1776 tibus
1297 1753 1356 1786 pro
1386 1741 1583 1776 sufficienter
1613 1742 1792 1786 expressis,
1825 1748 1855 1775 et
1883 1742 1923 1776 ad

1181 1796 1314 1830 verbum
1327 1795 1465 1837 insertis,
1481 1805 1607 1830 necnon
1629 1795 1743 1829 modos
1762 1801 1793 1829 et
1805 1795 1924 1830 formas

1181 1849 1221 1883 ad
1242 1849 1273 1883 id
1293 1849 1476 1889 servandos,
1501 1859 1559 1893 pro
1598 1848 1762 1893 individuo
1793 1849 1924 1883 servatis

1182 1903 1335 1937 habentes
1350 1930 1357 1944 ‚
1389 1903 1450 1936 illis
1469 1903 1548 1936 alias
1577 1903 1609 1936 in
1626 1913 1685 1936 suo
1712 1902 1830 1936 robore
1851 1913 1924 1947 per-

1183 1956 1352 1995 mansuris,
1375 1956 1433 1989 hac
1454 1956 1521 1990 vice
1540 1956 1716 1996 dumtaxat,
1741 1955 1924 2000 specialiter

1181 2015 1211 2043 et
1232 2020 1379 2053 expresse
1400 2010 1604 2052 derogamus,
1627 2009 1827 2054 caeterisque
1847 2019 1924 2043 con-

1183 2063 1287 2096 trariis
1303 2064 1574 2108 quibuscumque.

1224 2117 1337 2150 Datum
1352 2117 1472 2151 Romae
1486 2118 1571 2162 apud
1585 2117 1615 2152 S.
1627 2118 1779 2159 Marcum,
1796 2117 1855 2152 sub
1866 2127 1922 2152 an-

1181 2171 1257 2204 nulo
1269 2170 1454 2211 Piscatoris„
1475 2171 1527 2205 die
1543 2181 1574 2205 vi
1592 2171 1784 2215 septembris
1800 2180 1917 2213 unxcv,

1181 2218 1388 2268 pontificatus
1408 2224 1509 2258 nostri
1529 2235 1614 2258 anno
1635 2234 1677 2259 iv.

1216 2286 1273 2313 Dat.
1295 2286 1339 2314 die
1353 2287 1370 2314 6
1385 2286 1532 2322 septembr.
1552 2286 1630 2318 1595.
1651 2286 1748 2322 pontit.
1766 2294 1810 2314 nn.
1827 2292 1862 2314 iv.

1495 2421 1593 2455 cxlv.

404 2500 528 2522 necnon
547 2500 829 2534 quorumcumque
858 2496 1049 2531 castrorum,
1075 2496 1140 2524 ter·
1177 2491 1340 2525 Subsidiis
1359 2491 1664 2536 qw'nquetmalibus
1683 2495 1849 2525 scutorum
1865 2490 1918 2525 de-

404 2554 512 2576 rarum
538 2549 567 2575 et
593 2544 751 2581 lovon-uni,
781 2543 876 2577 etiam
905 2544 1062 2585 civitatis,
1090 2555 1143 2578 co-

404 2597 534 2630 mitatus·
555 2603 581 2630 et
604 2597 766 2631 districtus
787 2598 1017 2645 predictorum,
1042 2598 1138 2631 iuris-

1221 2555 1285 2578 cem
1326 2545 1472 2579 im'llium
1507 2544 1622 2580 Carozo
1652 2543 1863 2578 Emmanueli
1896 2554 1918 2577 a

1220 2597 1311 2631 Sit-10
1331 2598 1400 2633 ΡΙ).
1423 2598 1449 2633 V
1466 2599 1619 2632 concessis
1642 2608 1740 2642 super
1757 2597 1917 2642 [metibus

1949 198 2000 226 An.
2017 200 2047 226 c.
2065 194 2177 241 isos-,j
2225 180 2227 224 Ξ
