2253 3195
0 248 43 276 An.
58 245 86 274 C.
110 244 170 272 ¹601

24 360 130 382 ctausulae
138 364 175 388 pro

0 388 97 415 perpetua
113 386 176 406 tii-nu-

0 416 40 436 tate
89 412 175 441 huiusce

0 439 153 463 constitutionis.

804 242 950 265 CLEMENS
972 242 1026 265 Vlll
1050 242 1099 265 ΓΡ.

235 291 321 335 glo.
359 291 565 324 Decernitnus
597 296 779 334 praesentes
811 290 932 323 litteras

191 345 280 377 nullo
316 354 469 387 umquam
502 349 668 387 tempore,
702 343 796 376 etiam
827 354 862 375 ex
895 353 932 375 eo

191 398 276 441 quod
297 397 472 441 praemissa
493 403 581 430 motu
603 397 746 440 proprio,
763 407 827 429 non
846 395 933 429 iusti-

191 451 293 484 ficatis
311 456 339 483 et
362 451 531 484 rerifieatis
549 461 661 484 eorum
683 461 738 483 seu
763 450 930 483 cuiuslibet

192 514 302 537 eorum
336 504 458 542 causis,
496 515 532 537 ac
560 504 647 547 quod
683 503 766 535 dicta
799 502 932 536 ecclesia

191 557 385 591 Clusinensis
406 558 446 590 ad
466 567 617 600 praesens
645 562 769 590 rectore
797 562 825 590 et
856 566 931 600 pro-

192 610 264 654 prio
310 610 478 643 defensore
518 616 622 643 careat
641 637 647 647 ,
690 610 928 649 emanaverint,

191 675 296 708 neque
325 664 420 696 etiam
461 664 652 697 venerabilis
691 663 788 696 frater
824 669 932 696 noster

191 717 452 762 archiepiscopus
465 718 625 758 Senensis,
643 717 688 750 uti
704 718 928 761 metropolita-

191 781 261 811 nus,
289 781 348 804 nec
368 770 667 803 admninistratores
687 776 715 803 et
730 771 928 813 gubernato-

192 834 241 856 res
261 823 428 867 hospitalis
445 823 578 857 Sanctae
596 823 710 856 Mariae
732 823 927 863 huiusmodi,

190 887 246 910 seu
275 876 328 909 alii
355 876 550 920 quicumque
581 877 611 909 in
642 876 825 920 praemissis
845 886 927 919 quo-

191 930 368 963 modolibet
389 929 540 963 interesse
561 929 730 967 habentes,
751 940 806 962 seu
832 918 927 973 prae-

191 983 377 1020 tendentes,
406 983 445 1015 ad
477 982 538 1015 boc
573 983 675 1016 vocati
706 982 845 1021 suerint,
872 993 930 1015 nec

190 1035 373 1078 praemissis
403 1036 645 1075 consenserint;
670 1042 721 1068 aut
752 1046 787 1068 ex
820 1035 930 1079 quavis

190 1088 252 1122 alia
277 1099 371 1122 causa
392 1095 420 1122 et
451 1089 637 1127 occasione,
666 1095 695 1122 et
724 1100 930 1133 quocumque

190 1141 293 1185 capite
311 1142 538 1185 undecumque
559 1142 744 1178 resultante,
768 1143 816 1175 vel
837 1153 930 1186 prae-

190 1199 288 1236 textu,
313 1201 366 1228 aut
385 1195 532 1239 quaesito
553 1196 660 1229 colore
688 1196 727 1229 de
752 1195 931 1239 subreptio-

191 1248 251 1289 nis,
275 1249 323 1282 vel
344 1248 555 1293 obreptionis,
579 1260 634 1282 seu
655 1249 809 1282 nullitatis
834 1249 928 1287 vitio,

190 1307 245 1335 aut
264 1302 450 1336 intentionis
468 1308 606 1341 nostrae,
626 1303 674 1336 vel
695 1302 757 1335 alio
778 1302 930 1346 quopiam

190 1355 317 1388 defectu
337 1355 452 1396 notari,
477 1355 671 1399 impugnari,
696 1355 875 1396 invalidari,
901 1356 931 1388 in

190 1408 239 1442 ius
251 1409 297 1442 vel
316 1409 567 1442 controversiam
588 1409 708 1450 vocari,
723 1410 763 1442 ad
779 1410 932 1443 terminos

189 1459 268 1492 iuris
285 1460 407 1500 reduci,
424 1465 478 1493 aut
490 1460 642 1493 adversus
663 1460 732 1493 illas
753 1461 933 1504 quodcum-

190 1524 253 1557 que
272 1513 495 1556 iuris,gratiae
514 1515 562 1547 vel
583 1514 654 1547 sacti
676 1514 856 1547 remedium
878 1515 934 1547 ini-

190 1567 326 1612 petrari,
346 1578 402 1600 seu
423 1567 517 1600 etiam
549 1573 648 1608 motu,
671 1568 815 1605 scientia,
844 1574 873 1601 et
894 1569 932 1602 de

190 1620 355 1664 potestatis
384 1620 583 1664 plenitudine
616 1621 773 1654 similibus
799 1623 931 1655 concedi

190 1674 350 1707 ullatenus
371 1685 512 1718 unquam
536 1685 647 1718 posse;
672 1686 776 1719 neque
803 1677 930 1709 easdem

191 1734 375 1771 praesentes
401 1728 460 1761 sub
491 1728 655 1772 quibusvis
686 1729 838 1762 similium
854 1756 861 1770 ,
885 1731 932 1763 vel

191 1780 394 1814 dissimilium
426 1781 596 1821 unionum,
622 1781 850 1821 annexionum,
879 1782 929 1814 in-

191 1835 456 1878 corporationutn
474 1863 480 1876 ,
509 1836 761 1880 applicationum
778 1864 784 1877 ,
809 1847 929 1881 appro-

190 1888 386 1932 priationum
408 1895 437 1922 et
455 1889 630 1931 gratiarum
654 1891 910 1923 revocationiluis
923 1918 930 1929 ‚
950 1918 951 1923 ,

191 1941 455 1985 suspensionibus
470 1969 477 1983 ,
501 1942 746 1976 limitationibus
762 1971 768 1983 ,
792 1944 930 1986 deroga-

192 1994 342 2035 tionibus,
366 2001 420 2028 aut
434 1995 503 2028 aliis
524 1996 694 2029 contrariis
713 1997 933 2040 dispositioni-

190 2048 260 2088 bus,
277 2048 373 2082 etiam
394 2049 486 2082 nobis
507 2056 536 2081 et
557 2050 796 2083 successoribus
817 2051 934 2084 nostris

191 2102 343 2135 Romanis
370 2102 595 2143 Pontificibus,
631 2103 725 2136 etiam
756 2104 786 2136 in
819 2104 932 2137 crasti-

191 2167 269 2189 num
302 2157 531 2200 assumptionis
552 2157 719 2191 cuiuslibet
746 2158 874 2191 illorum
897 2159 934 2191 ad

193 2210 310 2243 summi
332 2211 529 2254 apostolatus
543 2211 679 2255 apicem,
697 2217 725 2244 et
743 2212 819 2244 alias
833 2223 935 2255 quan-

193 2264 375 2308 documque
402 2275 438 2297 ac
468 2265 526 2297 sub
554 2265 811 2309 quibuscumque
840 2272 932 2299 leno--

194 2317 281 2350 ribus
302 2323 332 2350 ct
352 2317 474 2358 sot-mis,
502 2328 627 2352 necnon
658 2329 730 2351 cum
757 2319 932 2362 quibusvis,

193 2370 288 2404 etiam
309 2371 587 2413 derogatoriarum
608 2372 832 2414 derogatoriis,
851 2372 936 2405 aliis-

193 2434 255 2467 que
283 2423 517 2458 efficacioribus
537 2430 564 2457 et
594 2425 728 2458 insolitis
761 2426 932 2467 clausulis,

193 2487 318 2511 necnon
332 2478 531 2511 irritantibus
549 2483 579 2510 et
592 2478 661 2510 aliis
679 2478 827 2518 decretis,
840 2478 934 2511 etiam

195 2536 283 2563 motu
309 2531 377 2574 pari
398 2541 456 2574 pro
486 2537 630 2574 tempore
663 2531 819 2564 emanatis
846 2542 935 2564 coni-

194 2584 363 2628 prebendi,
386 2584 441 2617 sed
462 2594 589 2627 semper
614 2590 641 2617 et
671 2583 758 2616 omni
793 2590 935 2628 tempore

195 2637 234 2670 ab
255 2637 316 2670 illis
344 2637 495 2670 omnibus
515 2642 542 2669 et
565 2637 698 2679 singulis
720 2642 883 2680 exceptas,
907 2643 934 2670 et

1617 228 1678 261 747

967 289 1092 333 quoties
1117 289 1240 332 aliquas
1261 294 1369 321 contra
1393 288 1532 331 ipsarum
1559 297 1708 330 praesen-

968 343 1044 375 tium
1079 342 1320 386 dispositionem
1355 351 1504 373 emanare
1526 340 1705 382 contigerit,

966 396 1024 428 sul»
1054 396 1170 439 quibus
1198 395 1284 438 ipsae
1314 400 1496 438 praesentes
1516 393 1641 426 litterae
1662 403 1710 425 es-

966 455 1047 488 sent,
1071 455 1123 481 aut
1146 448 1340 485 riderentur,
1365 448 1410 480 rel
1430 447 1524 479 etiam
1547 446 1608 479 dici
1629 456 1706 490 pos-

965 508 1033 535 sent
1066 502 1341 545 comprehensae,
1372 501 1464 534 toties
1491 500 1559 533 illas
1593 501 1622 532 in
1645 500 1709 544 pri-

966 555 1084 588 stinum
1107 561 1134 588 et
1158 555 1399 595 validissimum,
1421 565 1455 587 ac
1478 564 1550 587 eum
1568 581 1574 594 ,
1593 554 1624 586 in
1645 564 1708 596 quo

966 614 1057 641 antea
1079 608 1323 652 quomodolibet
1351 614 1438 641 erant
1460 613 1577 640 statum
1598 607 1709 640 adrer-

965 672 1018 694 sus
1031 662 1138 694 omnia
1160 668 1188 695 et
1211 672 1435 705 quaecumque
1457 661 1486 693 in
1510 660 1706 693 contrarium

966 714 1119 757 disposita
1144 715 1315 754 restitutas,
1340 714 1494 757 repositas
1516 721 1543 746 et
1566 713 1708 756 plenarie

967 768 1188 810 reintegratas,
1212 779 1247 800 ac
1268 769 1306 801 de
1325 778 1407 800 novo
1426 767 1521 800 etiam
1544 767 1602 799 sub
1623 777 1705 810 qua-

965 832 1104 864 cumque
1129 821 1299 864 posteriori
1321 821 1393 853 data
1414 831 1470 864 per
1483 830 1541 863 pro
1563 826 1708 863 tempore

965 875 1135 908 existentes
1166 875 1263 908 Castri
1295 874 1400 907 Plebis
1437 874 1639 917 episcopum,
1673 884 1707 906 ac

965 928 1228 961 archidiaconum
1246 956 1252 967 ,
1281 928 1453 961 canonicos
1469 955 1475 967 ,
1507 928 1681 971 capitulum
1698 955 1704 964 ,

964 987 1104 1015 rectores
1132 988 1161 1015 et
1182 982 1261 1015 alios
1288 981 1469 1025 praedictos
1487 982 1708 1024 quandocum-

965 1046 1026 1078 que
1047 1035 1214 1077 eligenda,
1239 1046 1274 1068 ac
1296 1035 1340 1068 eis
1365 1034 1513 1067 benerisa
1542 1045 1709 1068 concessas

965 1094 996 1121 et
1015 1088 1219 1128 revalidatas,
1243 1098 1433 1131 semperque
1455 1093 1483 1120 ct
1504 1088 1591 1120 omni
1621 1093 1705 1121 tem-

965 1151 1043 1184 pore
1058 1141 1177 1174 ralidas
1199 1147 1226 1173 et
1249 1141 1393 1173 efficaces
1407 1141 1552 1179 existere,
1564 1152 1599 1173 ac
1614 1142 1707 1185 plena

966 1201 995 1227 et
1016 1200 1172 1238 perpetua
1193 1195 1319 1228 roboris
1342 1195 1492 1227 firmitate
1513 1195 1705 1233 subsistere,

966 1259 1104 1291 suosque
1143 1248 1284 1290 integros
1316 1254 1342 1281 et
1381 1248 1543 1291 plenarios
1579 1248 1710 1281 effectus

965 1300 1071 1334 sortiri
1093 1306 1120 1333 et
1144 1300 1300 1341 obtinere,
1324 1311 1359 1332 ac
1380 1300 1419 1332 ab
1441 1300 1591 1333 omnibus
1605 1307 1633 1334 et
1647 1301 1710 1334 sin-

966 1354 1066 1396 gulis,
1087 1355 1125 1386 ad
1158 1364 1238 1397 quos
1269 1353 1513 1397 quomodolibet
1542 1359 1662 1397 spectat
1681 1360 1709 1387 ct

966 1407 1125 1451 spectabit
1142 1407 1173 1440 in
1192 1408 1348 1447 futurum,
1369 1417 1513 1450 quosque
1535 1407 1711 1451 praemissa

966 1471 1021 1494 seu
1040 1471 1150 1494 eorum
1173 1461 1280 1504 aliqua
1304 1466 1501 1503 concernunt
1523 1467 1550 1493 ct
1577 1471 1709 1494 concer-

967 1520 1064 1554 nent,
1089 1514 1316 1548 inviolabiliter
1336 1520 1362 1547 et
1385 1514 1574 1547 inconcusse
1599 1515 1709 1548 obser-

967 1568 1033 1600 vari
1055 1573 1083 1600 et
1106 1566 1287 1611 adimpleri,
1313 1567 1438 1610 illisque
1461 1567 1491 1599 in
1510 1567 1659 1601 omnibus
1680 1574 1707 1601 et

966 1632 1025 1666 pcr
1045 1621 1153 1654 omnia
1173 1621 1266 1657 stari:
1289 1632 1324 1654 ac
1345 1621 1387 1653 ita
1409 1621 1505 1654 etiam
1526 1631 1585 1664 per
1613 1632 1709 1664 quos-

949 1718 950 1723 1
968 1686 1105 1718 cumque
1128 1674 1248 1707 iudices
1274 1674 1455 1707 ordinarios
1476 1680 1506 1707 et
1527 1675 1706 1717 delegatos,

968 1728 1062 1761 etiam
1082 1738 1250 1761 causarum
1269 1727 1378 1771 palatii
1397 1728 1564 1771 apostolici
1586 1728 1711 1761 audito-

949 1792 1027 1822 ,res,
1049 1792 1084 1814 ac
1103 1782 1132 1813 S.
1158 1782 1192 1813 R.
1217 1781 1250 1813 E.
1275 1780 1464 1821 cardinales,
1489 1787 1517 1813 et
1544 1781 1582 1814 de
1611 1782 1710 1814 latere

967 1835 1099 1877 legatos,
1124 1834 1292 1877 dictaeque
1310 1834 1399 1867 Sedis
1418 1834 1563 1874 nuncios,
1587 1834 1711 1867 sublata

968 1888 1012 1921 cis
1033 1894 1060 1920 ct
1086 1898 1198 1920 eorum
1220 1886 1348 1920 cuilibet
1371 1886 1480 1930 quavis
1500 1887 1593 1920 aliter
1622 1887 1708 1920 iudi-

968 1941 1059 1975 candi
1082 1947 1109 1973 et
1133 1940 1364 1984 interpretandi
1386 1940 1535 1973 facultate
1553 1946 1582 1973 et
1603 1947 1712 1973 aucto-

968 1996 1071 2033 ritate,
1088 1995 1208 2039 ubique
1230 1994 1363 2027 iudicari
1383 2001 1411 2028 et
1433 1995 1558 2027 definiri
1580 1995 1708 2035 debere,

968 2059 1094 2082 necnon
1119 2049 1225 2092 quoad
1247 2048 1426 2092 prioratum
1457 2058 1513 2080 seu
1545 2048 1711 2081 ecclesiam

969 2107 1153 2134 sanctorum
1175 2101 1259 2134 Petri
1281 2106 1308 2134 et
1331 2101 1419 2133 Pauli
1446 2100 1653 2140 huiusmodi,
1677 2111 1713 2133 ac

970 2154 1187 2198 infrascriptas
1205 2154 1408 2187 collationem
1431 2160 1460 2186 et
1480 2154 1709 2197 provisionem,

970 2216 1063 2253 prout
1084 2209 1177 2247 est,si
1199 2214 1388 2242 attentatum
1412 2209 1517 2241 forsan
1539 2214 1582 2241 est
1604 2209 1713 2241 hacte-

970 2274 1044 2303 nus,
1068 2264 1114 2296 vel
1147 2264 1378 2307 imposterum,
1407 2273 1470 2305 quo
1496 2272 1570 2295 rero
1591 2262 1631 2295 ad
1652 2262 1714 2294 alia

970 2316 1144 2359 praemissa
1170 2327 1205 2349 ex
1238 2326 1323 2348 nunc
1350 2315 1474 2347 irritum
1505 2320 1535 2347 et
1566 2314 1659 2347 inane
1688 2315 1713 2348 si

969 2380 1061 2403 secus
1085 2380 1182 2413 super
1207 2369 1255 2402 bis
1276 2380 1293 2401 a
1314 2378 1495 2412 quoquam,
1520 2368 1630 2411 quavis
1650 2378 1713 2400 au-

970 2423 1125 2459 ctoritate,
1148 2423 1285 2455 scienter
1306 2422 1351 2455 vel
1375 2422 1581 2463 ignoranter,
1606 2421 1710 2454 eonti-

970 2477 1049 2519 gerit
1073 2476 1232 2509 attentari.
1614 2481 1627 2494 ·

1015 2532 1030 2569 ξ
1053 2529 1100 2562 16.
1120 2531 1251 2562 omnum
1268 2529 1431 2573 praedicto
1445 2529 1613 2562 Francisco
1627 2529 1711 2572 apud

971 2593 1027 2616 uos
1048 2583 1087 2615 de
1109 2583 1188 2616 ritae
1214 2588 1244 2616 et
1265 2593 1390 2615 morum
1413 2582 1599 2623 honestate,
1624 2582 1711 2614 aliis-

970 2647 1031 2680 que
1053 2636 1221 2680 probitatis
1253 2641 1281 2668 et
1304 2636 1456 2669 virtutum
1481 2635 1601 2668 meritis
1623 2635 1708 2668 mul-

1726 239 1774 265 An.
1791 238 1817 264 t).
1841 237 1901 264 totu

1755 2528 1849 2548 Cluuiam<
1865 2533 1912 2547 eou-

1728 2555 1766 2575 sert
1780 2555 1913 2575 arehittfflm».

1727 2584 1805 2602 natum.
