2253 3195
59 216 109 243 An.
126 214 155 243 c.
179 215 246 242 ¹597
874 216 1022 240 CLEMENS
1042 216 1100 240 viu
1120 216 1170 240 pr.
1682 205 1746 240 335
1793 216 1843 243 An.
1865 216 1977 246 c.1597

61 273 155 303 capenae
173 279 244 310 gnon-1-
260 263 548 297 construendorum
567 263 764 304 huiusmodi,
781 274 877 307 quam
899 269 1001 297 caete·
1037 264 1156 308 quisiti,
1177 263 1363 297 solemniter
1382 263 1592 307 publicantes,
1616 264 1725 308 eisque
1747 265 1779 297 in

22 315 25 320 ’
60 301 131 322 ⁸¹⁹m'
149 303 191 323 ΗΜ
207 306 244 326 ap'
259 327 369 349 rorum
399 315 542 349 fidelium
568 316 773 358 religionem,
798 317 1000 349 devotionem
1036 317 1218 361 praemissis
1239 317 1376 350 efficacis
1394 317 1589 350 defensionis
1614 318 1779 361 praesidio

95 2124 239 2147 Praesenuum

12 2162 17 2167 -
58 2155 195 2178 exequutores
204 2153 239 2174 de·

15 2187 17 2189 -
57 2180 123 2204 putat.

59 326 130 352 plicat.

259 376 287 404 et
309 371 489 404 animarum
511 372 657 411 salutem,
682 371 802 404 eisdem
825 371 1001 413 virginibus

258 429 289 457 et
313 424 517 464 monialibus,
541 435 623 468 quae
647 435 719 457 vere
746 424 946 468 poenitentes
971 429 1001 456 et

258 478 431 518 confessae,
449 489 485 511 ac
498 489 589 511 sacra
602 477 830 510 commuuione
849 478 997 516 resectae,

257 530 428 573 collegium
443 537 472 564 et
487 530 717 564 monasterium
739 529 939 574 praedictum
955 530 1001 562 in-

257 584 440 626 gredientes
454 584 504 617 die
525 583 628 626 prima
647 593 757 616 earum
777 583 948 624 ingressus,
965 593 1001 614 ac

257 642 321 670 tam
336 637 408 677 iltis,
421 647 516 680 quam
527 636 683 669 universis
696 642 727 669 et
740 635 873 678 singulis
884 635 1001 668 utrius-

257 700 319 732 que
340 700 432 722 sexus
454 688 717 722 christifidelibus
738 699 812 721 vere
832 688 1000 732 poeniten-

256 742 340 775 tibus
361 748 389 775 et
411 742 579 782 confessis,
603 753 639 775 ac
659 753 748 775 sacra
773 741 1001 775 communione

255 795 392 835 resectis,
417 795 471 839 qui
493 795 621 839 collegii
649 802 679 829 et
703 795 890 828 monasterii
908 806 1001 838 prae-

256 849 417 881 dictorum
442 848 609 882 ecclesiam
640 859 695 881 seu
716 849 890 892 capellam,
913 854 1001 892 post-

256 913 353 946 quam
367 908 549 936 constructa
562 909 592 936 et
611 909 798 937 consecrata
811 903 916 943 fuerit,
936 908 999 935 tam

257 956 357 1000 ipsius
383 957 653 997 consecrationis,
678 968 775 1000 quam
797 956 948 1000 deinceps
969 956 1000 989 in

256 1010 437 1043 dominicae
467 1010 547 1043 infra
579 1017 724 1043 octavam
750 1010 948 1054 Epiphaniae
971 1016 999 1043 et

256 1063 286 1096 S.
308 1063 504 1108 Hieronymi,
525 1075 562 1096 ac
582 1064 611 1097 S.
629 1064 745 1096 Paulae
765 1064 918 1096 festorum
930 1063 1001 1096 die-

256 1116 326 1155 bus,
341 1127 358 1148 a
376 1116 488 1160 primis
508 1116 647 1160 vesperis
667 1127 769 1160 usque
789 1117 829 1149 ad
849 1127 999 1149 occasum

255 1169 331 1202 solis
364 1169 566 1212 singulorum
599 1169 724 1202 dierum
759 1169 913 1202 festorum
938 1169 998 1201 hu-

256 1221 406 1263 iusmodi,
423 1222 588 1255 annuatim
607 1223 719 1255 devote
736 1222 946 1263 visitaverint,
963 1233 999 1255 ac

255 1275 334 1308 inibi
355 1286 415 1319 pro
436 1282 545 1309 nostro
563 1276 742 1309 etRomani
764 1276 928 1309 Pontificis
939 1287 998 1320 pro

255 1334 400 1373 tempore
421 1330 583 1363 existentis
603 1330 686 1363 felici
703 1335 787 1363 statu
808 1340 844 1363 ac
864 1329 894 1363 S.
911 1331 946 1362 R.
962 1330 994 1362 E.

254 1383 456 1424 exaltatione,
472 1383 622 1427 illiusque
642 1383 847 1416 inimicorum
869 1383 999 1426 depres-

254 1435 354 1477 sione,
383 1436 562 1470 infidelium
583 1437 804 1477 conversione,
828 1437 998 1470 haeresum

255 1489 478 1533 extirpatione,
489 1501 525 1524 ac
539 1491 622 1523 inter
634 1491 796 1535 principes
809 1491 999 1524 christianos

255 1543 395 1577 ineunda
415 1550 446 1576 et
466 1545 684 1578 conservanda
711 1555 801 1588 pace,
825 1544 999 1577 concordia

254 1602 285 1630 et
304 1597 435 1637 unione,
451 1598 499 1631 vel
517 1598 606 1638 alias,
622 1603 720 1641 prout
738 1597 913 1641 unicuique
926 1608 999 1640 sug-

254 1656 344 1693 geret
363 1651 503 1691 devotio,
525 1651 593 1694 pias
613 1652 653 1684 ad
672 1652 772 1685 Deum
793 1662 904 1695 preces
918 1651 997 1684 effu-

254 1704 371 1743 derint,
400 1715 605 1748 quocumque
626 1716 663 1737 ex
688 1705 802 1738 diebus
827 1705 998 1748 praedictis

254 1757 284 1790 id
316 1768 375 1802 pro
401 1763 547 1802 tempore
579 1758 734 1799 fecerint,
755 1759 934 1802 plenariam
961 1769 997 1791 o-

254 1810 379 1844 mnium
393 1817 423 1844 et
440 1811 642 1854 singulorum
662 1817 870 1855 peccatorum
892 1811 998 1844 indul-

254 1864 396 1907 gentiam
417 1870 448 1898 et
461 1865 685 1898 remissionem
701 1865 953 1898 misericorditer
966 1865 997 1897 in

254 1918 402 1959 Domino,
431 1918 622 1951 auctoritate
643 1924 673 1951 et
697 1924 810 1951 tenore
826 1918 994 1962 praefatis,

254 1971 375 2014 pariter
402 1977 559 2015 perpetuo
596 1972 692 2004 etiam
725 1971 934 2005 concedimus
968 1977 998 2004 et

255 2024 442 2067 elargimur.

299 2078 314 2121 ξ
334 2076 386 2110 10.
405 2078 561 2117 Quocirca
578 2078 700 2112 dilectis
714 2078 786 2112 filiis
804 2080 911 2112 curiae
926 2090 999 2112 cau-

255 2141 364 2163 sarum
385 2131 536 2164 Gamerae
558 2131 761 2174 Apostolicae
781 2132 922 2174 generali
941 2143 998 2164 au-

255 2185 374 2226 ditori,
397 2195 523 2218 necnon
556 2185 679 2218 decano
710 2191 740 2218 et
770 2185 999 2219 archidiacono

254 2238 407 2271 ecclesiae
425 2238 632 2271 Tlascalensis
649 2248 707 2281 per
727 2238 902 2281 apostolica
922 2238 999 2271 scri-

254 2296 308 2334 pta
328 2292 531 2331 mandamus,
546 2297 704 2335 quatenus
722 2291 781 2335 ipsi
798 2292 847 2324 vel
868 2292 931 2324 duo
945 2297 999 2324 aut

254 2355 337 2378 unus
357 2356 481 2387 eorum,
498 2356 555 2389 per
574 2357 606 2379 se
626 2346 674 2378 vel
695 2345 805 2386 alium,
829 2355 884 2378 seu
906 2345 995 2385 alios7

254 2404 439 2441 praesentes
470 2399 592 2432 litteras
605 2426 612 2439 ‚
644 2403 675 2431 et
706 2398 736 2430 in
772 2398 817 2431 eis
848 2403 1000 2431 contenta

255 2462 490 2496 quaecumque,
511 2453 565 2485 ubi
587 2458 618 2485 et
637 2453 768 2496 quando
789 2463 869 2495 opus
890 2451 996 2492 suerit,

255 2515 291 2538 ac
316 2505 441 2549 quoties
465 2516 524 2549 pro
546 2511 635 2549 parte
653 2505 761 2539 Didaci
784 2504 947 2548 episcopi,
971 2510 1002 2537 et

254 2569 314 2602 pro
324 2563 468 2603 tempore
478 2559 678 2592 existentium
688 2562 900 2603 patronorum
909 2568 1001 2602 prae-

255 2612 428 2653 dictorum,
451 2623 507 2646 scu
528 2613 663 2647 alicuius
684 2623 796 2646 eorum
818 2612 937 2646 suerint
951 2623 1000 2646 re-

1035 371 1227 411 assistentes‚
1245 370 1362 404 saciant
1381 371 1569 404 auctoritate
1589 377 1699 404 nostra
1712 382 1780 405 eas-

1037 423 1108 455 dem
1136 424 1278 462 litteras,
1302 430 1330 457 et
1361 424 1392 456 in
1418 424 1463 457 eis
1492 430 1644 458 contenta
1670 424 1780 458 huius-

1036 476 1123 509 modi
1155 477 1194 509 ab
1217 477 1388 517 omnibus,
1417 479 1456 511 ad
1488 488 1568 522 quos
1596 484 1718 522 spectat
1749 484 1780 511 et

1036 530 1191 572 spectabit
1211 531 1455 573 quomodolibet
1487 531 1519 564 in
1544 532 1708 572 futurum,
1733 532 1780 564 in-

1035 582 1227 615 violabiliter
1256 584 1431 625 observari,
1465 595 1501 617 ac
1526 585 1681 618 Didacum
1714 585 1780 628 epi-

1035 645 1181 678 scopum,
1205 641 1235 669 et
1264 647 1322 680 pro
1355 643 1500 681 tempore
1525 638 1695 671 existentes
1722 649 1779 682 pa-

1036 693 1146 722 tronos
1166 690 1326 732 praefatos
1347 690 1408 723 illis
1429 690 1562 733 pacifice
1581 691 1641 723 frui
1656 696 1687 724 et
1700 701 1779 733 gau-

1036 743 1131 782 dere;
1154 753 1219 775 non
1240 743 1462 786 permittentes
1482 743 1578 787 ipsos,
1601 744 1649 777 vel
1667 755 1779 777 eorum

1036 795 1176 838 aliquem
1203 796 1341 839 desuper
1370 807 1428 840 per
1458 807 1679 841 quoscumque
1701 807 1780 841 quo-

1037 848 1212 881 modolibet
1231 849 1372 882 indebite
1391 849 1567 891 molestari,
1582 850 1776 894 perturbari,

1035 902 1081 934 vel
1111 901 1304 945 inquietari;
1334 903 1588 936 contradictores
1621 903 1781 946 quoslibet

1036 959 1066 987 et
1094 955 1249 995 rebelles,
1278 966 1336 998 per
1363 956 1554 997 sententias,
1579 966 1730 989 censuras
1750 962 1779 989 et

1035 1019 1166 1051 poenas,
1188 1008 1315 1052 aliaque
1336 1015 1519 1052 opportuna
1545 1009 1624 1042 iuris
1651 1015 1682 1042 et
1707 1010 1780 1042 facti

1035 1061 1188 1102 remedia,
1212 1062 1426 1105 appellatione
1446 1063 1634 1106 postposita,
1651 1073 1781 1106 compe-

1034 1116 1164 1155 scendo,
1189 1125 1225 1147 ac
1244 1115 1396 1157 legitimis
1420 1126 1517 1159 super
1545 1115 1594 1148 his
1624 1116 1781 1149 habendis

1034 1169 1166 1202 servatis
1186 1169 1401 1213 processibus,
1422 1170 1608 1209 sententias,
1629 1180 1781 1202 censuras

1034 1227 1064 1254 et
1083 1232 1204 1265 poenas
1224 1222 1319 1266 ipsas,
1334 1222 1431 1255 etiam
1453 1222 1574 1255 iteratis
1594 1222 1715 1255 vicibus
1728 1233 1781 1265 ag—

1034 1276 1209 1321 gravando,
1226 1276 1374 1309 invocato
1388 1276 1485 1310 etiam
1506 1277 1546 1309 ad
1567 1276 1639 1317 hoc,
1660 1276 1685 1309 si
1700 1287 1781 1319 opus

1034 1329 1139 1369 suerit,
1152 1329 1269 1362 auxilio
1290 1330 1414 1363 brachii
1436 1330 1621 1363 saecularis.

1078 1382 1093 1425 ,ξ
1114 1382 1166 1415 11.
1190 1383 1259 1416 Non
1280 1383 1482 1416 obstantibus
1510 1383 1610 1416 felicis
1631 1384 1780 1417 recorda-

1033 1435 1129 1469 tionis
1153 1436 1309 1469 Bonifacii
1335 1437 1393 1469 PP.
1414 1436 1497 1477 VIII,
1521 1437 1780 1480 praedecessoris

1034 1489 1151 1529 nostri,
1173 1500 1237 1533 qua
1257 1495 1403 1531 cavetur,
1427 1501 1466 1523 ne
1488 1490 1559 1534 quis
1580 1496 1667 1524 extra
1688 1501 1778 1523 suam

1034 1542 1191 1576 civitatem
1217 1544 1265 1576 vel
1297 1543 1494 1584 dioecesim,
1527 1544 1587 1577 nisi
1622 1544 1653 1576 in
1687 1545 1781 1577 certis

1034 1596 1189 1639 expressis
1207 1597 1352 1637 casibus,
1377 1603 1406 1629 et
1436 1597 1468 1630 in
1490 1597 1552 1630 illis
1577 1598 1663 1630 ultra
1682 1608 1780 1630 unam

1034 1649 1171 1683 diaetam
1199 1661 1217 1683 a
1247 1650 1312 1684 fine
1338 1662 1414 1684 suae
1445 1651 1600 1684 dioecesis
1631 1652 1671 1684 ad
1699 1651 1781 1685 iudi-

1034 1703 1118 1736 cium
1139 1709 1292 1744 vocetur;
1315 1715 1371 1737 seu
1396 1705 1483 1748 quod
1511 1704 1633 1738 iudices
1658 1715 1676 1738 a
1696 1705 1778 1738 Sede

1034 1757 1218 1800 Apostolica
1254 1757 1397 1801 deputati
1426 1763 1513 1791 extra
1540 1758 1700 1791 civitatem
1731 1758 1780 1792 vel

1034 1811 1223 1852 dioecesim,
1253 1812 1285 1844 in
1313 1812 1429 1855 quihus
1461 1812 1603 1856 deputati
1636 1812 1777 1853 fuerint,

1034 1870 1144 1898 contra
1165 1875 1388 1909 quoscumque
1416 1866 1613 1909 procedere,
1638 1871 1693 1899 aut
1712 1866 1777 1906 alii,

1034 1919 1080 1951 vel
1099 1918 1170 1951 aliis
1198 1918 1282 1951 vices
1305 1928 1378 1951 suas
1408 1918 1611 1951 committere
1640 1919 1782 1952 audeant

1033 1973 1081 2005 vel
1106 1978 1330 2016 praesumant3
1359 1984 1395 2005 ac
1417 1972 1449 2005 in
1476 1973 1613 2006 concilio
1638 1972 1780 2015 generali

1034 2026 1119 2059 edita
1139 2026 1178 2058 de
1199 2026 1324 2059 duabus
1345 2026 1470 2064 diaetis,
1497 2026 1675 2059 dummodo
1696 2026 1781 2059 ultra

1036 2085 1098 2112 tres
1118 2079 1239 2112 diaetas
1263 2079 1379 2123 aliquis
1404 2079 1594 2113 auctoritate
1623 2089 1777 2122 praesen-

1034 2133 1113 2166 tium
1135 2134 1175 2166 ad
1195 2132 1351 2166 iudicium
1379 2143 1443 2166 non
1467 2133 1621 2174 trahatur,
1646 2133 1780 2177 aliisque

1034 2186 1315 2219 constitutionibus
1346 2192 1377 2219 et
1407 2186 1665 2219 ordinationibus
1696 2196 1777 2230 apo-

1034 2240 1164 2275 stolicis.
1188 2250 1314 2273 necnon
1335 2240 1605 2273 monasteriorum
1636 2244 1666 2272 et
1689 2239 1780 2273 Ordi-

1034 2293 1083 2325 nis
1103 2293 1289 2326 lmiusmodi
1311 2293 1508 2333 iuramento,
1533 2293 1779 2327 confirmatione

1034 2345 1230 2389 apostolica,
1258 2347 1306 2379 vel
1332 2346 1442 2390 quavis
1474 2346 1625 2379 firmitate
1645 2346 1707 2379 alia
1728 2357 1779 2379 ro-

1034 2398 1166 2439 boratis,
1190 2399 1316 2432 statutis
1337 2405 1365 2432 et
1387 2399 1691 2440 consuetudinibus,
1715 2399 1780 2443 pri-

1034 2451 1158 2493 vilegiis
1178 2462 1325 2495 quoque,
1350 2452 1483 2485 indultis
1515 2457 1545 2485 et
1568 2452 1682 2485 litteris
1703 2463 1780 2496 apo-

1035 2504 1156 2537 stolicis
1180 2505 1300 2538 eisdem
1323 2505 1526 2538 monasteriis
1546 2511 1577 2537 et
1597 2504 1719 2545 Ordini,
1743 2516 1780 2538 ac

1036 2557 1164 2591 illorum
1198 2558 1410 2599 monialibus,
1434 2558 1493 2591 sub
1521 2558 1781 2603 quibuscumque

1037 2612 1201 2646 tenoribus
1228 2618 1259 2645 et
1290 2612 1422 2653 formis,
1448 2623 1484 2646 ac
1510 2623 1583 2646 cum
1615 2612 1780 2657 quibusvis

1796 1393 1906 1414 Contraria
1921 1393 1980 1414 tollit.
