2253 3195
283 267 336 295 An.
352 266 381 295 c,
403 267 468 296 ¹001
518 257 582 292 7⁶20

482 317 638 360 Sequitur
653 316 759 359 forma
770 315 875 348 dictae
887 325 987 349 comm
993 316 1194 350 unicatiom's
1208 327 1229 349 a

526 379 646 411 vicario
666 379 779 422 Papae
792 379 941 422 probata,
964 383 993 412 et
1009 390 1111 423 supra
1124 389 1227 413 enan-

526 441 613 473 ciata
628 441 648 474 ¹.

482 511 603 543 Forma.
611 511 827 545 absolutionis
836 517 864 545 et
873 513 1061 546 orationum
1068 513 1229 546 servanda

525 575 546 596 a
564 564 740 597 Fratribus
753 564 888 598 Ordinis
905 566 1137 600 Sanctissimae
1157 566 1229 599 Tri-

525 617 642 649 nitatis
666 617 910 661 Redemptiom's
936 619 1157 662 Captivorum.

480 686 676 722 Hieronymus
702 688 862 723 episcopus
882 689 1075 722 Sabinensis,
1097 690 1227 717 Sanctae

515 731 663 760 Romanae
679 732 832 761 Ecclesiae
851 733 1015 761 cardinalis
1031 733 1227 762 nuottoucius

514 779 710 811 nuncupatus
721 799 729 812 ‚
760 778 953 806 sanctissimi
982 778 1096 806 Domini
1126 779 1228 806 Nostri

519 821 615 855 Papae
630 822 764 849 vicarius
779 823 939 857 generalis,
955 823 1162 857 Romanaeque
1176 823 1228 850 Cu-

520 865 586 893 riae
604 866 695 894 iudex
714 866 896 895 ordinarius.

479 920 604 948 Dilectis
618 921 704 949 nolus
724 921 756 949 in
772 921 891 949 christo
906 921 1056 949 ministris
1077 924 1108 950 et
1124 922 1228 950 fratri—

514 965 568 993 bus
592 965 710 993 Ordinis
735 966 955 994 Sanctissimae
981 966 1140 994 Trinitatis
1168 967 1224 995 Re-

515 1010 694 1045 demptionis
721 1010 929 1047 captivorum,
958 1013 1089 1040 salutem
1115 1011 1227 1046 Deique

513 1054 767 1083 benedictionem.

522 1117 588 1151 Etsi
601 1123 737 1153 cunctae
756 1117 849 1152 Orbis
868 1119 1038 1160 Ecclesiae,
1059 1119 1119 1153 sub
1143 1119 1225 1153 San-

479 1176 605 1205 ctorum
623 1171 776 1205 fundatae
793 1172 974 1215 vocabulis,
1005 1173 1068 1207 sint
1091 1173 1144 1218 pia
1168 1172 1225 1206 de-

479 1225 606 1258 votione
630 1224 778 1274 fidelium
801 1226 1014 1274 venerandae,
1027 1225 1225 1268 illastamen,

479 1287 564 1321 quae
587 1277 621 1310 in
645 1278 798 1312 honorem
836 1285 867 1313 et
898 1279 959 1312 sub
992 1278 1148 1313 vocabulo
1172 1290 1225 1313 sa-

480 1335 647 1365 crosantae
663 1337 694 1365 et
719 1331 903 1366 individuae
928 1332 1092 1365 Trinitatis
1106 1332 1229 1366 dicatae

481 1390 670 1427 noscuntur,
694 1396 732 1419 eo
749 1386 961 1420 excellentiori
981 1386 1137 1421 memoria
1155 1396 1229 1420 eon-

480 1438 566 1472 venit
585 1438 746 1480 venerari,
777 1450 842 1483 quo
862 1439 931 1483 ipsa
959 1445 1069 1473 sancta
1093 1440 1230 1473 Trinitas

481 1491 696 1526 immediatius
719 1498 751 1526 et
775 1492 949 1536 perfectius
974 1497 1045 1526 vota
1084 1492 1229 1526 fidetium

481 1544 612 1588 dirigit,
643 1551 674 1579 et
703 1544 742 1578 ad
767 1545 904 1589 gratiam
929 1545 1142 1579 exauditionis
1167 1545 1225 1578 ad-

481 1597 586 1631 mittit.
607 1598 685 1632 Cum
702 1608 779 1643 ergo
798 1597 884 1632 Ordo
900 1598 1125 1633 Sanctissimae
1160 1599 1229 1632 Tri-

480 1651 586 1684 nitatis
614 1651 854 1696 Redemptionis
886 1651 1111 1696 Captivorum,
1149 1657 1229 1686 nutu

479 1704 601 1745 divino,
626 1715 684 1749 per
703 1705 803 1739 t'elicis
828 1705 1059 1740 recordationis
1076 1707 1230 1741 Innocen-

480 1757 560 1791 tium
577 1758 696 1802 Papam
716 1758 770 1799 111,
790 1758 850 1793 sub
874 1759 928 1793 tali
943 1759 1034 1793 titulo
1051 1765 1082 1793 et
1098 1759 1230 1794 nomine

479 1811 644 1845 institutus
689 1822 757 1846 esse
796 1812 1004 1857 dignoscatur
1020 1840 1027 1853 ,
1064 1813 1178 1847 merito
1211 1824 1229 1847 a

479 1864 596 1898 Sancta
615 1864 694 1898 Sede
713 1866 895 1909 Apostolica
912 1865 1106 1910 specialibus
1119 1866 1230 1908 gratiis

1062 267 1247 293 BULLARIUM
1266 266 1421 293 nouitium

1263 316 1451 351 Catharinae
1482 316 1614 361 virginis
1633 323 1665 351 et
1689 317 1851 362 martyris,
1881 318 1945 352 dici
1979 323 2010 352 et

1262 369 1326 403 fieri
1340 375 1528 404 consuetum
1553 376 1612 412 est,
1633 371 1728 404 etiam
1750 370 1781 404 in
1799 372 1950 406 omnibus
1964 372 2009 405 fe-

1262 423 1453 458 stivitatibus
1466 424 1693 458 Sanctissimae
1710 425 1876 459 Trinitatis
1903 425 2010 459 dicere

1262 483 1292 511 et
1314 478 1429 519 facere,
1452 478 1579 522 publice
1591 484 1622 512 et
1639 478 1836 520 solemniter,
1855 488 2007 523 praesen·
2024 483 2027 484 ’

1262 532 1341 564 tium
1367 537 1486 572 tenore,
1512 531 1675 566 licentiam
1701 538 1731 565 at
1748 531 1930 565 facultatem
1951 532 2010 565 eis-

1262 584 1334 617 dem
1364 585 1518 618 ministris
1553 591 1583 618 et
1619 584 1768 619 fratribus
1803 585 2011 619 concedimus

1261 644 1357 682 atquc
1373 638 1592 682 impertimur.

1306 692 1369 734 §L
1397 692 1556 731 Quoniam
1582 698 1687 726 autem
1714 693 1849 725 sormam
1875 692 2006 726 absolu-

1261 744 1357 778 tionis
1395 746 1575 789 praedictae
1606 746 1682 779 viris
1705 745 1814 790 probis
1845 751 1877 779 et
1907 744 2011 779 doctis
2040 755 2062 776 ·.
2086 745 2091 750 ⁴

1262 805 1391 832 nostrae
1407 799 1522 833 Sacrae
1535 799 1807 843 Congregationis,
1821 799 2010 833 auctoritate

1261 852 1434 896 praedicta,
1455 852 1702 887 examinandam
1719 852 1952 894 commisimus,
1971 862 2011 885 ne

1262 905 1377 949 aliquis
1405 905 1575 950 scrupulus
1609 906 1674 940 sive
1700 905 1884 949 ambigendi
1919 906 2010 940 locus

1262 959 1346 992 circa
1376 970 1446 993 eam
1470 960 1681 1004 imposterum
1705 959 1922 1003 relinquatur,
1953 959 2010 992 ab·

1262 1013 1454 1047 solutionem
1478 1013 1595 1058 ipsam,
1630 1023 1740 1057 preces
1765 1019 1797 1047 et
1831 1012 2010 1053 orationes,

1262 1067 1358 1100 modo
1383 1078 1447 1111 quo
1466 1067 1592 1101 recitari
1617 1067 1744 1108 debent,
1768 1072 1804 1100 ut
1829 1066 2011 1101 evidentius

1263 1120 1471 1163 exprimatur,
1499 1120 1548 1153 his
1566 1119 1793 1165 praesentibus
1811 1119 2011 1153 adnotandas

1263 1173 1423 1214 duximus
1446 1173 1611 1208 videlicet:

1529 1253 1555 1287 A
1562 1252 1655 1297 ntiph
1661 1263 1734 1286 ona.

1308 1333 1406 1367 Intret
1428 1333 1531 1367 oratio
1548 1343 1630 1366 mea.
1646 1332 1770 1366 Deinde
1784 1332 1939 1365 dicantur
1957 1332 2011 1366 Se-

1262 1390 1349 1430 ptem
1362 1386 1492 1419 Psalmi
1499 1386 1603 1419 Poeni
1607 1385 1765 1427 sontiates,
1778 1386 1816 1418 in
1833 1389 1946 1427 totum,
1961 1385 2011 1419 vel

1263 1440 1300 1473 in
1316 1443 1466 1484 partem:
1488 1439 1609 1483 quibus
1624 1439 1742 1482 finitis,
1764 1439 1923 1483 repetitur

1528 1519 1735 1563 Antiphone.

1308 1600 1408 1634 Intret
1424 1599 1525 1633 oratio
1542 1609 1613 1633 mea
1630 1599 1663 1632 in
1678 1604 1850 1644 conspectu
1865 1598 1934 1638 luo,
1951 1598 2012 1633 Do-

1264 1654 1361 1694 mine,
1387 1652 1506 1687 inclina
1531 1662 1642 1686 aurem
1659 1658 1746 1686 tuam
1772 1652 1811 1685 ad
1825 1662 1936 1696 preces
1951 1661 2011 1685 no-

1263 1713 1357 1748 stras;
1381 1717 1487 1751 parce,
1507 1706 1653 1747 Domine,
1680 1715 1776 1750 parce
1799 1705 1918 1750 populo
1941 1710 2009 1747 tuo,

1263 1770 1359 1805 quem
1384 1759 1548 1794 redemisti
1565 1760 1721 1804 sanguine
1733 1764 1790 1793 tuo
1802 1759 1955 1804 pretioso,
1971 1768 2012 1792 ne

1264 1815 1296 1848 in
1313 1818 1477 1848 aeternum
1495 1813 1640 1847 irascaris
1665 1811 1769 1846 nobis.

1308 1867 1404 1913 Kyrie
1427 1867 1559 1901 eleison.
1599 1866 1722 1901 Christe
1746 1865 1879 1900 eleison.
1918 1865 2012 1909 Kyri:

479 1924 509 1951 et
534 1917 696 1952 favoribus
728 1918 908 1952 decoratur.
937 1920 975 1952 Et
997 1929 1056 1953 nos
1079 1924 1114 1952 ut
1139 1919 1226 1953 chri·
1264 1921 1394 1956 eleison.
1415 1921 1509 1954 Pater
1523 1924 1642 1953 noster.

478 1970 664 2005 stifidelium
691 1971 815 2006 devotio
832 1972 982 2006 visitandi
1006 1972 1164 2006 Ecclesias
1181 1972 1228 2006 di-

479 2025 521 2058 cti
545 2023 674 2058 Ordinis
699 2025 731 2059 in
757 2024 822 2058 dics
847 2031 1022 2069 augeatur,
1042 2035 1166 2059 necnon
1190 2025 1229 2058 ad

479 2078 692 2122 acquirendas
716 2078 836 2123 gratias
865 2079 895 2112 in
920 2078 1039 2112 eisdem
1061 2089 1229 2113 concessas

478 2141 515 2163 eo
533 2131 706 2166 ferventius
723 2138 754 2166 et
767 2132 914 2167 devotius
932 2132 1156 2176 disponantur,
1173 2142 1228 2165 au*

479 2185 626 2219 ctoritate
644 2185 817 2230 apostolica
835 2196 852 2218 a
872 2185 925 2219 SS.
949 2185 983 2219 D.
1002 2185 1039 2218 N.
1059 2185 1142 2228 Papa
1160 2195 1230 2229 spe-

479 2238 601 2272 cialiter
620 2239 712 2272 nobis
737 2249 898 2280 concessa,
918 2244 951 2272 ut
974 2247 1082 2282 preces
1104 2243 1135 2272 et
1151 2248 1231 2271 ora-

481 2293 593 2332 tiones,
619 2304 655 2325 ac
672 2293 811 2336 denique
828 2292 1079 2331 absolutionem,
1099 2302 1181 2335 quae
1199 2291 1229 2324 in

481 2346 621 2379 vicistis
644 2352 674 2379 et
698 2345 900 2379 monasteriis
915 2344 990 2379 dicti
1013 2345 1144 2377 Ordinis
1165 2344 1231 2377 die-

481 2399 539 2431 lnus
565 2399 730 2439 Cinaram,
755 2399 876 2432 Coenae
894 2397 1038 2438 Domini,
1051 2404 1080 2431 et
1098 2397 1232 2431 Sanctae

518 2499 526 2524 1
548 2497 642 2533 Aliqua
657 2497 740 2525 verim
756 2497 781 2524 in
797 2498 810 2532 ᾗ
826 2504 853 2524 xi
874 2501 901 2524 et
917 2504 955 2524 xit
972 2497 1081 2525 fuerunt
1097 2499 1229 2529 correcta,

481 2545 627 2568 ntnotatur
642 2542 810 2576 inmnrginm
830 2542 862 2568 Et
882 2542 951 2569 lianc
971 2541 1170 2569 correctionem
1188 2540 1231 2566 liic

481 2586 551 2612 itt-nn
569 2586 666 2613 l'ontif.
693 2587 774 2613 tradit
797 2587 866 2613 infra
891 2586 916 2613 in
941 2586 1135 2613 constitutione
1159 2584 1231 2611 editu

481 2639 530 2665 pro
550 2630 678 2658 fratribus
698 2632 893 2658 sanctissima-2
907 2630 1050 2658 Trinitatin
1070 2634 1097 2657 et
1115 2629 1230 2657 {tedem-

482 2676 590 2710 plionia.

1309 1975 1341 2016 5.
1369 1974 1408 2007 Et
1423 1983 1462 2007 ne
1485 1984 1543 2007 nos
1561 1972 1694 2006 inducas
1716 1973 1748 2006 in
1767 1971 1986 2006 tentationem.

1309 2030 1341 2069 [τ’.
1362 2026 1422 2060 Sed
1447 2025 1547 2060 libera
1567 2035 1626 2060 nos
1647 2037 1668 2068 a
1685 2026 1786 2059 mato.

1309 2078 1342 2118 γὲ.
1361 2079 1470 2113 Salvos
1487 2079 1535 2113 sac
1560 2089 1666 2113 servos
1680 2083 1761 2112 tuos.

1309 2135 1340 2173 ¹J'·
1366 2132 1450 2167 Deus
1473 2143 1573 2173 meus,
1596 2136 1652 2165 etc.

1310 2184 1342 2221 ᾖ.
1357 2185 1441 2219 Mitte
1455 2183 1818 2226 eis‚Domine.a11xitinm
1833 2183 1872 2217 de
1881 2183 2007 2218 Sancto.

1309 2240 1343 2271 τὶ.
1364 2239 1402 2272 Et
1419 2237 1457 2271 de
1481 2238 1576 2278 Sion,
1595 2242 1652 2271 etc.

1306 2292 1343 2326 π’).
1372 2292 1447 2325 Esto
1463 2291 1518 2331 eis.
1529 2291 1676 2331 Domine,
1689 2290 1788 2325 turris
1799 2289 2007 2324 fortitudinis.

1336 2372 1342 2378 .
1367 2344 1390 2377 A
1411 2344 1489 2378 facie
1515 2343 1650 2378 inimici.

1311 2403 1342 2443 ῃ.
1367 2397 1451 2431 Nihil
1467 2397 1616 2442 proficiat
1635 2396 1785 2431 inimicus
1803 2397 1833 2430 in
1852 2395 1911 2429 eis.

1310 2453 1343 2491 η’.
1363 2451 1399 2485 Et
1420 2451 1504 2484 silius
1518 2450 1708 2495 iniquitatis,
1727 2454 1783 2483 etc.

1310 2504 1342 2543 fi.
1363 2504 1510 2544 Domine,
1529 2503 1644 2537 exandi
1670 2503 1845 2537 orationem
1871 2512 1986 2536 meam.

1311 2561 1342 2598 nl.
1365 2558 1401 2591 Et
1422 2559 1543 2592 clamor
1559 2567 1662 2598 meus,
1679 2561 1737 2590 etc.

1311 2617 1342 2656 ς’.
1370 2612 1525 2646 Dominus
1551 2610 1728 2646 vobiscum.

1311 2667 1342 2703 [ι’.
1364 2665 1400 2700 Εῑ
1424 2676 1497 2699 rum
1523 2665 1635 2708 spiritu
1663 2669 1729 2698 [un.
