2253 3195
24 277 75 308 An.
96 276 207 306 (1.1594

55 1985 212 2013 Exequutorum

30 2011 154 2039 designatio.

839 275 986 301 cLEitENs
1006 277 1064 300 vni
1086 277 1136 300 ΡΡ.
1598 294 1601 295 ⁷
1647 264 1710 298 1177

221 325 414 360 conditionis
434 336 469 358 ac
491 324 776 369 praeeminentiae,
799 326 895 358 etiam
917 336 966 357 re—
1001 325 1172 357 missorum
1195 324 1310 357 effectu
1323 322 1456 367 pacifice
1468 322 1575 356 srui‘et
1589 324 1740 366 gaudere,

221 379 295 422 gali,
329 379 457 417 ducali,
491 390 527 412 ac
556 379 730 423 episcopali
752 385 782 412 ct
807 379 966 422 arcliiepi-
1001 389 1037 410 ac
1055 379 1166 411 eadem
1182 378 1358 421 praemissa
1371 378 1410 410 ab
1425 378 1587 418 omnibus,
1609 377 1648 410 ad
1664 387 1744 420 quos

221 432 354 476 scopali,
383 438 410 465 et
430 433 645 466 cardinalatus
677 432 800 465 bonore
826 432 966 475 praesul-

220 491 331 528 gentes
351 497 388 519 ac
406 487 589 529 fungentes,
618 496 700 529 quae
726 486 868 523 abbates,
891 495 965 517 con-

222 544 347 579 ventus,
371 539 550 572 monachos
564 544 594 571 et,
606 539 769 581 regulares
781 537 967 571 huiusmodi

221 602 374 635 personas
386 593 425 625 ad
439 593 543 626 sorum
557 592 732 633 saeculare,
749 602 881 635 quoquo
899 601 968 623 mo-

223 646 275 687 do,
300 646 425 680 trahere
446 647 494 680 vel
513 657 658 685 evocare,
687 651 799 679 contra
816 656 967 689 praesen-

223 699 303 732 tium
336 705 479 733 tenorem
505 710 541 732 ac
569 699 817 732 ecclesiasticam
839 699 967 731 liberta-

222 759 298 793 tem,
312 753 599 796 praesumpserint;
613 758 707 796 atque
722 753 802 785 adeo
814 753 968 796 ipsosmet

222 806 344 840 iudices
359 835 366 849 ,
391 807 447 851 qui
467 818 578 840 causas
608 818 830 851 quascumque
856 812 967 839 eontra

223 860 326 893 dictos
346 861 495 902 abbates,
521 867 715 901 conventus,
738 860 916 894 monachos
937 865 965 892 et

221 914 389 957 religiosos
407 916 713 959 quomodocumque
738 921 768 948 et
792 926 850 958 per
872 925 968 958 quos-

224 978 363 1012 cumque
389 965 492 1002 motas
521 969 646 1010 audire,
679 979 885 1011 cognoscere,
913 973 967 1000 aut

224 1021 302 1055 alias
320 1022 352 1054 in
373 1021 422 1054 his
442 1032 574 1066 quoquo
596 1022 694 1055 modo
719 1033 787 1055 sese
809 1021 968 1054 intromit-

225 1081 291 1108 tere
308 1075 377 1108 ausi
396 1075 525 1116 fuerint,
550 1081 580 1108 et
594 1075 675 1108 infra
697 1081 759 1108 tres
781 1075 847 1108 dies
859 1075 899 1107 ab
913 1075 964 1108 in-

225 1128 393 1161 timatione
407 1129 626 1172 praesentium
642 1129 703 1161 illis
721 1129 877 1167 facienda,
895 1139 969 1162 cau-

224 1192 274 1215 sas
293 1182 480 1215 huiusmodi
501 1182 541 1215 ad
559 1182 681 1215 iudices
695 1183 878 1216 ordinarios
893 1193 968 1216 eon—

225 1236 427 1278 gregationis
461 1236 646 1280 praedictae
668 1246 734 1268 non
758 1235 965 1275 remiserint,

225 1299 263 1322 eo
281 1289 350 1333 ipso
370 1289 403 1321 in
422 1299 544 1332 poenas
556 1294 587 1322 et
603 1299 755 1322 censuras
775 1289 968 1322 ecclesiasti-

225 1353 299 1383 cas,
327 1348 440 1376 contra
465 1342 622 1376 libertatis
648 1343 882 1376 ecclesiasticae
904 1343 970 1376 vio-

225 1397 366 1437 latores,
397 1402 428 1430 et
456 1403 568 1430 contra
599 1396 843 1440 privilegiorum
870 1397 970 1440 ipsius

225 1450 485 1493 congregationis
501 1451 755 1494 perturbatores,
779 1456 842 1484 tam
864 1451 895 1483 in
917 1461 970 1493 ge-

225 1514 303 1537 nere
328 1515 425 1548 quam
452 1505 485 1537 in
512 1505 618 1549 specie
653 1505 897 1548 quomodolibet
923 1505 971 1538 in-

225 1558 326 1592 flictas
353 1558 535 1599 incurrere,
560 1570 577 1592 a
604 1559 738 1603 quibus,
768 1559 829 1592 nisi
859 1570 877 1592 a
901 1560 967 1592 Ro-

226 1622 323 1644 mano
342 1612 509 1653 Pontifice,
525 1612 657 1656 praevia
670 1612 831 1655 condigna
848 1613 971 1646 satissa-

226 1665 344 1707 ctione,
368 1665 490 1698 absolvi
511 1676 577 1698 non
596 1665 731 1709 possint:
753 1666 972 1710 etitapariter

225 1729 284 1762 per
303 1719 487 1763 praedictos
507 1719 629 1753 iudices
662 1719 846 1753 ordinarios
866 1726 894 1753 et
918 1721 972 1753 de-

225 1774 358 1816 legatos,
389 1774 628 1817 auditoresque,
658 1774 849 1814 cardinales,
874 1780 905 1807 et
929 1775 973 1808 le-

226 1832 317 1869 gatos
337 1826 486 1868 iudicari,
511 1827 639 1860 definiri
653 1833 684 1860 et
701 1827 906 1871 interpretari
919 1828 972 1861 de-

227 1880 315 1913 bere.
715 1886 719 1889 ’

272 1933 287 1977 ἓ
310 1933 339 1966 5.
367 1933 524 1973 Quocirca
551 1934 791 1968 venerabilibus
821 1935 973 1968 fratribus

228 1987 472 2032 archiepiscopo
504 1988 713 2021 Ulixbonensi
750 1994 780 2022 et
813 1989 973 2025 Leiriensi

229 2041 392 2085 episcopo,
402 2052 438 2075 ac
452 2042 574 2075 decano
580 2042 805 2076 Colimbriensi
815 2053 873 2086 per
879 2053 974 2086 prae-

229 2101 334 2129 sentes
359 2095 591 2129 committimus
616 2101 646 2129 et
670 2097 873 2135 mandamus,
898 2108 976 2140 qua-

231 2155 323 2182 tenus
344 2149 415 2193 ipsi,
437 2150 487 2183 vel
509 2151 573 2183 duo
592 2155 646 2182 aut
665 2160 750 2183 unus
771 2160 897 2189 eorum,
918 2161 976 2194 per

230 2213 263 2236 se
300 2203 346 2236 vel
372 2203 470 2236 alium
492 2215 548 2237 seu
570 2203 660 2244 alios,
684 2210 870 2248 praesentes
892 2205 976 2238 litte-

229 2266 292 2297 ras,
316 2262 346 2290 et
366 2256 398 2289 in
424 2256 468 2290 eis
489 2262 641 2289 contenta
662 2268 898 2301 quaecumque,
920 2257 974 2290 ubi

231 2315 262 2343 et
281 2311 411 2354 quando
439 2320 521 2354 opus
547 2310 663 2351 fuerit,
692 2321 729 2343 ac
760 2311 886 2354 quoties
917 2322 975 2355 pro

230 2370 320 2407 parte
345 2364 505 2398 dictorum
535 2364 689 2397 abbatum
707 2391 714 2402 ‚
744 2370 972 2405 conventuum,

231 2417 466 2450 monachorum
494 2424 524 2451 et
543 2417 787 2457 religiosorum,
816 2424 869 2453 aut
890 2428 973 2461 quo-

230 2481 445 2514 rumcumque
467 2481 578 2504 eorum
605 2470 725 2504 suerint
744 2470 902 2514 requisiti,
927 2481 978 2503 so-

231 2523 382 2556 lemniter
393 2524 604 2567 publicantes,
622 2524 732 2568 eisque
746 2524 777 2556 in
791 2523 977 2567 praemissis

232 2576 370 2610 efficacis
394 2578 590 2611 defensionis
603 2577 765 2622 praesidio
779 2577 973 2617 assistentes,

233 2631 353 2664 saciant
373 2631 563 2664 auctoritate
580 2637 689 2665 nostra
714 2631 800 2675 ipsos
830 2632 973 2673 abbates,

235 2690 421 2725 conventus,
446 2685 623 2718 monachos
646 2690 676 2718 et
696 2684 864 2728 religiosos
883 2695 995 2729 prae-i

319 2747 397 2774 Ball.
420 2748 494 2775 Rom.
519 2748 579 2775 Vol.
596 2749 622 2775 X
817 2748 850 2775 23

1001 437 1119 475 spectat
1154 437 1182 464 ct
1205 431 1236 463 in
1258 432 1400 464 futurum
1426 431 1603 475 spectabit,
1636 430 1739 463 invio-

1001 485 1062 518 late
1082 491 1239 528 perpetuo
1252 485 1427 525 observari,
1448 495 1484 518 ac
1499 484 1744 518 contravenien-

1002 543 1046 570 tes
1059 549 1282 581 quoscumque
1303 549 1454 571 censuras
1468 544 1630 582 ctpoenas
1651 548 1744 582 prae-

1002 591 1101 624 dictas
1122 602 1159 624 eo
1180 591 1249 635 ipso
1271 591 1444 625 incurrisse
1465 592 1640 639 declarent.

1045 645 1060 688 ᾗ
1081 644 1110 678 6.
1135 645 1203 678 Non
1223 645 1425 678 obstantibus
1436 645 1602 689 quibusvis
1616 650 1745 689 aposto-

1001 697 1081 738 licis,
1106 698 1184 730 acin
1205 698 1458 742 provincialibus
1472 704 1502 731 et
1522 699 1741 743 synodalibus,

1001 762 1037 783 ac
1057 752 1292 784 universalibus
1313 751 1458 784 conciliis
1476 752 1570 785 editis
1584 752 1745 794 generali-

1001 805 1071 845 bus,
1095 806 1144 838 vel
1170 805 1365 849 specialibus
1402 805 1685 839 constitutionibus
1717 811 1747 838 et

1001 859 1283 899 ordinationibus,
1311 870 1370 892 nec
1401 870 1466 892 non
1487 860 1747 903 quibuscumque

1002 913 1127 945 statutis
1152 919 1183 946 et
1215 913 1521 953 consuetudinibus,
1554 924 1591 946 ac
1623 913 1747 955 legibus

1002 967 1163 1009 regalibus
1189 973 1217 1000 et
1244 967 1507 1010 municipalibus,
1532 967 1629 999 etiam
1659 967 1747 999 iura-

1003 1025 1122 1059 mento,
1144 1020 1392 1053 confirmatione
1402 1020 1590 1064 apostoliea,
1606 1021 1654 1053 vel
1669 1031 1748 1064 qua-

1005 1074 1047 1107 vis
1078 1073 1229 1107 firmitate
1257 1075 1319 1107 alia
1352 1074 1537 1114 roboratis,
1571 1074 1748 1118 privilegiis

1003 1138 1143 1171 quoque,
1165 1128 1297 1161 indultis
1316 1133 1346 1160 et
1371 1128 1484 1161 litteris
1509 1128 1695 1171 apostolicis
1716 1128 1748 1160 in

1003 1182 1200 1228 contrarium
1214 1182 1467 1225 praemissorum
1489 1182 1745 1225 quomodolibet,

1003 1242 1031 1268 et
1053 1236 1112 1268 sub
1127 1236 1385 1279 quibuscumque
1398 1235 1563 1268 tenoribus
1575 1240 1605 1268 et
1623 1235 1745 1275 formis,

1003 1300 1039 1322 ac
1057 1300 1130 1322 cum
1151 1289 1316 1333 quibusvis
1342 1289 1438 1322 etiam
1467 1288 1747 1331 derogatoriarum

1004 1343 1228 1385 derogatoriis,
1253 1342 1388 1386 aliisque
1412 1342 1647 1375 efficacioribus
1661 1347 1689 1374 et
1703 1341 1750 1373 in-

991 1396 1104 1429 ,solitis
1124 1396 1295 1434 clausulis,
1324 1407 1361 1429 ac
1381 1396 1602 1436 irritantibus,
1631 1403 1662 1428 et
1679 1394 1750 1427 aliis

1005 1450 1141 1483 decretis
1160 1450 1330 1489 concessis,
1355 1449 1553 1482 confirmatis
1574 1456 1605 1481 et
1625 1459 1746 1492 appro-

1005 1503 1096 1536 batis.
1120 1503 1242 1542 Quibus
1262 1503 1413 1536 omnibus
1431 1508 1461 1535 ct,
1481 1502 1615 1544 singulis
1636 1512 1748 1535 eorum

1004 1564 1132 1590 tenores
1152 1557 1397 1601 praesentibus,
1428 1567 1464 1589 ac
1484 1556 1509 1589 si
1531 1557 1570 1589 de
1590 1556 1688 1589 verbo
1709 1556 1749 1588 ad

1002 1611 1136 1644 verbum
1158 1610 1390 1650 insererentur,
1414 1620 1473 1654 pro
1491 1609 1751 1642 sufficienterex-

1003 1663 1120 1707 pressis
1138 1670 1166 1696 et
1179 1663 1307 1696 insertis
1321 1663 1486 1702 habentes,
1504 1663 1564 1695 hac
1577 1662 1645 1695 vice
1656 1663 1749 1695 dum-

1005 1723 1088 1750 taxat
1106 1717 1292 1761 specialiter
1312 1722 1343 1750 et
1370 1727 1519 1760 expresse
1541 1717 1747 1758 derogamus,

1004 1770 1202 1814 caeterisque
1227 1769 1399 1803 contrariis
1420 1769 1692 1813 quibuscumque.

1048 1825 1163 1857 Datum
1181 1825 1304 1857 Romae
1325 1824 1412 1867 apud
1429 1824 1580 1857 Sanctum
1593 1823 1748 1863 Marcum,

1004 1878 1063 1911 sub
1084 1878 1205 1910 annulo
1218 1877 1390 1911 Piscatoris
1414 1877 1466 1910 die
1486 1888 1528 1910 xx
1556 1876 1748 1920 septembris

1005 1941 1135 1971 MDXCIV,
1159 1930 1365 1974 pontificatus
1386 1930 1490 1964 nostri
1511 1941 1596 1963 anno
1617 1940 1666 1963 111.

1043 2002 1100 2029 Dat.
1118 2002 1161 2029 die
1181 2002 1215 2029 ΞΟ
1231 2002 1379 2038 septembr.
1398 2002 1477 2037 1594,
1499 2004 1575 2037 pont.
1592 2010 1636 2028 an.
1657 2009 1698 2027 111.

1314 2211 1439 2245 XCVIII.

1007 2309 1258 2352 Arcltt'episcopo
1280 2308 1521 2341 Valentim'ensi
1539 2318 1576 2340 ac
1593 2307 1756 2341 Oriolenst'

1053 2376 1081 2404 et
1106 2371 1329 2415 Seyobricensz'
1353 2371 1509 2414 episcopis
1526 2371 1753 2411 committitur,

1052 2440 1088 2467 ut
1100 2438 1315 2477 auwnentnm
1328 2434 1531 2466 decimarum
1543 2437 1571 2466 et
1585 2433 1755 2466 novalimn

1051 2497 1242 2540 proveniens
1260 2507 1297 2529 ex
1325 2496 1577 2539 irriqationibus
1605 2496 1757 2539 fluminis

1057 2560 1143 2593 Ti'bis
1163 2561 1199 2593 in
1221 2561 1297 2593 locis
1317 2560 1355 2593 de
1374 2560 1538 2600 Alicante,
1559 2560 1630 2603 refli
1647 2561 1757 2593 callio-

1054 2623 1114 2655 lico
1133 2622 1275 2667 persolvi
1293 2627 1417 2664 curent,
1445 2632 1569 2656 necnon
1590 2633 1664 2656 cum
1683 2634 1756 2667 ope-

1052 2687 1152 2719 rariis
1188 2687 1223 2719 in
1269 2686 1459 2720 deductione
1490 2691 1518 2720 et
1558 2687 1758 2730 irriqatione

1757 275 1807 302 An.
1828 275 1856 301 C.
1875 275 1943 302 1594

1773 658 1887 688 Derogatio
1897 663 1945 678 eou-

1759 688 1878 706 irai-iorum.
