2253 3195
228 261 278 288 Αιι.
297 260 326 288 c.
345 261 414 290 1594
459 253 524 287 166

427 312 486 345 ctis
505 311 670 356 scripturis
684 339 692 353 ,
715 313 755 345 ad
781 323 859 356 quas
883 323 917 346 se
936 313 1051 353 refert,
1075 313 1171 346 latius

427 371 549 398 constat
569 371 600 398 et
619 371 762 409 apparet,
786 376 870 409 quae
890 376 1004 399 omnes
1028 371 1103 399 sunt
1121 365 1167 399 si-

426 425 541 460 gnatae
560 429 578 451 a
598 419 683 452 dicto
704 419 824 452 Ioanne
843 419 985 453 Sanehez
1006 420 1046 453 de
1065 420 1167 453 Cana-

427 473 482 505 les.
505 473 577 505 Post
598 482 699 515 quae,
733 472 888 506 existente
921 484 979 507 sua
1010 473 1170 506 Maiestate

427 526 558 569 eiusque
572 525 660 558 curia
671 531 699 558 et
714 525 849 559 consilio
870 526 902 559 in
923 527 1049 560 civitate
1068 527 1170 560 Toleti

427 581 466 613 de
490 590 575 613 anno
596 590 693 617 stan.
714 586 745 613 et
765 580 944 624 impendita
965 587 1062 625 atque
1081 577 1188 615 arre-'

427 639 506 666 stata
534 644 672 677 persona
689 634 796 667 fratris
818 635 852 668 D.
873 635 1111 668 Bartholomaei
1132 636 1171 669 de

427 687 586 719 Carranca
606 686 761 727 defuncti,
785 687 841 730 qui
869 687 928 720 suit
956 687 1172 731 archiepisco-

428 750 488 783 pus
517 740 630 778 Toleti.
655 741 770 774 doctor
789 740 1041 785 Christophoms
1060 742 1168 781 Percz,

428 793 682 833 administrator,
711 794 765 838 qui
784 794 840 827 suit
863 794 938 828 dicti
960 795 1098 837 collegii.
1115 807 1172 839 pe-

431 846 480 879 tiit
499 852 531 879 et
549 847 742 891 supplicavit
769 858 846 880 suae
874 847 1047 889 Maiestati‚
1070 855 1103 882 ut
1126 849 1173 882 di-

429 905 582 941 gnaretur
601 906 769 944 acceptare
792 901 913 934 dietum
941 907 1147 944 patronatum
1162 929 1169 943 ‚

428 958 523 996 prout
537 958 568 986 ct
581 953 857 996 quemadmodum
878 953 981 988 dictus
1001 955 1174 988 cardinalis

428 1006 540 1040 Siliseo
558 1007 586 1040 ei
608 1007 773 1040 dimiserat
792 1008 883 1049 illud,
902 1008 1127 1052 supplicando;
1144 1015 1172 1042 et

430 1059 460 1092 in
473 1060 599 1101 effectu,
623 1067 795 1105 postquam
819 1067 987 1095 tractatum
1008 1068 1039 1095 ct
1058 1062 1175 1106 practi-

430 1119 537 1147 catum
566 1114 636 1155 suit,
668 1115 881 1149 demandato
909 1126 985 1149 suae
1005 1115 1176 1149 Maiestatis

430 1177 503 1199 cum
523 1167 689 1201 nonnullis
713 1168 752 1201 de
773 1168 908 1202 consilio
935 1178 994 1202 suo
1019 1174 1047 1201 et
1076 1179 1170 1213 prae-

431 1221 517 1254 dicto
547 1221 680 1255 doctore
708 1221 942 1266 christophoro
967 1222 1062 1255 Perez
1090 1223 1175 1256 circa

431 1274 590 1314 ordinem,
613 1274 668 1318 qui
694 1276 801 1319 quoad
829 1275 1085 1309 nominationem
1107 1275 1172 1308 vir-

431 1328 543 1371 ginum
567 1335 598 1362 et
618 1329 817 1373 reliquorum
839 1329 1104 1363 concernentium
1126 1330 1174 1363 di—

431 1387 517 1415 ctum
535 1387 752 1425 patronatum,
777 1382 913 1416 debehat
939 1383 1039 1416 teneri
1061 1389 1089 1416 et
1111 1393 1171 1427 po-

433 1441 512 1469 terat
540 1436 659 1469 servari
692 1436 776 1469 inter
803 1447 893 1469 suam
925 1436 1118 1470 Maiestatem
1145 1443 1174 1470 et

431 1488 692 1533 archiepiscopos
730 1490 901 1523 Toletanos
938 1500 996 1534 pro
1031 1496 1176 1535 tempore

432 1542 597 1580 cxfituros,
625 1549 653 1576 et
682 1549 775 1587 capto
806 1553 844 1576 ac
863 1543 1042 1577 deliberato
1063 1544 1176 1578 ordine

432 1601 463 1628 et
482 1596 596 1635 forma,
610 1595 664 1640 qui
679 1595 763 1629 visus
784 1602 831 1629 est
848 1596 1053 1637 conveniens,
1074 1602 1103 1631 et
1118 1597 1175 1631 ha-

433 1649 498 1683 bito
518 1649 652 1682 consilio
677 1660 749 1682 cum
782 1651 812 1683 S.
837 1650 1011 1691 Maiestate,
1039 1656 1069 1684 et
1095 1651 1175 1685 sacta

431 1702 577 1736 omnium
589 1702 773 1746 particulari
787 1702 953 1744 relatione,
972 1703 1080 1737 hahita
1101 1714 1177 1738 con-

432 1756 627 1790 sideratione
651 1757 736 1800 quod
764 1767 846 1801 opus
866 1764 897 1789 et.
918 1757 1074 1791 institutio
1101 1758 1176 1792 dicti

433 1809 558 1852 collegii
579 1816 648 1843 erat
668 1810 750 1843 adeo
769 1816 879 1843 sancta
911 1817 938 1843 et
973 1811 1037 1854 pia,
1061 1817 1092 1845 et
1113 1817 1175 1845 tam

434 1862 465 1895 in
485 1862 648 1895 servitium
672 1862 794 1896 domini
816 1863 928 1903 nostri,
949 1874 985 1897 ac
1006 1864 1175 1898 utilitatem

433 1921 463 1948 et
476 1915 712 1959 beneplacitum
726 1916 909 1960 praedictae
927 1916 1062 1950 civitatis
1078 1924 1106 1951 et
1125 1928 1176 1951 ar-

433 1968 703 2013 chiepiscopatus,
727 1979 763 2002 ac
784 1969 873 2011 regni
893 1970 1010 2009 Tolcti‚
1035 1976 1066 2003 et
1090 1972 1177 2015 quod

434 2022 511 2055 illud
536 2022 610 2056 fecit
629 2022 733 2056 dictus
753 2023 938 2064 cardinalis,
962 2023 1016 2067 qui
1036 2024 1095 2057 t'uit
1111 2036 1177 2058 ma-

433 2076 530 2117 gister
554 2087 629 2109 suae
663 2076 852 2117 Maiestatis,
876 2077 904 2110 ei
937 2077 1055 2121 placuit
1081 2089 1174 2112 acce-

434 2136 523 2172 ptare
543 2129 665 2163 dictum
690 2136 895 2173 patronatum
921 2141 978 2175 pro
1009 2142 1042 2164 se
1067 2138 1097 2165 et
1118 2142 1177 2176 pro

435 2182 575 2216 dominis
596 2183 726 2225 regibus
745 2184 898 2217 Castellae
923 2184 987 2217 suis
1013 2195 1175 2218 successo-

336 2238 419 2278 .ἰ“ἶ,“,.,,,
437 2237 525 2269 ribus
546 2237 704 2281 capiendo
733 2238 763 2271 5.
789 2238 943 2278 Maiestas,
972 2244 999 2271 ct
1023 2239 1081 2282 ipsi
1103 2244 1174 2272 tan-

353 2291 383 2304 '¹⁴
435 2302 531 2333 quam
555 2290 615 2324 tzfle
642 2291 769 2335 patroni
797 2291 828 2324 in
857 2302 969 2325 eorum
1003 2292 1176 2335 protectio-

435 2354 520 2381 nem,
537 2355 668 2377 manum
689 2350 720 2376 et
739 2345 892 2378 auxilium
912 2347 1092 2389 praefatum
1112 2347 1177 2380 col-

436 2396 552 2435 legium
569 2424 575 2433 ,
609 2408 762 2440 personas
775 2424 782 2436 ,
813 2397 917 2437 hona,
951 2398 1115 2442 privilegia
1147 2405 1174 2432 ct

435 2449 664 2492 exemptiones,
687 2462 723 2483 ac
740 2450 849 2483 omnia
871 2450 948 2484 illud
970 2451 1134 2493 tangentia
1147 2458 1175 2485 et

435 2503 674 2541 concernentia,
690 2510 718 2537 et
734 2504 794 2537 illis
813 2511 976 2548 praestare
994 2506 1134 2538 lavorem
1146 2512 1174 2538 et

435 2555 601 2593 auxilium,
616 2563 711 2600 atquo·
733 2557 841 2590 iuvare
861 2563 891 2591 ct
912 2559 1017 2591 favere
1029 2558 1176 2592 substen-

437 2609 600 2649 tationem,
617 2610 893 2644 conservationem
912 2617 941 2644 et
959 2612 1108 2644 ellectum
1130 2611 1178 2645 di·

437 2669 505 2695 ctae
527 2663 746 2704 institutionis,
768 2664 808 2697 ita
829 2666 914 2708 quod
932 2666 970 2698 dc
992 2664 1084 2698 ‹lit-tis
1101 2675 1176 2698 cen·

1012 265 1196 290 BULLARIUM
1215 265 1370 290 ROMANUM

1961 267 2011 296 An.
2023 267 2052 296 C.
2077 268 2180 303 1595*-

1203 318 1271 352 tum
1291 313 1408 358 puellis
1432 313 1500 348 eius
1525 314 1671 349 Maiestas
1694 315 1866 350 nominare
1890 316 1947 350 de-
2175 329 2178 332 ·

1203 367 1294 400 beret
1309 367 1484 410 sexaginta,
1500 373 1531 401 et
1542 367 1699 412 praedicti
1712 368 1948 413 archiepiscopi
2088 414 2090 417 v
2137 400 2157 415 ι,

1203 421 1426 465 quadraginta,
1445 428 1474 455 et
1493 422 1580 466 quod
1596 428 1772 467 utcumque
1788 422 1843 463 sit,
1860 424 1948 467 quod
1997 435 2103 468 xmmgmag

1205 474 1237 507 in
1251 475 1344 508 dictis
1361 476 1655 517 constitutionibus,
1668 487 1748 520 quas
1765 477 1870 510 dictus
1879 487 1949 510 car·
1963 464 2157 521 ii'eer'iam'iiiss·

1205 529 1320 562 dinalis
1338 529 1409 562 tecit
1434 529 1519 563 circa
1542 529 1706 572 tangentia
1730 530 1851 564 dictum
1880 530 1948 564 col·
1960 516 2158 570 {ww-⁵:3¹¹*

1204 583 1336 625 legium,
1357 583 1555 616 declaratum
1575 583 1716 627 reliquit,
1739 583 1827 627 quod
1847 583 1951 616 admi-

1205 637 1358 670 nistrator
1370 643 1401 670 et
1413 637 1620 680 gubernatrix
1632 637 1881 670 nominarentur
1892 647 1951 681 per

1205 689 1466 734 archiepiscopos
1479 690 1510 723 in
1523 690 1606 723 dicta
1620 697 1730 724 sancta
1742 689 1878 723 ecclesia
1889 700 1950 734 pro

1207 749 1351 787 tempore
1372 741 1542 777 existentes
1556 771 1563 784 ‚
1587 741 1819 787 quod'attento
1832 771 1839 784 ‚
1863 743 1951 788 quod

1207 797 1239 830 id
1254 797 1467 840 disposuerat,
1477 803 1650 841 antequam
1663 797 1848 831 nominaret
1859 807 1951 830 suam

1206 849 1400 883 Maiestatem
1426 849 1458 882 in
1478 855 1653 894 patronum
1672 861 1739 884 una
1763 860 1837 884 cum
1858 849 1951 884 dictis

1207 902 1468 947 archiepiscopis,
1489 909 1520 936 et
1537 908 1710 947 antequam
1723 903 1815 937 dictis
1827 902 1953 937 archie-

1207 956 1346 1000 piscopis
1366 956 1527 990 dedissent
1553 967 1617 990 una
1642 966 1716 990 cum
1737 956 1768 990 S.
1791 955 1953 990 Maiestate

1208 1010 1465 1043 nominationem
1478 1009 1651 1053 virginum,
1663 1015 1694 1044 et
1707 1010 1795 1054 quod
1808 1020 1881 1043 cum
1892 1020 1952 1054 po—

1208 1070 1274 1097 stea
1295 1063 1387 1097 suerit
1414 1063 1499 1097 circa
1519 1063 1598 1097 haec
1619 1064 1702 1097 facta
1721 1063 1867 1105 mutatio,
1884 1070 1954 1097 crat

1209 1117 1359 1152 differens
1384 1129 1475 1152 casus
1495 1123 1525 1152 et
1543 1118 1638 1158 ratio,
1657 1118 1890 1152 concordatum
1922 1123 1952 1152 et

1209 1178 1401 1205 conventum
1426 1171 1494 1213 suit,
1518 1172 1606 1216 quod
1625 1171 1729 1205 dictus
1749 1171 1953 1205 administra-

1210 1231 1270 1265 tor,
1287 1231 1356 1269 post
1371 1225 1494 1259 obitum
1508 1225 1644 1269 praefati
1656 1224 1879 1269 Christophori
1895 1224 1954 1258 Pe-

1211 1288 1281 1317 rez,
1310 1278 1532 1312 nominaretur
1562 1289 1621 1322 per
1645 1277 1677 1312 S.
1705 1277 1901 1311 Maiestatem
1922 1282 1954 1310 et

1209 1331 1359 1364 dominos
1371 1341 1463 1373 reges
1481 1331 1566 1364 illius
1587 1340 1799 1372 successores,
1813 1335 1844 1364 et
1858 1340 1953 1374 prae-

1210 1383 1293 1417 dicta
1310 1383 1520 1427 gubernatrix
1540 1394 1598 1428 per
1617 1383 1768 1417 dominos
1788 1382 1950 1428 archiepi-

1209 1447 1334 1481 scopos,
1351 1436 1575 1480 ordinavitque
1600 1436 1816 1480 et·praecepit
1834 1435 1865 1470 S.
1888 1436 1953 1470 Ma-

1210 1491 1315 1530 iestas,
1339 1491 1426 1534 quod
1446 1490 1632 1524 obtineatur
1651 1495 1682 1524 et
1706 1489 1858 1524 afferatur
1878 1499 1955 1524 con·-

1211 1544 1349 1578 firmatio
1379 1550 1410 1578 et
1435 1543 1626 1588 approbatio
1656 1543 1907 1588 praemissorum
1935 1553 1955 1576 a

1210 1598 1272 1631 Sua
1289 1597 1474 1638 Sanctitate,
1494 1603 1592 1641 prout
1610 1596 1793 1630 continetur
1811 1596 1844 1630 in
1864 1607 1955 1630 acce-

1211 1651 1353 1695 ptatione
1383 1661 1480 1695 quam
1507 1650 1538 1684 S.
1567 1649 1711 1684 Maiestas
1740 1649 1816 1683 fecit
1843 1649 1875 1682 in
1904 1649 1954 1683 di-

1211 1709 1262 1738 cta
1270 1704 1396 1738 civitate
1409 1703 1522 1745 Toleti,
1532 1703 1584 1737 die
1597 1714 1659 1738 xxx
1668 1702 1853 1737 novembris
1861 1713 1955 1747 prae-

1212 1757 1294 1792 teriti
1320 1757 1395 1791 anni
1421 1756 1671 1802 quingentesimi
1690 1756 1890 1800 sexagesimi.
1919 1756 1956 1790 Et

1211 1822 1285 1844 cum
1307 1810 1424 1844 obierit
1442 1810 1545 1844 dictus
1565 1810 1679 1844 doctor
1702 1809 1955 1854 Christophoms

1212 1865 1318 1904 Perez,
1343 1864 1373 1897 in
1395 1863 1642 1908 exequutionem
1668 1863 1771 1897 dictae
1801 1867 1952 1907 accepta-

1213 1918 1307 1952 tionis
1341 1917 1480 1962 providit
1513 1918 1544 1951 S.
1576 1917 1721 1951 Maiestas
1750 1916 1782 1950 in
1808 1917 1877 1951 eius
1900 1917 1951 1950 lo-

1211 1983 1284 2005 cum
1305 1972 1345 2005 ad
1366 1971 1486 2005 dictum
1517 1970 1660 2004 officium
1685 1969 1955 2004 administratoris

1211 2026 1287 2059 dicti
1317 2025 1444 2067 collegii
1476 2024 1674 2058 licentiatum
1695 2023 1902 2065 Quintanilla,
1925 2029 1955 2058 et

1212 2090 1269 2124 per
1289 2079 1374 2112 illius
1398 2080 1565 2113 decessum
1597 2077 1790 2112 canonicum
1810 2077 1956 2113 Francis-

1211 2143 1284 2166 cum
1309 2132 1348 2166 dc
1368 2132 1461 2167 lloio.
1478 2137 1506 2165 et
1529 2142 1587 2176 per
1611 2131 1736 2165 obitum
1756 2130 1833 2165 dicti
1857 2129 1958 2170 Heio,-

1211 2186 1377 2219 doctorem
1399 2185 1638 2218 Ferdinandum
1647 2185 1687 2219 de
1700 2183 1901 2224 Barriovero,
1924 2189 1955 2218 et

1211 2250 1283 2272 cum
1309 2239 1425 2272 obierit
1451 2238 1555 2272 dictus
1584 2239 1618 2272 D.
1646 2238 1836 2272 Barriovero
1867 2242 1898 2272 et
1917 2237 1956 2272 sit

1210 2292 1471 2337 archiepiscopus
1504 2291 1607 2325 dictae
1638 2297 1767 2325 sanctae
1802 2291 1957 2328 ecelesiae

1211 2346 1393 2390 praedictus
1417 2345 1569 2379 dominus
1588 2344 1759 2379 cardinalis
1778 2345 1812 2379 D.
1835 2345 1958 2390 Gaspar
1976 2338 1982 2342 ⁵

1210 2399 1249 2432 de
1279 2398 1441 2441 Qun-oga,
1475 2404 1504 2432 ct
1538 2398 1752 2431 nominaverit
1778 2408 1836 2431 sua
1863 2396 1957 2432 Maie-

1210 2458 1273 2486 stas
1298 2452 1495 2486 licentiatum
1517 2452 1623 2486 nudes
1643 2452 1682 2485 de
1701 2451 1863 2492 Andr-ada,
1887 2451 1954 2485 sra-

1211 2511 1291 2538 trem
1304 2505 1432 2539 Ordinis
1452 2506 1491 2539 de
1510 2505 1685 2545 Calatrava,
1701 2510 1732 2538 ct
1746 2505 1831 2539 illius
1851 2504 1956 2549 capel-

1212 2558 1337 2596 lanum‘,
1353 2564 1382 2591 et
1398 2558 1471 2591 visis
1491 2558 1679 2603 perdictum
1699 2557 1867 2592 (lominum
1888 2567 1958 2591 car-

1211 2611 1350 2644 ‹linalem
1372 2611 1458 2644 dicto
1485 2616 1685 2647 testamento.
1713 2609 1953 2644 constitutioni-

1212 2665 1270 2698 bus
1290 2670 1321 2699 ct
1333 2664 1603 2699 declarationibus
1616 2664 1691 2698 dicti
1712 2663 1882 2698 cardinalis
1901 2663 1952 2699 Si-
