2253 3195
26 257 73 285 An.
89 256 117 283 C.
144 256 208 284 ¹00⁶.)

11 1866 19 1870 ¹*
43 1859 160 1887 Episcopus
166 1860 216 1881 Der-

3 1899 6 1902 <
19 1907 22 1911 ,
32 1887 138 1909 ¹thuscusis
144 1888 217 1908 sente-

19 1914 75 1936 ?eim
103 1914 218 1940 parochias

35 1942 96 1967 origii
135 1941 218 1962 fundat-

15 1974 25 1996 ,ν
35 1973 82 1996 que.

3 2235 29 2264 “.“
11 2134 30 2217 aona·
19 2076 28 2110 ⁴·-
10 2002 30 2062 ‹ze-⁴

840 256 987 281 CLEMENS
1006 256 1064 280 Vttt
1084 257 1135 280 PP-

225 304 458 343 distinctiones,
482 305 729 348 applicationes,
756 311 840 338 taxas
867 311 895 338 et
917 311 964 338 ta-

225 358 381 398 xationes,
403 358 596 395 dotationes,
618 359 809 402 dotiumque
841 358 901 391 iam
925 359 969 391 sa—

225 416 348 443 etarum
376 417 405 444 et
426 411 672 451 attrilmtarnm‚
701 423 737 444 ac
755 411 917 444 redituum
940 417 969 445 et

226 469 443 508 proventuum
466 465 674 498 adauctiones
691 465 888 503 huiusmodi,
906 465 969 498 sive

225 517 312 550 iuxta
338 518 524 551 earumdem
544 518 690 559 Gregorii
711 519 970 561 praedecessoris

225 571 406 604 litterarum
436 572 595 609 sormam,
620 572 683 605 sive
716 572 801 604 iuxta
834 573 967 604 aliarum

224 635 283 668 per
300 625 430 658 eosdem
447 625 726 669 archiepiscopum
742 631 770 658 et
786 625 966 669 episcopos,

224 678 320 711 simul
335 679 381 711 rel
395 678 540 719 seorsim,
563 678 742 712 faciendam
762 684 790 711 et
813 679 968 722 praescri-

225 731 385 772 bendam,
414 738 509 775 prout
531 731 576 765 eis
607 731 708 774 magis
728 737 758 764 et
781 732 894 765 melius
911 743 966 765 ex-

226 785 336 828 pedire
366 785 551 825 videretur,
587 784 812 826 designarem,
840 791 868 817 et
889 795 966 828 par-

217 838 405 875 ticulariter
435 837 684 881 specificarent,
715 838 849 882 illasque
880 838 966 871 desi—

227 896 338 933 gnatas
359 897 387 924 et
420 890 623 934 specitieatas
640 902 674 924 ac
698 891 729 923 in
750 891 878 935 scriptis
898 891 969 924 dili-

227 950 340 986 genter
359 944 505 977 redactas
523 944 561 977 ad
581 955 639 977 nos
661 950 690 977 et
716 944 796 977 hanc
820 944 967 977 Sanctam

229 998 344 1031 Sedem
375 998 594 1041 Apostolicam
624 997 899 1039 transmitterent,
934 1006 967 1030 ut

229 1052 317 1095 quod
343 1052 445 1094 magis
465 1051 504 1084 ad
530 1051 584 1084 Dei
605 1051 757 1095 laudem,
788 1057 818 1085 et
844 1051 970 1095 praedi-

230 1110 355 1138 ctorum
374 1104 598 1145 Moriscorum,
621 1115 677 1138 seu
691 1104 818 1137 noviter
835 1115 969 1138 conver-

228 1169 337 1191 sorum
370 1158 605 1192 institutionem
622 1186 628 1199 ,
658 1164 687 1191 et
717 1158 888 1191 utilitatem
903 1185 910 1199 ,
941 1165 968 1191 et

229 1212 363 1245 aliarum
396 1211 604 1244 ecclesiarum
627 1211 871 1245 indemnitatem
900 1222 971 1255 spc-

229 1271 315 1299 ctare
333 1265 606 1308 cognovissemus,
622 1261 778 1306 statuere,
797 1266 971 1298 decernere

230 1325 259 1353 et
281 1319 433 1353 ordinare
450 1320 642 1360 valeremus,
666 1320 778 1353 dantes
798 1325 827 1353 et
858 1329 972 1352 conce-

230 1374 342 1407 dentes
353 1373 474 1407 eisdem
489 1373 733 1417 archiepiscopo
748 1379 779 1406 et
799 1373 968 1417 episeopis,

230 1432 261 1460 et
281 1427 413 1460 cuilibet
435 1437 546 1460 eorum
566 1426 598 1458 in
616 1426 801 1470 praemissis
821 1426 972 1459 omnihus

230 1486 261 1513 et
277 1480 423 1523 singulis,
439 1480 630 1513 auctoritate
650 1485 759 1513 nostra
783 1479 969 1523 apostolica,

230 1534 372 1577 plenam,
389 1534 537 1574 liberam,
553 1533 692 1577 amplam
709 1539 737 1566 et
751 1533 972 1566 omnimodam

231 1587 457 1620 auctoritatem
478 1592 505 1620 et
527 1592 732 1630 potestatem,
748 1591 845 1630 prout
865 1586 896 1619 in
916 1597 973 1619 no-

231 1641 303 1673 stris
324 1641 356 1673 in
374 1640 471 1674 simili
489 1641 593 1673 forma
613 1640 729 1680 brevis,
746 1641 805 1673 sub
818 1641 869 1673 die
887 1651 973 1674 xxm

232 1694 386 1728 februarii
400 1704 543 1735 nnxevn,
556 1694 763 1738 pontificatus
780 1694 880 1727 nostri
890 1705 975 1728 anno

231 1754 319 1781 sexto
340 1747 495 1791 expeditis
508 1747 621 1780 litteris
639 1747 765 1790 plenius
778 1747 971 1780 continetur.

278 1803 294 1844 g
312 1800 342 1834 3.
360 1801 437 1835 Cum
459 1807 578 1841 autem,
595 1800 792 1844 sicutnnper
811 1810 871 1844 pro
884 1806 975 1844 parte

233 1855 389 1889 carissimi
412 1855 442 1887 in
467 1854 592 1888 Christo
620 1853 678 1886 tilii
710 1854 811 1887 nostri
835 1853 975 1897 Philippi

233 1908 460 1952 Hispaniarum
489 1908 585 1950 regis-
598 1907 768 1947 catholici,
800 1917 836 1939 ac
870 1907 975 1940 bonae

234 1961 411 1995 memoriae
439 1961 589 2005 Gasparis
609 1960 751 2005 episcopi
774 1960 976 1994 Dertusensis

191 2019 193 2022 ’
235 2016 328 2049 nobis
349 2015 529 2059 expositum
555 2015 625 2055 suit,
650 2014 736 2048 idem
758 2014 881 2058 Gaspar
902 2015 972 2058 epi—

235 2080 351 2113 scopus
371 2068 531 2101 mandatis
555 2068 675 2101 nostris
695 2067 882 2101 huiusmodi
901 2068 976 2101 obe-

196 2135 198 2137 *
234 2122 343 2163 diens,
371 2127 402 2156 et
426 2122 598 2166 pastoralis
631 2121 726 2155 officii
749 2121 798 2154 sui
830 2122 974 2155 debitum

234 2177 413 2221 adimplere
445 2187 644 2221 procurans,
674 2176 749 2209 totis
780 2176 901 2209 viribus
923 2177 973 2209 in—

234 2231 402 2269 cumbens,
425 2231 574 2264 universa
592 2229 710 2274 oppida
724 2240 800 2262 suae
821 2230 976 2263 dioecesis

233 2284 434 2317 Dertusensis
447 2285 543 2329 <quae
558 2284 682 2317 noviter
702 2283 845 2317 conversi
867 2283 977 2316 huius-

235 2338 334 2378 modi,
359 2344 390 2371 et
409 2348 465 2371 seu
496 2348 607 2371 eorum
638 2337 870 2371 descendentes
890 2337 978 2370 inco-

235 2392 326 2433 lunt)
362 2391 624 2435 perlustraverit,
649 2397 679 2424 et
703 2390 751 2424 his
777 2390 928 2424 omnibus
948 2396 974 2423 et

235 2445 391 2487 singulis,
427 2455 509 2488 quae
529 2455 589 2489 pro
610 2445 718 2478 debita
750 2445 976 2477 mandatorum

236 2505 420 2541 nostrornm
454 2499 668 2544 exequutione
687 2505 714 2533 et
737 2499 976 2544 praedictorum

236 2553 360 2586 noviter
380 2563 606 2586 conversorum
624 2553 654 2586 in
673 2564 745 2586 vera
770 2558 797 2585 ct
821 2552 977 2585 catholica

237 2606 300 2640 fide
331 2606 539 2639 instructione
568 2606 709 2650 expediri
738 2606 801 2639 risa
828 2606 974 2645 suerunt,

239 2660 394 2693 maturius
423 2659 652 2696 consideratis,
674 2671 709 2692 ac
735 2659 881 2701 diligenti
902 2671 978 2692 cura

1654 246 1711 280 791

1004 304 1182 348 perpensis,
1206 304 1414 338 considerans
1434 304 1463 337 in
1485 305 1553 338 eius
1573 305 1745 338 Dertusen-

1002 358 1027 391 si
1049 358 1199 398 dioecesi,
1218 358 1328 401 inqua
1348 358 1508 391 sexdecim
1529 358 1655 391 noviter
1670 369 1746 391 con-

1003 421 1168 444 versorum
1189 411 1375 444 huiusmodi
1401 411 1533 455 oppida,
1558 417 1590 444 ut
1613 411 1747 444 inferius

1763 256 1811 284 An.
1828 257 1855 283 C.
1878 257 1944 283 Ithz‘.

1003 465 1243 507 designabitur,
1279 465 1502 505 continentur,
1533 470 1567 497 ut
1592 464 1745 509 neophyti
1771 485 1774 489 ι

1003 517 1159 560 praedicti
1198 516 1295 549 simili
1334 522 1363 549 et
1404 516 1567 549 communi
1600 516 1745 549 omnium

1004 570 1216 602 instructione
1242 569 1316 602 tidei
1350 570 1528 603 catholicae
1566 570 1747 614 praeceptis

1005 622 1117 663 imbui,
1137 628 1166 655 et
1189 623 1264 655 fidei
1279 622 1465 655 huiusmodi
1478 622 1678 656 incrementa
1697 634 1749 656 su-

1004 677 1126 720 scipere
1146 677 1299 716 valerent,
1324 676 1393 710 fieri
1414 677 1595 720 oportebat:
1616 687 1653 709 ea
1673 686 1749 720 pro-

1003 736 1075 773 pter
1105 741 1253 763 normam
1275 730 1468 763 venerahilis
1494 730 1601 763 fratris
1625 730 1750 763 archie-

1003 784 1379 828 piscopil'alcentitiensis,
1396 784 1450 828 qui
1466 785 1575 827 rigore
1589 785 1748 818 dictarum

1004 838 1183 871 litterarum
1211 838 1360 880 Gregorii
1378 838 1455 878 XIII,
1486 838 1627 871 diversas
1646 848 1749 881 paro-

1004 891 1122 925 chiales
1136 891 1284 924 ecclesias
1307 897 1337 924 et
1355 891 1489 924 vicarias
1503 891 1649 930 instituit,
1664 891 1749 924 inse-

1004 946 1133 989 quendo
1146 945 1334 984 erectiones,
1343 945 1557 985 fundationes,
1566 944 1750 981 divisiones,

1005 999 1237 1039 distinctiones,
1255 999 1444 1042 dotiumque
1467 998 1528 1031 iam
1547 998 1703 1031 factarum
1719 1004 1751 1030 et

1004 1052 1242 1091 attributarum,
1256 1062 1291 1084 ae
1313 1051 1475 1084 redituum
1491 1057 1519 1084 et
1534 1044 1748 1095 proventuum

1004 1105 1240 1148 paret-Inaliui‘n
1273 1105 1482 1137 ecclesiarum
1506 1110 1536 1138 et
1555 1104 1748 1137 vicariarum

1006 1151 1191 1191 huiusmodi
1206 1158 1237 1190 in
1253 1158 1320 1190 eins
1341 1157 1480 1191 dioecesi
1502 1157 1533 1190 in
1555 1157 1649 1198 hanc,
1667 1168 1749 1200 quae

1005 1212 1161 1255 sequitur,
1187 1212 1321 1244 sormam
1351 1211 1545 1253 designarit,
1581 1210 1745 1244 videlicet:

1005 1265 1212 1298 Sanctis-simo
1238 1264 1376 1297 Domino
1396 1270 1507 1297 nostro
1534 1263 1670 1297 Domino
1685 1264 1752 1297 Cle-

1008 1319 1107 1352 menti
1126 1319 1233 1355 divina
1246 1318 1449 1362 providentia
1470 1318 1573 1362 Papae
1594 1316 1674 1357 VIII,
1691 1317 1751 1350 Ga-

1007 1384 1081 1417 spar
1107 1373 1276 1416 episcopus
1304 1372 1513 1412 Dertusensis,
1539 1377 1609 1415 post
1631 1372 1750 1415 pedmn

1007 1427 1166 1466 osculum,
1194 1426 1334 1459 debitam
1366 1425 1583 1459 obedientiam
1615 1431 1645 1458 et
1665 1435 1753 1458 rere-

1008 1480 1155 1513 rentiam‚
1173 1479 1289 1523 Recepi
1312 1479 1434 1512 litteras
1452 1485 1575 1512 vestrae
1595 1478 1753 1512 Sanctita-

1011 1534 1058 1574 tis,
1092 1545 1146 1567 seu
1179 1544 1289 1566 earnm
1321 1538 1558 1577 transumptum
1589 1533 1621 1565 in
1649 1533 1753 1565 forma

1009 1588 1124 1628 brevis,
1148 1587 1188 1620 ad
1208 1597 1320 1630 preces
1341 1592 1368 1619 et
1391 1586 1658 1630 supplicationem
1680 1586 1754 1619 Phi-

1009 1640 1085 1684 lippi
1107 1640 1334 1684 Hispaniarum
1361 1639 1445 1681 regis
1474 1639 1623 1672 catholici
1646 1644 1676 1671 et
1695 1649 1754 1682 po-

1011 1694 1178 1728 tentissimi
1208 1693 1392 1738 expeditas,
1428 1699 1459 1726 et
1489 1693 1572 1725 infra
1605 1693 1750 1732 insertas,

1010 1759 1089 1792 quas
1108 1748 1269 1791 praefatus
1290 1758 1344 1780 rex
1369 1746 1444 1779 fidei
1465 1746 1544 1787 zelo,
1570 1746 1639 1779 iure
1659 1745 1753 1789 quasi

1010 1801 1227 1834 haereditario
1249 1812 1266 1833 a
1286 1805 1376 1844 patre
1402 1799 1433 1832 in
1455 1799 1556 1832 filium
1589 1799 1751 1839 devoluto,

1010 1855 1182 1899 studioque
1203 1860 1313 1887 sancto
1334 1854 1469 1887 eruendi
1488 1853 1621 1886 omnino
1642 1852 1754 1886 Moris-

1011 1920 1076 1949 cos,
1099 1919 1155 1941 seu
1182 1908 1307 1941 noviter
1327 1908 1366 1940 a¹d
1388 1907 1485 1939 sidem
1508 1916 1691 1947 conversos,
1716 1906 1755 1939 ab

1012 1962 1177 1995 erroribus
1214 1967 1241 1994 et
1281 1960 1413 1994 insanIis
1448 1959 1683 1993 mahometanis
1715 1959 1755 1992 ad

1012 2027 1062 2049 me
1085 2015 1270 2054 transmisit,
1295 2020 1407 2058 petens
1426 2025 1462 2046 ac
1485 2014 1641 2047 mandans
1661 2018 1694 2046 ut
1716 2013 1755 2045 ad

1011 2069 1232 2103 executionem
1285 2068 1462 2101 litterarum
1517 2067 1752 2111 procederem,

1012 2124 1185 2168 omniaque
1218 2123 1249 2156 in
1282 2123 1326 2156 eis
1357 2128 1508 2156 contenta
1528 2122 1752 2165 adimplerem,

1012 2189 1149 2221 quarunt
1172 2177 1464 2210 litterarntntcnor
1484 2175 1641 2219 sequitur,
1659 2180 1690 2208 et
1710 2180 1756 2208 cst

1014 2231 1097 2265 talis:
1122 2230 1156 2264 In
1178 2230 1314 2264 Nomine
1339 2229 1564 2263 Sanctissimae
1585 2235 1614 2261 et
1636 2228 1752 2276 indivi-

1013 2286 1094 2318 duae
1115 2283 1289 2323 Trinitatis,
1318 2282 1430 2321 Patris,
1455 2287 1485 2315 et
1505 2282 1587 2321 Filii,
1611 2287 1639 2314 et
1658 2281 1757 2325 Spiri-

1014 2343 1063 2371 tus
1091 2337 1207 2371 Sancti.
1237 2337 1351 2370 Amen.
1379 2335 1531 2369 Norerint
1563 2335 1703 2368 universi
1725 2341 1757 2368 et

1012 2391 1128 2433 singuli
1154 2390 1330 2435 praesentis
1355 2389 1475 2434 publici
1498 2389 1688 2434 transumpti
1711 2389 1758 2422 in—

1012 2450 1226 2479 strumentum
1246 2443 1355 2484 visuri,
1373 2443 1485 2476 lecturi
1507 2443 1627 2487 pariter
1648 2449 1677 2476 et
1695 2443 1756 2485 logi

1014 2498 1166 2537 audituri,
1192 2498 1278 2541 quod
1300 2508 1358 2530 nos
1378 2496 1436 2530 Ors
1457 2497 1589 2530 Arcelus
1610 2496 1753 2536 sanctos,

1014 2551 1256 2595 protonotarius
1268 2550 1464 2594 apostolicus
1479 2550 1676 2583 Sanc-tissimi
1698 2550 1758 2583 Do-

1015 2605 1090 2637 tnini
1114 2605 1211 2637 nostri
1240 2605 1354 2647 Papae,
1379 2603 1511 2647 eiusque
1532 2603 1728 2637 camerarius
1748 2631 1754 2643 ,

1015 2669 1139 2692 necnon
1172 2657 1283 2691 Curiae
1310 2668 1477 2690 causarum
1494 2650 1651 2690 ‘Gamerae
1672 2659 1756 2701 Apo-

1797 1220 1891 1240 thterae
1907 1219 1951 1244 epi-

1760 1247 1825 1272 ,scapi
1841 1247 1867 1267 ad
1882 1247 1949 1266 I¹tltnlt⁷

1767 1275 1825 1293 tieem
1850 1274 1888 1293 hu«-
1918 1279 1950 1292 su-

1767 1306 1804 1326 per
1815 1306 1843 1320 re.

1789 2228 1859 2249 nosen
1875 2229 1957 2249 tiu-›tau

1771 2256 1812 2275 sibi
1827 2261 1838 2275 a
1856 2256 1957 2275 tuanttice

1772 2283 1841 2302 datas.
