2253 3195
255 270 305 296 An.
322 269 350 296 c.
373 268 440 297 1598
486 258 550 292 [45ss

306 858 439 878 rutae-crum

256 885 379 905 officialium
403 890 439 903 no-

256 912 343 932 minatio
375 913 440 936 atquo

256 938 356 963 stipendii
388 938 440 958 35κί-

257 968 313 990 ειιιίι
325 975 336 984 ⁴.

453 318 525 358 cati,
545 316 777 361 procuratoris,
794 315 922 355 notarii,
935 314 1110 355 secretarii,
1128 315 1196 348 the-

453 371 599 411 saurarii,
611 370 665 414 qui
680 368 895 413 depositarius
906 368 1083 409 vocabitur,
1096 368 1197 411 magi-

455 425 510 457 stri
531 423 705 459 rationum,
725 429 752 455 et
769 428 971 456 caeterorum
991 422 1136 455 omnium
1151 422 1197 454 of-

454 478 606 511 ficialium
635 484 663 510 et
693 477 915 510 ministrorum
943 476 1193 515 communitatis,

453 531 507 574 qui
519 536 611 563 antea
623 541 640 563 a
654 530 758 563 iudice
772 529 966 573 sapientum,
979 536 1060 562 anta
1071 529 1198 573 sapien-

455 585 536 617 tibus
556 584 708 617 omnibus
721 584 795 626 eligi
813 589 1058 624 consueverant,
1075 584 1114 617 de
1127 593 1199 616 cae-

454 644 521 671 tero
534 643 679 681 spectare
689 637 905 676 declaramus,
922 637 1113 671 electionem
1124 647 1198 671 vero

454 691 666 731 consultoris,
690 691 745 735 qui
771 691 810 723 ab
836 691 905 734 ipso
932 691 1141 734 magistratu,
1165 697 1199 724 ut

454 754 551 788 supra
571 743 762 788 dispositum
784 750 828 777 est
845 771 852 783 ,
876 743 1059 788 dependere
1080 743 1195 781 debet,

454 797 493 830 ab
515 798 629 830 eodem
651 797 840 840 magistratu
866 797 935 831 steri
965 797 1083 831 debere
1103 797 1195 830 volu-

456 861 536 884 mus.
557 850 668 884 Eidem
695 851 829 884 consilio
863 851 958 884 etiam
991 851 1200 884 concedimus

455 904 646 938 electionem
690 904 804 937 iudicis
840 904 1023 938 communis
1038 932 1045 944 ,
1086 904 1200 938 iudicis

457 957 647 997 bladorum,
676 958 845 991 consulum
876 963 931 991 aut
964 958 1198 1002 praefectorum

455 1021 623 1052 annonae,
654 1011 777 1056 syndici
807 1011 939 1055 palatii,
969 1011 1111 1044 iudicum
1141 1011 1199 1043 fori

457 1070 686 1105 mercatorum,
711 1064 824 1098 iudicis
846 1064 1030 1105 massariae,
1054 1064 1199 1098 massarii

456 1117 717 1158 communitatis,
741 1117 953 1162 praesidentis
974 1117 1120 1160 registri,
1144 1118 1200 1151 de-

456 1176 641 1214 putatorum
663 1181 761 1215 super
780 1171 925 1215 pondere
957 1171 1099 1212 farinae,
1124 1171 1197 1203 offi-

457 1224 586 1257 cialium
608 1225 801 1258 damnorum
825 1226 985 1266 datorum,
1009 1231 1037 1258 et
1059 1235 1197 1268 genera-

457 1277 530 1310 liter
557 1278 702 1311 omnium
724 1278 910 1312 officialium
927 1306 934 1319 ,
958 1279 997 1312 de
1024 1278 1141 1322 quibus
1167 1279 1199 1312 [it

458 1331 578 1364 mentio
610 1331 641 1364 in
678 1332 805 1364 statutis
841 1331 976 1365 civitatis
1008 1332 1197 1372 Ferrariae,

457 1384 597 1428 exceptis
620 1391 727 1418 tamen
746 1391 907 1428 praetore,
924 1396 978 1418 sen
993 1391 1150 1429 potestate
1170 1386 1201 1418 in

458 1439 561 1470 t'orma
579 1437 722 1482 antiqua,
746 1438 905 1471 iudicibus
923 1438 1156 1472 maleficiorum
1172 1445 1202 1472 et

457 1491 561 1524 iudice
574 1491 840 1535 appellationum,
856 1502 994 1536 quorum
1010 1492 1200 1526 electionem

458 1545 563 1585 nobis,
587 1551 615 1578 et
637 1545 841 1589 Apostolieae
861 1546 934 1579 Sedi
955 1546 1136 1590 specialiter
1154 1557 1203 1580 re-

455 1608 629 1631 servamus.
653 1598 773 1632 Notarii
801 1609 932 1643 quoque
960 1600 1199 1644 praedictorum

457 1651 599 1685 iudicum
621 1657 652 1685 et
673 1652 857 1685 officialium
872 1663 889 1686 a
907 1653 1073 1697 praedicto
1091 1654 1198 1687 eonsi-

459 1705 501 1738 lio
523 1705 693 1747 eligantur,
718 1705 771 1750 qui
790 1715 855 1739 non
878 1712 1048 1740 teneantur
1073 1713 1202 1751 propte-

458 1768 511 1791 rea
532 1758 673 1802 aliquam
696 1760 852 1803 pecuniae
873 1770 1032 1793 summani
1051 1761 1202 1794 Camerae

457 1817 586 1845 nostrae
607 1813 810 1856 Apostolicae
830 1813 964 1852 solvere,
989 1820 1043 1847 aut
1062 1824 1199 1858 respon-

457 1865 544 1898 dere.
574 1866 619 1898 Ad
643 1865 727 1898 idem
754 1866 923 1899 consilium
957 1867 1113 1910 pertineat
1136 1867 1201 1900 ele-

457 1917 520 1950 ctio
538 1918 787 1951 reformatorum
807 1919 1022 1953 universitatis
1035 1920 1130 1954 studii
1149 1931 1202 1961 {ze-

458 1972 586 2011 noratis,
610 1972 842 2016 discipulorum
862 1979 889 2006 et
912 1974 1069 2006 lectorum
1092 1974 1199 2018 pulili-

459 2035 571 2059 corum
593 2025 623 2058 in
645 2036 850 2070 quat-umque
868 2026 1048 2070 disciplina,
1073 2038 1144 2059 enm
1167 2039 1202 2060 ea

457 2078 608 2123 stipendii
626 2079 853 2120 assignatione,
871 2090 954 2124 quae
973 2080 1076 2113 eidem
1100 2081 1203 2113 consi-

459 2133 500 2166 lio
522 2133 692 2173 videbitur,
713 2144 839 2167 necnon
860 2134 955 2167 ctiam
978 2135 1092 2167 electio
1113 2135 1203 2168 audi-

459 2192 564 2219 torum
586 2186 696 2225 llotae,
720 2197 816 2231 qnam
839 2197 897 2221 nos
923 2187 953 2220 in
981 2187 1106 2221 civitate
1129 2189 1203 2222 Fet·-

460 2241 573 2281 rat-iao,
597 2242 748 2274 Gamerae
769 2247 897 2275 nostrae
921 2242 1123 2286 Apostolieae
1143 2243 1203 2275 im-

459 2295 575 2339 pensis,
593 2295 717 2335 eripere
736 2296 943 2333 intendimus,
965 2296 1144 2329 dummodo
1159 2302 1203 2329 ta-

1040 265 1222 290 mmmmm!
1242 265 1395 291 noatANt'at

1230 320 1339 357 gatar,
1363 315 1418 348 sed
1451 325 1468 347 a
1498 315 1567 348 solo
1599 315 1786 358 magistratu
1803 343 1810 356 ,
1833 325 1904 349 cum
1927 314 1971 348 illi

1231 368 1402 409 videbitur,
1426 368 1544 401 dimitti
1564 369 1678 402 vateat.

1261 423 1290 466 *g
1309 422 1360 455 119.
1375 422 1517 466 Cumque
1535 433 1593 456 nos
1611 423 1713 456 eidem
1736 423 1969 460 communitati,

1986 266 2036 295 An.
2052 265 2080 293 C.
2103 265 2171 294 ¹598

2024 433 2172 455 communitati

1949 476 1955 482 .
1987 460 2116 481 ferrariensi
2122 459 2172 480 data

1232 482 1258 509 et
1281 476 1467 509 hominibus
1488 476 1592 510 dietae
1609 476 1743 509 civitatis
1763 476 1972 510 Ferrariensts

1233 529 1415 562 facultatem
1434 529 1574 571 eligendi
1588 535 1761 573 potestates
1781 534 1812 562 et
1831 528 1973 562 notarios

1988 488 2103 508 austeritas
2137 486 2174 506 elt-

1989 513 2050 540 gendi
2057 514 2174 539 potestates

1989 543 2008 561 et
2025 540 2119 561 notarios
2132 541 2174 559 tet·-
2225 530 2253 570 ἢ

1942 582 1948 588 .
1989 571 2126 592 taunucum?
2137 564 2173 585 hit:

1232 582 1510 626 infrascriptarum
1542 589 1700 616 terrarum
1727 588 1756 616 et
1777 583 1922 616 locorum
1941 592 1972 615 in

1233 635 1394 668 territorio
1415 636 1610 670 Ferrariensi
1636 636 1668 669 in
1689 642 1881 681 perpetuum
1899 645 1974 669 eon-

1232 689 1347 722 cedere
1367 689 1582 728 intendamus,
1599 695 1696 734 prout
1715 700 1774 734 per
1792 695 1976 734 praesentes

1233 743 1441 776 concedimus
1455 771 1463 783 ,
1484 743 1629 777 videlieet
1643 771 1650 784 ‚
1673 744 1787 777 Portus
1806 743 1950 777 Bondeni
1966 770 1973 783 ,

1232 796 1382 829 Stellatae
1401 802 1431 829 et
1448 796 1587 839 Figaroli
1605 797 1701 830 simul
1720 797 1838 837 unitas,
1858 797 1977 830 Massae

1234 849 1397 891 Fiscaliae,
1411 849 1548 883 Milliarii
1559 877 1566 890 ,
1581 850 1762 884 Francolini
1780 856 1809 883 et
1823 850 1974 891 Garosali,

1233 913 1292 947 pro
1311 903 1495 945 cognitione
1516 908 1623 936 tamen
1644 913 1813 937 causarum
1835 903 1976 936 civilium

1234 961 1377 997 tantum;
1412 956 1580 997 volumus,
1615 963 1646 990 ut
1686 956 1771 990 idem
1807 956 1976 990 eonsilium

1234 1009 1423 1043 electionem
1468 1015 1663 1054 potestatum
1706 1016 1737 1044 et
1775 1010 1977 1044 notariorum

1234 1063 1473 1107 praedictorum
1501 1064 1606 1102 saciat,
1631 1064 1778 1108 factaque
1806 1064 1974 1105 electione,

1234 1122 1408 1161 potestates
1434 1123 1464 1150 ct
1488 1117 1604 1151 notarii
1637 1128 1655 1151 a
1683 1123 1794 1151 nostro
1825 1123 1856 1151 et
1888 1117 1978 1151 Sedis

1234 1171 1437 1214 Apostolicae
1461 1171 1566 1213 legato
1601 1181 1658 1205 seu
1682 1171 1857 1214 vicelegato
1888 1170 1978 1216 prius

1234 1224 1472 1267 approbentur,
1497 1231 1527 1258 et
1554 1225 1672 1258 deinde
1691 1235 1763 1258 cum
1789 1224 1904 1258 litteris
1923 1235 1979 1268 pa-

1235 1277 1374 1311 tentibus
1394 1278 1537 1311 eiusdem
1570 1278 1684 1312 iudicis
1710 1278 1893 1322 sapientum
1925 1278 1981 1311 ad-

1235 1331 1419 1375 mittantur;
1444 1331 1498 1376 qui
1519 1332 1559 1364 ad
1584 1331 1766 1376 praedictas
1790 1331 1981 1375 potestai·ias

1235 1383 1373 1426 eligendi
1389 1390 1500 1426 crunt,
1517 1385 1666 1419 doctores
1683 1384 1809 1427 collegii
1828 1390 1883 1418 aut
1897 1384 1981 1418 cives

1235 1438 1466 1476 Ferrarienscs,
1483 1448 1542 1482 pro
1560 1438 1714 1482 qualitate
1735 1438 1894 1479 locorum,
1911 1447 1981 1471 esse

1236 1491 1389 1532 debeantss,
1413 1492 1529 1525 notarii
1543 1502 1619 1525 vero
1633 1503 1668 1525 ex
1683 1491 1821 1535 collegio
1839 1491 1981 1526 notario-

1236 1556 1306 1578 rum
1328 1551 1551 1586 assummum
1582 1546 1638 1579 sed
1665 1556 1770 1590 neque
1797 1545 1852 1585 lii,
1876 1555 1981 1589 neque

1236 1598 1293 1635 itti,
1310 1603 1363 1631 aut
1377 1597 1430 1632 alii
1443 1598 1641 1642 quicumque
1661 1598 1827 1638 officiales,
1841 1608 1980 1642 quorum

1236 1652 1351 1685 electio
1371 1652 1410 1685 ad
1438 1652 1703 1685 communitatem
1719 1652 1906 1696 pertinebit,
1927 1652 1981 1686 de-

1236 1707 1329 1740 beant
1352 1707 1433 1740 ultra
1464 1716 1584 1740 annum
1614 1706 1688 1748 eligi
1704 1734 1711 1746 ,
1735 1717 1794 1740 nec
1823 1706 1854 1740 in
1874 1706 1980 1740 officio

1236 1770 1439 1804 permanere,
1463 1770 1569 1804 neque
1591 1760 1675 1793 idem
1697 1759 1868 1793 consilinm
1899 1765 1980 1793 tem-

1236 1825 1295 1857 pus
1315 1813 1500 1847 huiusmodi
1526 1813 1635 1858 aliquo
1663 1814 1760 1847 modo
1785 1814 1887 1847 valeat
1907 1823 1981 1857 pro-

1237 1877 1361 1909 rogare.
1382 1866 1565 1910 Excipimus
1583 1872 1689 1900 tamen
1717 1866 1881 1900 ministros
1901 1876 1978 1911 par-

1237 1919 1387 1953 ticulares
1418 1919 1678 1960 communitatis,
1711 1919 1808 1953 veluti
1837 1926 1978 1954 secreta-

1238 1973 1342 2011 rium,
1367 1973 1556 2006 massarium
1591 1979 1619 2006 et
1650 1983 1762 2006 omnes
1791 1973 1831 2006 de
1861 1973 1980 2006 familia

1238 2027 1454 2069 magistratus,
1472 2027 1525 2071 qui
1540 2027 1674 2061 arbitrio
1688 2027 1812 2061 consilii
1827 2027 1856 2061 in
1869 2038 1980 2061 eorum

1238 2081 1350 2114 officiis
1364 2091 1555 2125 permanere.
1567 2081 1699 2125 possint.
1710 2081 1893 2125 Exeipimus
1903 2092 1983 2126 quo-

1238 2146 1299 2179 que
1319 2136 1547 2168 reformatores
1568 2135 1676 2176 studii,
1700 2145 1736 2168 ac
1757 2135 1903 2175 lectores,
1927 2145 1983 2168 au-

1238 2188 1358 2221 ditores
1377 2188 1487 2226 llotae,
1508 2198 1543 2221 ae
1565 2194 1721 2228 oratores,
1742 2199 1796 2221 seu
1817 2188 1982 2222 internun-

1238 2242 1315 2282 cios,
1330 2241 1383 2286 qui
1406 2241 1437 2274 in
1456 2251 1567 2275 eorum
1591 2241 1779 2275 muneribus
1800 2247 1831 2275 et
1850 2241 1982 2285 legatio-

1238 2296 1342 2334 nibus,
1366 2302 1461 2340 prout
1481 2306 1562 2340 opus
1589 2296 1693 2336 suerit,
1717 2296 1851 2329 arbitrio
1877 2296 1981 2329 consi-

460 2360 531 2381 tnen
564 2349 677 2382 electio
708 2350 758 2382 tiat
787 2349 825 2382 de
851 2350 1014 2393 personis,
1036 2361 1118 2394 qnae
1139 2361 1201 2383 non
1219 2342 1222 2385 I
1239 2350 1282 2387 lii,
1307 2349 1428 2394 pariter
1449 2360 1640 2393 permanere
1666 2350 1802 2383 valeant.

458 2401 518 2434 sint
540 2413 575 2434 ex
603 2402 730 2435 civitate
751 2407 781 2435 et
802 2402 919 2434 ducatu
951 2408 1060 2436 nostro
1093 2403 1203 2437 Ferra-

460 2455 567 2494 riensi,
591 2456 645 2487 sed
667 2455 878 2488 nihilominus
899 2457 1005 2488 Status
1026 2456 1126 2489 nostri
1148 2457 1203 2489 Et·-

459 2507 626 2540 ‹tesiastici
640 2509 756 2541 ‹ntuttti
773 2509 905 2542 omnino
920 2509 1066 2548 existant,
1083 2516 1110 2542 et
1127 2510 1203 2542 alias

459 2562 660 2594 conditiones
679 2562 829 2602 lialteant,
854 2574 936 2606 quae
959 2563 988 2595 in
1011 2563 1078 2607 ipsa
1105 2564 1203 2596 llotae

460 2615 618 2647 erectione
634 2615 726 2648 latins
740 2617 969 2660 exprimentur.
988 2617 1121 2650 Familia
1136 2628 1202 2649 nia-

460 2668 609 2709 pisti-:uns
629 2670 794 2701 abeodem
818 2671 952 2702 consiliu
974 2671 1122 2703 similiter
1141 2671 1199 2702 eli-

1282 2405 1296 2445 ξ
1314 2403 1366 2436 24).
1391 2403 1423 2436 ln
1443 2403 1556 2436 eodem
1579 2403 1714 2437 consilio
1733 2403 1982 2437 deliberationes

1237 2457 1322 2490 cirea
1343 2467 1496 2501 expensas
1514 2456 1785 2490 extraordintuias
1802 2456 1981 2490 communi-

1239 2510 1291 2543 tati
1330 2510 1573 2549 incumbentes,
1609 2516 1638 2543 et
1673 2510 1757 2544 circa
1788 2510 1980 2552 guberninm

1238 2564 1399 2597 redituum
1419 2564 1562 2597 eiusdem
1582 2564 1838 2604 ‹toinnttinitatis,
1863 2570 1926 2597 tam
1951 2564 1980 2596 in

1239 2618 1274 2650 ii>
1296 2618 1449 2659 locandis,
1463 2629 1559 2662 quant
1582 2618 1612 2651 in
1633 2619 1892 2662 quilntsctunqne
1913 2617 1983 2650 aliis

1238 2671 1503 2714 dispositionibus
1518 2672 1556 2703 tlt·
1573 2672 1608 2703 iis
1622 2671 1784 2707 iaciendis.
1800 2671 1978 2714 capiantur,

1989 594 2132 614 recensentur.

2010 2417 2070 2442 Onna
2079 2418 2099 2439 in
2107 2415 2182 2438 anatum

1997 2446 2084 2465 comitio
2095 2446 2136 2465 mn
2146 2444 2181 2464 du·

1997 2471 2045 2493 tttm·
2052 2471 2114 2492 atuh.
