2253 3195
12 298 13 302 Ἰ
55 263 93 291 An
126 262 239 290 01597

81 583 237 604 Contrariorum

53 610 172 636 derogatio.

18 1908 19 1931 g
66 1903 147 1926 Causae
158 1906 236 1927 sacien-

53 1931 93 1952 dae
108 1932 235 1954 declaratio-

18 1967 19 1970 =
52 1957 91 1979 nis.

867 263 1013 287 CLEMENS
1033 264 1090 287 VIII
1111 263 1160 287 Pr‘.

254 310 403 343 eumdem
440 310 604 343 Caesarem
640 316 669 342 et
707 311 786 343 alios
817 311 998 354 praedictos

254 363 388 406 perinde
408 369 549 403 arctare,
573 363 699 396 allicere
721 369 751 396 ct
770 364 914 406 obligare
931 391 937 403 ,
961 375 997 396 ac

254 416 279 449 si
301 416 373 456 illis,
394 422 421 449 et
445 417 576 450 cuilibet
597 428 708 450 eorum
725 417 997 460 personaliterin-

256 469 384 502 limatae
405 470 548 503 fuissent.

297 523 311 566 ἓ
332 524 362 556 o.
386 524 454 557 Non
484 524 686 556 obstantibus
712 523 996 556 constitutionibus

253 582 283 609 et
303 577 562 609 ordinationibus
582 576 776 620 apostolicis,
792 586 829 608 ac
846 576 925 619 stylo
941 586 996 618 pa-

251 630 329 670 latii,
339 630 537 673 eaeterisque
546 629 714 662 contrariis
723 629 991 672 quibuscumque.

296 685 409 717 Datum
430 685 550 716 Romae
578 684 664 727 apud
689 684 842 716 Sanctum
863 683 992 715 Petrum

251 737 310 769 sub
345 737 464 769 annulo
495 737 683 777 piscatoris,
717 736 767 769 die
796 747 831 770 111
861 736 991 769 decem-

252 789 316 822 bris
336 800 479 829 nnxcvn,
496 789 702 833 pontificatus
722 789 823 822 nostri
842 799 927 822 anno
948 800 989 822 vt.

287 851 344 878 Dat.
363 851 406 878 die
422 852 437 879 3
453 852 608 879 decembris
629 852 707 887 1597,
724 852 820 888 pontif.
838 860 882 879 an.
899 859 933 878 vt.

560 1012 684 1045 CLXXI.

251 1107 446 1141 Declaratur
474 1108 754 1151 archiepiscopum
780 1108 990 1141 Brachczren-

294 1180 358 1203 sem
377 1180 467 1213 posse
486 1180 560 1202 suos
573 1170 859 1212 comprovinciales
876 1170 993 1213 episco-

292 1243 350 1275 pos
369 1242 476 1274 cocere,
493 1236 529 1264 ut
549 1232 622 1271 sibi,
647 1242 758 1273 corum
778 1232 923 1264 civitates
943 1232 994 1264 in-

294 1293 467 1337 qreMenti,
489 1293 770 1336 processionaliter
789 1297 818 1325 et
838 1304 907 1325 cum
932 1297 994 1325 toto

295 1355 396 1395 clero,
419 1359 547 1387 servata
570 1356 675 1398 forma
701 1354 908 1397 Pontificalis
934 1354 994 1387 Ro-

294 1418 397 1457 mani,
414 1417 542 1449 obuiam.
555 1421 640 1457 eant,
655 1428 714 1460 pro
733 1417 843 1459 prima
866 1414 991 1449 lantum

294 1481 360 1513 rice
379 1481 398 1512 ¹.

267 1559 436 1587 Venerabili
454 1559 543 1587 fratri
566 1560 731 1594 Augustino
752 1559 977 1593 archiepiscopo

525 1612 723 1639 Bracharensi

431 1669 587 1699 Clemens
608 1668 701 1708 Papa
721 1668 814 1698 vm.

250 1738 435 1766 Venerabilis
462 1738 567 1770 frater,
593 1738 724 1765 salutem
745 1741 776 1764 et
800 1737 995 1771 apostolicam

498 1791 750 1818 benedictionem.

287 1854 303 1895 ξ
315 1852 575 1885 1.F1·aternitatis
589 1858 661 1885 tuae
673 1852 804 1885 nomine
814 1853 993 1896 expositum

251 1906 344 1939 nobis
363 1916 466 1949 nuper
487 1906 557 1947 suit,
572 1906 658 1949 quod
679 1906 752 1938 licet
771 1906 849 1939 alias
868 1906 899 1938 in
913 1907 995 1940 Pon-

252 1959 361 1992 tificali
389 1959 535 1992 Romano
561 1959 800 2002 praescribatur
823 1960 995 2003 peculiaris

250 2012 363 2052 forma,
379 2022 442 2055 qua
459 2012 619 2055 praelatus
637 2012 699 2044 loci
718 2012 833 2045 debeat
850 2013 994 2056 recipere

249 2064 532 2108 processionaliter
548 2065 727 2108 praelatum
744 2065 991 2107 ingredientem,

249 2128 286 2150 ac
320 2128 356 2150 ex
385 2127 421 2150 ea
450 2127 596 2160 expresse
624 2117 794 2159 colligatur
827 2118 995 2162 episcopos

249 2170 468 2212 suffraganeos
489 2169 591 2202 teneri
612 2170 738 2202 obviam
753 2170 799 2203 ire
816 2171 995 2214 processio-

249 2223 364 2256 naliter
391 2222 642 2266 metropolitano
670 2233 728 2255 suo
749 2233 860 2255 eorum
887 2223 995 2256 civita-

250 2281 295 2308 tes
315 2275 521 2317 ingredienti,
546 2280 576 2308 et
596 2274 640 2308 sic
659 2275 754 2308 fuisse
768 2276 844 2308 olim
859 2276 890 2308 in
905 2287 995 2309 sacro

249 2329 359 2372 palatii
374 2329 541 2372 apostolici
557 2329 719 2362 auditorio
734 2339 818 2361 anno
828 2339 994 2363 noxxxvnl

250 2382 446 2421 iudicatum,
471 2382 751 2425 archiepiscopum
766 2382 994 2415 Hidruntinum

250 2434 332 2467 iuste
358 2434 501 2476 coegisse
523 2435 709 2478 episcopum
729 2434 906 2467 Liciensem
928 2435 996 2467 eius

250 2488 501 2531 suffraganeum,
515 2494 548 2521 ut
569 2488 629 2521 sibi
648 2487 841 2531 ingredienti
856 2488 887 2521 in
908 2488 997 2521 dioc-
1013 2498 1014 2502 ¹

250 2541 347 2574 cesim
360 2541 538 2574 Liciensem
557 2541 702 2574 obviaret
716 2541 996 2585 processionaliter
1013 2540 1014 2548 ¹

251 2594 336 2627 iuxta
367 2594 502 2627 sormam
535 2594 747 2631 Pontificalis;
772 2600 896 2634 tamen,
921 2595 996 2638 quia

288 2659 298 2683 1
323 2657 360 2684 Ex
377 2657 484 2692 Regest.
503 2657 527 2683 in
544 2657 645 2684 Sccrct.
668 2656 799 2684 Brevium.

372 2710 450 2737 Butt.
470 2711 552 2738 Rom.
569 2711 627 2737 Vol.
641 2711 673 2738 X.
909 2710 942 2738 49

1677 252 1741 286 385

1032 311 1177 344 nonnulli
1199 311 1303 344 adhue
1324 310 1471 343 dubitant
1495 311 1533 343 de
1562 310 1771 351 intelligentia

1032 364 1203 397 verborum
1225 364 1300 397 dicti
1322 364 1527 401 Pontificalis,
1551 363 1643 396 nobis
1664 363 1771 396 humi-

1032 417 1102 449 liter
1127 428 1183 460 per
1214 417 1367 449 dilectum
1395 417 1497 449 filium
1519 417 1681 450 Simonem
1713 417 1772 449 Da-

1031 469 1121 508 breu,
1141 475 1229 501 tuum
1255 470 1286 501 in
1308 470 1450 502 Romana
1471 470 1563 502 Curia
1584 475 1772 512 procurato-

1030 532 1109 560 rem,
1133 522 1307 565 supplicari
1329 522 1444 561 fecisti,
1469 529 1503 555 nt
1524 522 1554 554 in
1572 523 1768 566 praemissis,

1029 580 1210 617 opportuna
1231 575 1458 615 declaratione,
1475 576 1513 608 de
1531 576 1706 618 apostolica
1719 576 1773 609 bc-

1029 627 1195 669 nignitate,
1220 629 1390 671 providere
1416 629 1636 670 dignaremur.

1074 682 1090 722 g
1116 680 1145 712 ⁹2.
1170 681 1232 714 Nos
1253 681 1359 722 igitur,
1384 682 1423 714 ad
1445 692 1524 725 quos
1545 693 1581 715 ex
1603 683 1773 725 pastoralis

1029 732 1125 766 officii
1143 733 1263 773 debito,
1284 745 1321 766 ac
1340 745 1491 777 suprema
1512 735 1543 766 in
1563 735 1617 768 Dei
1639 735 1773 768 ecclesia

1029 787 1217 820 auctoritate
1232 787 1315 820 circa
1329 788 1550 821 coeremonias
1570 799 1607 821 ac
1623 789 1702 822 ritus
1722 800 1773 822 ec-

1029 839 1224 873 clesiasticos
1245 841 1343 873 dubia
1368 841 1548 881 declarare,
1573 852 1609 874 ac
1634 842 1773 875 orientes

1029 892 1113 925 inter
1132 894 1294 936 praelatos
1316 895 1551 927 controversias
1572 895 1769 937 extinguere,

1029 947 1418 990 metropolitanorumque
1445 947 1513 980 iura
1545 958 1581 980 ac
1613 949 1774 991 praeemi-

1028 999 1152 1032 nentias
1174 1000 1254 1032 tueri
1284 1005 1422 1043 spectat,
1449 1001 1509 1033 tuis
1537 1001 1568 1033 in
1597 1001 1657 1033 hac
1683 1006 1773 1044 parte

1027 1052 1317 1095 supplicationibus
1347 1053 1510 1091 inclinati:
1541 1055 1579 1087 de
1608 1055 1774 1087 venerabi-

1028 1105 1106 1137 lium
1128 1106 1261 1138 fratrum
1287 1112 1474 1140 nostrorum
1500 1107 1529 1140 S.
1554 1108 1588 1140 R.
1613 1108 1645 1140 E.
1671 1109 1773 1141 cardi-

1028 1158 1148 1191 nalium
1169 1159 1414 1201 Congregationi
1441 1159 1612 1193 Sacrorum
1642 1161 1772 1194 Rituum

1028 1212 1286 1255 praepositorum
1308 1212 1454 1251 consilio,
1467 1213 1584 1256 quibus
1602 1214 1773 1255 negocium

1029 1265 1089 1297 hoc
1107 1265 1356 1299 examinandum
1378 1266 1610 1305 commisimus,
1632 1267 1774 1300 declara-

1030 1329 1120 1357 mus,
1145 1318 1345 1361 ingrediente
1377 1320 1626 1363 metropolitano
1660 1320 1772 1353 urbem

1029 1371 1075 1404 sui
1098 1371 1240 1415 episcopi
1264 1372 1560 1416 comprovincialis,
1582 1373 1687 1416 ipsum
1708 1374 1774 1416 epi-

1029 1435 1162 1468 scopum
1184 1425 1489 1469 comprovincialem
1521 1426 1626 1459 eidem
1655 1432 1774 1459 metro-

1029 1478 1183 1522 politano,
1200 1479 1305 1522 prima
1318 1479 1386 1512 viee
1402 1484 1534 1519 tantum,
1552 1480 1774 1522 processiona-

1029 1531 1101 1564 liter
1121 1538 1150 1564 et
1172 1542 1244 1564 cum
1267 1537 1334 1575 toto
1361 1532 1447 1564 clero
1472 1532 1598 1565 obviam
1619 1533 1665 1565 ire
1680 1560 1687 1571 ‚
1708 1543 1774 1565 ser-

1029 1590 1100 1617 vata
1120 1585 1152 1617 in
1173 1585 1323 1617 omnibus
1344 1585 1448 1618 forma
1468 1585 1499 1617 in
1513 1585 1678 1628 praedicto
1692 1586 1774 1618 Pon-

1030 1638 1137 1671 tificali
1149 1639 1295 1672 Romano
1307 1639 1516 1683 praescripta,
1534 1640 1636 1673 teneri
1650 1645 1681 1672 et
1693 1640 1774 1672 obti-

1029 1697 1137 1733 gatum
1159 1692 1304 1731 existere,
1329 1698 1360 1725 et
1380 1693 1419 1725 ad
1447 1692 1508 1725 hoc
1540 1693 1578 1725 ab
1605 1693 1674 1736 ipso
1707 1703 1774 1726 me-

1030 1745 1225 1788 tropolitano
1244 1745 1313 1787 cogi
1332 1755 1435 1789 posse,
1451 1756 1487 1778 ac
1500 1746 1559 1778 sub
1573 1745 1657 1778 dicta
1671 1746 1774 1779 forma

1030 1798 1061 1830 in
1082 1799 1261 1832 Pontificali
1283 1798 1481 1842 praescripta
1507 1799 1692 1832 huiusmodi
1723 1810 1774 1831 ca-

1029 1864 1100 1887 sum
1121 1853 1373 1896 coi'upiellendi,
1398 1853 1528 1896 quando
1549 1852 1773 1896 metropolita-

1029 1918 1089 1940 nus
1100 1907 1148 1939 sui
1162 1906 1443 1949 comprovincialis
1457 1906 1598 1950 episcopi
1613 1906 1773 1938 civitatem

1030 1960 1227 2002 ingreditur,
1254 1960 1420 2003 tenerique
1445 1970 1482 1992 ex
1507 1965 1680 2003 praecepto
1707 1959 1773 2002 epi-

1029 2024 1143 2057 scopos
1161 2013 1450 2056 comprovinciales
1473 2013 1543 2053 tibi,
1572 2023 1608 2045 ac
1628 2012 1697 2045 aliis
1723 2022 1773 2045 ar-

1030 2066 1243 2110 chiepiscopis
1257 2066 1529 2099 Bracharensibus
1549 2076 1607 2109 pro
1629 2071 1774 2109 tempore

1030 2120 1236 2153 existentibus
1258 2130 1371 2153 eorum
1397 2119 1541 2152 civitates
1566 2119 1773 2161 ingredienti-

1029 2174 1099 2213 bus,
1121 2183 1180 2216 pro
1194 2173 1298 2216 prima
1313 2172 1380 2205 vice
1395 2177 1530 2211 tantum,
1552 2172 1774 2215 processiona-

1030 2226 1111 2266 liter,
1135 2232 1259 2259 servata
1284 2226 1316 2258 in
1342 2226 1493 2258 omnibus
1515 2226 1618 2258 forma
1640 2225 1671 2257 in
1692 2226 1774 2258 Pon-

1031 2279 1139 2311 tificali
1165 2279 1379 2322 praescripta,
1407 2278 1533 2311 obviam
1555 2278 1618 2316 ire,
1644 2279 1773 2311 eosdem

1030 2337 1137 2364 autem
1152 2343 1188 2364 ac
1206 2326 1430 2375 quoscumque
1444 2331 1524 2364 alios
1537 2331 1770 2371 inobedientes,

1030 2390 1280 2427 recusantesque
1294 2385 1396 2417 facere
1411 2383 1553 2416 censuris
1566 2394 1602 2416 ac
1615 2384 1685 2417 aliis
1698 2394 1774 2427 poe-

1030 2436 1089 2477 nis,
1114 2437 1291 2470 secundum
1310 2437 1387 2469 iuris
1408 2437 1562 2477 sormam,
1584 2447 1600 2469 a
1624 2442 1652 2469 te
1673 2443 1775 2470 caete-

1031 2489 1138 2532 risque
1171 2489 1422 2533 archicpiscopis
1457 2489 1599 2522 districte
1634 2491 1775 2533 compel-

1032 2543 1143 2575 lendos
1164 2552 1242 2575 esse.

1076 2598 1092 2637 g
1113 2596 1142 2628 3.
1165 2596 1279 2638 Sicquc.
1301 2595 1332 2628 in
1354 2596 1537 2639 praemissis
1564 2596 1715 2629 omnibus
1744 2602 1774 2630 et

1013 2648 1164 2691 ,singulis
1185 2659 1242 2692 per
1263 2659 1485 2692 quoscumque
1504 2649 1625 2682 iutlices
1645 2649 1774 2682 ordina-

1788 262 1836 288 An.
1853 261 1880 288 C.
1904 261 1969 290 1597

1811 693 1938 715 Declaratio.
1947 691 1972 712 εἰς

1789 727 1830 748 qua
1847 721 1867 741 in
1882 719 1973 740 rubrica.

1817 2600 1927 2621 Ctausutao
1937 2605 1974 2626 pro

1790 2628 1876 2648 huiusce
1883 2627 1973 2648 doctam·

1790 2654 1852 2675 tionis
1867 2654 1973 2675 firmitate.
