2253 3195
35 282 97 310 An.
113 282 142 310 C.
166 281 234 308 1594

28 1370 29 1376 ¹
71 1347 111 1368 Per
122 1347 233 1374 praedicta

28 1378 29 1401 j
49 1374 120 1396 debita
133 1374 233 1395 ecclesia·

49 1406 94 1422 rum
135 1401 233 1422 Cumula-

4 1436 5 1441 =
28 1428 29 1434 ¹
49 1427 125 1449 viensis
145 1427 233 1448 servitia

3 1470 7 1473 .
49 1453 124 1481 negligi
139 1456 208 1475 cavet.

77 2518 185 2542 Glausulae
193 2526 242 2546 poe-

61 2545 124 2567 uates.

866 280 1014 304 CLEMENS
1033 280 1092 304 VIII
1109 280 1160 304 PP.

246 329 337 363 matis
354 335 385 363 et
405 329 572 369 innovatis,
597 340 633 363 ac
663 328 888 369 concedendis,
912 339 989 362 con-

244 383 412 417 firmandis
424 388 451 416 ct
475 383 675 420 innovandis.
690 383 812 422 Quibus
825 382 986 421 omnibus,

245 436 369 470 etiamsi
381 446 441 480 pro
455 436 585 469 illorum
598 436 768 469 sufficienti
782 435 991 477 derogatione

245 491 283 523 de
303 490 357 528 eis,
382 500 561 533 corumque
582 489 655 522 totis
677 489 852 528 tenoribus,
870 488 991 532 specia-

246 543 293 583 lis,
317 542 477 586 specifica,
502 552 648 586 expressa
669 534 699 574 et
728 541 902 581 individua,
926 551 991 573 non

246 601 353 629 autem
374 606 431 639 per
451 595 610 628 clausulas
630 595 797 636 generales
817 594 903 627 idem
925 594 988 626 im—

246 654 410 693 portantes
431 648 563 689 mentio,
582 648 628 681 vel
643 648 772 691 quaevis
785 647 847 680 alia
864 658 992 691 expres-

245 702 292 736 sio
313 702 473 741 habenda,
497 712 553 734 seu
574 701 731 744 exquisita
748 702 851 734 forma
871 701 911 734 ad
931 701 992 734 hoc

246 756 403 789 servanda
422 756 517 795 soret,
541 755 603 788 illis
624 754 702 788 alias
732 754 763 787 in
795 765 853 788 suo
875 755 992 789 robore

245 808 476 853 permansuris,
500 808 653 842 latissime
674 808 732 841 hac
750 808 817 842 vice
844 808 991 852 speciali·
1008 840 1009 856 ἶ

247 869 294 896 ter
311 868 342 896 et
355 873 501 906 expresse
516 863 721 905 derogamus,
739 861 909 895 contrariis
923 862 993 906 qui·
1008 860 1009 865 ’

246 916 458 959 bnscumque.
484 916 543 949 Aut
557 915 582 948 si
596 915 758 959 aliquibus
776 915 993 949 communiter
1008 912 1009 934 ³

246 969 294 1003 vel
315 969 442 1003 divisim
463 969 502 1002 ab
524 969 636 1002 eadem
658 969 697 1002 sit
715 969 796 1002 Sede
816 969 988 1009 indultum,

246 1076 347 1110 nicari
360 1086 425 1109 non
445 1076 570 1120 possint
588 1086 646 1120 per
665 1075 787 1109 litteras
801 1075 993 1119 apostolicas

247 1140 312 1163 non
332 1129 484 1162 facientes
501 1129 630 1173 plenam
649 1134 680 1162 et
696 1139 889 1173 expressam,
905 1140 941 1162 ac
954 1129 993 1162 de
1009 1119 1011 1151 ¹,

248 1183 346 1217 verbo
363 1183 404 1216 ad
423 1183 573 1223 verbum,
597 1183 637 1216 de
661 1182 786 1216 indulto
807 1182 993 1222 huiusmodi

248 1236 460 1270 mentionem.

294 1292 310 1332 ξ
332 1289 384 1322 26.
399 1289 541 1330 Proviso,
559 1290 646 1334 quod
666 1295 800 1334 propter
819 1290 995 1334 praemissa
1011 1307 1012 1328 ς

250 1343 352 1378 dictae
372 1343 536 1384 ecclesiae,
558 1354 695 1388 quarum
716 1343 786 1377 iura
806 1335 1012 1388 patronatus

249 1398 290 1431 ad
300 1402 461 1431 rectorem
470 1402 501 1430 et
509 1397 692 1439 collegiales
700 1397 884 1441 praedictos
894 1403 995 1431 trans-
1011 1409 1013 1413 ⁴

249 1451 313 1485 lata
332 1457 363 1484 et
379 1461 516 1495 quarum
535 1461 610 1484 usus
624 1456 655 1484 et
672 1462 749 1484 cura
768 1450 830 1485 illis
843 1462 995 1485 concessa
1011 1444 1013 1470 ;'

250 1510 281 1537 et
300 1504 472 1538 commissa
493 1504 606 1541 existit.
629 1504 744 1538 debitis
761 1515 826 1537 non
846 1505 1013 1538 frauden-³

250 1564 302 1591 tur
321 1558 494 1602 obsequiis,
519 1564 549 1591 et
569 1558 751 1591 animarum
782 1569 859 1591 cura
884 1558 915 1590 in
937 1558 992 1599 eis,
1012 1555 1013 1568 ³

250 1611 367 1656 quibus
387 1612 442 1645 illa
462 1611 620 1653 imminet,
642 1612 826 1645 nullatenus
846 1612 992 1655 negliga-

251 1670 323 1706 tur,
362 1665 418 1698 sed
450 1676 559 1698 earum
590 1675 734 1708 congrue
764 1670 997 1709 supportentur

250 1730 349 1753 onera
371 1725 540 1761 consueta;
563 1720 716 1764 quodque
742 1725 874 1764 propter
895 1726 997 1753 trans-

250 1773 404 1806 lationem
424 1773 610 1806 huiusmodi
630 1774 703 1817 plus
722 1773 800 1806 iuris
820 1773 852 1806 in
867 1774 996 1807 eosdem

250 1831 412 1860 rectorem
438 1832 469 1860 et
499 1826 682 1870 collegiales
711 1827 901 1861 translatum
932 1837 997 1861 non

252 1879 460 1923 intelligatur,
477 1891 575 1924 quam
593 1880 660 1924 ipse
673 1880 830 1923 Georgius
850 1881 993 1915 haberet:

252 1944 316 1978 quo
336 1944 411 1967 vero
431 1934 472 1967 ad
492 1944 602 1967 curam
624 1933 859 1978 parochialium
874 1939 905 1968 et
921 1934 998 1968 alia-

249 1999 324 2022 rum
354 1987 563 2021 ecclesiarum
583 1988 641 2021 sub
663 1988 787 2021 iuribus
810 1994 999 2032 patronatus

252 2041 438 2076 huiusmodi
459 2042 799 2086 compraehensarum,
831 2042 949 2075 rectori
970 2048 1000 2076 et

253 2095 400 2140 patribus
421 2096 566 2129 eiusdem
586 2095 725 2138 collegii,
755 2101 790 2128 ut
818 2097 1000 2139 praefertur

254 2148 476 2189 commissam,
510 2149 596 2183 salva
625 2155 791 2182 remaneat
822 2149 1000 2183 iurisdictio

254 2202 317 2236 loci
337 2202 510 2243 Ordinarii,
535 2202 577 2236 ita
597 2208 632 2235 ut
651 2208 784 2247 propter
808 2213 846 2235 ea
865 2212 930 2236 non
950 2202 1000 2235 in-

255 2255 416 2299 telligatur
446 2255 491 2288 illi
524 2255 556 2288 in
587 2255 696 2299 aliquo
729 2255 996 2299 praeiudicatum.

255 2310 314 2343 Per
344 2314 529 2353 praesentes
560 2314 666 2342 autem
702 2319 767 2342 non
806 2309 1001 2342 intendimus

256 2362 494 2407 iuspatronatus
523 2361 709 2396 huiusmodi
739 2362 771 2394 in
803 2361 912 2405 aliquo
944 2373 1001 2405 ap-

257 2416 405 2460 probare.

303 2471 319 2512 g
340 2469 393 2502 27.
417 2469 502 2503 Nulli
522 2480 599 2512 ergo
620 2469 754 2503 omnino
775 2469 945 2502 hominum
965 2469 1002 2502 li-

259 2528 329 2556 ceat
347 2523 430 2556 hanc
450 2523 601 2567 paginam
621 2528 806 2557 nostrarum
828 2523 1003 2557 absolutio-

258 2575 318 2617 nis,
342 2576 608 2618 consirmationis,
633 2576 886 2621 approbationis,
909 2576 999 2611 adie-

259 2630 391 2671 ctionis,
415 2630 635 2674 suppletionis,
659 2630 924 2674 applicationum‚
948 2642 1001 2674 ap-

259 2683 529 2728 propriationum,
546 2683 802 2725 concessionum,
815 2683 1002 2727 assignatio-

1674 268 1738 301 163

1025 328 1085 369 nis,
1106 327 1334 368 translationis,
1350 327 1531 367 erectionis,
1549 326 1768 366 institutionis,

1025 381 1267 425 suppositionis,
1291 381 1524 420 submissionis,
1550 380 1681 420 indulti,
1706 380 1769 413 im-

1026 434 1219 477 partitionis,
1243 434 1417 478 praecepti,
1446 435 1688 474 mandatorum,
1717 434 1772 466 (lc-

1026 487 1115 528 creti‚
1140 487 1357 529 derogationis
1384 493 1414 520 et
1446 486 1631 520 intentionis
1658 486 1771 519 infrin-

1026 551 1113 583 gere,
1135 541 1180 574 vel
1204 541 1231 573 ei
1251 551 1330 574 ausu
1352 541 1524 573 temerario
1545 540 1716 573 contraire.
1741 540 1772 574 Si

1026 593 1097 638 quis
1118 599 1225 627 autem
1246 593 1309 627 hoc
1330 599 1486 627 attentare
1507 593 1769 637 praesumpserit,

1027 647 1281 689 indignationem
1303 647 1536 691 omnipotentis
1556 647 1623 687 Dei,
1644 658 1681 680 ac
1698 645 1774 679 bea-

1028 705 1134 733 torum
1156 700 1240 733 Petri
1272 705 1302 733 et
1330 700 1420 733 Pauli
1451 701 1673 743 apostolorum
1700 700 1774 733 Eius

1026 764 1059 786 se
1080 754 1205 787 noverit
1224 753 1442 787 incursurum.

1071 808 1185 841 Datum
1206 808 1328 841 Romae
1348 808 1435 851 apud
1455 807 1485 841 S.
1509 808 1667 847 Marcum,
1691 817 1775 840 anno

1027 861 1259 894 Incarnationis
1277 861 1462 894 Dominicae
1480 860 1652 894 millesimo
1674 860 1771 904 quin-

1027 914 1204 957 gentesimo
1216 914 1425 957 nonagesimo
1439 919 1564 958 quarto,
1583 919 1698 958 quarto
1710 914 1773 946 kal.

1008 968 1234 1012 septembris,
1258 967 1463 1012 pontificatus
1483 967 1584 1000 nostri
1605 977 1689 1000 anno
1711 977 1757 1001 111.

246 1023 333 1067 quod
364 1022 522 1062 interdici,
546 1022 708 1065 suspendi,
733 1022 781 1055 vel
801 1032 1010 1065 excommu-,3

1064 1031 1121 1058 Dat.
1139 1031 1182 1058 die
1198 1031 1232 1058 29
1247 1034 1353 1066 august.
1372 1031 1451 1065 1594,
1463 1029 1558 1066 pontis.
1574 1038 1617 1057 an.
1632 1036 1671 1056 nt.

1242 1085 1262 1102 ο

1353 1190 1452 1224 XCIV.

1031 1289 1243 1333 Confirmatio
1263 1287 1454 1321 concordiae
1474 1287 1561 1320 inter
1594 1290 1701 1331 reqem
1720 1299 1774 1321 ca·—

1076 1352 1234 1385 tholicum
1247 1351 1381 1394 eiusque
1394 1360 1587 1383 successores
1604 1354 1633 1382 et
1652 1350 1779 1382 archie-

1072 1417 1242 1460 piscopum
1277 1415 1303 1447 T
1303 1414 1520 1447 oletanensem
1546 1424 1606 1457 pro
1641 1418 1779 1457 tempore

1074 1480 1244 1512 eoeistenles
1265 1488 1362 1522 super
1374 1477 1663 1510 administratione
1682 1476 1778 1509 colle-

1074 1542 1124 1585 92'2'
1147 1541 1318 1584 virqinum
1338 1540 1523 1583 nuncupati
1542 1538 1697 1572 Dominae
1717 1539 1778 1571 No-

1075 1609 1159 1637 strae
1177 1603 1216 1636 de
1236 1602 1391 1636 Remedio
1411 1602 1448 1635 'in
1466 1601 1598 1634 civitate
1622 1601 1778 1634 Toletano

1076 1667 1171 1700 erecti
1191 1667 1211 1699 ¹.

1245 1747 1380 1774 Clemens
1400 1747 1480 1780 Papa
1495 1746 1575 1778 VIII,

1181 1801 1217 1828 ad
1237 1801 1371 1828 futuram
1390 1800 1434 1828 rei
1450 1800 1633 1828 memoriam.

1076 1884 1138 1916 Pro
1158 1887 1269 1915 nostro
1291 1891 1426 1914 munere
1447 1880 1479 1913 in
1505 1880 1554 1913 his
1582 1885 1690 1924 partes
1714 1891 1776 1914 no-

1033 1942 1114 1970 stras
1135 1936 1273 1969 libenter
1293 1934 1541 1979 interponimus,
1557 1945 1639 1978 quae
1651 1935 1690 1967 ad
1704 1945 1780 1968 con-

1034 1989 1178 2023 cordiam
1200 1994 1229 2022 et
1251 1999 1363 2033 pacem
1388 1988 1472 2021 inter
1494 1987 1669 2021 catholicos
1690 1997 1780 2030 reges

1034 2048 1065 2076 et
1082 2042 1314 2076 ecclesiasticas
1325 2052 1481 2085 personas
1492 2040 1654 2085 pertinere
1668 2040 1782 2083 digno-

1034 2101 1177 2130 scuntur.

1081 2152 1097 2192 ξ
1119 2150 1148 2182 ’1.
1184 2150 1292 2193 Nuper
1320 2148 1480 2192 siquidem
1510 2148 1717 2181 charissimus
1749 2148 1780 2181 in

1034 2203 1158 2237 Christo
1179 2202 1263 2235 filius
1283 2207 1393 2236 noster
1419 2201 1586 2245 Philippus
1606 2201 1777 2244 Hispania—

1036 2267 1108 2289 rum
1129 2266 1184 2289 rex
1204 2255 1392 2296 catholicus,
1412 2266 1448 2288 ac
1469 2255 1603 2288 dilectus
1623 2254 1708 2287 filius
1721 2265 1781 2288 no-

1036 2314 1099 2342 ster
1119 2310 1241 2353 Gaspar
1263 2308 1345 2341 tituli
1366 2313 1494 2341 sanctae
1505 2307 1669 2348 Balbinae3
1685 2319 1779 2351 pres-

1034 2363 1126 2407 byter
1140 2362 1311 2396 cardinalis
1319 2362 1490 2395 Toletanus
1501 2366 1715 2405 nuncupatus,
1732 2372 1783 2395 ec-

1036 2415 1151 2449 clesiae
1160 2416 1331 2448 Toletanae
1341 2420 1514 2458 perpetuus
1526 2413 1779 2452 adn'iinistrator,

1036 2470 1076 2502 ad
1096 2468 1335 2512 infrascriptam
1347 2478 1444 2511 super
1455 2467 1552 2500 modo
1570 2472 1601 2500 et
1612 2468 1714 2500 forma
1725 2479 1783 2510 gu-

1036 2522 1140 2556 bernii
1161 2521 1287 2564 collegii
1308 2521 1467 2563 virginum
1488 2522 1603 2554 Beatae
1619 2521 1734 2554 Mariae
1746 2521 1784 2555 de

1038 2577 1083 2609 los
1104 2575 1272 2610 Remedios
1292 2575 1426 2609 civitatis
1446 2576 1628 2616 Toletanae,
1650 2585 1784 2609 concor—

1038 2630 1122 2663 diam
1141 2631 1236 2674 (quae
1258 2629 1290 2662 in
1311 2629 1526 2663 instrumento
1547 2630 1687 2673 desuper
1707 2640 1783 2663 con-

1077 2695 1083 2719 l
1108 2692 1145 2720 Ex
1165 2692 1272 2728 Regest.
1290 2693 1317 2719 in
1331 2692 1434 2720 Seeret.
1448 2691 1583 2719 Brevium.

1785 278 1834 304 An.
1857 278 1885 305 C.
1905 279 1971 306 1594

1821 1886 1939 1907 Exordium.

1832 2152 1980 2178 Hispaniarum

1796 2185 1831 2199 rex
1840 2178 1981 2199 etcardinalis

1796 2205 1910 2226 Toletanus
1933 2210 1981 2226 con-

1796 2232 1889 2253 cordiam
1897 2232 1951 2252 inter
1959 2238 1981 2252 se

1797 2259 1869 2280 initam
1906 2258 1980 2279 coufir-

1797 2286 1849 2307 mari
1864 2287 1945 2311 petunt.
