2253 3195
274 210 324 238 An.
341 210 371 238 c.
390 211 458 239 1596
502 202 566 236 ‘262

307 587 459 612 [bispnsitwnes

277 614 408 634 'nuccii-ca
415 612 460 634 red-

275 641 356 660 dituum
366 641 459 665 applica-

276 669 353 687 tiuncui
363 670 380 687 et
391 672 458 688 usum.

473 271 529 294 seu
549 267 728 294 reservatae
748 261 891 301 existant,
908 266 935 294 et
954 271 1051 304 super
1067 261 1123 301 eis,
1139 265 1210 301 eta,

474 313 614 347 indecisa
645 324 682 347 ex
712 324 808 353 nunc,
838 319 934 357 prout
962 325 998 347 ex
1026 319 1112 353 tunc,
1146 319 1178 347 et
1197 324 1214 346 e

473 373 585 399 contra
605 376 677 399 cum
705 366 848 406 annexis,
871 370 941 406 etc„
965 366 1042 407 suis,
1065 367 1109 400 ita
1128 367 1214 410 quod

474 420 567 452 liccat
585 419 708 452 decano
729 425 759 452 et
779 419 928 462 capitulis
952 419 1120 463 praefatis,
1143 419 1215 453 illo-

473 483 544 505 rum
565 471 710 505 omnium
737 477 768 505 et
796 482 1006 511 annexorum,
1030 473 1216 517 iuriumque

474 531 503 558 et
527 525 796 569 pertiuentiarum
819 535 953 559 suorum
983 536 1216 570 quorumcum-

475 589 536 621 que
557 578 760 621 corporalem
777 578 1012 622 possessionem
1033 589 1091 623 per
1107 589 1151 619 se,
1168 579 1217 612 vel

475 631 585 671 alium,
608 641 665 664 seu
689 631 768 664 alios
794 642 868 671 suo,
896 638 927 665 et
954 632 1142 676 collegiatae
1167 643 1218 666 ec-

475 683 600 723 clesiae,
628 694 665 717 ac
686 694 826 725 mensae,
855 685 1047 728 dignitatum
1076 691 1107 718 et
1137 685 1217 718 alio-

474 747 546 769 rum
577 736 808 779 erigendorum
840 738 1059 782 praefatorum
1089 738 1215 771 benefi-

474 790 598 823 ciorum
611 790 798 824 nominibus
818 792 950 835 propria
969 791 1159 825 auctoritate
1179 792 1218 824 li-

474 843 550 876 bere
581 844 848 888 apprehendere,
878 851 909 877 et
939 850 1098 888 perpetuo
1135 845 1215 878 reti-

474 907 572 937 nere;
607 897 729 930 fructus
759 908 906 941 quoque,
941 898 1106 939 redditus,
1136 908 1214 942 pro-

474 955 586 983 ventus
606 950 681 983 inde
700 950 938 994 provenientes,
957 951 1136 995 percipere,
1155 951 1218 984 exi-

473 1013 549 1045 gere
564 1031 571 1043 ‚
595 1014 789 1048 recuperare
805 1031 812 1043 ,
836 1004 963 1045 locare,
988 1005 1163 1038 arrendare
1188 1010 1219 1038 et

474 1056 716 1098 administrare,
745 1068 819 1091 cum
846 1058 930 1097 hoe,
954 1058 1042 1102 quod
1071 1058 1218 1092 deductis

475 1109 506 1142 in
523 1109 636 1154 primis
653 1110 765 1144 decem
786 1110 877 1144 libris
896 1121 956 1155 pro
976 1111 1169 1155 praebendis
1189 1117 1219 1145 et

475 1163 632 1196 fructibus
662 1164 758 1197 certis
777 1163 980 1206 singulorum
1002 1164 1194 1207 dignitatum
1208 1192 1215 1206 ‚

474 1225 512 1249 ac
531 1216 778 1250 canonicatuum
799 1223 829 1250 et
855 1218 1114 1261 praebendarum
1129 1246 1136 1259 ‚
1160 1229 1219 1251 nec

474 1279 540 1302 non
561 1269 906 1309 hebdomadariarum,
931 1277 962 1304 et
989 1271 1218 1314 erigendorum

475 1322 708 1357 beneficiorum
729 1324 960 1367 praefatorum,
982 1336 1018 1358 ac
1038 1330 1125 1358 certa
1145 1335 1217 1369 por-

477 1377 564 1410 tione
584 1378 850 1411 distributionum
864 1389 922 1422 per
932 1378 1139 1412 Ordinarium
1158 1379 1219 1412 loci

476 1436 507 1463 et
520 1430 702 1474 Capitulum
721 1431 880 1475 praefatos
894 1432 1041 1472 taxanda,
1058 1443 1155 1476 qnam
1173 1433 1220 1465 di-

477 1483 517 1516 cti
543 1483 788 1518 hebdomadarii
809 1485 894 1518 ultra
913 1485 1029 1528 pedem
1048 1486 1166 1527 altaris,
1190 1492 1221 1519 et

476 1537 539 1570 alia
559 1538 779 1570 emolumenta
799 1548 835 1570 ex
856 1539 1000 1582 praefata
1020 1549 1096 1571 cura
1125 1544 1156 1572 et
1182 1539 1219 1572 il-

477 1590 538 1623 lius
562 1590 713 1624 exercitio
729 1597 851 1624 tantum
873 1591 1106 1635 provenientia,
1123 1603 1160 1625 ac
1180 1593 1219 1626 ad

477 1644 614 1678 ducenta
633 1650 722 1677 scuta
743 1644 790 1678 vel
811 1645 897 1678 circa
916 1645 1094 1687 annuatim,
1119 1652 1153 1679 nt
1172 1657 1220 1680 as-

476 1697 603 1738 seritur,
627 1698 832 1731 ascendentia
849 1698 968 1731 babere
989 1699 1136 1732 debeant.
1155 1700 1217 1733 Re-

478 1750 565 1794 liqua
589 1751 698 1784 omnia
727 1751 867 1790 fructus,
895 1757 1089 1795 proventus,
1126 1753 1217 1793 iura,

478 1804 698 1843 obventiones,
722 1810 753 1837 et
773 1804 992 1838 emolumenta
1025 1811 1087 1838 tam
1114 1806 1221 1839 reddi-

479 1863 569 1891 tuum
591 1857 782 1890 donatorum
810 1863 841 1890 et
860 1858 1108 1900 assignatorum,
1123 1870 1220 1903 quam

479 1910 785 1954 praestimoniorum
802 1938 809 1950 ,
837 1921 892 1944 seu
926 1911 1112 1955 portionum
1129 1939 1136 1952 ‚
1167 1919 1221 1946 aut

479 1965 711 1998 beneficiorum
726 1971 755 1998 et
769 1965 1022 2009 capellaniarum
1037 1965 1221 2000 huiusmodi

479 2018 593 2052 cedant
625 2023 655 2051 et
686 2018 800 2052 cedere
831 2018 969 2051 debeant
999 2019 1030 2051 in
1062 2018 1239 2053 disti-ihu*

480 2073 581 2107 tiones
608 2073 813 2116 quotidianas
842 2073 924 2106 inter
952 2074 1122 2113 decanum,
1148 2084 1222 2106 can-

479 2132 594 2167 torem,
623 2127 787 2160 sacristam
813 2132 843 2160 et
865 2127 1038 2160 canonicos
1063 2128 1222 2171 praefatos

479 2179 510 2212 in
531 2180 616 2213 dicta
636 2179 803 2221 collegiata
825 2191 884 2224 pro
905 2186 1050 2224 tempore
1078 2181 1220 2214 residen-

480 2239 541 2273 tes,
565 2240 593 2266 et
616 2234 702 2267 boris
733 2234 916 2275 canonicis,
946 2234 1080 2278 aliisque
1108 2235 1222 2269 divinis

479 2286 593 2320 officiis
612 2288 677 2320 suis
698 2288 768 2321 loco
793 2294 824 2321 ct
851 2294 996 2331 tempore
1023 2288 1141 2321 ibidem
1175 2289 1222 2322 in-

480 2347 671 2374 t‹·1·esscntcs
688 2342 863 2381 dumtaxat,
881 2341 964 2374 iuxta
983 2342 1149 2385 providam
1171 2354 1222 2375 su-
1238 2353 1241 2380 i

481 2405 537 2437 per
562 2395 620 2427 boi.-
641 2406 658 2427 a
683 2396 827 2439 praefato
847 2395 1017 2428 ordinario
1044 2396 1220 2429 taciendam

481 2501 615 2532 mandas
636 2506 662 2532 vt
695 2500 938 2544 percipiendas,
962 2512 997 2534 cx
1030 2501 1146 2545 quibus
1166 2501 1222 2534 de-

483 2564 579 2586 canus
600 2555 689 2592 duas,
710 2554 844 2597 quilibet
866 2565 941 2587 vcro
970 2566 1005 2587 cx
1037 2560 1167 2588 cantore
1193 2559 1240 2593 et,

485 2606 614 2639 sacrista
647 2617 742 2640 unam
764 2618 836 2640 cum
870 2607 1020 2647 dimidia,
1044 2613 1075 2641 et
1105 2607 1241 2650 singulii

1054 213 1238 238 BULLARIUM
1257 213 1410 237 ROMANUM

1249 260 1396 294 canonici
1426 271 1524 294 unam
1554 261 1711 304 integram
1743 261 1908 305 portiones
1932 272 1986 294 re-

1247 313 1384 357 spective
1397 313 1547 354 habeant,
1562 314 1742 347 absentium
1760 320 1866 348 autem
1880 320 1912 348 et
1924 325 1989 348 non

1248 366 1506 400 interessentium
1520 367 1685 410 portiones
1698 367 1914 410 (infirmitate,
1937 373 1991 400 aut
2034 380 2120 410 ⁴niusa>
2135 381 2177 402 ini

1249 420 1312 453 alio
1326 420 1481 462 legitimo,
1494 420 1533 453 de
1547 430 1611 464 quo
1627 421 1743 453 docere
1756 420 1905 459 debeant,
1922 431 1990 454 ces·
2006 407 2165 466 ῗῗῗῗέἓῖἶῖῗ.“ἔᾶ
2176 421 2187 443 -’
2219 423 2224 426 ”

1249 480 1338 508 sante
1360 474 1607 518 impedimento)
1629 474 1698 507 aliis
1715 474 1938 518 praesentibus
1961 480 1992 508 et
2006 460 2178 512 35:13533'3223

2007 514 2124 534 cmutmnen
2138 522 2142 530 ·
2170 517 2180 530 Γ

1250 527 1514 561 interessentibus
1533 538 1593 571 pro
1613 527 1770 571 cuiusque
1788 532 1858 560 rata
1878 537 1989 560 accre-

1251 587 1341 615 scant
1354 587 1385 615 et
1397 592 1541 615 crescere
1555 591 1594 614 eo
1609 581 1678 625 ipso
1692 586 1885 614 censeantur
1894 592 1902 621 ;
1918 581 1993 614 red-

1252 635 1336 668 ditus
1353 640 1461 667 tamen
1482 640 1545 668 tam
1566 645 1624 678 per
1648 634 1994 678 praesectum,iuratos

1252 693 1282 721 et
1299 687 1458 721 sindicum
1483 687 1646 730 assignati,
1664 698 1760 731 quam
1785 687 1904 730 reliqui
1930 687 1995 720 t'ru-

1252 745 1321 773 ctus
1334 740 1436 773 dictae
1457 750 1587 773 mensae
1607 739 1793 784 capitularis
1806 750 1824 772 a
1837 739 1888 773 die
1902 740 1995 773 datae

1252 792 1468 836 praesentium
1491 793 1637 832 decursi,
1661 798 1691 825 et
1715 803 1817 836 usque
1842 793 1882 825 ad
1908 792 1994 826 diem

1253 851 1364 889 captae
1384 845 1479 878 realis
1497 845 1710 889 possessionis
1737 855 1796 889 per
1821 855 1895 878 eum
1910 872 1918 885 ,
1941 845 1995 889 qui

1252 899 1366 932 ultimo
1386 899 1458 932 loco
1476 898 1702 932 canonicatum
1723 903 1756 931 et
1774 898 1994 942 praebendam

1253 952 1356 986 dictae
1388 952 1575 995 collegiatae
1604 951 1757 985 ecclesiae
1785 962 1803 985 a
1832 952 1997 996 primaeva

1253 1016 1367 1039 eorum
1387 1005 1549 1039 erectione
1569 1005 1755 1039 huiusmodi
1774 1010 1922 1038 vacantes
1948 1016 1997 1039 as-

1253 1065 1406 1104 sequutus
1419 1060 1532 1100 suerat,
1546 1059 1628 1093 nulli
1639 1059 1779 1093 aliorum
1798 1065 1993 1100 accrescant,

1253 1114 1309 1147 sed
1328 1113 1573 1147 asservientium
1593 1123 1652 1157 pro
1671 1113 1754 1157 pede
1767 1139 1774 1153 ,
1797 1117 1833 1146 ut
1856 1117 1993 1154 vocant,

1252 1166 1327 1206 fixo,
1350 1177 1387 1200 ac
1406 1171 1564 1210 perpetuo
1585 1171 1681 1210 prout
1697 1166 1729 1198 in
1751 1165 1886 1200 ecclesia
1906 1165 1996 1200 Orio—

1253 1220 1332 1253 lensi
1364 1220 1434 1254 sieri
1459 1220 1644 1260 consuevit,
1672 1219 1926 1263 advenienteque
1945 1230 1998 1253 va-

1254 1274 1379 1307 catione
1416 1273 1551 1307 alicuius
1589 1284 1626 1306 ex
1665 1273 1905 1317 praestimoniis
1940 1283 1997 1307 seu

1253 1327 1468 1372 portionibus,
1485 1333 1540 1361 aut
1556 1327 1722 1361 beneficiis
1739 1326 1888 1361 uniendis
1902 1331 1933 1360 et
1945 1337 1998 1360 ca-

1254 1381 1411 1425 pellaniis,
1435 1381 1621 1414 huiusmodi
1642 1380 1826 1414 distributio
1850 1391 1909 1424 pro
1929 1385 1997 1414 rata

1254 1435 1340 1467 iuxta
1357 1434 1506 1467 ordinem
1535 1434 1574 1466 ab
1602 1434 1716 1467 eodem
1737 1432 1908 1467 Ordinario
1927 1438 1994 1466 sta·

1255 1488 1407 1521 tuendam
1434 1487 1499 1528 ssat,
1524 1486 1665 1531 dictique
1686 1487 1827 1520 decanus
1847 1491 1879 1520 et
1898 1486 1993 1530 Capi-

1256 1542 1356 1574 tulum
1376 1546 1516 1585 quatuor
1535 1551 1653 1584 pueros
1670 1540 1773 1581 chori,
1791 1545 1822 1582 et
1841 1539 1922 1574 alios
1939 1539 1998 1573 mi-

1255 1595 1372 1628 nistros
1388 1604 1423 1627 ex
1446 1604 1549 1627 massa
1569 1593 1734 1627 communi
1754 1599 1911 1637 perpetuo
1931 1603 1998 1626 ma-

1255 1652 1423 1687 nutenere,
1440 1657 1475 1680 ac
1495 1657 1595 1680 onera
1614 1646 1674 1679 sibi
1692 1645 1914 1679 incumbentia
1924 1656 1998 1690 sup-

1255 1708 1385 1745 portare
1411 1706 1600 1741 teneantur,
1624 1700 1781 1734 fructibus
1812 1705 1842 1734 et
1867 1700 1995 1734 emolu-

1256 1754 1371 1787 mentis
1393 1760 1457 1787 tam
1477 1754 1507 1788 S.
1531 1753 1652 1787 Nicolai
1667 1780 1674 1794 ,
1698 1763 1794 1797 quam
1823 1752 1854 1786 S.
1879 1752 1996 1787 Mariae

1255 1807 1463 1841 ecclesiarum
1474 1806 1732 1847 huiusmodi,seu
1742 1806 1870 1839 illarum
1880 1816 1994 1846 massa,

1255 1871 1311 1894 seu
1331 1860 1442 1893 massis
1462 1860 1494 1893 in
1514 1870 1572 1893 suo
1592 1859 1727 1903 pristino
1748 1864 1831 1893 statu
1850 1865 1880 1892 et
1900 1859 1998 1893 modo

1256 1914 1327 1946 illos
1360 1924 1418 1957 per
1445 1913 1578 1946 elericos
1615 1918 1645 1946 ct
1676 1912 1881 1956 presbyteros
1921 1911 1997 1946 dicti

1255 1965 1378 2010 oppidi,
1399 1971 1430 1999 et
1450 1965 1668 2006 canonicatus,
1692 1971 1722 1998 et
1742 1965 1953 2009 praebendas,
1968 1970 2000 1998 et

1256 2019 1426 2061 dignitates
1447 2018 1632 2052 buinsmodi
1657 2029 1716 2062 pro
1743 2024 1887 2062 tempore
1917 2017 1999 2052 ohti-

1256 2078 1367 2106 nentes
1388 2072 1614 2116 percipiendis,
1645 2071 1747 2105 lirmiis
1767 2077 1797 2106 ct
1823 2071 1999 2106 immutatis

1257 2126 1507 2166 remanentibus,
1525 2131 1618 2170 prout
1637 2131 1709 2159 ante
1727 2125 1922 2159 erectionem
1940 2125 1998 2159 hu-

1257 2179 1394 2212 iusmodi
1415 2185 1524 2219 erant,
1548 2179 1641 2212 dictis
1662 2189 1736 2212 vero
1758 2178 1883 2212 vicariis
1903 2178 1994 2212 obla-

1258 2232 1360 2266 tiones
1380 2238 1411 2265 et
1431 2232 1493 2265 alia
1519 2232 1738 2265 emolumenta
1759 2231 1882 2264 ratione
1902 2241 1999 2265 curae

1257 2286 1359 2319 dictae
1379 2285 1532 2319 ecclcsiae
1562 2285 1593 2319 S.
1617 2284 1733 2318 Mariae
1754 2284 1995 2328 provenientia,

1257 2346 1287 2374 ct
1304 2340 1411 2374 debita
1429 2351 1484 2383 pes
1500 2340 1619 2372 attaris
1639 2343 1823 2382 nuncupata
1843 2340 1939 2383 (quae
1958 2338 1999 2372 ad

1239 2394 1317 2444 ¹alia
1344 2393 1481 2427 ducenta
1502 2398 1591 2426 scuta
1605 2419 1612 2432 ,
1635 2392 1682 2425 vel
1705 2392 1790 2425 circa
1810 2391 1974 2425 annuatim
1988 2419 1995 2433 ,

481 2447 734 2487 ordinationem,
755 2448 942 2481 dividendas
962 2454 992 2481 ct
1020 2460 1077 2492 pcr
1101 2459 1156 2481 cos
1177 2449 1241 2481 lu-·

1258 2453 1291 2479 nt
1311 2446 1405 2480 etiam
1427 2445 1580 2479 asseritur
1594 2445 1784 2487 ascendunt)
1798 2455 1856 2489 pro
1870 2455 1999 2478 eorum-

1257 2501 1329 2533 dem
1352 2499 1542 2534 vicariorum
1563 2498 1816 2532 substentatione
1837 2503 1867 2531 et
1884 2507 1997 2532 manu-

1259 2553 1399 2586 tentionc
1433 2553 1564 2592 cedant,
1594 2551 1719 2596 ipsique
1751 2551 1804 2585 illa
1831 2551 1998 2596 percipere

1258 2612 1287 2640 et
1313 2606 1450 2647 babere,
1473 2617 1509 2639 ac
1542 2605 1573 2638 in
1602 2615 1677 2640 suos
1708 2616 1783 2639 usus
1811 2609 1997 2639 convertere

2006 213 2057 239 An.
2075 213 2104 240 c.
2122 213 2163 242 ¹5
2175 218 2186 248 ,32
