2253 3195
244 257 294 284 An.
315 256 343 285 c.
361 257 430 286 1597
475 248 539 282 326

289 787 384 808 Generali
406 789 427 808 et

243 814 351 834 canonicis
369 819 426 835 man-

241 840 277 860 dat
292 840 373 860 decreti
389 840 426 861 hu-

242 867 274 887 ius
302 867 425 893 exequutio-

241 899 296 914 nem.

241 1104 350 1125 Contraria
366 1106 424 1126 toltit.

271 2315 377 2335 Pontia-u
389 2323 401 2333 n«
414 2317 426 2334 Ι-

245 2342 331 2361 tir-itum.
354 2349 426 2367 prurit·

245 2369 304 2387 ran-li
324 2372 411 2387 nunna-0.

245 2400 323 2413 'iurum
336 2398 354 2412 ut
366 2396 427 2414 fulls·-

245 2426 326 2442 awruiu
350 2427 427 2445 paupe-

341 2454 355 2465 ιι
388 2455 406 2466 ιιι

382 2454 385 2466 ,
410 2454 427 2466 m
444 2421 570 2459 unitatis
590 2422 739 2465 sperula,
764 2421 886 2453 meritis
904 2421 975 2453 licet
995 2421 1181 2465 imparibus,

246 2453 289 2466 ΓΙΗῘΙ

246 2473 353 2493 tumtunm

441 312 540 350 petuo
558 305 728 339 statuimus
748 311 779 338 et
795 305 994 346 ordinamus,
1009 311 1045 338 ut
1055 305 1111 349 qui
1121 316 1187 339 uno

442 358 582 391 triennio
594 358 681 391 dicto
694 357 869 401 provisoris
889 368 946 390 seu
965 358 1187 401 procuratoris

441 411 547 444 officio
566 411 754 453 perfunctus
773 415 831 450 est,
852 410 893 443 ad
913 410 1000 443 idem
1020 410 1162 443 officium
1175 438 1182 451 ,

440 464 500 497 nisi
517 469 590 507 post
605 463 732 506 lapsum
750 463 911 506 integrum
932 464 1131 504 sexennium,
1146 464 1185 497 de

440 526 522 549 novo
543 515 617 558 eligi
637 526 703 548 non
715 516 826 559 possit,
842 527 880 550 ac
892 516 1019 550 irritum
1041 523 1072 550 et
1090 517 1185 551 inane

444 570 558 603 existat
584 569 744 613 quidquid
769 581 860 603 secus
884 581 981 614 super
1000 570 1049 603 his
1068 581 1086 603 a
1106 581 1185 614 quo-

441 633 557 666 quam,
591 622 703 666 quavis
731 623 943 664 auctoritate,
974 624 1113 657 scienter
1135 625 1184 657 vel

442 675 640 718 ignoranter,
664 675 835 717 contigerit
853 675 1012 709 attentari.

485 729 502 770 ἓ
533 727 564 761 3,
598 728 754 767 Quocirca
786 729 911 762 dilectis
940 729 1015 762 filiis
1039 730 1182 763 eiusdem

441 780 705 824 Congregationis
725 782 868 824 generali
888 787 920 815 et
938 782 1100 816 canonicis
1126 794 1185 827 per

441 838 625 877 praesentes
641 833 874 867 committimus
886 839 917 867 et
930 835 1133 875 mandamus,
1149 840 1184 868 ut

440 891 595 919 statutum
626 891 657 919 et
688 886 927 920 ordinationem
947 893 1090 920 nostram
1123 887 1183 921 hu-

439 937 590 978 iusmodi,
610 944 646 971 ut
665 939 767 980 decet,
790 944 947 984 perpetuo
972 940 1142 974 observent
1153 946 1185 974 et

440 991 603 1025 observari
629 997 754 1025 curent.

484 1043 547 1088 §la
570 1045 639 1078 Non
667 1045 869 1079 obstantibus
899 1045 1184 1080 constitutionibus

440 1103 471 1130 et
489 1097 746 1131 ordinationibus
765 1099 962 1142 apostolicis,
986 1105 1017 1132 et
1043 1109 1183 1142 congre-

440 1150 576 1191 gationis
612 1161 649 1184 ac
679 1151 886 1195 hospitalium
917 1152 1157 1196 praedictorum
1173 1181 1180 1194 ,

443 1203 538 1236 etiam
560 1203 762 1243 iuramento,
787 1204 1033 1238 confirmatione
1056 1211 1184 1249 aposto-

440 1255 562 1296 stolica‚
579 1256 626 1289 vel
644 1256 754 1300 quavis
772 1257 923 1290 firmitate
935 1257 995 1290 alia
1009 1258 1179 1299 roboratis,

440 1309 566 1342 statutis
591 1315 619 1342 et
649 1310 957 1351 consuetudinibus,
985 1311 1183 1355 caeterisque

441 1361 611 1395 contrariis
628 1362 897 1407 quibuscumque.

484 1415 597 1448 Datum
618 1415 739 1448 Romae
752 1416 837 1459 apud
850 1416 880 1450 S.
896 1416 1036 1457 Petrum,
1053 1417 1112 1450 sub
1125 1427 1182 1450 an-

441 1465 525 1500 nulos
538 1467 718 1508 Piscatoris,
733 1468 784 1501 dic
800 1479 845 1502 xii
866 1469 1019 1502 februarii
1036 1480 1179 1511 nnxcvn,

441 1521 648 1564 pontificatus
668 1522 767 1555 nostri
794 1533 878 1556 anno
898 1529 997 1556 sexto,

477 1581 534 1608 Dat.
551 1581 594 1609 die
612 1582 644 1609 ¹2
659 1582 788 1610 februarii
806 1584 884 1616 1597,
901 1584 995 1619 pontif.
1006 1592 1050 1611 an.
1062 1591 1098 1612 rt.

782 1751 838 1783 CL.

443 1856 567 1889 Erectio
587 1855 716 1897 colleqz'z'
733 1866 918 1899 pauperimt
936 1856 1134 1899 puellarum,
1155 1861 1182 1889 c!

485 1917 676 1950 monasterii
695 1917 891 1949 monialium
909 1918 943 1950 in
963 1918 1079 1961 oppido
1104 1919 1183 1951 civi-

486 1980 562 2012 tatis
581 1979 796 2022 Anyclornm,
817 1978 1077 2011 Tlascalanensis
1097 1979 1182 2012 dioe-

485 2042 573 2081 cesis,
589 2042 625 2073 in
638 2040 748 2074 lnffdiis
770 2040 1032 2074 Occidentalibus
1049 2041 1069 2073 ¹.

460 2130 592 2158 Clemens
614 2130 783 2164 episeopus.
801 2137 907 2158 servus
928 2137 1081 2158 servorum
1101 2130 1162 2162 Dei,

565 2184 602 2210 ad
622 2186 797 2218 perpetuam
816 2184 861 2211 rei
880 2184 1059 2211 memoriam.

486 2264 631 2306 Superna
651 2262 883 2306 dispositione,
907 2262 997 2295 cuius
1023 2263 1181 2296 inscruta-

444 2315 497 2347 bili
516 2314 728 2358 providentia,
749 2314 984 2347 ordinationem
1007 2315 1185 2358 suscipiunt

413 2376 426 2384 '·
444 2368 601 2406 universa,
625 2378 721 2412 super
741 2368 894 2401 eminenti
921 2368 1116 2411 apostolicae
1137 2368 1203 2401 di-·

1201 2419 1392 2454 fnastorium
1426 2420 1613 2453 monialium
1634 2430 1670 2452 cx
1696 2420 1905 2463 proventibus
1925 2430 1962 2453 ac

1200 2465 1312 2520 llionis
1332 2473 1430 2517 ipsius
1456 2472 1603 2513 collegii,
1631 2483 1714 2516 quae
1744 2473 1812 2506 cius
1842 2472 1961 2506 iudicio

445 2474 618 2512 mustitani,
641 2475 680 2506 acl
702 2485 750 2514 ea,
774 2485 831 2517 per
851 2485 932 2517 quac
953 2474 1087 2514 collegia
1108 2484 1185 2518 pau-

446 2537 556 2568 perum
580 2527 758 2569 puellarum
778 2526 953 2566 viminum,
973 2537 1097 2559 necnon
1117 2536 1184 2559 ino-

445 2578 583 2610 nasteria
609 2579 797 2611 monialium
819 2589 892 2611 cum
923 2579 1087 2621 religionis
1108 2589 1183 2622 pro-

481 2641 489 2667 i
515 2639 550 2666 Ex
567 2639 674 2672 lleucst.
687 2641 713 2667 in
728 2642 829 2668 Secrct.
843 2640 977 2668 Brevium.

1025 258 1208 282 BULLARIUM
1224 258 1379 283 ROMANUM

1220 306 1391 350 pagatione
1418 306 1555 340 ubilibet
1583 307 1766 351 erigantur,
1795 314 1826 342 et
1853 313 1960 342 erecta

1219 359 1392 392 salubriter
1423 359 1625 402 dirigantur,
1655 360 1793 394 libenter
1820 361 1959 395 intendi-

1220 423 1301 453 mus,
1325 423 1362 445 ae
1381 423 1464 456 quae
1488 419 1660 457 propterea
1687 425 1747 458 pro
1773 415 1960 448 necessariis

1219 465 1399 508 puellarum
1427 471 1457 498 et
1481 465 1670 499 monialium
1697 465 1881 500 huiusmodi
1898 467 1960 502 ali-

1220 519 1346 560 mentis,
1370 524 1401 552 et
1419 519 1497 552 alias
1520 519 1572 562 pie
1596 524 1628 552 et
1656 519 1805 562 religiose
1833 531 1891 564 per
1909 531 1962 553 ve-

1219 571 1378 605 nerabiles
1406 572 1519 605 fratres
1548 577 1676 605 nostros
1710 572 1898 616 episcopos,
1930 578 1962 606 et.

1217 624 1297 657 alios
1321 624 1528 658 ecclesiarum
1555 625 1716 669 praelatos
1745 625 1883 669 proinde
1913 625 1962 659 di-

1218 682 1335 710 cuntur
1352 677 1511 718 ordinata,
1527 678 1722 721 apostolicae
1742 677 1961 711 confirmatio-

1218 730 1267 763 nis
1286 730 1466 763 munimine
1484 731 1685 772 roborantes,
1709 731 1821 764 fideles
1848 731 1935 775 ipsos
1949 759 1957 772 ,

1217 789 1253 816 ut
1271 784 1379 827 lapsus
1404 793 1479 817 suos
1498 783 1559 827 piis
1583 784 1737 828 operibus
1763 785 1936 818 emendare
1949 811 1956 824 ‚

1219 841 1249 870 et
1267 847 1357 869 sacra
1376 837 1447 870 loca
1477 837 1590 870 devote
1615 837 1743 870 visitare
1769 837 1893 871 facilius
1912 848 1961 871 as-

1218 894 1376 930 suescant,
1400 889 1607 932 indulgentiis
1625 895 1655 922 et
1678 895 1886 934 peccatorum
1904 901 1958 923 re-

1219 942 1426 975 missionibus
1449 942 1489 975 ad
1516 942 1549 976 id
1579 953 1814 987 nonnunquam
1841 943 1958 977 invita-

1219 1006 1301 1036 mus,
1325 995 1468 1039 aliasque
1489 995 1701 1039 disponimus,
1725 1002 1757 1030 et
1780 996 1813 1028 in
1833 996 1882 1029 his
1902 1006 1961 1029 no-

1218 1046 1273 1079 stri
1298 1046 1467 1090 pastoralis
1496 1046 1593 1079 officii
1619 1051 1727 1090 partes
1746 1046 1963 1080 favorabiliter

1218 1099 1436 1143 impertimur,
1460 1105 1557 1143 prout
1580 1099 1725 1132 locorum
1750 1105 1782 1132 et
1805 1097 1961 1143 persona-

1218 1163 1289 1185 rum
1312 1152 1464 1196 qualitate
1488 1157 1621 1196 pensata
1635 1179 1642 1192 ‚
1673 1152 1705 1185 in
1724 1152 1862 1186 Domino
1883 1163 1960 1186 con-

1217 1205 1370 1249 spicimus
1390 1205 1562 1238 salubriter
1581 1205 1742 1248 expedire.

1261 1259 1278 1300 ξ
1299 1257 1329 1290 ’1.
1350 1258 1432 1291 Sane
1452 1267 1510 1301 pro
1535 1262 1625 1301 parte
1645 1257 1836 1292 venerabilis
1856 1258 1961 1293 fratris

1217 1534 1313 1567 quam
1334 1523 1498 1567 quondam
1518 1523 1653 1556 loannes
1677 1523 1831 1563 Baranco,
1856 1523 1961 1556 incola

1217 1576 1348 1620 oppidi,
1383 1575 1518 1608 civitatis
1549 1575 1761 1618 Angelorum,
1785 1575 1960 1620 nuncupati

1216 1628 1423 1661 Tlascalensis
1436 1627 1602 1669 dioecesis,
1626 1628 1658 1661 in
1679 1628 1828 1662 humanis
1847 1638 1957 1671 agens,

1217 1681 1268 1725 pia
1288 1681 1458 1714 devotione
1479 1681 1611 1722 ductus,
1639 1686 1674 1714 ut
1699 1687 1824 1715 terrena
1851 1681 1882 1714 in
1909 1691 1960 1715 ec-

1217 1733 1403 1774 clesiastica,
1424 1739 1455 1767 et
1473 1733 1655 1767 transitoria
1675 1733 1706 1767 in
1727 1739 1856 1768 aeterna
1875 1734 1961 1768 bona

1218 1785 1299 1818 t'elici
1313 1786 1510 1820 commercio
1523 1791 1746 1827 commutaret,
1761 1787 1957 1828 decreverat,

1217 1839 1304 1882 qnod
1325 1839 1363 1872 de
1384 1845 1470 1872 certa
1487 1845 1578 1883 parte
1598 1840 1756 1872 bonorum
1782 1839 1842 1872 sibi
1859 1850 1876 1872 a
1893 1840 1958 1873 Deo

1217 1893 1408 1925 collatorum
1431 1892 1463 1925 in
1483 1892 1570 1925 dicto
1593 1892 1713 1936 oppido
1733 1902 1834 1925 unum
1855 1893 1955 1926 colle-

1217 1944 1316 1985 gium,
1335 1944 1366 1977 in
1384 1955 1448 1988 quo
1469 1955 1626 1988 pauperes
1644 1945 1782 1986 virgines
1802 1945 1841 1978 ad
1862 1944 1963 1978 instar

1217 1998 1343 2040 collegii
1363 1998 1393 2030 in
1412 1997 1537 2031 civitate
1550 1998 1710 2031 Mexicana
1723 1998 1763 2031 ad
1776 2007 1849 2031 eum
1863 1998 1961 2031 finem

1219 2051 1375 2090 instituti,
1399 2051 1583 2088 alerentur,
1607 2051 1797 2084 fundaretur
1820 2056 1852 2084 et
1872 2051 1962 2084 dota-

1217 2109 1323 2143 retur·,
1351 2104 1482 2148 ipseque
1503 2105 1636 2136 loannes
1662 2103 1734 2148 (qui
1755 2104 1961 2147 postmodum

1217 2157 1359 2190 condens
1379 2157 1418 2189 de
1440 2156 1532 2189 bonis
1552 2156 1616 2189 suis
1638 2156 1667 2189 in
1689 2156 1758 2189 cius
1782 2156 1895 2189 ultima
1907 2165 1962 2190 vo-

1219 2210 1337 2242 luntate
1352 2214 1574 2242 testamentum
1590 2208 1761 2251 collegium
1781 2208 1959 2252 praefatum

1219 2263 1249 2295 in
1271 2262 1421 2296 omnibus
1441 2261 1509 2295 eins
1529 2261 1622 2294 bonis
1642 2261 1814 2295 haeredem
1832 2260 1961 2294 univer-

1218 2316 1316 2348 salem
1339 2315 1492 2357 instituit)
1513 2314 1732 2353 ordinaverat,
1756 2314 1854 2357 quod,
1877 2314 1962 2347 ultra

1220 2368 1302 2401 idem
1322 2367 1505 2409 collegium,
1525 2367 1620 2399 simul
1635 2377 1707 2400 cum
1723 2377 1875 2400 connum
1894 2375 1962 2400 mo-

1219 2526 1292 2559 lmic
1313 2525 1402 2558 oneri
1423 2525 1567 2558 suffit-ere
1585 2525 1787 2565 videbantur,
1804 2529 1899 2569 prout
1912 2534 1961 2557 re-

1219 2589 1291 2611 vera
1323 2578 1545 2617 sufficiebant,
1575 2578 1614 2610 ad
1646 2577 1876 2621 omnipotentis
1906 2576 1960 2609 Dei

1218 2631 1359 2672 laudem,
1380 2630 1559 2673 erigeretur
1578 2635 1610 2663 et
1635 2630 1905 2670 constitueretur;
1929 2634 1961 2664 ct

1972 259 2023 287 An.
2043 259 2072 288 c.
2089 260 2155 290 ¹597
2177 259 2184 264 ·
2231 293 2237 298 A

2016 1270 2105 1291 ioannes
2117 1269 2157 1292 B‘u

1217 1310 1317 1343 nostri
1337 1310 1446 1343 Didaci
1467 1309 1607 1353 episcopi
1627 1310 1835 1344 Tlascalensis
1859 1310 1890 1344 in
1910 1311 1960 1345 ln·
1975 1297 2159 1352 {ffiffnssft‘ffffiil'fi

1217 1363 1278 1397 diis
1308 1363 1565 1396 Occidentalibus
1597 1363 1694 1396 maris
1724 1363 1854 1404 Oceani,
1877 1374 1960 1408 quae
1974 1349 2166 1411 ἕῖιζζῗὲῧῗιέῗρῖἂῗ

1217 1427 1298 1449 nova
1318 1415 1470 1459 Hispania
1490 1421 1632 1456 vocatur,
1648 1415 1741 1449 nobis
1753 1426 1858 1460 nuper
1871 1416 1959 1450 exhi-
1974 1402 2162 1450 Sffil'ffiffiw

1218 1470 1283 1503 bita
1302 1470 1413 1514 petitio
1438 1469 1634 1509 continebat,
1661 1470 1748 1514 quod
1769 1470 1857 1511 alias,
1873 1475 1961 1514 post·
1975 1456 2033 1504 ‘⁰⁰5³
2043 1454 2156 1477 ”mmm
