2253 3195
14 255 40 275 11.
56 247 85 274 C.
103 246 166 275 ¹601

20 1052 78 1073 Ritus
92 1051 176 1073 canoni-

19 1079 80 1100 tionis
102 1079 122 1098 in
136 1078 176 1098 Ba-

22 1106 53 1126 ica
72 1105 176 1126 Vaticana

21 1131 102 1154 lehi-att.

799 245 946 270 CLEMBNS
965 245 1024 269 vm
1044 245 1094 269 1³1³.

186 304 272 327 mus:
301 294 341 328 ad
362 304 457 337 quam
477 294 608 338 quidem
627 294 726 327 animi
748 294 850 328 nostri
868 304 926 327 vo-

185 348 341 391 luptatem
371 357 436 380 non
468 347 642 380 mediocris
674 347 814 380 accessio
848 348 930 380 sacta

185 406 242 441 est,
263 401 351 444 quod
371 400 432 434 hoc
464 400 533 444 ipso
555 401 606 434 die
626 401 760 434 Sanctae
788 400 930 434 (13111311-

185 464 245 487 1136
271 454 442 495 Senensis,
478 465 513 487 ac
539 454 646 488 Sancti
675 454 760 487 Petri
782 455 930 499 martyris

186 508 300 541 festum
320 508 351 541 in
369 508 510 541 Ecclesia
527 508 717 541 solemniter
735 508 926 549 celebretur,

187 561 242 606 qui
266 561 324 594 sub
343 561 456 594 eadem
477 561 583 594 Sancti
602 561 761 594 Dominici
783 561 927 605 discipli—

187 625 228 648 na
241 615 337 648 vitam
357 614 556 649 sanctissime
589 615 809 648 traduxerunt.
830 615 931 654 Onam

188 669 229 702 ob
249 679 318 702 rem
343 669 375 701 in
396 674 461 701 tam
488 669 735 702 accommodata
762 669 860 702 totius
873 669 931 702 Ec-

188 722 304 756 clesiae
322 733 358 756 ae
375 722 565 756 Sanctorum
588 722 732 756 eiusdem
751 722 878 756 Ordinis
892 723 932 756 ad
948 743 950 752 ·

188 775 271 809 hanc
295 775 540 809 celeberrimam
563 776 722 810 actionem
749 776 929 817 festivitate,

188 839 247 862 nos
265 828 360 862 beato
380 829 570 873 Raymundo
602 829 752 863 eumdem
773 829 931 863 honorem

189 883 364 916 decernere
384 883 565 924 statuimus,
589 884 644 927 qui
665 884 782 917 sanctis
803 884 930 917 confes-

190 936 319 970 soribus
339 937 523 970 adhibetur.

236 991 252 1032 ἓ
273 989 325 1023 68.
342 989 420 1023 Cum
432 990 531 1032 igitur
548 990 747 1034 praescripta
767 991 933 1024 Dominica

192 1042 225 1075 in
242 1043 342 1084 Albis,
370 1043 530 1077 hodierna
550 1043 672 1077 scilicet
692 1044 761 1078 dies
782 1044 931 1077 advenis-

191 1102 250 1137 set,
273 1107 332 1130 nos
353 1107 426 1130 cum
444 1097 681 1131 venerabilibus
701 1099 853 1132 fratribus
870 1110 931 1132 no-

192 1149 265 1182 stris
294 1149 429 1183 Sanctae
451 1150 615 1184 Romanae
643 1151 803 1185 Ecclesiae
824 1153 931 1185 cardi-

191 1203 336 1244 nalibus,
364 1203 558 1247 patriarchis
576 1232 583 1246 ,
618 1204 870 1249 archiepiscopis
906 1212 936 1239 et

192 1257 362 1301 episcopis,
380 1257 435 1301 qui
449 1257 481 1290 in
502 1258 626 1302 capella
639 1263 749 1292 nostra
768 1259 936 1303 pontificia

192 1311 276 1344 hanc
307 1311 348 1344 ob
377 1322 506 1345 causam
528 1318 766 1353 convenerant,
796 1313 936 1346 vestibus

193 1364 291 1398 sacris
309 1364 425 1406 induti,
446 1365 601 1410 hymnum
626 1366 693 1399 Ave
714 1366 817 1399 Maris
834 1366 937 1400 Stella

193 1418 428 1460 inchoavimus,
451 1419 612 1463 reliquum
639 1420 782 1463 capellae
808 1426 936 1454 nostrae

193 1472 295 1505 choro
323 1479 541 1516 prosequente
560 1501 567 1514 ,
601 1474 641 1506 ad
674 1474 790 1507 Beatae
821 1474 937 1508 Mariae

194 1526 333 1569 Virginis
360 1537 455 1571 opem
485 1527 748 1571 implorandam,
777 1533 874 1572 atque
894 1529 937 1562 ita

194 1586 359 1614 cantantes
376 1580 408 1613 in
421 1581 480 1614 viis
493 1581 632 1621 Domini,
649 1582 814 1615 Romanae
825 1582 937 1616 Curiae

193 1634 355 1678 praelatis,
379 1634 570 1668 officialibus
591 1641 621 1668 et
646 1635 858 1669 familiaribus
877 1647 937 1669 no-

193 1687 278 1727 stris,
295 1692 325 1720 61
342 1687 500 1720 saeculari
518 1698 554 1721 ac
571 1687 724 1730 religioso
736 1689 822 1722 clero
840 1690 937 1732 longo

194 1740 308 1773 ordine
336 1740 606 1783 praecedentibus
624 1768 631 1781 ,
666 1741 800 1784 singulis
828 1752 938 1776 cereos

195 1803 346 1826 accensos
377 1793 597 1836 gestantibus,
626 1804 663 1827 ex
686 1799 797 1828 nostro
818 1796 937 1839 palatio

194 1846 373 1890 apostolico
411 1847 451 1880 ad
482 1847 743 1890 augustissimam
780 1848 938 1893 Principis

196 1900 426 1943 Apostolorum
455 1900 623 1933 basilicam
649 1901 867 1945 processimus
887 1913 939 1936 va-

195 1953 244 1986 rio
279 1958 545 1987 ornamentorum
577 1964 695 1997 genere
726 1954 914 1989 instructam
928 1984 935 1997 ,

196 2017 334 2050 eamque
352 2006 485 2049 ingressi
506 2007 545 2040 ad
559 2007 796 2041 sanctissimum
817 2008 940 2042 Eucha-

196 2059 305 2093 ristiae
324 2060 567 2094 Sacramentum
583 2060 742 2103 genuflexi
762 2062 939 2106 procubui-

196 2123 278 2155 mus,
295 2119 424 2147 orantes
436 2119 472 2147 ut
489 2114 573 2147 Deus
593 2114 677 2148 hanc
694 2115 938 2149 celeberrimam

196 2167 367 2208 actionem,
389 2167 428 2200 ad
446 2167 575 2201 laudem
597 2173 628 2201 et
639 2168 777 2211 gloriam
799 2168 940 2202 nominis

196 2221 244 2254 sui
271 2221 436 2264 dirigeret.
470 2222 548 2254 Inde
569 2222 609 2255 ad
629 2232 815 2265 supremam
839 2223 940 2256 eccle-

196 2274 262 2307 siae
282 2281 406 2318 partem
424 2275 627 2309 ascendimus
642 2303 649 2316 ,
673 2276 737 2309 alto
755 2281 786 2309 et
810 2276 939 2309 sublimi

197 2329 320 2363 fornice
340 2329 576 2370 admirandam,
593 2330 647 2363 ubi
668 2330 813 2373 amplum
835 2329 940 2372 regio-

197 2393 259 2426 que
278 2388 408 2427 sumptu
421 2389 606 2426 suggestum
628 2389 770 2417 6166111111
793 2389 861 2416 6131
880 2394 936 2416 60-

197 2446 264 2468 ram
284 2436 375 2469 altari
396 2436 503 2470 Sancti
524 2437 608 2470 Petri
629 2436 785 2480 Principis
806 2437 941 2480 Aposto-

197 2489 315 2529 lorum,
342 2488 374 2521 in
395 2500 460 2533 quo
480 2500 604 2522 sacram
626 2489 846 2533 pontificalem
866 2489 941 2523 mis-

198 2551 265 2574 sam
287 2541 479 2575 celebraturi
505 2553 644 2583 eramus,
668 2543 842 2586 omniaque
863 2542 939 2575 saei-

199 2595 258 2628 bus
278 2595 443 2639 cereisque
458 2596 646 2630 ardentibus
663 2596 885 2637 collucebant;
903 2608 940 2630 ac

199 2648 357 2692 plurimae
377 2649 499 2683 circum
517 2649 673 2693 imagines
698 2650 828 2683 beatum
854 2651 935 2695 nay-

967 293 1123 327 mundum
1150 298 1257 327 erecto
1278 303 1414 337 corpore
1436 293 1563 335 egregie
1584 292 1704 337 pictum

965 347 1159 388 referebant,
1183 347 1314 380 dextera
1335 357 1432 380 manu
1453 347 1575 380 clavem
1597 347 1628 379 in
1643 357 1704 390 po-

966 401 1089 433 testatis
1114 406 1209 444 atque
1242 400 1338 434 officii
1363 399 1605 444 poenitentiarii
1634 410 1704 433 me-

965 454 1115 494 moriam,
1137 453 1395 487 sinistralibrum
1416 454 1582 487 doctrinae
1604 464 1641 487 ac
1654 454 1709 486 de-

965 507 1133 539 cretalium
1162 514 1409 541 monumentum
1441 513 1603 550 gerentem
1620 535 1627 548 ,
1652 507 1708 540 ubi

965 560 1070 593 statim
1085 560 1178 593 nobis
1191 560 1221 593 in
1244 567 1384 595 mentem
1402 561 1489 595 venit
1507 572 1566 595 nos
1579 562 1705 601 iisdem,

966 614 1084 657 quibus
1104 614 1217 647 beatus
1242 615 1461 659 Raymundus,
1479 615 1636 659 capellani
1656 615 1704 648 vi-

967 667 1104 708 delicet,
1128 679 1184 701 seu
1212 679 1381 701 causarum
1408 669 1518 712 palatii
1539 669 1708 713 apostolici

966 721 1122 755 auditoris
1136 732 1281 762 munere,
1298 728 1471 766 antequam
1487 721 1518 756 in
1536 733 1708 756 numerum

967 775 1178 808 cardinalium
1198 786 1451 818 assumeremur,
1467 783 1494 810 et
1509 777 1541 810 in
1556 777 1624 821 ipsa
1637 788 1708 810 car-

967 828 1083 862 dinalis
1104 829 1258 871 dignitate
1271 830 1387 863 summi
1408 830 1647 874 poenitentiarii
1665 831 1710 864 os-

968 881 1052 923 ficio,
1077 893 1274 926 quamquam
1296 894 1361 916 non
1383 890 1491 917 exacte
1507 895 1543 917 ac
1554 884 1706 928 perfecte,

950 958 951 961 ¹
968 937 1094 969 functos
1115 936 1223 977 fuisse,
1240 946 1276 969 ac
1297 942 1469 980 propterea
1489 937 1588 970 Deum
1604 937 1635 970 in
1647 937 1711 981 spi-

968 990 1032 1023 ritu
1052 990 1243 1024 humilitatis
1275 1001 1341 1024 non
1365 991 1434 1024 sine
1460 991 1609 1036 lacrymis
1635 1003 1709 1035 pre-

969 1044 1123 1077 cabamur
1137 1071 1144 1084 ,
1168 1050 1204 1077 ut
1224 1044 1249 1077 si
1278 1044 1356 1088 quid
1378 1045 1445 1078 istis
1469 1045 1500 1077 in
1522 1045 1711 1078 muneribus

969 1108 1005 1130 ex
1019 1103 1128 1130 nostra
1149 1097 1371 1131 imbecillitate
1389 1109 1406 1131 a
1426 1098 1519 1131 nobis
1539 1098 1707 1140 omissum,

969 1150 1017 1183 vel
1043 1150 1250 1183 commissum
1273 1150 1383 1184 fuisset
1401 1179 1408 1192 ,
1436 1151 1467 1184 id
1497 1151 1565 1184 eius
1585 1152 1712 1185 bonitas

970 1209 1066 1247 atque
1080 1203 1262 1244 clementia,
1279 1204 1364 1237 beati
1385 1205 1566 1248 Raymundi
1588 1205 1711 1238 meritis

970 1263 1066 1300 atque
1098 1256 1339 1298 intercessione,
1368 1257 1464 1290 nobis
1499 1258 1709 1292 condonaret.

969 1309 1090 1344 Deinde
1119 1310 1151 1343 in
1183 1316 1368 1353 suggestum
1397 1310 1495 1344 delati
1526 1316 1600 1344 ante
1627 1311 1712 1345 idem

970 1363 1071 1397 altare
1101 1363 1259 1408 Principis
1279 1363 1510 1408 Apostolorum
1536 1364 1709 1404 oravimus,

970 1423 1005 1451 ut
1024 1428 1083 1450 suo
1103 1417 1197 1450 nobis
1224 1417 1343 1450 auxilio
1369 1418 1596 1462 praesidioque
1623 1419 1714 1451 ades-

970 1476 1027 1512 set,
1043 1481 1117 1503 31011
1135 1471 1167 1504 111
1181 1471 1306 1504 excelso
1324 1481 1340 1504 e
1359 1471 1492 1513 regione
1505 1471 1614 1504 altaris
1627 1471 1715 1504 thro-

971 1534 1012 1557 no
1038 1523 1253 1564 considentes,
1278 1523 1407 1557 eosdem
1436 1524 1628 1565 cardinales,
1651 1535 1711 1568 pa-

972 1577 1151 1618 triarchas,
1189 1576 1452 1621 archiepiscopos
1482 1583 1511 1610 61
1544 1578 1714 1621 episcopos

971 1632 1070 1665 sacris
1091 1631 1221 1664 indutos
1246 1631 1387 1664 vestibus
1415 1631 1635 1665 obedientiam
1657 1642 1715 1665 no-

971 1685 1020 1719 bis
1039 1685 1079 1718 de
1092 1695 1183 1718 more
1202 1690 1402 1728 praestantes
1423 1685 1624 1728 excepimus;
1647 1691 1714 1718 tum

973 1739 1108 1772 dilectus
1121 1737 1206 1771 filius
1217 1744 1326 1771 noster
1345 1737 1512 1771 Odoardus
1529 1738 1637 1772 Sancti
1655 1739 1716 1772 Eu-

972 1792 1085 1826 stachii
1112 1791 1284 1825 cardinalis
1309 1791 1480 1825 Farnesius
1497 1798 1712 1836 nuncupatus,

972 1845 1063 1888 regni
1081 1844 1261 1887 Aragoniae
1278 1850 1453 1888 protector,
1469 1845 1618 1879 catholici
1632 1845 1716 1888 regis

973 1899 1105 1933 nomine
1125 1898 1236 1939 semel,
1266 1898 1395 1939 iterum,
1423 1909 1460 1931 ac
1481 1898 1574 1932 tertio
1594 1899 1717 1943 suppli-

973 1954 1052 1987 citer
1077 1963 1094 1986 a
1114 1952 1208 1985 nobis
1228 1951 1394 1994 flagitavit,
1418 1957 1452 1985 ut
1476 1952 1607 1985 beatum
1629 1952 1713 1996 Ray-

975 2008 1133 2041 mundum
1164 2007 1196 2040 in
1217 2008 1350 2040 Sanctos
1378 2007 1593 2047 referremus,
1626 2007 1717 2040 cuius

973 2060 1108 2104 singulis
1128 2060 1338 2104 petitionibus
1370 2065 1552 2104 opportune
1584 2070 1717 2104 respon-

975 2115 1097 2156 dimus,
1121 2125 1158 2147 ac
1177 2124 1236 2158 per
1264 2113 1433 2146 interiecta
1452 2113 1585 2146 totidem
1611 2113 1714 2146 inter-

974 2169 1066 2209 valla,
1090 2167 1228 2209 litanias,
1249 2167 1385 2212 hymnos
1406 2176 1583 2211 precesque
1604 2166 1718 2200 adiun-

974 2223 1088 2256 ximus.

1019 2275 1109 2318 569.
1137 2275 1280 2318 Denique
1312 2275 1468 2308 absolutis
1498 2275 1717 2319 perfectisque

975 2330 1125 2363 omnibus
1150 2329 1189 2362 iis
1203 2356 1210 2369 ,
1235 2339 1317 2372 quae
1335 2339 1353 2361 a
1372 2328 1526 2362 Romanis
1546 2329 1714 2362 Pontifici-

974 2383 1033 2416 bus
1052 2383 1115 2416 hoc
1136 2383 1167 2414 in
1199 2392 1317 2424 genere
1346 2381 1490 2415 instituta
1509 2388 1605 2422 sunt,
1630 2393 1718 2416 com-

975 2436 1127 2470 munibus
1138 2435 1288 2480 precibus
1306 2435 1477 2479 implorata
1491 2435 1629 2479 Spiritus
1640 2437 1718 2470 San-

975 2489 1016 2523 cti
1037 2499 1113 2533 ope,
1139 2489 1179 2521 ad
1208 2488 1365 2521 honorem
1392 2489 1526 2522 Sanctae
1550 2494 1581 2522 et
1601 2489 1717 2523 indivi-

975 2544 1057 2577 duae
1076 2542 1250 2583 Trinitatis,
1268 2542 1307 2575 ad
1325 2542 1552 2576 exaltationem
1574 2542 1649 2577 fidei
1664 2555 1717 2577 ca-

976 2596 1112 2629 tholicae
1126 2601 1157 2629 et
1169 2595 1336 2638 religionis
1346 2595 1540 2630 christianae
1562 2607 1717 2640 angmen-

975 2655 1054 2691 tum,
1076 2649 1266 2684 auctoritate
1288 2650 1431 2684 eiusdem
1457 2651 1592 2685 Sanctae
1609 2651 1713 2685 Trini-

1615 233 1678 267 703
1724 245 1772 271 An.
1790 246 1819 272 c.
1839 245 1903 273 ¹601

1746 2280 1768 2301 B.
1782 2279 1918 2307 Raymundns

1732 2307 1822 2328 Ss.albo
1837 2307 1917 2327 adscri-

1732 2334 1801 2357 bitur,
1829 2334 1918 2359 eiusque

1733 2361 1797 2381 festus
1808 2361 1842 2381 die
1852 2366 1877 2380 vn
1888 2361 1918 2381 ia-

1732 2393 1791 2408 nuar.
1808 2387 1917 2407 celebran-

1733 2414 1771 2435 11115
1787 2414 1917 2440 proponitur.
