2253 3195
49 183 97 208 An.
115 182 145 210 C.
164 181 230 208 1598

71 1879 199 1900 Mandatum.
211 1880 236 1900 tle

56 1910 96 1931 quo
111 1907 132 1927 in
146 1907 238 1927 rubrica.

860 182 1007 206 CLEMENS
1027 181 1084 205 VIII
1105 182 1154 205 1³1²,

247 234 373 273 pretum
393 235 464 273 post
481 230 866 273 maturampraehabitam
883 230 992 273 ‹lispu-
1027 229 1212 269 reticorum,
1234 240 1315 273 quos
1333 228 1518 261 emendatos
1533 234 1562 260 et
1584 227 1696 260 unitati
1712 227 1769 259 Ec-

248 282 414 322 tationem‚
436 283 611 316 resolutum
633 282 740 320 suerit,
759 282 844 326 quod
866 282 936 315 licet
956 294 991 314 ex
1026 282 1140 315 elesiae
1166 282 1328 315 restitutos
1357 292 1423 314 esse
1452 287 1574 314 constat
1608 280 1767 323 (alioquin

246 336 991 380 sacriTridentiniCom-,iliipraeeept0‚‹.·ap.vtt,
1027 342 1132 368 tamen
1154 335 1297 375 idoneas,
1316 345 1375 367 nec
1398 335 1451 367 ubi
1473 334 1559 367 aliud
1581 334 1768 366 canonicum

247 399 322 421 sess.
334 398 424 429 xxttt,
444 395 588 422 teneatur
605 389 774 432 opiscopus
792 388 992 421 ordinando-

247 442 444 484 rum'genu8‚
460 453 640 486 personam,
657 447 803 483 aetatem,
821 441 992 474 institutio-

247 504 332 535 nem,
343 505 459 533 mores,
470 494 646 527 doctrinam
657 500 687 528 et
697 495 792 527 tidem
804 494 991 535 investigare

247 553 278 579 et
302 548 483 581 examinare
511 548 692 591 diligenter,
715 558 769 580 eos
794 553 912 589 tamen,
937 547 990 590 qui

247 601 402 643 originem
416 612 433 633 a
445 601 568 634 ludaeis
583 601 715 642 ducunt,
728 601 848 644 quique
865 601 904 633 ab
918 602 992 634 bae-

248 654 355 686 reticis
376 654 574 687 descendunt
600 656 670 697 (per
689 660 854 698 paternam
875 655 991 687 lineam

248 707 399 739 nimirum
410 708 491 740 ultra
508 707 698 747 secundum,
710 713 740 740 et
749 719 805 752 per
816 714 990 741 maternam

248 760 329 792 ultra
363 760 502 803 primum
535 761 689 804 gradum)
718 760 757 793 ab
793 761 991 794 ordinatione

248 813 416 846 excludere
436 813 567 846 minime
585 813 760 853 deberent·,
779 814 856 857 quin
889 825 992 857 neque

248 867 344 900 etiam
365 877 431 907 eos,
451 867 505 911 qui
527 860 583 900 sitii
598 867 645 900 vcl
667 873 797 911 nepotes
814 879 925 900 eorum
946 879 993 901 es-

248 925 329 959 sent,
353 931 433 963 quos
450 920 523 953 licet
541 921 689 953 haeretici
710 921 838 961 fuerint,
870 927 993 955 constat

247 978 353 1005 tamen
375 972 561 1005 emendatos
586 983 669 1012 csse,
691 978 721 1005 et
742 973 854 1005 unitati
882 984 994 1017 corpo-

248 1026 339 1069 rique
355 1025 515 1060 Ecclesiae
533 1027 708 1067 restitutos,
733 1027 818 1069 quod
840 1026 993 1060 nimirum

249 1079 446 1122 susceperint
465 1089 522 1122 pro
539 1079 678 1111 admissa
693 1079 785 1122 culpa
802 1079 841 1111 ad
865 1080 994 1112 manda-

249 1136 317 1162 tum
348 1129 506 1162 Ecclesiae
536 1129 780 1172 poenitentiam,
813 1141 908 1173 quam
941 1136 995 1164 aut

249 1183 464 1226 perfecerunt,
484 1188 539 1215 aut
553 1183 580 1215 ei
597 1182 813 1226 perficiendae
830 1183 991 1225 insistunt,

248 1237 296 1269 vel
310 1241 395 1269 certe
407 1235 494 1278 quod
515 1246 584 1268 eam
606 1236 770 1280 percipere
790 1237 992 1280 suntparati,

249 1289 334 1322 iuxta
357 1289 619 1322 constitutionem
639 1289 738 1322 felicis
766 1290 996 1323 reeordationis

250 1343 404 1376 Bonisacii
424 1343 526 1386 Papae
547 1343 629 1383 VIII,
649 1342 905 1386 praedecessoris
932 1355 996 1378 no-

249 1397 317 1438 stri,
348 1407 430 1439 quae
459 1395 592 1440 incipit:
616 1396 802 1429 Statilium:
831 1397 861 1429 id
890 1403 996 1432 tamen

250 1449 490 1493 intelligendum
509 1455 601 1489 esset,
619 1449 674 1482 ubi
695 1451 870 1493 apostolico
890 1452 996 1494 aliquo

250 1503 425 1547 privilegio,
457 1508 511 1536 aut
534 1503 779 1537 confirmatione
800 1506 995 1538 contrarium

251 1563 379 1590 cautum
406 1567 470 1589 non
488 1557 545 1595 sit,
564 1562 595 1589 et
611 1556 671 1589 nisi
696 1556 783 1590 aliud
804 1557 995 1591 canonicum

250 1610 383 1643 obsistat
403 1609 687 1653 impedimentum3
713 1610 921 1644 nihilominus
951 1617 996 1652 tu,

250 1665 325 1697 licet
342 1664 419 1696 alias
440 1663 479 1696 de
498 1664 558 1696 hac
587 1675 619 1697 re
645 1664 787 1698 monitus
800 1692 807 1705 ,
826 1665 903 1698 tales
928 1676 998 1708 per-

251 1729 345 1752 sonas
362 1717 402 1750 ad
422 1727 528 1751 sacros
553 1717 694 1759 ordines,
715 1719 800 1761 quod
827 1730 900 1761 egre
926 1719 998 1752 tuti-

252 1782 334 1813 mus,
359 1771 528 1804 admittere
546 1781 686 1804 recusas,

296 1825 311 1868 ξ
326 1824 358 1857 2.
380 1824 517 1858 Proinde
534 1827 670 1868 nos‚qui
688 1835 830 1869 ea,quae
848 1836 904 1869 per
923 1837 998 1870 apo-

252 1878 379 1912 stolicas
411 1878 590 1911 sanctiones
619 1878 751 1921 provide
778 1884 869 1911 cauta
904 1886 995 1920 sunt,

252 1937 336 1964 sarta
363 1936 445 1964 tecta
472 1941 679 1971 conservare,
710 1931 892 1970 scandalis,
917 1943 999 1975 quae

254 1985 326 2017 inde
346 1983 513 2028 provenire
535 1989 676 2027 possent,
699 1983 825 2017 obviam
854 1985 900 2018 ire
919 1991 1000 2018 sata-

253 2038 370 2082 gimus,
389 2037 577 2070 fraternitati
599 2043 671 2070 tuae
689 2047 746 2080 per
757 2044 952 2080 praesentes,
968 2038 999 2071 in

253 2091 366 2124 virtute
384 2095 511 2124 sanctae
540 2089 755 2130 obedientiae,
775 2101 811 2123 ac
836 2091 895 2124 sub
919 2091 1000 2124 indi-

253 2143 411 2187 gnationis
434 2149 573 2182 nostrae,
595 2143 728 2186 aliisque
756 2143 880 2176 arbitrii
900 2144 999 2177 nostri

253 2198 376 2240 poenis,
399 2197 541 2230 districte
573 2195 786 2240 praecipimus
818 2203 849 2229 ct
870 2197 1001 2229 manda-

253 2261 336 2291 mus,
357 2255 390 2283 ut
414 2250 500 2283 iuxta
528 2249 630 2282 dictae
648 2249 910 2292 Congregationis
930 2260 1000 2283 sen-

254 2304 397 2344 tentiam,
419 2314 455 2336 ac
475 2303 551 2336 dicti
570 2302 722 2336 Bonisacii
746 2303 1000 2345 praedecessoris

254 2354 732 2399 constitutionem‚supradictas
742 2363 893 2398 personas
907 2366 1000 2398 quas-

254 2419 392 2451 cumque
402 2409 441 2441 ab
452 2407 618 2441 haereticis
636 2418 692 2450 per
704 2413 867 2451 paternam
882 2408 998 2441 lineam

253 2462 337 2494 ultra
365 2461 559 2500 secundum,
579 2466 610 2493 et
637 2471 694 2504 per
717 2465 894 2493 maternam
916 2461 999 2494 ultra

254 2515 394 2558 primum
415 2514 562 2558 gradum,
581 2514 629 2548 vel
653 2525 671 2546 a
691 2514 814 2547 Iudaeis
841 2514 997 2557 originem

254 2568 427 2608 trahentes,
447 2579 482 2601 ac
502 2568 596 2601 etiam
618 2567 700 2601 filios
721 2573 751 2601 et
773 2573 904 2612 nepotes
919 2569 997 2601 ⁴liae-

1026 387 1157 420 obsistat
1179 387 1476 431 impedimentum),
1502 398 1518 419 a
1539 388 1634 420 saeris
1652 386 1771 419 ordini«

1027 439 1086 472 bus
1103 440 1314 482 imposterum
1335 440 1464 472 minime
1482 440 1643 480 excludas,
1660 440 1713 471 sed
1736 439 1769 471 il-

1027 493 1084 531 los,
1108 492 1175 525 sine
1206 493 1312 535 aliqua
1340 503 1549 536 personarum
1571 493 1767 535 ειεορρῑίοηυ,

1026 545 1160 578 libenter
1193 545 1231 577 ad
1263 546 1446 578 huiusmodi
1477 546 1605 578 ordines
1634 557 1765 589 promo-

1027 608 1097 631 veas
1122 604 1153 631 et
1173 599 1354 641 promoveri
1377 610 1480 632 cures.

1071 651 1132 692 §a
1161 651 1230 683 Non
1260 651 1459 684 obstantibus
1490 652 1770 685 constitutionibus

1027 711 1057 737 et
1077 704 1333 738 ordinationibus
1347 705 1540 749 apostolicis,
1554 716 1588 737 ac
1609 703 1797 748 quibusvis

1026 758 1151 791 statutis
1178 764 1206 791 ct
1239 757 1536 798 consuetudinibus,
1566 758 1660 791 etiam
1690 759 1773 791 iura-

1029 818 1148 851 mento,
1169 811 1413 844 confirmatione
1434 811 1773 854 apostolica,vetqu;1-

1029 865 1072 896 tis
1082 864 1232 898 firmitate.
1250 865 1310 897 alia
1328 865 1497 905 roboratis,
1510 864 1682 908 privilegiis
1695 875 1774 909 quo-

1028 928 1101 960 que,
1120 918 1250 951 indultis
1270 924 1300 951 et
1320 918 1432 951 litteris
1453 918 1636 961 apostolicis
1653 918 1683 950 in
1699 928 1774 951 con-

1029 970 1162 1003 trarium
1185 970 1427 1013 quomodolibet
1457 971 1626 1011 concessis,
1659 971 1776 1003 confir-

1029 1023 1134 1063 matis,
1152 1023 1335 1067 approbatis
1355 1030 1386 1057 et
1406 1025 1622 1063 innovatis,ac
1642 1024 1775 1057 cacteris¹

1028 1076 1060 1109 in
1077 1076 1273 1109 contrarium
1293 1076 1481 1110 facientibus
1502 1077 1771 1120 quibuscumque.

1073 1130 1187 1162 Datum
1207 1129 1325 1162 Romae
1342 1130 1425 1172 apud
1445 1129 1475 1162 S.
1494 1129 1622 1162 Petrum
1641 1131 1700 1161 sub
1722 1139 1776 1161 an-

1028 1182 1105 1215 nulo
1125 1182 1307 1222 piscatoris,
1329 1182 1379 1215 die
1404 1192 1434 1214 xi
1461 1182 1597 1215 ianuarii
1620 1191 1774 1219 unxttvnr,

1031 1235 1236 1278 pontificatus
1253 1236 1353 1269 nostri
1375 1247 1459 1269 anno
1474 1239 1518 1269 Ἢ,

1066 1297 1123 1324 Dat.
1141 1297 1184 1324 die
1204 1298 1229 1324 tt
1249 1298 1363 1325 ianuarii
1383 1298 1459 1331 1598,
1477 1298 1674 1333 pontis-aussi.

1319 1458 1486 1493 CLXXVII.

1034 1555 1214 1598 Colleyz'um
1236 1555 1371 1588 Ordinis
1384 1556 1551 1599 Fratrum
1572 1555 1779 1587 Praedicato-

1076 1628 1151 1649 γυνη
1187 1618 1330 1650 civitatis
1365 1617 1568 1660 Anqeiorzmz
1606 1617 1640 1649 ίη
1672 1617 1780 1649 Imiiis

1078 1680 1300 1713 Orientalibus
1310 1680 1498 1723 provinciae
1509 1679 1711 1719 Memicczmm,
1720 1680 1779 1712 sub

1077 1743 1278 1775 invocatione
1306 1742 1338 1775 S.
1354 1742 1522 1781 Luclovici,
1550 1743 1586 1774 in
1612 1742 1777 1785 publicam

1077 1805 1324 1836 universitatem
1345 1804 1495 1847 eripitur,
1520 1804 1613 1847 eique
1638 1804 1776 1847 privile-

1077 1867 1148 1909 (Jia,
1180 1866 1314 1898 caeteris
1344 1865 1616 1898 univei-sitatibus
1651 1865 1776 1898 studio-

1078 1939 1152 1960 rum
1172 1929 1377 1971 qeneralimn
1399 1928 1528 1961 eoncccli
1545 1928 1653 1967 solita,
1675 1938 1781 1960 conce-

1078 1991 1204 2023 duntur
1220 1991 1240 2023 ¹.

1247 2072 1383 2099 Clemens
1403 2072 1483 2106 Papa
1502 2072 1581 2106 VIII,

1159 2126 1195 2152 ad
1216 2128 1394 2160 perpetuam
1411 2125 1456 2153 rei
1473 2125 1656 2153 memoriam.

1079 2195 1176 2228 Sedes
1197 2196 1376 2240 Apostolica
1404 2196 1542 2238 benigna
1562 2195 1779 2229 studiosorum

1034 2249 1149 2282 fautrix
1166 2256 1195 2283 et
1220 2250 1371 2289 adiutrix,
1390 2250 1429 2282 ad
1458 2250 1601 2293 ipsorum
1623 2249 1780 2282 studioso-

1035 2313 1106 2335 rum
1135 2303 1305 2335 commoda
1324 2302 1460 2336 libenter
1491 2302 1657 2346 prospicit,
1680 2313 1781 2346 eaque

1034 2355 1172 2398 gratiose
1193 2355 1352 2395 concedit,
1374 2366 1430 2399 per
1451 2366 1533 2398 quae
1554 2355 1612 2399 ipsi
1634 2356 1779 2389 laborum

1034 2418 1165 2442 suorum
1175 2413 1320 2451 optatum
1331 2408 1468 2441 fructum
1480 2408 1632 2451 consequi
1642 2409 1779 2442 valeant.

1078 2462 1092 2504 ἓ
1113 2462 1142 2494 1.
1168 2461 1245 2495 Cum
1277 2461 1396 2504 itaque,
1416 2461 1498 2495 sicut
1529 2462 1724 2506 accepimus,
1747 2462 1780 2494 in

1033 2514 1158 2547 civitate
1172 2514 1367 2557 Angelorum
1382 2514 1605 2548 Tlaxcallensis
1625 2514 1780 2548 dioecesis

1070 2578 1080 2602 l
1104 2575 1141 2603 Ex
1158 2576 1265 2611 liegest.
1287 2576 1314 2603 in
1329 2576 1430 2604 Secret.
1443 2576 1577 2605 Brevium.

1674 169 1738 201 415
1784 178 1833 204 An.
1850 178 1879 204 e.
1899 178 1966 204 1598

1838 661 1971 681 Obstantiuni

1793 689 1797 700 ⁸
1816 692 1896 713 fugatim

1823 2202 1955 2221 l‘roz»uiititiiit

1810 2466 1891 2486 Causae
1901 2467 1981 2491 erigen-

1796 2493 1835 2512 ‹lae
1847 2493 1921 2522 *liujus
1935 2493 1982 2513 uni-

1798 2521 1910 2539 tei-sitatis*
