2253 3195
95 280 141 306 An.
164 278 193 305 C.
213 277 279 305 1599

147 391 277 417 Quanipluri-

95 420 121 440 mi
131 420 277 439 (abennem-os

95 446 167 472 eisque
198 444 277 465 linituui

96 472 219 493 callium-„tm
256 472 277 491 li-

95 499 140 519 defu
150 498 277 518 sueruulutn·

95 525 155 551 plexi.

905 278 1052 303 CLEMENS
1072 280 1130 303 vm
1148 280 1198 304 PF.

337 327 354 367 ξ
375 325 405 359 1.
429 327 619 370 Accepimus
630 327 802 371 siquidem,
817 337 944 360 summo
962 338 1034 360 cum

293 379 391 412 animi
417 379 517 412 nostri
547 380 675 422 gaudio,
704 380 790 424 quod
817 380 961 424 proxime
991 380 1035 412 la-

292 432 357 476 psis
378 433 541 466 mensibus
561 444 626 466 non
657 434 761 466 solum
784 433 880 466 totius
901 434 1035 466 ducatus

292 486 461 525 Chablasii,
485 487 540 519 scd
562 487 658 519 etiam
679 486 820 528 balliagii
839 487 878 519 de
890 486 1031 525 Ternier,
1050 485 1058 493 '

293 539 380 582 quod
401 539 518 572 civitati
541 539 742 573 Gebcnnensi
772 539 815 572 ita
839 539 979 571 vicinum
1005 544 1035 571 et

291 602 450 625 annexum
472 597 529 631 est,
544 591 640 624 utvix
660 592 699 624 ab
714 602 750 624 ea
762 592 903 635 separari
925 597 1030 635 queat,

291 644 415 678 incolae
433 650 464 677 et
488 644 684 677 habitatores
710 655 728 677 a
747 644 912 687 sexaginta
932 644 1034 676 tribus

291 698 382 731 annis
408 698 488 731 citra
522 697 702 731 haereticae
732 697 896 742 pravitatis
926 702 1030 731 secta-

289 757 386 792 tores,
414 751 520 784 divina
548 756 741 795 cooperante
767 751 868 793 gratia
889 756 919 784 et
939 751 1033 784 mise-

289 805 439 846 ricordia,
468 815 504 838 ae
524 804 630 838 Sancti
651 805 788 848 Spiritus
807 805 927 845 asssatu,
951 810 1032 838 tain-

289 868 386 901 quam
408 868 424 890 e
442 857 641 900 gravissimo,
665 858 697 890 in
727 868 791 901 quo
813 858 936 891 tamdiu
956 858 1032 891 dor-

288 911 489 951 mitaverant,
512 911 635 954 peccati
656 922 770 944 somno
782 911 971 955 experrecti,
993 912 1032 944 ad

290 965 468 998 catholicae
503 975 559 997 seu
591 965 785 1008 apostolicae
814 975 1032 1008 romanaeque

289 1019 364 1052 fidei
385 1019 585 1053 consortium
607 1025 638 1052 et
658 1019 934 1059 communionem,
959 1029 1029 1051 ma-

289 1083 352 1115 gno
374 1084 447 1106 cum
469 1072 647 1106 devotionis
668 1073 811 1113 fervore,
836 1082 1032 1115 suarumque

289 1126 470 1159 animarum
492 1126 723 1165 consolatione,
739 1125 935 1158 unanimiter
955 1136 1031 1158 con-

288 1180 449 1220 volarunt,
466 1179 704 1223 pristinumque
725 1179 788 1212 iam
802 1189 895 1211 suum
914 1179 1033 1222 apertis

290 1232 391 1265 ocutis
416 1242 563 1265 errorem
586 1237 815 1274 agnoscentes,
844 1231 1033 1264 Dominum-

290 1285 398 1329 quein
416 1285 565 1330 lacrymis
583 1286 803 1318 collaudantes
816 1286 1032 1329 pseudo-pro-

290 1339 462 1383 phetarum
496 1345 526 1372 et
562 1339 783 1372 ministrorum
824 1339 964 1372 fallacias
1003 1344 1032 1371 et

292 1392 461 1425 mendacia
482 1397 548 1424 toto
570 1402 626 1424 ore
643 1392 805 1435 cordeque
824 1392 1028 1432 detestantes,

292 1455 390 1488 seque
419 1444 633 1478 indissolubili
666 1445 903 1487 obligationum
945 1446 1031 1478 nodo

291 1498 409 1531 dilecto
424 1498 490 1530 silio
504 1498 605 1531 nobili
620 1498 686 1530 viro
698 1498 811 1531 Carolo
831 1498 1032 1532 Emmanueli

289 1552 469 1585 Sabaudiae
490 1551 573 1592 duci,
590 1551 644 1595 qui
661 1558 725 1584 tam
746 1552 914 1595 praeclaro
935 1563 1032 1595 opere

290 1605 442 1638 obeundo
462 1605 548 1638 ultro
570 1605 726 1643 incubuit,
744 1605 914 1638 adstrictos
935 1616 1033 1648 agno-

290 1665 393 1699 scunt,
426 1659 622 1702 illorumque
654 1660 821 1692 conversio
846 1660 1032 1693 huiusmodi

292 1713 467 1745 maximum
488 1718 520 1745 et
544 1713 833 1746 foecundissimum
864 1714 1034 1747 haereticis

291 1777 369 1805 cum·
390 1766 423 1798 in
454 1766 644 1799 Germaniae
665 1772 731 1799 tum
759 1767 791 1799 in
812 1767 932 1800 Galliae
952 1778 1031 1810 pro-

291 1818 402 1852 vinciis
422 1819 700 1851 commorantibus
729 1819 867 1852 fructum
898 1825 1031 1863 propte-

290 1882 346 1904 rea
370 1872 486 1912 attulit,
510 1872 585 1915 quia
620 1872 752 1915 plurimi
780 1883 816 1905 ex
843 1872 888 1905 eis
916 1873 1034 1906 dictam

292 1925 468 1966 civitatem,
492 1925 642 1968 illiusque
674 1925 769 1958 salsos
799 1925 962 1958 ministros
991 1932 1035 1959 tot

291 1988 502 2022 personarum
523 1979 583 2011 sibi
605 1979 685 2011 adeo
703 1979 880 2012 vicinarum
904 1990 1035 2012 conver-

291 2032 374 2065 sioni
395 2032 544 2065 resistere
563 2042 629 2064 non
647 2032 790 2075 potuisse
811 2032 967 2071 videntes,
995 2034 1035 2067 ad

291 2085 430 2117 similem
469 2085 712 2117 conversionem
753 2096 849 2128 quam
885 2086 1035 2119 facillime

294 2137 479 2177 incitantur,
503 2137 569 2170 imo
598 2142 630 2170 et
654 2137 879 2171 Gehennenses
904 2139 964 2182 ipsi
984 2151 1036 2172 ex-

294 2190 368 2223 inde
389 2190 545 2222 commoti
566 2189 597 2222 in
616 2200 690 2222 suos
711 2201 766 2223 seu
787 2191 893 2233 potius
907 2192 1036 2225 daemo-

293 2243 342 2276 nis
364 2242 537 2282 ministros,
561 2243 736 2286 dolosaque
751 2254 863 2276 eorum
886 2245 1037 2286 dogmata

295 2308 499 2330 murmurare
527 2297 739 2340 inceperunt,
769 2303 799 2330 et
830 2298 975 2330 nonnulli
1001 2309 1036 2331 ex

295 2350 341 2383 eis
354 2350 530 2383 catholicae
551 2350 717 2392 religionis
737 2351 805 2382 zelo
826 2351 950 2384 accensi
965 2363 1036 2384 cum

296 2408 362 2436 tota
382 2413 494 2436 eorum
517 2403 637 2435 familia
658 2404 696 2436 de
718 2403 843 2436 civitate
861 2405 1035 2447 praedicta,

296 2457 415 2490 relictis
436 2457 597 2496 omnibus,
622 2457 738 2500 quihus
756 2457 798 2489 ibi
819 2458 1035 2500 potiebantur,

297 2510 454 2550 fortunis,
486 2521 519 2543 se
555 2511 595 2542 ad
627 2510 764 2543 Tunonii
797 2511 872 2543 dicti
905 2512 1038 2545 ducatus

297 2563 454 2597 Chablasii
478 2563 632 2606 oppidum
664 2563 789 2605 insigne
809 2565 1034 2598 contulerunt:

297 2617 395 2660 aliqui
409 2628 483 2649 vero
496 2617 554 2649 sub
568 2627 624 2660 spe
636 2616 749 2649 similis
761 2628 872 2650 eorum
887 2619 926 2651 ad
939 2619 1037 2652 Deum

298 2670 517 2704 conversionis
546 2670 787 2711 delitescentes,
827 2682 860 2704 se
895 2672 1038 2706 eiusdem

346 2734 424 2761 Ball.
442 2734 522 2761 Rom.
543 2733 600 2760 Vol.
618 2733 646 2760 Χ.
929 2735 963 2762 62

1717 271 1782 305 489

1069 327 1254 361 intentionis
1273 334 1303 361 et
1323 329 1478 373 propositi
1501 340 1568 363 esse
1589 330 1805 371 declararunt,

1069 391 1105 413 ac
1125 381 1221 414 fidem
1242 382 1432 415 catholicam
1464 383 1663 427 professuros
1684 389 1714 417 et
1734 395 1806 416 am-

1068 435 1218 478 plexuros
1240 436 1452 477 affirmarunt,
1477 437 1654 470 dummodo
1685 437 1809 471 Geben-

1068 497 1127 520 nae
1158 499 1216 531 pro
1248 489 1339 522 dictis
1360 490 1453 523 honis
1484 490 1634 523 omnibus
1663 496 1810 534 suppetat

1068 540 1129 573 illis
1158 542 1242 574 unde
1274 543 1453 586 <mediante
1481 549 1586 576 tamen
1608 555 1664 577 sua
1693 550 1759 577 arte
1781 550 1811 577 et

1069 593 1224 626 industria
1248 595 1258 637 )
1292 596 1395 629 rivere
1421 603 1557 640 (picant,
1586 603 1680 641 prout
1713 598 1808 631 etiam

1068 646 1249 689 aliquorum
1272 648 1492 682 ministrorum
1505 651 1744 694 praedictorum
1757 661 1811 684 vo-

1068 700 1172 732 luntas
1206 706 1236 733 et
1267 701 1402 735 intentio
1436 703 1536 746 ipsam
1570 704 1748 744 civitatem,
1776 710 1811 737 ut

1067 754 1257 797 praefertur,
1278 755 1481 799 relinquendi
1496 768 1554 800 per
1575 758 1701 801 aliquos
1720 758 1810 791 verbi

1066 807 1120 839 Dei
1142 807 1386 841 concionatores
1414 820 1519 853 nuper
1540 811 1704 854 explorata
1737 811 1806 844 fuit.

1066 859 1156 892 Unde
1187 860 1290 901 nobis,
1322 867 1488 905 tamquam
1521 863 1625 905 gregis
1652 863 1811 896 Dominici

1066 913 1203 946 sollicito
1214 914 1345 957 pastori,
1356 926 1501 948 summae
1514 927 1610 949 curae
1623 928 1690 950 esse
1703 917 1808 957 debet,

1066 977 1220 1010 personas
1237 968 1391 1002 haetenus
1409 980 1578 1003 conversas
1598 970 1630 1003 in
1656 971 1755 1014 ipsius
1775 971 1812 1003 fi-

1067 1021 1117 1053 dei
1135 1021 1317 1055 sinceritate
1331 1028 1359 1055 et
1379 1023 1557 1056 constantia
1576 1024 1668 1063 tueri,
1685 1035 1811 1057 necnon

1066 1073 1145 1106 alias
1165 1074 1205 1106 ad
1226 1075 1308 1108 ovile
1330 1076 1529 1109 dominicum
1562 1077 1750 1120 aspirantes,
1781 1082 1812 1109 et

1066 1137 1148 1170 quae
1166 1138 1184 1160 a
1198 1128 1268 1160 dira
1281 1129 1414 1161 humani
1427 1129 1538 1170 hostis,
1556 1130 1607 1162 cui
1621 1130 1808 1169 inserviunt,

1068 1180 1260 1219 formidine,
1294 1182 1410 1214 redimi
1443 1182 1648 1223 desiderant,
1682 1183 1714 1215 in
1746 1188 1811 1215 tam

1066 1233 1221 1266 laudabili
1250 1235 1418 1278 proposito
1447 1236 1629 1276 confovere,
1653 1236 1812 1279 reliquos-

1067 1298 1129 1330 que
1150 1297 1273 1327 omnes‚
1295 1299 1312 1320 a
1332 1288 1445 1321 Christi
1467 1289 1530 1322 fide
1551 1290 1747 1330 abiut-antes,
1771 1291 1811 1323 ad

1066 1340 1131 1373 veri
1157 1341 1290 1374 luminis
1323 1342 1529 1385 splendorem
1569 1344 1811 1386 agnoscendum

1067 1393 1200 1427 incitare
1221 1400 1252 1427 et
1271 1405 1459 1438 provocare.

1112 1449 1128 1489 Ξ
1149 1447 1179 1480 ⁶2.
1204 1448 1265 1481 Sed
1283 1459 1320 1481 eo
1341 1449 1477 1482 Satanae
1498 1449 1720 1483 ministrorum
1743 1461 1811 1483 ma-

1067 1501 1194 1543 lignitas
1213 1502 1380 1545 pervenit,
1412 1508 1448 1535 ut
1467 1503 1600 1537 diurnas
1620 1509 1811 1538 nocturnas-

1067 1565 1129 1598 que
1157 1554 1289 1588 insidias
1314 1561 1401 1588 tanto
1430 1556 1484 1600 pio
1508 1557 1598 1600 operi
1627 1563 1751 1590 struere
1781 1563 1812 1591 et

1068 1619 1193 1651 parare,
1205 1609 1375 1653 eidemque
1387 1620 1483 1643 omne
1503 1611 1811 1654 impedimentorum

1068 1671 1168 1703 genus
1189 1673 1353 1706 opponere
1374 1664 1564 1707 neutiquam
1583 1664 1717 1698 desinat.
1734 1665 1811 1698 Cum

1068 1716 1155 1748 enim
1175 1716 1284 1749 civitas
1296 1717 1464 1760 praedicta
1475 1729 1511 1751 ex
1522 1718 1702 1751 vicinorum
1716 1730 1811 1762 prae-

1069 1768 1162 1812 cipue
1191 1769 1424 1803 catholicorum
1454 1772 1494 1804 ad
1527 1782 1598 1805 eam
1627 1783 1809 1814 concursu,

1069 1822 1203 1856 infinitis
1224 1823 1367 1867 potiatur
1385 1825 1668 1859 commoditatibus
1686 1832 1811 1870 tempo-

1069 1876 1211 1916 ralibus,
1240 1882 1275 1909 ut
1307 1877 1403 1910 vicini
1432 1878 1492 1922 ipsi
1522 1879 1554 1912 in
1583 1880 1733 1920 emendo,
1757 1890 1813 1913 seu

1069 1930 1238 1964 vendendo
1269 1931 1320 1964 vix
1355 1931 1423 1965 eius
1462 1933 1659 1966 commercio
1702 1944 1813 1967 carere

1069 1989 1188 2027 queant
1215 1985 1505 2029 (quandoquidem
1532 1997 1583 2020 res
1611 1987 1739 2020 venales
1764 1987 1814 2020 vix

1070 2037 1145 2069 alibi
1163 2038 1348 2082 recuperari
1363 2045 1508 2082 possunt,
1526 2051 1622 2083 quam
1634 2040 1666 2073 in
1687 2040 1813 2074 civitate

1070 2091 1246 2133 praedicta,
1269 2092 1318 2124 vel
1339 2102 1421 2135 quae
1441 2093 1481 2125 ab
1502 2103 1539 2126 ea
1558 2104 1673 2136 parum
1704 2093 1810 2133 distat,

1071 2149 1101 2176 et
1126 2144 1262 2177 alterum
1294 2145 1533 2178 haereticorum
1573 2147 1813 2189 receptaculum

1071 2197 1176 2229 extstit.
1197 2197 1229 2229 in
1242 2197 1368 2231 civitate
1388 2199 1608 2243 Lausanensi),
1626 2210 1689 2243 quo
1712 2200 1757 2240 fit,
1780 2205 1815 2233 ut

1071 2250 1167 2283 iidem
1188 2251 1312 2294 populi,
1345 2257 1375 2284 et
1401 2252 1446 2284 illi
1474 2252 1612 2285 maxime
1633 2253 1737 2296 quiin
1764 2264 1815 2286 ca-

1073 2303 1192 2336 tholica
1212 2304 1368 2346 religione
1388 2311 1461 2338 sunt
1480 2311 1637 2347 recentes,
1663 2317 1735 2339 cum
1757 2307 1816 2340 hu-

1073 2355 1211 2389 iusmodi
1246 2358 1531 2391 commoditatibus
1562 2359 1751 2401 indigeant,
1785 2366 1816 2393 et

1073 2408 1210 2440 aliorum
1254 2421 1350 2453 quam
1394 2411 1537 2454 ipsorum
1577 2412 1815 2446 haereticorum

1074 2462 1198 2494 auxiliis
1216 2462 1316 2496 iuvari
1330 2474 1395 2497 non
1412 2465 1546 2507 possint,
1564 2466 1727 2499 abiisdem
1741 2468 1816 2501 hae-

1075 2515 1180 2548 reticis
1201 2516 1240 2548 de
1261 2516 1434 2550 christiana
1462 2518 1525 2551 fide
1550 2519 1757 2563 reliquenda,
1786 2527 1817 2554 et

1074 2569 1113 2601 ad
1135 2569 1211 2601 salsa
1231 2580 1344 2602 eorum
1358 2576 1462 2603 sectae
1480 2571 1631 2613 dogmata
1649 2574 1816 2607 redeundo

1075 2621 1218 2665 quotidie
1240 2628 1441 2657 tentanturet
1459 2625 1647 2667 incitantur;
1670 2627 1723 2660 alii
1741 2639 1816 2661 vero

1075 2675 1305 2717 circumvicini,
1334 2678 1387 2721 qui
1409 2689 1579 2713 numerum
1595 2686 1722 2715 centum
1745 2682 1817 2715 mil-

1829 282 1876 309 Λη.
1898 283 1927 309 C.
1940 282 2006 311 1599

1852 1459 1918 1480 Multa
1942 1461 2010 1480 lamen

1826 1486 1955 1511 obstabant,
1984 1493 2010 1507 ne

1825 1513 1901 1539 reliqui
1923 1519 2012 1534 conver-

1826 1542 1919 1560 terentur
1933 1540 1961 1560 ad
1974 1541 2011 1560 bu-

1826 1572 1875 1587 nam
1889 1567 1975 1592 frugem.
