2253 3195
299 263 349 290 An.
371 263 400 291 C.
418 264 486 292 ¹599

353 538 484 563 Caeteraque

300 565 386 591 pietatis
407 567 427 584 et
441 563 485 589 epi·
503 578 508 583 .

299 592 391 621 scopans
413 596 485 620 mune—

300 624 328 638 ris
356 622 420 643 opera
448 622 485 637 im·

299 644 377 670 ptum.

526 254 595 288 528

499 313 635 351 virtutis,
668 317 768 344 estote
793 311 895 344 forma
909 310 1015 353 gregis
1034 311 1142 351 vestri,
1162 311 1242 344 sicut

500 367 591 399 decet
603 365 770 408 episcopos
783 375 890 397 servos
909 364 1024 398 Christi
1039 364 1242 408 etdispeusa-

500 425 586 452 tores
606 417 831 462 mysteriorum
846 417 913 451 Dei.

545 473 561 513 g
583 470 634 503 12.
659 471 792 514 Implete
810 470 917 512 igitur,
941 471 1066 510 fratres,
1089 470 1241 513 gaudium

500 530 656 563 nostrum,
674 524 795 557 reficite
806 524 926 557 viscera
944 530 1064 562 nostra,
1079 524 1242 557 ambulate

501 588 533 610 in
553 577 737 615 dilectione,
751 583 781 610 et
794 577 937 610 laborate
955 583 1084 610 strenue
1105 577 1136 610 in
1151 577 1242 609 vinea

500 630 625 664 Domini
653 630 685 662 in
721 630 809 663 omni
841 631 995 674 patientia
1024 636 1054 663 et
1074 630 1237 669 doctrina,

500 683 690 726 aspicientes
711 683 743 716 in
767 683 1062 716 renumerationem
1090 694 1240 726 magnam
1258 683 1259 686 ’

500 738 569 771 etin
584 737 721 780 gloriam
735 737 921 781 illam,quae
932 743 1099 781 exsuperat
1109 747 1239 770 omnem

498 801 643 824 sensum:
665 801 739 823 nam
752 791 858 833 magni
873 790 1003 834 quidem
1014 796 1087 823 sunt
1100 790 1237 828 labores,

499 844 555 877 sed
576 854 694 886 magna
714 849 808 877 erunt
828 844 974 887 proemia
994 844 1153 877 honorum
1173 843 1241 887 epi-

498 907 685 941 scoporum,
707 897 738 930 in
759 897 875 940 quibus
890 897 996 941 posuit
1008 898 1091 931 Deus
1107 897 1240 930 verbum

498 951 782 990 reconciliationis,
807 951 861 995 qui
880 951 1040 994 legatione
1065 952 1242 993 funguntur

498 1015 557 1049 pro
577 1005 701 1039 Christo
721 1005 760 1038 ad
782 1005 949 1049 populum.
983 1005 1066 1047 Ergo
1086 1004 1241 1038 honorili-

499 1064 569 1092 cate
601 1063 632 1091 et
663 1058 794 1102 implete
826 1058 1040 1091 ministerium
1071 1063 1213 1091 vestrum
1230 1085 1237 1097 ,

499 1111 647 1145 adiuvate
668 1111 804 1155 patriam
826 1111 1071 1151 nobilissimam,
1093 1110 1240 1144 adiuvate

499 1165 624 1197 animas
644 1165 788 1208 pretioso
805 1164 918 1198 Christi
936 1165 1092 1207 sanguiue
1113 1165 1241 1198 redem-

499 1224 591 1262 ptas,
629 1224 734 1252 arcete
763 1219 855 1262 lupos
884 1219 923 1251 ab
944 1218 1080 1252 ovilibus
1107 1218 1238 1258 vestris,

501 1272 638 1304 resistite
681 1272 834 1305 ministris
865 1272 1023 1311 Satanae,
1058 1271 1259 1315 praedicate

500 1325 645 1365 verbum,
670 1326 781 1359 docete
802 1330 966 1365 errantes,
986 1330 1017 1358 et
1037 1335 1091 1358 eos
1110 1325 1140 1357 in
1159 1325 1240 1357 viam

500 1379 642 1412 veritatis
663 1384 693 1411 et
712 1379 822 1412 salutis
843 1379 1010 1418 adducite;
1031 1378 1133 1412 aderit
1154 1377 1242 1411 vobi-

501 1443 590 1465 scum
612 1432 704 1471 Deus,
729 1432 783 1475 qui
804 1442 862 1465 nos
883 1432 1050 1470 confortat,
1074 1437 1106 1464 et
1126 1431 1156 1463 in
1178 1441 1242 1474 quo

502 1485 610 1518 omnia
623 1495 802 1528 possumus.
825 1485 893 1517 Non
912 1484 1120 1517 deeritetiam
1140 1483 1240 1523 vohis,

502 1544 537 1570 ut
557 1538 772 1577 confidimus,
805 1537 958 1570 auxilium
987 1536 1242 1570 christianissimi

502 1591 586 1634 regis
606 1591 700 1624 vestri
715 1591 921 1631 lIenriei,filii
940 1591 1038 1623 nostri
1054 1590 1243 1625 charissimi.

503 1644 558 1676 lilii
578 1643 852 1684 desideratissimi,
869 1654 964 1687 quem
987 1654 1058 1676 cum
1079 1643 1187 1676 multis
1200 1643 1242 1675 la-

501 1697 618 1741 crymis
638 1697 879 1741 parturivimus,
903 1703 933 1730 et
951 1697 1052 1730 multo
1073 1707 1146 1729 cum
1165 1707 1244 1738 gau-

502 1751 556 1784 dio
577 1751 693 1783 iterum
715 1750 886 1792 genuimus
911 1750 942 1783 in
963 1750 1098 1784 Christo.
1126 1750 1204 1783 Nam
1226 1761 1244 1783 a

503 1805 606 1842 nobis,
631 1810 661 1837 et
682 1804 721 1837 ab
742 1804 800 1837 hac
821 1805 937 1837 Sancta
953 1804 1046 1841 Sede,
1063 1803 1094 1836 in
1115 1814 1179 1847 qua
1198 1804 1261 1851 ln'l

503 1858 590 1900 digni
604 1863 633 1890 et
645 1857 797 1890 immeriti
820 1857 1050 1901 praesidemus,
1064 1857 1118 1890 ubi
1137 1863 1245 1890 nostra
1260 1854 1262 1892 ἒ

503 1911 678 1955 apostolica
699 1911 889 1944 auctoritate
910 1921 991 1954 opus
1011 1911 1116 1950 fuerit,
1137 1902 1262 1943 oiunia³

504 1965 593 1998 vobis
613 1971 723 2009 parata
743 1970 837 1997 crunt
857 1965 1059 1997 adiumenta:
1083 1964 1187 1997 venite
1205 1965 1243 1997 ad

504 2029 574 2058 nos,
598 2018 652 2062 qui
675 2029 728 2051 vos
748 2024 781 2051 ut
800 2019 911 2050 fratres
931 2028 1077 2051 amamus
1099 2018 1129 2049 in
1149 2017 1245 2050 visce-

506 2072 593 2104 ribus
614 2073 681 2105 lesu
703 2071 827 2110 Christi,
853 2071 955 2104 venite
976 2071 1014 2104 ad
1034 2077 1181 2108 matrem,
1205 2071 1263 2103 ad'

506 2127 682 2159 Romanam
704 2125 852 2159 Sanctam
875 2125 1047 2158 Ecclesiam
1064 2131 1200 2158 vestram
1216 2131 1243 2158 et
1261 2160 1262 2165 ¹

506 2180 651 2213 omnium
673 2179 882 2211 ecclesiarum
909 2184 1068 2215 matrem,
1091 2184 1184 2222 caput
1216 2184 1243 2210 et

507 2233 713 2275 magistram:
749 2231 827 2264 nihil
860 2231 952 2263 nobis
972 2231 1132 2274 optatius,
1166 2231 1263 2279 nihil¹

506 2286 687 2323 iucundius,
711 2296 807 2328 quam
829 2296 892 2317 una
916 2284 1078 2317 vobiscum
1102 2284 1153 2317 Dei
1179 2283 1263 2325 glo?

506 2339 582 2377 riae,
607 2345 635 2371 et
657 2338 834 2371 catholicae
849 2338 921 2370 fidei
937 2337 1160 2381 propagationi
1181 2348 1246 2370 ser-

507 2393 584 2430 vire,
609 2397 638 2424 ct
664 2391 787 2424 animas
809 2392 923 2423 multas
946 2392 984 2423 :ul
1009 2391 1166 2424 Christum
1189 2391 1245 2423 att-

507 2446 635 2478 ilus-ere.
661 2445 853 2478 Adiurautes
868 2455 944 2484 erigo
957 2444 1165 2476 exhortamur
1179 2454 1243 2481 vos,

508 2511 545 2531 m·
562 2499 590 2531 in
607 2509 739 2531 vacuum
753 2498 887 2537 gratiam
904 2498 955 2530 tif-i
968 2497 1138 2541 recipiatis
1169 2497 1246 2530 liet-‹-

509 2563 602 2590 nunr,
629 2554 756 2589 fratres,
781 2558 906 2595 tempus
933 2551 1146 2594 acceptabile,
1175 2562 1246 2583 eri-‹-

509 2615 591 2636 nunc
613 2605 679 2637 dies
693 2604 814 2642 salutis,
831 2610 948 2636 tantam
963 2604 1143 2636 salutitiu'ae
1161 2603 1247 2647 pacis

509 2658 782 2702 opportunitatem
798 2668 837 2690 ne
850 2658 980 2690 ellluere
1001 2657 1180 2701 patiamini,
1193 2657 1247 2690 sed

1082 262 1267 287 BULLARIUM
1286 262 1441 287 ROMANUM

1277 311 1415 343 fructum
1436 320 1473 342 ex
1493 320 1530 343 ea
1550 311 1653 354 capite
1678 311 1898 351 uberrimum;
1929 321 2016 344 nunc

1277 363 1363 396 enim
1383 363 1494 407 populi
1515 364 1710 397 admonendi
1731 364 1901 398 efficaciter
1928 371 2012 405 sunt,

1266 423 1311 459 *ut
1329 416 1384 450 Dei
1405 417 1516 460 optimi
1537 417 1695 450 beneficia
1716 423 1902 460 agnoscant,
1926 429 2016 451 eum-

1277 480 1339 513 que
1360 469 1511 513 deinceps
1530 470 1669 513 peccatis
1690 471 1729 502 ad
1758 470 1957 504 iracundiam
1975 481 2015 504 ne

1276 528 1449 566 provocent
1463 550 1471 563 ,
1504 523 1560 556 sed
1581 529 1809 556 convertantur
1832 524 1872 556 ad
1892 534 1965 556 eum
1984 523 2016 556 in

1277 576 1373 609 corde
1392 576 1544 620 perfecto,
1568 582 1597 609 et
1617 577 1784 609 ambulent
1800 582 1886 610 recte
1907 587 2015 610 coram

1275 629 1361 669 Deo,
1386 629 1573 663 abiicientes
1594 640 1691 673 opera
1713 630 1839 670 carnis,
1868 636 1897 663 et
1918 640 2017 674 opera

1276 682 1495 723 tenebrarum,
1519 682 1622 715 induti
1643 693 1732 716 arma
1753 683 1844 723 lucis,
1872 688 1903 716 et
1919 693 2017 727 opera

1275 735 1406 778 spiritus
1422 736 1635 779 perficientes,
1652 742 1687 769 ut
1700 737 1905 781 tranquillam
1919 737 2016 769 vitam

1275 799 1419 830 agamus,
1435 794 1467 821 et
1480 799 1559 832 pace
1579 789 1731 822 diuturna
1751 790 1970 833 perfruamur,
1985 795 2016 823 et

1275 842 1351 875 fidei
1382 843 1559 876 catholicae
1592 843 1790 876 incremento
1818 843 1850 876 in
1880 843 2016 877 Domino

1275 896 1483 937 gaudeamus.
1503 896 1618 929 Invitat
1634 896 1729 929 etiam
1752 896 1827 929 anni
1847 896 1963 934 sancti,
1987 902 2018 929 et

1275 949 1452 993 plenissimi
1473 949 1604 982 lubilaei
1623 949 1685 982 iam
1706 949 1852 993 proxima
1883 949 2017 982 celebri-

1278 1008 1340 1042 tas,
1373 1003 1503 1046 quando
1533 1003 1663 1046 spiritus
1701 1003 1832 1036 unitatis
1857 1002 2017 1036 Ecclesiae

1276 1066 1472 1100 magnopere
1486 1063 1630 1101 apparet,
1655 1063 1685 1090 et
1705 1056 1849 1090 fidelium
1871 1056 2016 1090 omnium

1275 1109 1376 1153 pietas
1396 1115 1427 1143 et
1445 1110 1583 1150 devotio,
1597 1110 1686 1154 quasi
1696 1110 1860 1143 communi
1875 1110 2016 1153 quodam

1257 1189 1259 1200 ,
1276 1163 1384 1196 calore
1401 1169 1430 1196 et
1451 1163 1573 1205 gratiae
1593 1163 1734 1208 impulsu
1754 1163 1900 1203 excitata,
1920 1163 2017 1196 vehe-

1277 1217 1414 1250 mentius
1434 1217 1621 1257 exardescit,
1645 1227 1740 1260 quam
1761 1223 1904 1250 sanctam
1925 1216 2014 1249 lubi-

1277 1270 1336 1303 laei
1357 1270 1576 1303 celebritatem
1596 1270 1657 1302 iam
1679 1280 1736 1313 per
1752 1270 1874 1303 litteras
1891 1275 2017 1303 nostras

1276 1322 1467 1366 apostolicas
1487 1323 1637 1356 omnihus
1657 1322 1918 1356 christifidelibus
1936 1322 2019 1356 indi-

1276 1376 1380 1409 ximus
1405 1382 1435 1409 et
1454 1376 1731 1420 promulgavimus
1746 1395 1766 1415 ‚-
1786 1382 1816 1409 et
1845 1376 2017 1420 praecipue

1258 1413 1389 1462 lsi-atres
1419 1436 1546 1462 nostros
1567 1429 1734 1473 episcopos
1749 1456 1756 1469 ,
1780 1435 1810 1462 et
1836 1429 2018 1473 superiores

1277 1482 1432 1516 antistites
1453 1483 1696 1522 admonuimus,
1721 1488 1755 1515 ut
1774 1493 1859 1516 nunc
1880 1483 2017 1516 maxime

1277 1536 1444 1574 studeant,
1474 1536 1528 1570 Dei
1559 1536 1715 1570 adiutrice
1747 1536 1869 1579 gratia,
1904 1547 2018 1580 parare

1277 1589 1413 1622 Domino
1442 1589 1568 1632 plebem
1598 1589 1785 1633 perfectam.
1820 1590 1886 1622 Hoc
1913 1589 2016 1633 ipsum

1278 1654 1332 1676 ros
1343 1643 1439 1676 etiam
1458 1649 1553 1687 atque
1574 1643 1669 1676 etiam
1695 1643 1875 1684 hortamur,
1892 1643 2015 1684 fratres,

1278 1697 1374 1740 idque
1396 1702 1483 1729 tanto
1502 1696 1678 1740 impensius
1692 1724 1699 1737 ,
1723 1702 1843 1740 quanto
1871 1697 1965 1740 plura
1988 1703 2020 1730 et

1279 1750 1402 1783 maiora
1423 1760 1440 1782 a
1460 1750 1552 1783 Patre
1574 1750 1733 1782 luminum
1751 1749 1909 1784 beneficia
1929 1760 2018 1784 acce-

1278 1803 1378 1847 pistis.
1403 1803 1564 1836 Attendite
1586 1803 1682 1845 igitur
1702 1803 1792 1836 vohis
1812 1808 1843 1836 et
1869 1803 2019 1837 universo

1278 1857 1378 1899 gregi,
1389 1863 1419 1890 et
1431 1857 1548 1890 talenta
1562 1857 1651 1889 vobis
1665 1856 1787 1889 credita
1807 1857 2017 1899 negotiamini

1280 1910 1418 1943 fideliter
1435 1916 1465 1942 et
1483 1910 1661 1946 fructuose,
1689 1910 1760 1953 lpso
1796 1910 2016 1950 benedicente,

1261 1959 1296 1997 'a
1317 1974 1380 2008 quo
1401 1964 1470 1996 solo
1491 1969 1537 1996 est
1559 1964 1663 1997 omnis
1683 1964 1874 1997 sufficientia
1894 1970 2016 2005 nostra,

1261 2047 1262 2053 ,
1279 2023 1308 2050 et
1326 2017 1416 2050 cuius
1437 2017 1536 2050 ricem
1560 2017 1590 2050 in
1613 2017 1705 2050 terris
1725 2028 1794 2058 nos,
1811 2018 1956 2062 quamvis
1972 2018 2020 2051 in-

1279 2070 1379 2111 digni,
1404 2076 1561 2111 gerentes,
1587 2070 1800 2104 fraternitates
1820 2076 1939 2104 vesu-as
1958 2082 2017 2115 pa-

1281 2123 1357 2156 riter
1376 2123 1619 2163 benedicimus,
1652 2129 1684 2157 et
1714 2124 1801 2157 clero
1833 2134 1869 2157 ac
1899 2124 2020 2168 populo

1262 2169 1383 2218 {vestro
1407 2176 1493 2209 fideli
1515 2177 1662 2209 eamdem
1684 2177 1894 2221 apostolicam
1915 2177 2016 2211 bene-

1280 2230 1453 2263 dictionem
1480 2235 1622 2263 nostram
1655 2236 1788 2274 paterno
1817 2230 1932 2264 affectu
1962 2230 2020 2264 im-

1280 2284 1448 2327 ptrtimui.

1324 2336 1408 2379 513.
1439 2338 1483 2370 lu
1510 2347 1602 2375 v·,cio
1631 2338 1728 2370 tiater
1758 2337 2040 2397 archiepiscope,
2048 2342 2220 2365 Pr⁰···¹=¹0⁸¹¹²·

2034 2372 2093 2391 terao
2110 2376 2122 2397 ι
2118 2370 2218 2391 utilimu-

1280 2401 1356 2422 ‹ura
1388 2391 1500 2433 (quod
1534 2396 1562 2423 te
1595 2401 1679 2423 anno
1699 2401 1828 2435 quoque
1854 2391 2019 2435 superiore
2034 2396 2082 2418 ³¹²⁰-

1262 2439 1389 2476 'inisse
1418 2454 1481 2476 nou
1511 2443 1719 2484 dubitamus)
1751 2449 1784 2476 ut
1814 2443 1873 2477 liae
1894 2444 2018 2478 littetae

1281 2503 1407 2529 nostrae
1425 2496 1464 2529 ad
1480 2496 1592 2529 fratres
1606 2503 1733 2529 nosti-os
1747 2497 1929 2540 provinciae.
1948 2503 2019 2531 tuae

1281 2550 1450 2593 episcopos
1481 2550 1651 2590 diligenter
1689 2551 1900 2594 perferantur.
1938 2551 2019 2584 Deus

1282 2609 1389 2636 autem
1411 2603 1515 2636 omnis
1536 2603 1672 2643 gratiae,
1697 2604 1749 2647 qui
1772 2603 1892 2636 vocavit
1912 2613 1970 2636 nos
1987 2603 2018 2636 in

1264 2663 1444 2694 ,aeternnm
1465 2667 1554 2690 suam
1576 2657 1711 2699 gloriam
1744 2656 1774 2689 in
1795 2656 1918 2691 Christo
1938 2657 2019 2700 lesu,

2031 261 2081 288 An.
2102 260 2131 289 C.
2147 261 2216 290 1599
