2253 3195
24 294 70 320 An.
91 290 120 317 C.
138 289 206 317 1600

263 336 278 379 ἓ
305 336 357 368 17.
381 335 507 369 Eisdem
537 333 716 367 abbatissae
737 338 768 366 et
788 332 960 377 priorissae

48 404 204 434 emur-inat»-
220 390 335 429 officia,
360 400 443 433 quae
458 389 508 421 ad
534 388 707 421 triennium
729 387 894 420 dumtaxat
915 386 961 418 iu-

25 435 204 483 3ssll⁵flss¹llm³²l¹05
219 450 271 477 xta
303 443 377 476 dicti
409 442 541 476 Concilii
571 440 815 485 dispositionem
845 440 961 472 durare

25 487 117 511 ''¹¹¹³''⁴¹⁵³
221 497 356 536 valeant,
381 494 604 529 distribuendi.

266 552 282 592 ἕ
304 549 355 582 18.
383 549 513 582 Necnon
540 546 781 586 fundatoribus,
805 545 963 588 guberna-

49 619 206 640 Admtntstrata·
221 603 355 642 toribus,
379 599 693 634 administratoriluis
714 598 904 642 praedictis,
928 608 964 630 ac

26 645 206 697 tltlfssaJl‘fl‘nss‘ssLl
221 657 291 690 aliis
309 655 473 700 quibusvis
493 653 649 698 personis,
667 652 783 696 quibus
804 662 884 695 opus
899 651 965 683 sue-

27 700 206 750 Jl3.ftl‚?n,¹¹'‘'¹¹⁵¹'
222 712 280 752 rit,
303 716 339 744 ut
367 716 457 754 septa
484 707 670 742 monasterii
698 717 756 751 per
782 711 966 750 praesentes

222 764 337 804 erecti,
362 764 393 796 in
415 762 541 796 casibus
562 760 767 800 necessariis,
791 766 821 793 et
842 770 860 792 a
881 759 965 792 dicto

220 818 362 852 Concilio
372 816 546 862 permissis,
556 822 679 849 tautum
691 814 815 857 ingredi
827 813 963 852 valeant,

223 871 444 915 permittendi.

267 926 284 967 ἕ
305 924 358 958 19.
370 924 544 968 Ipsumque
558 922 790 956 monasterium
806 932 863 965 per
875 931 968 965 prae-

50 992 144 1023 numque
161 992 209 1012 visi-
224 984 331 1012 sentes
356 984 517 1017 erectum,
541 987 599 1021 per
623 987 678 1017 se,
702 976 749 1009 vel
771 976 888 1016 alium,
912 985 967 1008 seu

29 1020 124 1068 ilglffnf'
145 1019 209 1039 ‘em'
225 1032 305 1065 alios
330 1032 466 1065 idoneos
495 1031 695 1070 sacerdotes,
716 1030 797 1063 vitae
823 1039 967 1061 morum-

225 1097 288 1131 que
308 1086 479 1130 probitate,
496 1095 532 1117 ac
548 1094 658 1117 rerum
679 1083 896 1125 gerendarum
918 1093 969 1115 ex-

225 1140 383 1184 perientia
403 1139 557 1184 probatos
579 1137 750 1178 visitandi,
774 1137 918 1180 illudque
938 1136 968 1168 in

225 1194 329 1237 capite
349 1199 380 1227 et
399 1193 431 1225 in
445 1192 609 1232 membris,
627 1201 793 1225 sacrorum
807 1200 968 1223 canonum

225 1253 255 1280 et
267 1247 467 1290 generalium
480 1245 692 1279 conciliorum
705 1244 843 1278 decretis
860 1244 970 1276 inhae-

225 1300 344 1341 rendo,
368 1299 588 1340 reformandi,
609 1299 728 1331 abusus
748 1307 970 1342 quoscumque

228 1353 383 1394 tollendi,
406 1353 656 1396 regularemque
683 1351 919 1385 observantiam
940 1355 971 1383 et

226 1407 429 1451 disciplinam
449 1407 585 1451 quoties,
610 1406 683 1439 illae
703 1406 824 1439 ibidem
846 1405 970 1439 excide-

226 1462 301 1501 rint,
326 1461 430 1495 modis
453 1460 605 1503 congruis
625 1459 815 1493 restituendi
837 1465 867 1492 et
887 1459 970 1493 rein-

229 1515 387 1557 tegrandi.

273 1569 287 1611 ξ
312 1567 365 1601 020.
393 1569 437 1601 Ae
469 1578 541 1600 eum
574 1567 694 1600 eisdem
725 1566 885 1599 abbatissa
915 1576 970 1599 seu

0 1651 8 1662 ,,
57 1633 107 1663 cum
118 1632 213 1662 moqun-
228 1622 381 1666 priorissa
402 1628 433 1654 et
453 1621 658 1661 monialibus,
680 1631 816 1664 quarum
836 1619 971 1652 infirmi-

2 1681 8 1692 ²
33 1662 69 1708 '2³:¹2⁵
83 1664 214 1717 ,ἓὲᾗῖἪιῖἷιίῗιῙι
231 1681 287 1716 tas,
311 1676 357 1708 vel
379 1675 549 1708 imbecillis
570 1674 729 1711 valetudo,
753 1679 807 1707 aut
827 1673 972 1717 corporis

1 1734 9 1772 ᾗ,
34 1714 167 1769 fiireti'rfifunr115e11²
184 1712 214 1759 itai:
230 1729 404 1769 hebetudo,
432 1729 589 1762 ieiunium
604 1756 611 1769 ,
635 1739 689 1761 seu
711 1728 856 1762 carnium
878 1734 908 1761 et
928 1728 972 1761 la-

0 1784 5 1795 ”
35 1766 153 1794 ψωωη
230 1783 434 1817 eticiniorum
457 1782 700 1823 abstinentiam,
725 1782 772 1815 vel
802 1782 922 1815 rituum
944 1787 974 1815 et.

230 1837 451 1871 institutorum
473 1836 549 1870 dicti
570 1835 699 1869 Ordinis
719 1841 846 1869 sanctae
864 1835 973 1869 Clarae

230 1890 466 1924 observantiam
487 1891 568 1923 serre
589 1900 653 1923 non
671 1889 863 1933 pote1·it,aut
883 1889 970 1931 alias,

231 1950 328 1987 prout
348 1943 492 1984 occasio,
516 1954 691 1987 rerumque
713 1943 849 1987 qualitas
870 1948 897 1975 et
921 1954 975 1976 ne-

231 1997 360 2031 cessitas
378 1997 528 2039 exegerit,
549 1997 687 2040 desuper
707 1996 924 2040 dispensandi,
940 2007 975 2029 ae

232 2051 467 2084 observantiam
482 2056 513 2084 et
527 2051 670 2084 instituta
687 2051 873 2084 huiusmodi
894 2051 976 2083 rela-

232 2104 338 2145 xandi,
362 2104 536 2148 omniaque
563 2110 594 2137 et
621 2104 746 2146 singula
772 2104 834 2137 alia
855 2104 975 2137 ibidem

233 2157 383 2198 faciendi,
407 2157 552 2195 dicendi,
577 2157 728 2200 gerendi,
752 2158 920 2191 exercendi
947 2164 975 2191 et

233 2210 441 2254 procurandi,
462 2221 544 2254 quae
573 2210 640 2254 ipse
672 2210 807 2243 vicarius
833 2211 927 2244 Urbis
947 2220 977 2244 et.

234 2264 381 2298 locorum
402 2263 576 2303 Ordinarii,
593 2263 688 2297 etiam
708 2268 872 2307 tamquam
885 2275 977 2307 prae-

235 2317 338 2350 dictae
362 2317 453 2351 Sedis
474 2317 626 2359 delegati,
648 2327 707 2349 nec
727 2327 791 2349 non
812 2317 977 2359 <generales

235 2371 383 2411 ministri,
398 2376 428 2404 et
440 2371 494 2403 alii
503 2370 685 2414 superiores
697 2381 978 2415 quorum‹nunque

235 2424 390 2458 Ordinum
412 2425 444 2458 in
472 2425 674 2458 monasteriis
699 2424 889 2457 monialium
918 2425 977 2457 sibi

235 2479 396 2520 subiectis,
412 2479 450 2512 de
462 2479 542 2516 iure,
554 2479 600 2511 vel
614 2478 859 2516 consuetudine,
877 2489 978 2511 senex

235 2533 419 2577 privilegio,
440 2534 489 2565 vel
512 2533 702 2566 auctoritate
723 2532 799 2565 dieti
818 2532 950 2566 Concilii
969 2560 975 2569 ,

236 2597 272 2620 ac
304 2586 380 2620 alias
417 2587 665 2630 quomodolibet
698 2587 825 2625 facere,
857 2586 975 2627 dicere,

237 2651 366 2683 gerere,
402 2651 551 2674 exercere
577 2646 607 2673 et
638 2650 814 2684 procurare
847 2645 980 2683 possunt

238 2699 268 2726 et
288 2699 439 2737 poterunt
464 2694 709 2737 quomodolibet
731 2694 761 2725 in
782 2694 936 2727 futurum.

827 283 973 308 CLEMENS
994 283 1051 307 Vttt
1072 283 1122 307 1³1³.

1644 268 1707 302 507
1755 278 1803 305 An.
1821 278 1852 305 c.
1870 278 1937 305 icoo

1039 333 1054 373 g
1076 330 1128 363 21.
1152 331 1321 363 Praeterea
1341 339 1454 362 omnes
1480 333 1511 362 et
1539 327 1681 370 singulas
1701 328 1737 360 li-
1766 340 1939 361 Concussioatia-

996 390 1060 425 tes,
1090 395 1201 418 causas
1230 389 1261 417 et
1289 382 1508 423 differentias,
1539 387 1604 415 tam
1632 381 1739 414 civiles
1754 368 1939 426 {32311.{3¹2⁶=l¹''‘2¹132'¹-

996 448 1092 481 quam
1121 437 1305 470 criminales
1333 442 1364 470 et
1390 436 1521 476 mixtas,
1549 446 1646 479 super
1671 445 1740 468 mo-
1755 428 1793 443 ''m'

996 490 1126 523 nasterii
1153 501 1210 533 per
1238 495 1421 533 praesentes
1446 488 1566 529 erecti,
1591 488 1741 532 illiusque

998 544 1176 577 abbatissae
1197 554 1253 576 seu
1280 543 1470 587 priorissae,
1494 542 1684 576 monialium
1711 547 1743 574 et

999 607 1209 641 personarum
1236 597 1422 630 huiusmodi
1442 596 1547 637 bonis,
1571 596 1678 636 rebus,
1695 596 1743 628 iu-

1000 651 1089 684 ribus
1102 656 1133 683 et
1145 650 1324 684 actionibus
1335 650 1605 694 quilurscumque,
1618 659 1744 683 necnon

1000 704 1224 742 locationibus,
1237 703 1487 743 venditionibus,
1498 702 1740 742 donationibus,

1001 758 1124 801 legatis,
1137 757 1621 797 fideicommissis,testamentis,
1633 757 1744 790 haere›

1002 812 1203 851 ditatibus‚et
1213 811 1342 844 illarum
1352 810 1616 851 discussionibus,
1627 821 1664 844 ac
1675 810 1745 854 qui-

1003 866 1203 909 buscumque
1222 864 1292 897 aliis
1313 864 1588 908 dispositionibus,
1612 864 1746 897 iurium-

1003 930 1064 963 que
1078 925 1110 952 et
1135 919 1297 952 actionum
1316 918 1515 952 cessionibus
1535 923 1566 951 et
1585 918 1655 951 aliis
1676 918 1747 961 qui-

1002 973 1205 1016 buscumque
1229 972 1312 1006 inter
1329 968 1426 1012 vivos,
1450 982 1486 1004 ac
1511 982 1606 1004 causa
1620 972 1743 1011 mortis,

1003 1027 1051 1059 vel
1064 1026 1155 1070 quasi
1169 1026 1401 1066 contractibus,
1419 1026 1516 1059 etiam
1537 1025 1601 1058 vim
1624 1025 1747 1067 obliga-

1004 1080 1099 1113 tionis
1136 1080 1304 1112 cameralis
1339 1079 1554 1120 habentibus,
1593 1079 1748 1112 interesse

1004 1133 1147 1167 eiusdem
1168 1132 1356 1166 monasterii
1370 1143 1428 1177 per
1445 1138 1629 1176 praesentes
1649 1132 1748 1166 erecti

1004 1193 1169 1231 tamquam
1186 1187 1418 1230 principaliter,
1435 1197 1471 1220 ae
1485 1186 1581 1220 etiam
1595 1187 1748 1230 perviam

1005 1240 1203 1274 necessariae
1225 1240 1436 1281 defensionis,
1460 1246 1491 1273 et
1511 1240 1589 1274 alias
1614 1251 1750 1284 quomo—

1006 1294 1127 1328 dolibet
1147 1294 1419 1328 concernentibus
1440 1293 1524 1327 inter
1544 1294 1666 1327 dictum
1682 1304 1751 1327 mo-

1005 1348 1181 1382 nasterium
1211 1358 1269 1392 per
1297 1353 1482 1392 praesentes
1503 1354 1663 1389 erectum,
1687 1348 1751 1382 sive

1006 1402 1091 1435 illius
1111 1402 1305 1436 abbatissam
1327 1413 1383 1436 seu
1404 1402 1608 1446 priorissam,
1633 1408 1663 1436 et
1684 1413 1752 1436 mo-

1006 1456 1117 1495 niales,
1145 1456 1380 1498 gubernatores
1402 1462 1433 1489 et
1450 1456 1748 1496 administratores,

1006 1509 1158 1542 officiales
1179 1515 1210 1542 et
1235 1509 1399 1542 ministros
1429 1519 1488 1552 pro
1516 1514 1662 1553 tempore
1688 1509 1752 1542 exi-

1005 1569 1139 1603 stentes,
1164 1569 1195 1596 et
1220 1573 1441 1607 quascumque
1471 1562 1549 1595 alias
1575 1573 1749 1607 personas,

1007 1623 1070 1651 tam
1088 1617 1186 1650 laicas
1203 1628 1300 1661 quam
1320 1616 1552 1650 ecclesiasticas
1570 1617 1753 1650 cuiuscum-

1007 1683 1069 1716 que
1090 1677 1209 1712 status,
1227 1672 1369 1714 gramm,
1394 1672 1535 1711 ordinis,
1559 1672 1753 1705 conditionis

1007 1731 1038 1759 et
1055 1725 1236 1769 dignitatis,
1260 1726 1309 1758 vel
1330 1725 1627 1769 praeeminentiae,
1656 1726 1753 1759 etiam

1007 1781 1223 1814 cardinalatus
1242 1779 1368 1813 honore
1388 1780 1568 1823 fungentes,
1592 1780 1751 1813 universi-

1009 1841 1108 1875 tates,
1136 1834 1427 1878 congregationes,
1449 1834 1584 1877 collegia
1599 1862 1606 1875 ,
1631 1845 1668 1867 ac
1690 1840 1754 1868 tam

1009 1888 1150 1921 virorum
1166 1899 1262 1932 quam
1281 1888 1454 1921 mulierum
1477 1888 1683 1929 monasteria,
1698 1889 1755 1921 ho-

1009 1943 1136 1987 spitalia
1158 1948 1188 1975 et
1208 1942 1270 1975 alia
1290 1942 1344 1986 pia
1363 1941 1446 1982 loca,
1470 1948 1534 1975 tam
1557 1942 1754 1976 coniunctim

1010 2007 1106 2040 quam
1130 1995 1266 2033 divisim,
1296 2006 1332 2028 ae.
1354 2000 1419 2028 tam
1440 1995 1541 2029 active
1562 2006 1659 2039 quam
1682 2006 1756 2040 pas—

1009 2051 1085 2089 sive,
1108 2051 1193 2083 ultro
1215 2050 1360 2094 citroque
1381 2050 1420 2083 ad
1441 2050 1595 2090 invicem,
1610 2051 1658 2083 vel
1679 2050 1757 2084 alias

1010 2103 1256 2148 quomodolibet
1288 2109 1391 2136 motas
1422 2103 1470 2136 vel
1503 2104 1697 2145 movendas,
1721 2114 1757 2136 ac

1010 2158 1107 2190 etiam
1128 2168 1186 2201 per
1206 2157 1469 2202 appellationem,
1491 2163 1521 2190 et
1541 2157 1572 2190 in
1594 2168 1754 2201 quacum-

1011 2223 1073 2255 que
1094 2211 1260 2249 instantia,
1285 2222 1393 2244 coram
1413 2211 1578 2255 quibusvis
1599 2211 1758 2244 iudicibus

1011 2265 1222 2303 introductas,
1235 2270 1266 2298 et
1279 2265 1437 2299 indecisas
1451 2266 1639 2309 pendenteS,
1661 2265 1756 2298 etiam

1012 2319 1081 2351 illas
1101 2318 1140 2350 ab
1162 2318 1237 2362 ipsis
1259 2318 1417 2351 iudicibus
1437 2318 1592 2351 avocandi
1614 2323 1645 2350 ct
1665 2328 1754 2351 reas-

1012 2372 1159 2404 sumendi
1181 2382 1238 2415 per
1257 2383 1307 2410 se,
1328 2374 1376 2405 vel
1398 2372 1466 2405 eius
1485 2372 1755 2414 vicesgerentem,

1013 2431 1067 2459 aut
1086 2425 1197 2466 alium,
1221 2436 1277 2458 seu
1305 2426 1395 2464 alios,
1424 2435 1520 2469 quem
1541 2436 1596 2458 seu
1618 2436 1699 2470 quos
1719 2426 1758 2459 ad

1013 2479 1073 2511 boe
1092 2479 1219 2512 duxerit
1236 2479 1449 2523 deputandos,
1463 2479 1557 2512 etiam
1570 2479 1756 2517 summarie,

1013 2532 1202 2576 simpliciter
1223 2537 1253 2565 et
1279 2533 1317 2564 de
1346 2532 1442 2576 plano
1456 2560 1463 2574 ,
1486 2533 1554 2565 sine
1574 2532 1708 2576 strepitu
1729 2538 1761 2566 et

1014 2585 1118 2628 figura
1138 2585 1247 2619 iudicii
1265 2613 1271 2623 ,
1294 2586 1350 2619 sed
1375 2586 1443 2619 sola
1465 2586 1537 2619 sacti
1563 2586 1695 2620 veritate
1713 2586 1760 2618 in-

1013 2644 1133 2682 specta,
1148 2650 1185 2672 ac
1206 2639 1303 2673 etiam
1325 2649 1423 2673 manu
1445 2640 1545 2683 regia,
1562 2650 1635 2673 cum
1657 2640 1761 2673 omni-

1014 2693 1074 2726 bus
1094 2698 1126 2726 et
1145 2694 1279 2737 singulis
1299 2694 1363 2727 suis
1381 2694 1610 2733 incidentibus,
1634 2694 1757 2739 depen«
