2253 3195
23 254 74 281 An.
91 254 120 279 C.
144 254 211 281 1596

27 480 29 482 -
50 468 140 497 Damnat
156 473 203 488 cun>

23 497 99 516 turns.

49 1576 167 1598 Exordium.

41 1845 205 1872 Appeiiaimnum

25 1871 109 1892 turmam

145 1879 206 1899 prae-

14 1908 15 1913 =
25 1897 101 1919 scribit.

843 256 990 280 CLEMENS
1010 257 1134 280 vnlrr.

220 302 404 335 absolvendi
426 303 607 336 facultatem
631 303 839 337 cont-edimus
859 310 886 336 et
903 304 960 336 im-

221 354 386 397 pertimur.

264 407 331 449 gli.
367 408 434 440 Non
457 409 658 445 obstantibus
686 409 849 452 praedit-ta
877 409 957 442 Gre-

219 459 301 501 gorii
323 460 399 497 xlll,
423 471 459 493 ac
480 461 644 503 quibusvis
664 461 733 494 aliis
754 461 957 494 constitutio-

219 513 313 546 nibus
333 519 363 546 et
381 514 637 547 ordinationibus
668 514 862 558 apostolicis,
891 525 960 547 cae-

221 566 359 610 terisque
380 567 549 600 contrariis
568 568 836 611 quibuscumque.

262 620 375 652 Datum
407 621 528 653 Romae
558 621 643 664 apud
664 620 694 654 S.
730 621 867 653 Marcum
901 621 960 653 sub

219 673 338 709 annulo
358 673 539 713 piscatoris,
556 673 607 706 die
624 684 722 707 xxv111
735 673 813 707 iunii
828 685 956 711 mnxcrt,

220 724 424 768 pontificatus
445 725 544 758 nostri
566 737 650 759 anno
671 737 709 766 b

255 787 315 814 Dat.
332 786 375 814 die
389 787 423 814 28
443 787 511 814 iunii
530 787 606 819 t596,
626 788 722 822 pontif.
744 797 788 815 an.
809 797 833 816 v.

529 958 667 991 CXXXV.

219 1063 392 1105 Reliqiosz's
414 1064 683 1106 Con—qreqatiom's
698 1064 811 1097 Sancti
825 1065 960 1097 Ioannis

262 1124 490 1168 Evanyelistae
522 1136 693 1168 reqnorztm
732 1127 961 1169 Poi'lztgyctllz'ae

259 1187 461 1230 prohibetur,
491 1189 668 1231 quominus
694 1189 732 1221 de
763 1191 855 1222 rebus
883 1201 961 1223 suae

264 1249 433 1292 reliyionis
453 1254 546 1283 εφη-ιι
569 1261 640 1283 eam
659 1255 771 1294 ayant,
798 1251 847 1284 vel
866 1253 956 1295 savo-

264 1322 312 1344 res
332 1315 459 1355 captent
479 1312 498 1344 ¹.

430 1401 563 1429 Clemens
579 1402 658 1437 Peuma
669 1403 747 1435 vul,

343 1455 380 1482 ad
398 1458 574 1489 perpetuam
593 1456 640 1483 rei
655 1457 836 1484 memoriam.

263 1528 492 1571 Quaecumque
509 1529 548 1561 ad
574 1529 800 1571 religiosorum
820 1529 959 1573 quietem

220 1586 251 1613 et
270 1590 458 1624 prosperam
480 1581 691 1615 directionem
712 1582 875 1626 pertinere
902 1594 958 1616 co-

220 1633 403 1676 gnoscimus
424 1634 456 1667 in
474 1634 523 1668 his
540 1635 738 1669 auctoritatis
750 1642 878 1669 nostrae
890 1648 962 1680 par-

221 1693 266 1720 tes
286 1687 424 1720 libenter
444 1687 701 1732 interponimus,
726 1695 822 1732 prout
851 1690 882 1722 in
902 1691 962 1723 Do-

222 1741 310 1774 mino
334 1741 507 1774 salubriter
524 1741 741 1786 conspicimus
762 1743 923 1786 expedire.

266 1796 283 1837 5
301 1794 330 1827 1.
354 1794 523 1838 Cupientes
540 1795 648 1839 itaque
662 1795 795 1829 dilectos
815 1796 898 1829 filios
912 1808 963 1830 ca-

222 1847 354 1880 nonicos
367 1853 398 1880 et
415 1847 494 1880 alios
515 1848 682 1890 religiosos
703 1849 962 1891 congregationis

221 1901 251 1934 S.
268 1900 396 1934 Ioannis
416 1901 646 1944 Evangelistae.
668 1902 727 1935 sub
742 1902 853 1935 habitu
871 1909 902 1936 et
914 1915 962 1936 re-

220 1954 294 1995 gula
308 1954 567 1996 congregationis
580 1955 686 1989 Sancti
699 1955 826 1998 Georgii
841 1956 871 1989 in
885 1957 962 1999 Aiga

222 2007 437 2049 venetiarum,
455 2008 486 2040 in
504 2008 611 2051 regnis
631 2009 845 2052 Portugalliae
867 2010 958 2043 insti-

222 2066 307 2094 tutae
328 2061 359 2093 in
380 2061 570 2095 humilitatis
584 2068 615 2095 et
632 2063 834 2096 obedientiae
848 2064 962 2107 spiritu

221 2113 274 2147 Dei
300 2113 462 2158 obsequiis
491 2125 602 2147 vacare
617 2142 624 2155 ‚
657 2121 688 2148 et
707 2127 725 2148 a
749 2117 961 2149 saecularium

222 2178 329 2200 rerum
351 2179 438 2208 cura,
468 2174 565 2212 prout
584 2169 687 2202 bonos
712 2169 880 2211 religiosos
908 2171 963 2203 de-

221 2226 281 2261 cet,
305 2221 432 2264 penitus
460 2221 580 2254 liberos
610 2232 689 2259 esse,
725 2233 806 2265 quae
828 2223 875 2256 bis
897 2223 959 2255 im-

220 2274 406 2317 pedimento
431 2285 499 2307 esse
518 2280 664 2317 possunt,
686 2275 819 2318 provida
840 2275 963 2309 ratione

220 2327 415 2360 removenda
435 2337 616 2361 censemus.
639 2327 801 2361 Prohinde
823 2328 880 2360 bae
906 2339 963 2361 no-

220 2386 284 2414 stra
304 2386 459 2424 perpetuo
480 2381 615 2426 valitura
639 2381 868 2414 constitutione
889 2392 962 2414 san-

221 2433 333 2473 cimus,
350 2444 386 2467 as:
405 2434 574 2467 statuimus
600 2441 628 2468 et
651 2435 851 2472 ordinamus,
876 2436 962 2479 quod

221 2486 384 2530 perpetuis
403 2487 515 2520 suturis
535 2487 736 2531 temporibus
757 2488 864 2521 nullae
894 2498 963 2520 om—

221 2539 298 2572 nino
310 2550 465 2584 personae
475 2541 578 2574 dictae
591 2541 849 2584 congregationis
857 2541 962 2575 Sancti

222 2593 347 2626 Ioannis
366 2593 585 2636 Evangelistae
605 2595 699 2628 liceat
718 2595 758 2627 ab
786 2595 962 2628 ordinatio-

262 2656 270 2682 t
297 2654 332 2682 Ex
353 2654 459 2690 Regest.
478 2655 504 2682 in
520 2655 619 2682 Secret.
631 2655 762 2684 Brevium.

997 304 1100 341 nibus,
1129 304 1376 343 visitationibus,
1400 302 1663 338 sorrectionibus,
1689 313 1737 334 re-

997 357 1253 395 formationibus,
1266 356 1506 400 privationibus,
1529 355 1738 399 depositioni-

997 410 1074 452 bus,
1110 410 1218 443 aliisve
1240 410 1352 453 poenis
1373 416 1398 442 vt
1419 409 1585 443 sententiis
1605 419 1736 442 suorum

996 468 1169 503 rectorum,
1187 463 1396 503 visitatorum,
1421 463 1624 507 aliorumque
1645 474 1738 507 prae-

997 517 1145 553 latorum,
1170 527 1225 548 seu
1239 516 1334 548 etiam
1357 516 1488 549 rectoris
1510 516 1678 558 generalis
1708 523 1739 549 et

995 569 1128 613 Capituli
1145 569 1305 611 generalis
1319 569 1461 602 eiusdem
1477 570 1739 612 Congregationis

997 623 1027 656 in
1046 623 1094 661 iis,
1119 634 1200 666 quae
1225 624 1265 656 ad
1286 622 1354 656 eius
1380 623 1524 665 regimen
1552 624 1734 666 pertinent.

995 678 1034 709 ad
1056 677 1195 720 aliquem
1216 677 1373 714 iudicem,
1398 677 1462 710 sire
1487 678 1736 710 ecclesiasticum

995 730 1059 763 sive
1079 730 1289 767 saecularem,
1313 735 1367 762 aut,
1387 730 1481 762 aliam
1501 741 1738 773 quamcumque

995 793 1178 827 personam,
1193 783 1304 827 quavis
1324 783 1514 816 auctoritate
1528 789 1556 816 et
1571 783 1736 825 dignitate,

995 836 1089 869 etiam
1112 836 1222 878 regali,
1251 836 1368 875 ducali,
1393 842 1444 868 aut
1472 836 1533 868 alia
1561 837 1736 875 mundana,

995 895 1046 922 aut
1069 889 1165 922 etiam
1192 889 1470 933 archiepiscopali,
1488 889 1673 933 episcopali,
1691 891 1737 923 rel

996 942 1056 975 alia
1082 941 1295 975 ecclesiastica
1319 942 1576 985 praefulgentem
1598 943 1739 986 appella-

995 1006 1040 1031 re,
1064 1001 1116 1028 aut
1131 995 1209 1028 alias
1222 1005 1353 1039 quoquo
1374 996 1471 1028 modo
1494 1006 1660 1028 recursum
1680 996 1738 1028 ba-

996 1049 1083 1086 bere,
1108 1050 1163 1082 sed
1181 1049 1220 1081 ab
1241 1059 1353 1082 eorum
1368 1049 1592 1092 superioribus
1603 1050 1736 1083 ordina-

997 1102 1062 1140 riis,
1098 1103 1137 1135 ad
1162 1108 1321 1135 rectorem
1343 1103 1548 1144 generalem,
1573 1109 1604 1136 ct
1623 1103 1662 1135 ab
1685 1103 1739 1135 illo

995 1157 1035 1189 ad
1056 1156 1231 1199 capitulum
1253 1157 1403 1197 generale
1428 1166 1606 1194 recurrere,
1628 1161 1657 1189 et
1680 1167 1736 1189 co-

996 1220 1063 1242 ram
1085 1209 1129 1242 eis
1151 1209 1189 1242 de
1210 1219 1323 1242 eorum
1339 1209 1463 1242 iuribus
1483 1209 1633 1253 experiri,
1654 1210 1740 1243 iuxta

996 1263 1099 1296 dictae
1117 1262 1380 1305 Congregationis
1400 1262 1578 1306 privilegia,
1596 1269 1626 1296 et
1646 1273 1740 1306 regu-

996 1315 1076 1348 laria
1096 1315 1239 1348 instituta
1264 1321 1444 1352 teneantur,
1472 1326 1489 1347 a
1508 1315 1674 1358 praedicto
1696 1321 1741 1349 te-

996 1380 1071 1402 men
1092 1369 1233 1412 capitulo
1247 1368 1388 1411 generali
1410 1379 1468 1412 pro
1490 1369 1615 1402 notoria
1629 1374 1660 1402 et
1674 1380 1740 1402 ma-

947 1444 952 1447 -
997 1422 1112 1456 nifesta
1132 1422 1261 1461 iniuria,
1283 1433 1319 1454 ac
1341 1422 1371 1454 in
1393 1429 1541 1455 eventum
1564 1422 1740 1464 denegatae

998 1476 1135 1509 iustitiae
1149 1503 1156 1515 ,
1181 1487 1218 1508 ac
1247 1476 1325 1508 alias
1342 1503 1349 1515 ‚
1382 1477 1421 1509 ad
1442 1476 1557 1509 Sedem
1578 1477 1739 1520 Apostoli-

997 1540 1078 1568 cam,
1112 1529 1246 1572 eiusque
1276 1529 1411 1562 nuncios
1442 1540 1478 1562 ac
1505 1529 1627 1572 legatos
1647 1530 1739 1562 dum-

999 1586 1092 1618 taxat,
1116 1586 1147 1612 ut
1170 1581 1362 1624 praefertur,
1393 1591 1560 1613 recurrere
1580 1581 1715 1614 valeant.

1041 1630 1103 1675 {22
1138 1633 1272 1675 Insuper
1303 1631 1445 1664 eiusdem
1474 1632 1738 1674 Congregationis

998 1686 1115 1719 rectori
1135 1685 1288 1728 generali,
1312 1685 1447 1728 aliisque
1472 1685 1669 1723 rectoribus,
1693 1685 1738 1717 vi-

997 1740 1229 1777 cerectoribus,
1251 1739 1414 1772 canonicis
1441 1744 1469 1772 et
1498 1739 1649 1772 fratribus
1669 1739 1739 1772 uni-

998 1793 1106 1829 versis,
1131 1799 1159 1825 et
1182 1792 1315 1835 singulis
1340 1792 1485 1836 personis
1513 1797 1670 1835 perpetuo
1692 1792 1739 1824 in-

998 1846 1183 1880 terdicimus
1204 1851 1235 1878 et
1252 1845 1463 1889 prohibemus
1478 1872 1485 1882 ,
1515 1855 1552 1877 ac
1572 1844 1604 1877 in
1624 1844 1741 1878 virtuto

997 1906 1125 1933 sanctae
1138 1899 1343 1933 obedientiae
1356 1898 1497 1932 districte
1512 1898 1740 1942 praecipiendo

999 1954 1199 1989 mandamus,
1224 1963 1263 1986 ne
1280 1952 1347 1985 ullo
1358 1962 1502 1996 unquam
1517 1957 1662 1996 tempore
1676 1962 1740 1985 non

997 2008 1100 2041 solum
1123 2007 1162 2040 de
1183 2005 1367 2039 huiusmodi
1389 2005 1503 2045 causis,
1521 2005 1575 2038 sed
1590 2005 1687 2037 ctiam
1702 2005 1740 2037 de

997 2061 1256 2104 quibuscumque
1274 2059 1344 2092 aliis
1356 2059 1452 2092 rebus
1463 2063 1494 2091 et
1507 2057 1642 2100 negotiis
1659 2058 1739 2091 Con-

997 2113 1191 2157 gregationis
1212 2113 1251 2145 ad
1272 2123 1493 2156 quascumque
1507 2122 1660 2155 personas
1673 2122 1740 2145 sae-

998 2168 1122 2200 culares
1152 2172 1183 2199 et
1214 2165 1463 2201 ecclesiastitas,
1505 2170 1592 2197 extra
1620 2164 1738 2197 dictam

997 2220 1284 2262 Congregationem
1302 2246 1308 2257 ,
1332 2219 1426 2252 etiam
1451 2229 1562 2261 reges,
1591 2218 1688 2251 duces
1709 2224 1740 2251 et

997 2275 1076 2307 alios
1096 2275 1257 2318 principes
1277 2274 1468 2311 saeculares,
1498 2282 1622 2305 necnon
1644 2283 1739 2315 quos-

998 2338 1135 2370 cumque
1157 2328 1188 2360 in
1209 2327 1423 2360 ecclesiastica
1445 2325 1599 2368 dignitate
1620 2325 1738 2358 consti-

999 2386 1082 2414 tutos
1102 2380 1373 2424 archiepiscopos.
1391 2379 1587 2423 episcopos,
1609 2384 1640 2411 et
1659 2378 1739 2412 alios

998 2433 1231 2466 ecclesiasticos
1253 2433 1414 2476 praelatos
1441 2431 1580 2469 (nunciis
1601 2437 1631 2464 et
1653 2431 1739 2473 lega-

998 2488 1036 2521 tis
1056 2487 1238 2531 apostolicis
1260 2487 1291 2518 in
1306 2497 1379 2519 casu
1401 2496 1497 2530 super
1517 2495 1667 2529 expresso
1681 2496 1735 2518 ex-

998 2541 1126 2584 ceptis),
1150 2540 1290 2573 scribere
1316 2540 1424 2583 culpas
1458 2539 1682 2581 religiosorum
1708 2545 1739 2572 et,

998 2605 1129 2638 poenas,
1160 2593 1276 2637 quibus
1297 2593 1504 2636 plectuntur,
1526 2598 1554 2626 et
1579 2592 1656 2625 alias
1673 2603 1734 2628 res.

998 2658 1080 2691 quae
1101 2646 1258 2680 extraneis
1279 2646 1424 2692 personis
1445 2651 1536 2680 notas
1556 2656 1623 2679 esse
1645 2645 1737 2678 inini-

1643 243 1705 275 0277
1752 253 1799 279 An.
1817 252 1845 278 c.
1870 252 1937 279 1596

1780 1636 1897 1657 Prohibiuo
1914 1635 1939 1654 de

1753 1664 1816 1684 rebus
1825 1662 1939 1685 Religionis

1753 1693 1810 1712 extra
1817 1695 1863 1710 eam
1869 1693 1940 1713 agere.
