2253 3195
278 263 328 295 Au.
349 265 378 294 c.
395 266 464 295 ¹599
509 248 574 291 498

1063 261 1247 291 BULLARIUM
1267 260 1422 291 Romnum

318 330 465 356 Exequuiores
481 322 511 350 et
537 307 766 349 archidiacono
800 312 915 348 maiori
945 319 1133 358 nuncupato
1158 314 1219 347 Ec·
1256 313 1480 357 derogationis,
1503 312 1640 359 aliisque
1664 308 1909 357 efficacioribus,
1933 316 2000 350 effi-

481 369 596 403 clesiae
623 369 646 402 T
649 368 871 402 holosanensis
892 378 929 401 ac
948 368 1078 401 officiali
1098 368 1219 401 Tholo-
1256 367 1431 400 cacissimis
1450 372 1483 401 et
1499 367 1636 401 insolitis
1660 368 1822 409 clausulis,
1845 369 2000 403 irritanti-

479 422 607 455 sanensi
624 432 682 465 per
695 421 873 465 apostolica
885 421 1003 466 scripta
1017 421 1220 461 mandamus,
1257 421 1382 465 busque
1403 427 1433 454 et
1452 421 1523 455 aliis
1551 421 1689 455 decretis
1709 421 1741 455 in
1761 433 1879 466 genere
1899 424 1947 457 vel
1968 424 2000 457 in

279 357 383 383 deputati.

293 1824 405 1844 (instantia
415 1823 475 1843 tottii.

480 481 638 519 quatenus
659 475 730 519 ipsi,
751 475 799 508 vel
827 475 904 516 duo,
927 481 982 508 aut
999 486 1081 508 unus
1110 485 1222 508 eorum

479 540 538 572 per
554 539 599 569 se,
622 529 671 562 vel
700 529 798 561 alium
814 556 821 569 ,
850 540 906 562 seu
933 528 1012 562 alios
1036 533 1224 572 praesentes

481 582 603 615 litteras
627 589 657 615 et
684 582 715 615 in
744 582 788 616 cis
809 588 960 616 contenta
985 593 1220 627 quaecumque,

481 636 535 669 ubi
554 641 585 669 et
599 637 728 680 quando
742 647 823 680 opus
843 637 950 678 suerit,
970 647 1007 670 ac
1027 636 1154 681 quoties
1165 646 1224 679 pro

481 695 571 733 parte
591 689 751 733 praedicti
771 690 933 723 Francisci
954 689 1145 730 cardinalis,
1168 699 1224 722 seu

480 748 644 776 rectorum
665 743 712 776 ve'l
727 743 1038 784 administratorum,
1062 754 1119 777 seu
1139 743 1225 776 vica-

480 796 605 829 riorum
633 797 876 840 praedictorum
904 797 1022 830 suerint
1056 796 1222 840 requisiti,

481 850 670 884 solemniter
693 850 908 894 publicantes,
932 850 1043 894 eisque
1074 849 1104 883 in
1127 860 1223 894 prae-

480 903 584 936 missis
604 903 742 937 efficacis
763 903 959 937 defensionis
976 903 1138 947 praesidio
1153 902 1229 936 assi-

480 963 610 999 stentes,
628 957 745 990 saciant
762 957 951 990 auctoritate
965 963 1085 998 nostra,
1106 957 1229 990 litteras

480 1011 662 1055 praedictas
690 1021 719 1044 ct
740 1011 772 1043 in
794 1011 840 1045 eis
865 1016 1015 1044 contenta
1040 1011 1228 1044 huiusmodi

482 1063 620 1097 tirmiter
640 1064 815 1104 observari,
835 1074 899 1097 non
920 1064 1142 1108 permittentes
1160 1074 1226 1105 eos,

483 1117 531 1150 vel
563 1127 675 1151 corum
712 1117 852 1161 aliquem
889 1129 947 1162 per
986 1128 1227 1162 quoscumque,

484 1177 597 1204 contra
617 1171 805 1204 earumdem
827 1172 1046 1215 praesentium
1070 1177 1227 1212 tenorem,

485 1225 732 1268 quomodolibet
758 1225 900 1258 indebite
930 1225 1112 1258 molestari:
1148 1235 1228 1259 con-

487 1278 675 1312 tradictores
695 1279 856 1322 quoslibet
874 1290 933 1323 per
952 1279 1137 1321 sententias,
1159 1290 1233 1313 cen-

488 1342 577 1365 suras
610 1338 641 1365 et
672 1342 794 1376 poenas
823 1333 1074 1374 ecclesiasticas,
1106 1333 1232 1377 aliaque

490 1390 675 1429 opportuna
696 1385 775 1419 iuris
795 1392 823 1419 et
846 1386 918 1419 sacti
941 1386 1097 1427 remedia,
1121 1387 1233 1430 appel-

489 1439 607 1472 latione
627 1439 815 1483 postposita,
838 1441 1086 1484 compescendo,
1102 1451 1138 1473 ac
1157 1440 1235 1483 legi-

491 1493 577 1526 timis
596 1493 757 1537 superbis
777 1493 935 1527 habendis
952 1494 1085 1527 servatis
1105 1504 1235 1538 proces-

489 1546 588 1586 sibus,
611 1547 796 1587 sententias,
820 1557 971 1580 censuras
992 1553 1156 1591 etpoenas
1174 1547 1234 1580 hu-

491 1600 641 1639 iusmodi,
654 1600 750 1633 etiam
774 1600 895 1633 iteratis
907 1601 1030 1634 vicibus
1050 1612 1231 1644 aggravan-

491 1654 543 1694 do,
562 1654 708 1687 invocato
729 1654 825 1687 ctiam
845 1655 883 1687 ad
899 1654 970 1695 hoc,
985 1655 1010 1687 si
1031 1666 1112 1699 opus
1125 1655 1231 1695 suerit,

491 1707 611 1740 auxilio
633 1707 756 1740 brachii
777 1708 962 1740 saecularis

537 1762 553 1804 ξ
574 1760 604 1794 8.
628 1761 696 1794 Non
715 1761 916 1794 obstantibus
935 1762 1099 1795 voluntate
1126 1768 1236 1796 nostra

492 1814 676 1858 praedicta,
703 1825 739 1848 ac
771 1815 842 1858 piae
875 1815 1051 1848 memoriae
1082 1815 1235 1849 Bonit'acii

493 1869 596 1912 Papae
618 1868 692 1908 Vlll,
717 1868 813 1901 etiam
842 1868 1101 1912 praedecessoris
1121 1869 1232 1909 nostri,

493 1927 523 1955 et
544 1921 765 1954 Laterancusis
793 1921 924 1955 Concilii
948 1921 1119 1954 novissime
1155 1923 1235 1955 celc-

495 1976 577 2008 hrati
599 1975 735 2008 uniones
756 1981 928 2019 perpetuas
946 1975 1005 2008 uisi
1028 1975 1058 2008 in
1079 1976 1206 2009 casibus
1220 1987 1237 2009 a

495 2030 563 2062 iure
582 2029 745 2073 permissi>v
768 2029 835 2062 lieri
858 2029 1080 2073 prohibentis,
1104 2031 1238 2074 aliisque

495 2083 690 2127 apostolicis,
712 2095 747 2115 ac
769 2083 799 2115 in
827 2082 1076 2126 provincialibus
1106 2084 1235 2116 univer-

495 2137 680 2181 salibusquc
703 2136 847 2169 conciliis
872 2136 964 2169 editis
984 2137 1178 2180 specialibus
1192 2138 1239 2170 vel

497 2191 993 2233 generalibusconstitutionibus
1013 2197 1040 2223 et
1065 2192 1241 2225 ordinatio-

498 2244 603 2281 nibus]
625 2255 750 2277 net-nou
787 2244 984 2283 monasti-rii,
1006 2250 1035 2277 et
1057 2245 1216 2288 prioratus
1230 2273 1237 2286 ,

499 2310 534 2331 ac
544 2298 667 2331 ordinis
677 2298 928 2342 praedictorum,
941 2298 1036 2331 ctiam
1047 2298 1239 2339 iuramento,

499 2353 745 2385 contii-mationa
773 2352 959 2395 apostolica,
985 2353 1030 2385 vel
1057 2353 1167 2396 quavis
1189 2353 1243 2386 tir-

501 2405 610 2438 mitate
632 2406 692 2438 alia
716 2405 873 2438 roboratis
900 2406 1025 2438 statutis
1045 2412 1075 2438 et
1101 2416 1239 2439 cousue-

503 2459 666 2491 tudiuibus
688 2465 715 2491 et
745 2459 883 2499 naturis,
902 2459 1076 2503 prixitegiis
1095 2470 1239 2503 quoque,

505 2512 634 2544 indultis
655 2518 685 2544 vt
710 2512 821 2545 tim-ris
842 2512 1026 2556 apostolia-is
1045 2512 1106 2545 illis
1122 2519 1150 2545 vt
1172 2512 1243 2557 qui-

504 2565 610 2597 busvis
639 2576 749 2598 vorum
782 2566 1024 2610 supr-rioribus,
1049 2572 1078 2598 vt
1100 2566 1244 2610 personis

505 2619 562 2649 suh
590 2619 847 2663 ‹piihuseninque
880 2619 1045 2652 tenoribus
1062 2626 1092 2652 ct
1121 2619 1242 2659 formis,

506 2681 540 2703 ευ·
561 2683 632 2702 ‘'ttttt
659 2672 821 2714 quibtuvis
843 2673 937 2705 vtiatu
966 2673 1243 2711 «lerogsatiu'ittrutu

1257 475 1374 519 speeie,
1398 475 1494 508 etiam
1515 480 1617 516 motu,
1633 474 1766 509 scientia
1785 482 1816 509 et
1835 477 2002 520 potestatis

1257 528 1459 572 plenitudine
1478 528 1649 570 similibus,
1664 539 1701 563 ac
1724 529 1999 572 consistorialiter,

1258 588 1288 615 et
1308 582 1387 616 alias
1407 582 1439 615 in
1460 582 1660 616 contrarium
1687 583 1795 616 forsan
1815 584 2000 627 quomodo-

1258 636 1336 670 libet
1356 637 1526 671 concessis.
1550 636 1673 676 Quibus
1690 637 1854 678 omnibus,
1878 637 2003 672 etiamsi

1260 691 1298 724 de
1323 690 1385 724 illis
1405 701 1586 735 eorumque
1603 691 1677 724 totis
1698 690 1865 724 tenoribus
1882 691 2005 735 specia-

1260 743 1309 784 lis,
1333 744 1504 787 specifica,
1539 755 1688 788 expressa
1709 750 1739 778 et
1759 744 1945 786 individua,
1968 755 2005 778 ac

1261 797 1300 830 de
1311 797 1409 830 verbo
1423 797 1463 830 ad
1476 797 1622 838 verbum,
1638 808 1704 831 non
1721 803 1829 831 autem
1842 808 1900 842 per
1916 798 2005 832 clau-

1261 851 1347 884 sulas
1364 851 1531 894 generales
1543 851 1628 884 idem
1643 851 1856 895 importantes
1869 852 2003 893 mentio,

1262 915 1319 938 seu
1340 905 1472 948 quaevis
1492 905 1554 938 alia
1575 905 1737 949 expressio
1757 905 1907 939 habenda
1923 933 1930 946 ,
1952 911 2008 939 aut

1262 958 1372 1003 aliqua
1392 958 1455 991 alia
1474 958 1632 1002 exquisita
1658 959 1762 992 forma
1781 959 1822 992 ad
1847 959 1908 992 hoc
1933 969 2004 992 ser-

1262 1013 1366 1046 vanda
1386 1013 1479 1053 foret,
1503 1018 1631 1046 tenores
1647 1012 1845 1054 huiusmodi,
1869 1024 1906 1047 ac
1922 1013 1947 1047 si
1967 1013 2008 1047 de

1263 1066 1362 1099 verbo
1382 1067 1423 1100 ad
1449 1066 1582 1100 verbum
1608 1066 1687 1099 nihil
1718 1066 1846 1110 penitus
1875 1067 2005 1108 omisso,

1265 1125 1296 1153 et
1317 1120 1421 1153 forma
1442 1120 1473 1152 in
1502 1119 1564 1153 illis
1589 1119 1716 1160 tradita,
1747 1120 1935 1161 observata,
1959 1120 2009 1154 in-

1264 1173 1341 1206 serti
1368 1173 1496 1214 forent,
1531 1173 1761 1217 praesentibus
1784 1182 1844 1217 pro
1864 1173 1958 1217 plene
1979 1178 2010 1206 et

1265 1227 1462 1260 sufficienter
1482 1226 1638 1271 expressis
1659 1227 1814 1260 habentes
1827 1254 1834 1267 ,
1866 1226 1928 1260 illis
1947 1225 2011 1260 alia

1267 1280 1299 1313 in
1312 1291 1370 1314 sno
1382 1280 1499 1313 robore
1513 1280 1745 1324 permansuris,
1761 1280 1821 1313 hac
1831 1279 1899 1313 vice
1917 1280 2011 1313 dum-

1268 1340 1353 1368 taxat
1373 1334 1488 1367 harum
1509 1333 1592 1367 serie
1612 1333 1794 1378 specialiter
1811 1339 1841 1366 et
1861 1343 2010 1377 expresse

1269 1388 1473 1430 derogamus,
1485 1387 1656 1420 contrariis
1668 1386 1926 1430 quibuscumque
1937 1387 2012 1419 ,Αιιῑ

1268 1441 1292 1474 si
1314 1441 1414 1485 aliqui
1432 1451 1529 1484 super
1545 1439 1784 1484 provisionibus
1804 1439 1865 1473 sibi
1894 1439 2012 1473 sacien-

1269 1494 1317 1527 dis
1346 1494 1386 1527 de
1411 1494 1607 1538 prioratibus
1631 1493 1839 1534 huiusmodi,
1868 1493 1916 1526 vel
1941 1492 2012 1526 aliis

1269 1548 1436 1581 beneficiis
1468 1547 1691 1581 ecclesiasticis
1723 1547 1754 1580 iu
1786 1547 1847 1580 illis
1867 1547 2013 1591 partibus

1269 1601 1424 1646 speciales
1452 1602 1499 1635 vel
1521 1601 1687 1644 generales
1708 1601 1810 1635 dictae
1830 1601 1941 1642 Sedis,
1965 1601 2013 1634 vel

1270 1657 1447 1699 legatorum
1459 1655 1875 1699 eiuslittcrasimpetrarint,
1888 1654 2013 1688 etiamsi

1269 1721 1327 1754 per
1347 1720 1400 1743 eas
1417 1710 1456 1743 ad
1478 1708 1715 1748 inhibitionem,
1746 1708 2009 1748 reservationem,

1270 1764 1446 1803 decretum,
1468 1762 1604 1795 velalias
1623 1761 1867 1806 quomodolibet
1888 1761 2014 1806 sitpro-

1270 1827 1405 1849 cessum.
1421 1816 1504 1856 Quas
1520 1815 1651 1859 quidem
1667 1815 1789 1848 litteras
1802 1821 1832 1848 et
1843 1825 2014 1858 processus

1271 1870 1397 1903 habitos
1407 1869 1614 1914 pereasdcm,
1631 1874 1659 1902 et
1681 1869 1754 1902 inde
1768 1874 1904 1912 sequuta
1917 1878 2015 1912 quae-

1271 1934 1410 1968 cumque
1432 1924 1471 1956 ad
1490 1923 1670 1967 prioratum
1693 1928 1723 1956 ct
1743 1921 1946 1966 parochiales
1965 1932 2017 1955 ec·

1272 1978 1384 2011 ctesias
1404 1976 1589 2010 huiusmodi
1615 1977 1763 2010 volumus
1788 1986 1853 2009 non
1875 1974 2012 2016 extendi,

1272 2031 1326 2065 sed
1353 2031 1476 2064 nullum
1503 2041 1560 2074 per
1580 2029 1640 2063 hoc
1672 2029 1844 2073 eisquoad
1864 2039 2013 2073 assequu-

1275 2085 1394 2118 tionem
1413 2084 1615 2128 prioratuum
1631 2083 1677 2117 vel
1689 2082 1923 2116 beneficiorum
1938 2081 2017 2115 alio-

1274 2150 1344 2171 rum
1366 2136 1600 2181 praeiudicium
1622 2136 1785 2179 generari:
1810 2141 1840 2169 et
1860 2134 2017 2180 quibusli-

1275 2192 1328 2225 bet
1345 2191 1415 2224 aliis
1430 2189 1650 2233 indulgentiis,
1666 2189 1840 2233 privilegiis
1853 2194 1884 2222 et
1903 2187 2018 2222 litteris

1275 2245 1460 2289 apostolicis
1491 2243 1695 2287 generalibus
1726 2243 1773 2276 vcl
1803 2241 2014 2287 specialibus,

1276 2308 1546 2343 quorumcumptc
1583 2302 1731 2330 tenorum
1764 2295 1921 2335 existant,
1959 2305 2018 2339 per

1276 2364 1358 2396 quae
1376 2351 1597 2396 praesentibus
1617 2360 1681 2383 non
1707 2359 1877 2394 expressa,
1902 2349 1949 2382 vel
1971 2353 2019 2382 to-

1279 2405 1383 2438 taliter
1403 2416 1466 2437 nou
1489 2404 1617 2443 inserta,
1642 2402 1774 2436 cll'ectus
1787 2412 1900 2436 eorum
1918 2401 2019 2446 impe-

1278 2458 1337 2491 diri
1365 2458 1465 2490 valcat
1489 2456 1733 2501 quomodolibet
1755 2456 1802 2488 vel
1825 2454 1964 2495 differri,
1988 2459 2019 2488 et

1279 2511 1447 2555 dequibus
1469 2521 1674 2554 quorumque
1693 2509 1766 2542 totis
1780 2508 1944 2542 tenoribus
1957 2507 2015 2540 ha-

1279 2565 1383 2598 benda
1409 2565 1447 2597 sit
1469 2564 1498 2596 iu
1529 2564 1645 2597 nostris
1665 2564 1779 2597 litteris
1801 2562 1921 2596 mentio
1948 2572 2019 2606 spc-

1280 2619 1378 2651 cialis.

1325 2675 1340 2714 g
1362 2673 1391 2705 9.
1418 2672 1571 2704 Volumus
1591 2677 1697 2705 autem
1723 2670 1808 2715 quod
1830 2674 1962 2714 propter
1985 2679 2020 2701 u-

2013 261 2063 294 An.
2080 267 2108 294 c.
2130 260 2199 296 4599
