2253 3195
243 176 294 202 An.
310 174 340 202 G.
358 173 426 202 1593
472 163 514 198 66
1024 173 1209 198 numanum
1227 172 1382 197 Romnum
1975 172 2026 200 An.
2047 171 2161 202 01593

271 232 428 254 smusvmv
444 223 548 256 tulum
565 222 736 257 Cauriense
749 232 767 255 a
779 222 851 266 piae
864 221 1041 254 memoriae
1053 221 1181 261 SixtoV‚
1217 220 1342 261 riensis,
1357 227 1389 254 et
1408 221 1543 265 priores,
1559 227 1786 266 praeceptores
1803 227 1834 255 et
1844 221 1962 256 milites

242 260 430 315 {ithssssiiffiiiil
443 277 539 310 etiam
564 276 810 321 praedecessore
831 281 952 315 nostro,
976 285 1035 318 per
1054 274 1132 307 alias
1152 274 1184 306 in
1218 274 1377 308 dictarum
1395 274 1599 315 militiarum,
1620 275 1742 319 absque
1773 275 1908 320 strepitu
1933 281 1964 309 et

242 315 427 369 ssissss‘otdssoessa‘il
443 331 555 364 eadem
576 331 679 364 sorma
698 329 801 363 brevis
826 329 957 369 litteras,
985 328 1044 361 sub
1073 328 1183 361 datum
1217 327 1322 371 figura
1341 328 1463 369 iudicii,
1487 328 1770 362 extraiudicialiter
1789 334 1821 362 et
1837 329 1959 362 amica-

242 366 426 414 fflsffiuggsa-
440 393 503 417 xxx
532 382 673 416 octobris
701 390 864 415 mnnxxxvr
895 379 1059 424 expeditas
1072 407 1079 420 ,
1102 379 1185 412 obti-
1217 382 1324 416 biliter
1342 382 1450 426 potius
1463 393 1560 426 quain
1581 393 1654 416 cum
1676 382 1823 416 maximis
1836 382 1964 427 dispen-

2215 326 2253 438 Ξ

379 2118 383 2122 -
435 2103 532 2141 prout
556 2097 650 2131 latius
682 2098 713 2130 in
743 2098 916 2142 praedictis
941 2098 1053 2132 litteris
1078 2099 1179 2132 conti-

273 2257 333 2281 Ouod
350 2262 419 2279 tamen

237 2290 283 2305 tum
310 2287 418 2312 perturba-

236 2317 317 2334 tionum
354 2319 377 2333 ’τι

236 2347 283 2362 on·
294 2343 365 2366 ρυιιιι

439 441 580 470 nuerunt
608 434 843 473 avocationem,
877 433 1121 478 suspensionem
1150 443 1184 466 0-

443 489 593 533 mniaque
613 488 646 521 in
676 488 769 521 dictis
793 486 908 521 litteris
936 487 1083 530 Gregorii
1108 497 1184 520 con-

441 548 537 583 tenta,
561 552 633 575 eum
651 541 802 574 omnibus
821 541 896 574 inde
915 540 1047 584 sequtis,
1064 540 1094 574 in
1110 541 1183 585 qui-

439 594 498 629 bus
523 601 631 628 tamen
655 594 738 627 liber
761 594 902 638 partium
922 605 1098 628 consensus
1118 605 1182 627 non

438 648 664 689 intervenerat,
687 649 794 692 quoad
814 658 926 682 causas
950 654 980 682 et
1008 648 1078 682 lites
1102 648 1182 682 Cau-

438 701 560 735 rienses
588 701 672 735 inter
692 701 879 746 episcopum
900 707 929 735 et
947 702 1128 746 Capitulum
1153 708 1184 735 et

438 764 550 788 eorum
576 755 751 800 quemlibet
781 766 817 789 ex
843 766 927 796 una,
952 762 982 789 et
1001 756 1119 789 milites
1144 756 1182 789 de

437 807 642 849 Alcanthara,
665 808 981 853 archipraesbyteros
1006 819 1183 853 omnesque

438 861 528 902 alios,
553 872 662 895 coram
683 862 941 906 quibuscumque
961 862 1178 903 auditoribus,

439 925 476 948 ex
495 915 595 948 altera
615 915 761 960 partibus
771 916 1018 960 quomodolibet
1037 916 1182 960 penden-

439 975 495 1008 tes,
519 970 670 1011 relaxari,
702 970 846 1004 revocari
872 976 902 1004 et
932 971 1111 1009 annullari;
1146 982 1183 1004 ac

439 1022 641 1068 episcopum,
666 1029 697 1057 et
720 1023 901 1068 Capitulum
924 1024 1126 1068 praedictum
1152 1031 1183 1058 et

437 1086 550 1111 eorum
571 1077 712 1120 singulas
731 1077 835 1111 dictae
851 1077 1030 1112 Cauriensis
1048 1078 1178 1112 dioece-

437 1130 480 1164 sis
499 1130 649 1165 ecclesias
669 1130 701 1164 in
721 1141 795 1164 eum
811 1159 818 1172 ‚
841 1131 873 1164 in
895 1141 958 1175 quo
981 1137 1053 1165 ante
1081 1132 1181 1166 dictas

438 1184 559 1218 litteras
578 1184 724 1228 Gregorii
753 1190 843 1218 erant
869 1190 1008 1225 statum,
1037 1185 1181 1230 plenarie

437 1238 639 1282 reintegrari,
653 1239 696 1273 ita
713 1239 800 1283 quod
812 1239 851 1273 de
864 1244 991 1273 caetero
1011 1239 1180 1284 episcopus

437 1298 468 1326 et
484 1292 664 1337 Capitulum
685 1299 716 1327 et
735 1293 869 1338 quilibet
886 1300 1058 1335 eorum,ut
1078 1294 1176 1338 prius,

437 1345 506 1379 iura
523 1356 580 1379 sua
609 1352 639 1380 et
667 1346 820 1381 ecclesiae
850 1347 968 1380 iustitia
998 1347 1175 1389 mediante,

436 1405 547 1433 contra
567 1400 667 1434 dictas
688 1400 818 1434 militias
838 1406 868 1434 et
887 1411 998 1434 earum
1027 1412 1180 1445 personas

435 1463 471 1486 ac
491 1453 669 1497 quamlibet
687 1453 815 1487 illarum
835 1454 999 1498 prosequi,
1015 1454 1046 1487 in
1061 1454 1179 1489 iudicio

436 1512 467 1539 et
479 1512 577 1547 extra,
594 1506 693 1540 libere
714 1513 744 1540 et
763 1507 850 1541 licite
870 1508 1013 1541 valerent
1029 1508 1061 1541 in
1074 1509 1179 1542 omni-

436 1559 495 1593 bus
523 1566 553 1594 et
582 1571 639 1605 per
668 1561 789 1601 omnia,
813 1561 947 1605 perinde
974 1573 1010 1595 ac
1030 1562 1055 1595 si
1077 1563 1179 1596 dictae

437 1613 560 1647 litterae
579 1613 736 1657 Gregorii,
760 1614 866 1658 quoad
888 1614 984 1658 ipsos,
1001 1626 1178 1660 numquam

437 1673 656 1707 emanassent,
679 1667 788 1712 sicque
808 1678 865 1712 per
882 1679 1103 1713 quoscumque
1130 1670 1179 1703 iu-

437 1720 536 1761 dices,
559 1721 741 1754 ordinarios
761 1727 792 1754 et
811 1722 984 1764 delegatos,
1009 1722 1104 1756 etiam
1126 1723 1176 1756 di-

437 1780 506 1808 ctae
527 1774 625 1809 Rotae
655 1775 817 1808 auditores
831 1802 838 1816 ‚
861 1775 986 1809 sublata
1006 1776 1050 1809 eis
1071 1782 1100 1810 et
1125 1787 1179 1810 eo-

437 1838 508 1861 rum
535 1828 666 1862 cuilibet
696 1829 807 1873 quavis
837 1829 928 1862 aliter
959 1829 1122 1863 iudicandi
1150 1837 1180 1864 et

436 1881 667 1926 interpretandi
686 1882 834 1916 facultate
851 1888 882 1915 et
902 1883 1102 1924 auctoritate,
1125 1883 1176 1917 iu-

435 1935 535 1969 dicari
557 1942 587 1969 et
613 1935 740 1970 deliniri
768 1936 907 1977 dehere;
940 1936 1065 1970 irritum
1098 1948 1179 1981 quo-

436 2000 498 2034 que
519 1996 549 2023 et
571 1990 664 2023 inane
697 1990 875 2024 decernens
906 1991 1062 2035 quidquid
1088 2002 1180 2025 secus

435 2053 533 2088 super
553 2043 602 2077 his
627 2044 804 2087 contigeret
833 2045 1002 2085 attentari,
1026 2051 1056 2078 et
1076 2045 1154 2078 alias
1168 2073 1175 2085 ‚

435 2158 538 2184 netur.

481 2206 496 2247 5
518 2203 547 2238 3.
571 2205 648 2238 Cum
670 2211 790 2245 autem,
814 2205 894 2239 sicut
915 2216 972 2249 pro
994 2211 1083 2249 parte
1102 2206 1176 2239 dicti

436 2257 519 2300 regis
539 2257 687 2291 catholici
702 2257 794 2291 nobis
811 2258 990 2302 expositum
1005 2258 1074 2298 suit,
1087 2259 1177 2291 valde

397 2319 418 2333 ⁸¹
435 2311 546 2355 quieti,
563 2311 631 2355 paci
654 2318 683 2344 et
705 2311 927 2355 tranquillitati
947 2311 1103 2345 dictarum
1120 2312 1178 2344 mi-

437 2364 575 2398 litiarum
608 2371 638 2398 et
668 2365 876 2398 ecclesiarum
906 2376 942 2398 ac
965 2365 1060 2399 totius
1080 2366 1175 2399 etiam

436 2419 525 2461 regni
545 2419 724 2458 conveniat,
747 2425 781 2452 ut
801 2420 1057 2459 controversiae,
1082 2420 1152 2453 lites
1166 2447 1173 2459 ‚

435 2472 638 2516 quaestiones
658 2479 687 2506 et
705 2473 902 2506 differentiae
923 2473 1106 2507 huiusmodi
1127 2474 1177 2506 iu-

437 2532 484 2560 ter
514 2526 633 2560 dictum
665 2527 848 2571 episcopum
880 2534 910 2560 et
935 2527 1115 2572 Capitulum
1140 2533 1193 2561 ac*

436 2579 586 2614 ecclesias
603 2580 705 2614 dictae
725 2580 858 2614 civitatis
878 2587 908 2614 et
928 2581 1083 2615 dioecesis
1095 2569 1193 2617 Cau-l

1218 436 1299 476 diis,
1322 436 1592 480 protelationibus
1616 442 1648 470 et
1667 436 1814 470 omnium
1840 436 1964 470 incom-

1218 489 1322 523 modis
1353 483 1607 533 cognoscantur,
1630 489 1786 533 valdeque
1817 489 1964 534 expediat

1217 553 1256 576 ne
1277 543 1432 588 praedicti
1453 543 1581 581 milites,
1605 543 1661 587 qui
1681 542 1756 576 dicti
1776 542 1868 586 regni
1884 553 1960 587 per-

1217 607 1314 630 sonae
1333 597 1482 640 egregiae
1499 607 1535 630 ae
1555 597 1750 641 principales
1767 596 1916 638 existunt,
1932 603 1963 630 et

1216 661 1297 695 quos
1329 661 1388 695 pro
1424 651 1508 694 regis
1542 651 1671 685 servitio
1704 651 1870 695 expeditos
1894 661 1962 685 esse
2123 656 2160 679 '⁸
2211 652 2238 683 J

1216 704 1375 745 convenit,
1391 704 1704 738 immemorabilihus
1721 704 1832 738 litibus
1853 709 1884 738 et
1896 704 1961 738 dis-

1216 758 1416 792 sentionibus
1435 769 1510 792 cum
1539 759 1690 792 omnibus
1716 759 1781 793 sere
1813 758 1962 793 ecclesia-

1215 811 1302 845 sticis
1332 812 1479 856 personis
1510 818 1540 845 et
1570 811 1721 856 praelatis
1757 811 1833 845 dicti
1871 811 1962 855 regni

1216 865 1432 909 implicentur,
1457 876 1538 910 quos
1563 865 1660 899 etiam
1680 876 1740 909 pro
1771 865 1861 909 pacis
1885 875 1962 899 con-

1215 919 1396 952 servatione
1416 925 1448 952 et
1468 919 1558 962 regni
1572 919 1681 963 quiete
1700 929 1718 952 a
1740 918 1801 952 sori
1823 918 1963 952 tumultu

1215 978 1357 1006 remotos
1388 983 1456 1006 esse
1485 983 1543 1017 par
1567 978 1635 1013 est,
1659 983 1764 1017 neque
1795 978 1962 1017 praeterea

1216 1025 1384 1059 ferendum
1404 1026 1562 1067 videatur,
1585 1032 1621 1059 ut
1641 1026 1811 1070 episcopus
1827 1032 1858 1060 et
1871 1025 1962 1070 Capi-

1216 1080 1317 1112 tulum
1343 1079 1543 1124 praedictum
1572 1080 1749 1124 praebeant
1773 1089 1832 1113 suo
1857 1089 1962 1113 exem-

1214 1133 1268 1177 plo
1288 1133 1358 1166 aliis
1383 1133 1533 1168 omnibus
1553 1133 1815 1178 archiepiscopis,
1837 1133 1962 1178 episco-

1214 1186 1262 1230 pis
1283 1193 1313 1220 et
1332 1187 1484 1231 praelatis
1503 1199 1540 1221 ac
1557 1188 1704 1232 personis
1723 1187 1957 1229 ecclesiasticis,

1213 1240 1245 1273 in
1267 1240 1359 1274 dictis
1379 1241 1492 1275 litteris
1512 1241 1786 1286 compraehensis,
1809 1241 1956 1276 occasio-

1212 1304 1286 1327 nem
1312 1294 1431 1328 similes
1452 1295 1671 1328 revocationes
1691 1295 1850 1328 dictarum
1876 1294 1960 1328 litte-

1214 1359 1321 1381 rarum
1343 1348 1489 1391 Gregorii
1507 1348 1713 1393 impetrandi,
1729 1348 1762 1382 in
1782 1348 1958 1382 maximum

1212 1402 1400 1436 scandalum
1421 1403 1617 1447 populorum
1639 1408 1669 1436 et
1688 1402 1876 1436 militiarum
1901 1403 1957 1437 de-

1215 1455 1421 1497 trimentum,
1449 1467 1523 1490 cum
1550 1456 1739 1500 praesertim
1771 1456 1896 1490 facilius
1928 1462 1959 1490 et

1212 1509 1340 1544 brevius
1360 1509 1545 1544 huiusmodi
1566 1520 1677 1544 ornnes
1697 1510 1935 1544 controversiae
1948 1538 1956 1550 ‚

1213 1574 1286 1596 cum
1300 1564 1440 1607 partium
1454 1564 1596 1608 ipsarum
1610 1563 1839 1598 commoditate
1853 1574 1871 1598 a
1884 1573 1959 1607 rege

1214 1617 1294 1660 ipso,
1318 1617 1372 1661 qui
1393 1617 1544 1651 omnibus
1564 1627 1668 1661 aequa
1687 1617 1778 1651 lance
1804 1617 1958 1651 iustitiam

1214 1670 1396 1704 ministrare
1416 1677 1546 1714 paratus
1566 1676 1633 1711 est,
1656 1681 1713 1704 seu
1744 1670 1783 1704 ab
1815 1670 1884 1704 eius
1904 1671 1959 1704 de·
1983 1683 1988 1686 ·

1214 1723 1342 1768 putatis,
1366 1724 1421 1768 qui
1442 1724 1504 1757 iam
1525 1724 1564 1758 dc
1595 1724 1779 1758 huiusmodi
1811 1730 1959 1768 praeten-

1213 1777 1357 1811 sionibus
1376 1777 1555 1821 pleniorem
1577 1778 1696 1812 habent
1719 1789 1776 1812 seu
1797 1778 1889 1812 facile
1903 1778 1958 1812 ha-

1213 1830 1288 1864 bere
1308 1836 1441 1874 possunt
1466 1831 1682 1873 cognitionem
1703 1837 1735 1864 et
1756 1831 1957 1866 informatio-

1213 1894 1298 1924 nem,
1322 1884 1512 1918 concordari
1538 1890 1569 1918 et
1587 1884 1686 1929 sopiri
1707 1885 1838 1929 possint.

1258 1938 1272 1981 g
1296 1938 1327 1970 4.
1349 1938 1421 1978 Nos,
1443 1938 1733 1982 supplicationibus
1751 1938 1827 1973 dicti
1847 1939 1958 1973 catho-
2013 1943 2110 1966 C¹⁰¹=0n⁵
2125 1950 2158 1966 re·

1214 1991 1264 2024 lici
1287 1991 1370 2034 regis
1391 1991 1545 2032 inclinati,
1566 1991 1688 2026 litteras
1707 1991 1853 2035 Gregorii
1865 2002 1958 2037 prae·
1972 1971 2158 2022 ῗῗῖῗῖῑῑεῖἷῖοῗέ

1238 2044 1243 2050 ,
1529 2046 1533 2051 ,
1624 2045 1629 2051 ,
1694 2045 1699 2051 ,
1871 2044 1879 2053 ,
1972 2024 2027 2046 Sixti
2048 2024 2157 2046 decretum

1213 2045 1323 2085 dictas,
1352 2056 1425 2078 cum
1447 2045 1598 2079 omnibus
1623 2056 1654 2078 in
1672 2056 1718 2079 eis
1738 2051 1896 2080 contentis
1920 2052 2047 2080 :icit-‘1⁸³⁸-

1214 2098 1287 2132 inde
1307 2099 1460 2143 sequutis,
1485 2099 1635 2133 adversus
1656 2099 1755 2132 dictas
1779 2099 1855 2134 Sixti
1875 2100 1958 2134 litte-

1213 2163 1274 2191 ras,
1296 2162 1432 2196 quarum
1456 2158 1583 2186 tenores
1611 2152 1663 2186 liic
1681 2163 1740 2197 pro
1761 2153 1958 2188 sufficienter

1212 2206 1368 2250 expressis
1389 2212 1417 2239 et
1437 2206 1476 2239 de
1498 2206 1596 2240 verbo
1617 2206 1656 2240 ad
1674 2206 1808 2240 verbum
1830 2206 1956 2240 insertis

1212 2259 1322 2292 haberi
1344 2260 1502 2298 volumus.
1526 2260 1755 2294 confirmantes
1775 2271 1812 2293 ac
1832 2260 1952 2294 reinte-

1211 2319 1338 2355 grautes
1352 2313 1383 2346 in
1401 2313 1552 2347 omnibus
1563 2320 1594 2347 et
1612 2324 1670 2358 per
1688 2313 1807 2353 onmia,
1822 2313 1956 2358 perinde

1211 2378 1247 2399 ac
1267 2367 1292 2399 si
1313 2377 1370 2410 per
1394 2367 1493 2400 dictas
1524 2366 1600 2400 Sixti
1632 2366 1753 2399 litteras
1777 2377 1955 2411 numquam

1211 2421 1369 2454 relaxatae
1399 2427 1429 2454 et
1457 2420 1641 2454 annullatae
1667 2420 1822 2461 fuissent,
1850 2431 1955 2465 neque

1210 2474 1313 2507 dictae
1342 2474 1419 2508 Sixti
1445 2474 1568 2508 litterae
1598 2480 1817 2515 emanassent;
1841 2485 1878 2509 ac
1907 2474 1954 2508 in-

1210 2538 1306 2571 super
1326 2527 1395 2561 lites
1415 2532 1444 2561 et
1470 2537 1582 2562 causas
1605 2527 1793 2562 Caurienses
1817 2527 1848 2561 in
1873 2527 1954 2562 Rota

1210 2580 1453 2628 quomodolibet
1472 2581 1648 2625 pendentes
1663 2580 1745 2614 inter
1765 2580 1953 2626 episcopum
