2253 3195
272 240 320 266 An.
337 239 366 267 c.
388 240 457 269 1597
504 232 568 267 398

297 1415 380 1436 Subdiu
389 1423 459 1437 omnes

275 1447 286 1459 ²
296 1444 428 1463 turriti-'findi
439 1447 458 1464 el

276 1468 383 1488 tut-›titan‹
413 1471 458 1495 lepre

274 1495 386 1515 sotiantur.

471 291 580 324 talitiis
600 298 629 324 et
650 291 743 331 locis,
768 291 892 324 iuribus
906 318 913 331 ‚
937 291 1214 325 iurisdictionibus

471 351 501 377 et
524 345 619 377 bonis
643 344 841 388 quibuslibet
871 345 1094 378 ecclesiasticis
1109 373 1117 386 ‚
1141 356 1211 378 em-

471 397 672 441 phyteuticis,
693 396 789 430 etiam
809 397 1000 438 feudalibus,
1016 408 1034 431 a
1051 398 1215 441 quibusvis

471 450 612 482 ecclesiis
632 450 782 490 obtentis,
797 450 995 494 caeterisque
1007 451 1215 495 quibuscum-

471 513 554 546 que:
582 513 618 535 ac
643 503 741 536 etiam
773 503 994 544 allodialibus‚
1018 504 1152 548 aliisque
1183 504 1214 537 in

471 555 634 598 quibusvis
654 556 754 596 locis,
778 556 872 590 terris
902 563 930 589 et
961 557 1114 591 dominiis
1145 557 1211 590 exi·

470 609 638 649 stentibus‚
654 615 684 642 et
698 610 738 643 ad
759 620 833 642 eum
853 611 1074 654 spectantibus
1094 617 1215 655 etper-

472 661 646 695 liuentibus
669 663 864 706 supradictis
878 690 885 703 ‚
909 669 940 697 et
959 663 1107 697 similiter
1136 674 1212 708 per-

470 719 568 757 petuo
588 714 763 758 privamus,
785 722 815 749 et
834 716 994 760 privatum
1016 727 1083 750 esse
1103 717 1215 750 decer-

470 767 589 807 nimus,
613 768 761 812 ipsasque
779 769 932 810 civitates,
956 776 1068 810 terras,
1093 776 1212 810 castra,

470 821 607 866 oppida,
632 823 794 864 fortalitia,
821 824 891 857 loca
916 829 1106 868 caeteraque
1132 825 1216 858 bona

471 875 698 916 ecclesiastiea,
722 877 961 921 emphyteutica
981 883 1009 910 et
1036 877 1175 910 feudalia
1199 888 1217 910 a

471 927 636 971 quibusvis
656 929 798 962 eeclesiis
826 941 885 973 per
909 941 983 963 eum
1009 931 1152 971 obtenta,
1176 932 1217 965 ad

472 981 624 1014 ecclesias
647 988 678 1016 et
702 993 814 1016 eorum
834 983 974 1017 directos
994 984 1143 1018 dominos
1163 986 1218 1018 de-

472 1035 595 1068 volutas
619 1047 656 1069 ae
681 1037 848 1078 devoluta,
872 1043 902 1071 et
927 1048 1070 1072 reversas
1097 1049 1133 1071 ae
1161 1050 1214 1072 re—

471 1099 577 1129 versa,
600 1089 763 1123 allodialia
787 1101 862 1124 vero
887 1091 1061 1125 confiscata
1085 1098 1114 1126 et
1140 1092 1217 1127 fisco

473 1142 677 1186 incorporata
698 1145 873 1187 respective
894 1145 960 1178 fore
981 1151 1011 1178 et
1031 1156 1121 1187 esse,
1145 1147 1218 1180 reli-

472 1206 536 1239 qua
553 1207 628 1230 vero
645 1198 829 1241 supradicta
849 1199 1089 1243 occupantium,
1110 1206 1144 1233 ut
1164 1200 1215 1233 in-

474 1250 521 1282 sra
535 1277 543 1290 ,
577 1250 663 1283 licite
695 1251 765 1284 fieri
801 1252 1004 1286 decernimus
1039 1258 1069 1286 et
1106 1253 1215 1287 decla-

475 1313 594 1336 ramus.

519 1355 535 1396 g
561 1353 609 1387 14.
633 1355 751 1388 Omnes
776 1362 942 1399 praeterea
972 1358 1219 1392 communitates

475 1412 503 1439 et
518 1407 750 1448 universitates,
766 1420 802 1442 ac
816 1409 1025 1453 particulares
1038 1411 1133 1444 etiam
1148 1423 1219 1455 per—

474 1468 568 1491 sonas
587 1465 649 1492 tam
671 1461 862 1501 saeculares,
879 1472 976 1505 quam
990 1463 1219 1497 ecclesiasticas

475 1512 709 1557 cuiuscumque
729 1520 839 1555 status,
857 1516 986 1556 gradus,
1010 1517 1215 1558 conditionis,

476 1567 650 1609 qualitatis,
671 1568 806 1607 ordinis,
824 1569 988 1611 dignitatis
1008 1576 1037 1603 et
1058 1572 1218 1614 praeemi-

476 1620 603 1653 nentiae
623 1621 752 1660 fuerint,
776 1622 951 1663 civitatum,
973 1629 1143 1665 terrarum,
1166 1636 1218 1659 ca-

475 1679 638 1713 strorum,
667 1674 886 1718 oppidorum,
922 1677 1148 1711 fortalitiorum
1190 1686 1220 1713 et

477 1727 620 1760 locorum
641 1729 918 1772 supradictorum,
942 1730 1137 1775 illorumque
1166 1733 1216 1766 in-

476 1780 563 1812 colas
583 1786 613 1813 et
639 1781 852 1821 habitatores,
877 1793 1003 1816 necnon
1035 1785 1130 1818 etiam
1156 1796 1216 1826 {su-

476 1833 674 1873 bernatores,
703 1832 900 1878 praefectos,
924 1844 1100 1880 praetores,
1124 1846 1217 1883 pote-

476 1892 590 1927 states,
613 1894 774 1929 rectores,
799 1890 1037 1932 locatenentes,
1065 1893 1220 1927 substitu-

478 1945 536 1979 tos,
566 1940 717 1981 vicarios,
741 1942 971 1987 universosque
1002 1945 1165 1979 ministros
1192 1952 1221 1980 ct

477 1993 647 2030 ollicialcs2
670 1995 793 2027 arcium
815 2002 981 2039 praeterea
1002 2003 1030 2030 ot
1053 1999 1222 2033 fortalitio-

478 2059 547 2080 rum
569 2048 717 2081 custodes
737 2055 766 2082 et
788 2050 996 2087 castellanos,
1020 2062 1036 2083 a
1058 2063 1218 2096 quocum-

477 2112 538 2145 que
558 2102 719 2135 fidelitatis
734 2102 926 2143 iuramento,
941 2111 995 2138 aut
1009 2106 1222 2148 promissione

478 2155 535 2198 ipsi
557 2156 680 2188 Caesari
702 2157 946 2199 quomodolilwt
972 2159 1143 2201 praestitis,
1169 2171 1222 2204 pe-

478 2208 562 2240 nitus
582 2209 779 2242 absolvimus
796 2216 826 2242 et
847 2210 1030 2244 libs-ramus.

523 2264 538 2301 ξ
570 2261 616 2294 17».
649 2264 690 2295 ,tv
724 2263 855 2307 insuper
881 2273 994 2296 onmes
1019 2270 1045 2297 et
1079 2266 1222 2307 singulos

281 2350 304 2363 Η
330 2324 348 2335 ¹¹
376 2326 379 2333 ·
404 2326 462 2365 ''„].'.'.
478 2315 692 2358 supradictos,
717 2327 841 2349 nce-non
863 2317 1006 2350 ciusdem
1025 2319 1166 2352 (lat-saris
1187 2321 1222 2352 ti-

392 2408 395 2415 ⁴
425 2381 465 2419 [⁴¹¹
481 2368 550 2407 lios,
574 2371 697 2407 fratrc-s,
722 2371 988 2411 consanguineos,
1010 2380 1154 2412 agitatos,
1177 2376 1222 2406 al'-

418 2436 464 2473 (ΓΞ
482 2424 570 2459 tim-s,
589 2424 761 2466 proximos,
779 2430 812 2457 ut
825 2425 886 2457 illis
900 2426 1011 2469 quovis
1032 2427 1132 2466 gradu
1148 2438 1223 2460 ron-

281 2480 363 2526 ⁸··‘·
482 2475 604 2509 itini-tos
637 2479 860 2521 supradictos,
886 2479 916 2511 iu
952 2479 1065 2512 virtute
1095 2486 1223 2513 sant-tac

481 2530 702 2569 oba-iliciuiac,
727 2538 757 2564 ct
785 2532 844 2565 sub
876 2533 988 2576 pot-nis
1015 2533 1224 2577 infrascriptis

481 2590 572 2625 (quas
594 2585 861 2617 contrafaricntvs
890 2586 958 2629 ipso
988 2588 1070 2619 facto
1103 2586 1223 2629 absque

481 2636 541 2667 alia
562 2637 778 2670 declaratione
800 2638 964 2672 incurrere
982 2640 1153 2680 volumus),
1173 2645 1220 2672 te-

1051 243 1235 268 BULLARIUM
1254 244 1407 268 ROMANUM

1247 302 1328 325 nore
1347 292 1585 335 praesentium,
1609 293 1805 336 requirimus
1826 300 1857 328 et
1877 305 1989 329 mone-

1248 355 1340 385 mus,
1369 345 1555 389 eisdemque
1587 345 1730 379 distriete
1761 348 1990 392 praecipiendo

1249 399 1440 431 mandamus
1470 404 1648 442 quatenus,
1680 400 1768 432 omni
1799 401 1992 444 allegatione

1248 457 1404 492 cessante,
1425 457 1455 484 et
1480 452 1782 495 comparitionibus,
1805 453 1965 488 instantiis
1980 482 1987 493 ,

1248 500 1517 547 oppositionibus,
1538 505 1791 548 exceptionibus,
1807 506 1991 549 replicatio-

1248 556 1353 597 nibus,
1378 557 1598 598 dilationibus,
1620 558 1888 599 recusationibus,
1911 559 1989 592 sub-

1248 610 1405 653 terfugiis,
1428 611 1715 654 protestationibus
1735 617 1766 645 et
1794 611 1915 645 frivolis
1935 623 1992 656 ap-

1248 663 1474 706 pellationibus
1491 664 1530 697 ad
1548 665 1800 708 praemissorum
1818 665 1993 699 excusatio-

1248 726 1323 749 nem
1355 717 1593 756 inducendam,
1628 719 1676 751 vel
1712 719 1991 763 infrascriptorum

1249 770 1497 813 exequutionem
1532 771 1773 815 impediendam
1809 773 1858 806 vel
1897 773 1990 806 diffe-

1248 823 1400 863 rendam,
1424 824 1521 857 etiam
1539 824 1578 857 ad
1607 835 1665 858 nos
1685 830 1715 858 et
1732 825 1847 859 Sedem
1864 827 1994 870 praedi-

1250 882 1344 917 ctam,
1368 888 1404 910 ac
1429 877 1525 911 etiam
1550 888 1567 910 a
1597 889 1751 922 processu
1781 885 1812 912 et
1836 880 1994 914 sententia

1250 930 1441 973 praedictis,
1466 931 1564 975 ipsius
1594 931 1754 973 Caesaris,
1777 932 1826 965 vel
1857 932 1995 966 cuiusvis

1250 983 1381 1017 alterius
1401 984 1532 1018 nomine
1553 985 1661 1018 forsan
1692 985 1889 1029 interpositis
1902 1013 1909 1022 ,
1937 996 1994 1019 seu

1251 1037 1495 1081 quomodolibet
1516 1038 1615 1077 factis,
1638 1049 1694 1071 seu
1715 1038 1926 1083 imposterum
1948 1039 1996 1072 in-

1251 1091 1459 1134 terponendis
1490 1097 1520 1125 et
1536 1091 1697 1125 faciendis
1717 1092 1820 1136 (quas
1845 1102 1882 1125 ex
1909 1103 1996 1125 nunc

1251 1150 1345 1188 prout
1368 1156 1403 1178 ex
1425 1150 1518 1185 tune,
1541 1145 1646 1178 nullas
1666 1151 1697 1178 et
1724 1145 1763 1178 de
1793 1145 1876 1179 facto
1898 1146 1996 1180 inter-

1252 1197 1371 1242 positas
1390 1203 1421 1231 et
1442 1198 1539 1231 factas
1558 1198 1626 1231 fore
1639 1198 1844 1242 nunciamus)
1861 1199 1995 1233 omnino

1252 1251 1378 1284 reiectis
1407 1256 1502 1295 atque
1529 1251 1685 1291 sublatis,
1713 1252 1796 1285 infra
1824 1252 1995 1286 duodecim

1253 1304 1378 1337 dierum
1410 1305 1570 1348 spatium,
1603 1310 1773 1348 postquam
1811 1311 1998 1348 praesentes
2041 1313 2046 1316 ·

1253 1356 1377 1390 litterae
1403 1357 1522 1390 fuerint
1542 1357 1736 1401 publicatae,
1757 1368 1896 1402 quorum
1918 1369 1997 1402 qua-

1252 1416 1326 1443 tuor
1345 1421 1404 1454 pro
1425 1410 1542 1454 primo,
1567 1416 1706 1454 quatuor
1725 1421 1785 1454 pro
1805 1411 1947 1444 secundo
1968 1417 1999 1445 et

1254 1463 1395 1507 reliquos
1419 1469 1560 1507 quatuor
1586 1463 1654 1497 dies
1681 1474 1741 1507 pro
1768 1464 1863 1498 tertio
1890 1470 1919 1498 et
1951 1465 2000 1498 ul-

1253 1517 1331 1550 timo
1360 1528 1396 1550 ac
1423 1517 1644 1562 peremptorio
1665 1517 1803 1551 termino
1835 1524 1862 1550 et
1892 1518 1998 1551 moni-

1253 1571 1338 1604 tione
1368 1571 1521 1604 canonica
1558 1571 1603 1604 eis
1634 1571 1786 1605 omnibus
1820 1577 1851 1605 et
1885 1582 1998 1605 eorum

1252 1624 1386 1666 singulis
1400 1624 1610 1666 assignamus,
1629 1625 1661 1658 in
1679 1624 1871 1665 civitatibus,
1893 1625 1996 1666 terris,

1253 1679 1379 1719 castris,
1403 1679 1548 1722 oppidis,
1576 1679 1672 1719 locis,
1696 1678 1858 1712 fortalitiis
1877 1684 1907 1712 et
1929 1679 1999 1713 aliis

1252 1732 1446 1777 supradictis
1467 1742 1500 1765 se
1519 1732 1559 1765 de
1584 1737 1711 1765 caetero
1736 1742 1801 1765 non
1830 1732 1996 1775 ingerant,

1254 1797 1311 1819 ner
1333 1786 1364 1819 in
1385 1786 1438 1819 illa
1459 1785 1685 1824 intromittant,
1709 1795 1744 1818 ac
1767 1785 1894 1818 illarum
1916 1786 1995 1819 eivi-

1254 1845 1367 1879 tatum,
1392 1845 1562 1879 terrarum,
1585 1839 1793 1882 oppidorum,
1817 1845 1997 1873 castrorum

1254 1899 1284 1926 et
1305 1894 1450 1926 locorum
1471 1892 1731 1936 supradictormn
1748 1919 1754 1932 ‚
1778 1903 1861 1936 quae
1881 1893 1921 1926 ad
1942 1904 1999 1941 nos

1255 1952 1285 1979 et
1304 1946 1344 1978 ad
1365 1947 1544 1979 Romanam
1562 1945 1748 1985 Ecclesiam,
1765 1945 1948 1990 Sedemque
1969 1953 1998 1981 et

1254 2000 1419 2033 Cameram
1434 1999 1632 2042 praedictam
1649 2009 1774 2032 reversa
1787 2005 1814 2032 et
1835 2000 1996 2042 devoluta,

1256 2060 1286 2086 ut
1308 2054 1498 2097 praefertur,
1515 2059 1599 2091 sunt,
1616 2054 1851 2097 possessionem
1866 2055 1996 2095 realem,

1255 2107 1424 2147 actualem,
1449 2118 1581 2140 vacuam
1602 2113 1632 2140 ct
1654 2107 1834 2151 expeditam
1855 2107 1949 2141 nobis
1969 2115 2000 2142 et

1257 2161 1419 2193 Romanae
1440 2160 1611 2201 Ecclesiae,
1635 2160 1775 2204 Scdique
1799 2167 1830 2194 et
1849 2161 2000 2195 Gamerae

1257 2213 1439 2257 praedictae
1467 2213 1583 2246 dimitti
1605 2219 1635 2246 ct
1656 2214 1788 2246 relaxari
1817 2220 1947 2254 curent,
1970 2220 2001 2248 et

1256 2278 1328 2300 vum
1350 2266 1464 2300 effectu
1487 2267 1616 2305 faciant,
1631 2277 1729 2311 seque
1743 2267 1782 2299 ab
1796 2267 1883 2299 omni
1903 2267 2002 2311 ipsius

1255 2319 1398 2353 Caesaris
1431 2319 1655 2357 subiectione,
1692 2319 1874 2352 obedientia
1905 2325 2002 2364 atque

1257 2373 1464 2406 adhaerentia
1491 2383 1623 2416 prorsus
1648 2372 1786 2406 eximant
1817 2378 1847 2406 ct
1877 2373 2001 2407 subtra-

1258 2427 1345 2463 bant,
1370 2426 1540 2470 ipsumque
1560 2427 1725 2460 Caesarem
1748 2436 1806 2470 pro
1826 2436 1884 2459 suo
1906 2426 1998 2467 duce,

1258 2480 1402 2519 domino,
1423 2486 1474 2513 aut
1502 2480 1669 2524 superiore
1690 2491 1754 2512 non
1776 2480 1925 2518 babeant,
1942 2490 2001 2514 nec

1259 2533 1352 2565 talem
1379 2533 1553 2577 appelli-nt,
1578 2539 1629 2566 :uu
1651 2533 1844 2572 inscribant,
1869 2534 1916 2566 vot
1937 2533 1998 2566 du·

1259 2587 1337 2619 calia
1358 2586 1426 2619 eius
1448 2586 1583 2627 insignia
1613 2587 1740 2630 publice
1770 2592 1824 2619 aut
1854 2586 2000 2630 privatim

1258 2646 1433 2683 exponant,
1459 2650 1515 2673 nec
1537 2640 1641 2673 eidem
1663 2641 1702 2673 dc
1723 2639 1924 2677 redditibus,
1947 2646 2001 2673 aut

2005 248 2053 274 An.
2069 247 2099 275 c.
2122 248 2188 276 1597
2218 239 2249 291 τῦ,
