<?xml version="1.0" encoding="UTF-8"?>
<!DOCTYPE html PUBLIC "-//W3C//DTD XHTML 1.0 Transitional//EN"
    "http://www.w3.org/TR/xhtml1/DTD/xhtml1-transitional.dtd">
<html xmlns="http://www.w3.org/1999/xhtml" xml:lang="en" lang="en">
 <head>
  <title>
</title>
<meta http-equiv="Content-Type" content="text/html;charset=utf-8" />
  <meta name='ocr-system' content='tesseract 3.04.00' />
  <meta name='ocr-capabilities' content='ocr_page ocr_carea ocr_par ocr_line ocrx_word'/>
</head>
<body>
  <div class='ocr_page' id='page_1' title='image "./bullarumdiplomat10cath_0135.png"; bbox 0 0 2253 3195; ppageno 0'>
   <div class='ocr_carea' id='block_1_1' title="bbox 20 193 202 222">
    <p class='ocr_par' dir='ltr' id='par_1_1' title="bbox 20 193 202 222">
     <span class='ocr_line' id='line_1_1' title="bbox 20 193 202 222; baseline -0.016 0"><span class='ocrx_word' id='word_1_1' title='bbox 20 196 66 222; x_wconf 68' lang='lat' dir='ltr'>An.</span> <span class='ocrx_word' id='word_1_2' title='bbox 82 193 110 221; x_wconf 79' lang='lat' dir='ltr'>C.</span> <span class='ocrx_word' id='word_1_3' title='bbox 134 193 202 220; x_wconf 64' lang='lat'>1594</span> 
     </span>
    </p>
   </div>
   <div class='ocr_carea' id='block_1_2' title="bbox 835 192 1126 217">
    <p class='ocr_par' dir='ltr' id='par_1_2' title="bbox 835 192 1126 217">
     <span class='ocr_line' id='line_1_2' title="bbox 835 192 1126 217; baseline 0.007 -4"><span class='ocrx_word' id='word_1_4' title='bbox 835 193 981 217; x_wconf 62' lang='lat' dir='ltr'>CLEMENS</span> <span class='ocrx_word' id='word_1_5' title='bbox 1002 192 1059 216; x_wconf 79' lang='lat' dir='ltr'>vm</span> <span class='ocrx_word' id='word_1_6' title='bbox 1077 192 1126 215; x_wconf 67' lang='lat'>1³1³.</span> 
     </span>
    </p>
   </div>
   <div class='ocr_carea' id='block_1_3' title="bbox 212 240 971 2480">
    <p class='ocr_par' dir='ltr' id='par_1_3' title="bbox 212 240 971 2480">
     <span class='ocr_line' id='line_1_3' title="bbox 212 240 958 285; baseline -0.003 -11"><span class='ocrx_word' id='word_1_7' title='bbox 212 240 403 285; x_wconf 81' lang='lat' dir='ltr'>apostolica,</span> <span class='ocrx_word' id='word_1_8' title='bbox 428 241 473 274; x_wconf 84' lang='lat' dir='ltr'>vel</span> <span class='ocrx_word' id='word_1_9' title='bbox 501 241 610 284; x_wconf 84' lang='lat' dir='ltr'>quavis</span> <span class='ocrx_word' id='word_1_10' title='bbox 640 240 787 274; x_wconf 72' lang='lat' dir='ltr'>firmitate</span> <span class='ocrx_word' id='word_1_11' title='bbox 813 242 873 274; x_wconf 83' lang='lat' dir='ltr'>alia</span> <span class='ocrx_word' id='word_1_12' title='bbox 908 254 958 274; x_wconf 82' lang='lat' dir='ltr'>ro-</span> 
     </span>
     <span class='ocr_line' id='line_1_4' title="bbox 213 294 958 331; baseline 0.001 -5"><span class='ocrx_word' id='word_1_13' title='bbox 213 294 343 330; x_wconf 77' lang='lat' dir='ltr'>boratis,</span> <span class='ocrx_word' id='word_1_14' title='bbox 371 294 496 327; x_wconf 85' lang='lat' dir='ltr'>statutis</span> <span class='ocrx_word' id='word_1_15' title='bbox 517 300 544 327; x_wconf 80' lang='lat' dir='ltr'>ot</span> <span class='ocrx_word' id='word_1_16' title='bbox 568 295 873 331; x_wconf 67' lang='lat' dir='ltr'>consuetiutinitms,</span> <span class='ocrx_word' id='word_1_17' title='bbox 898 301 958 328; x_wconf 88' lang='lat' dir='ltr'>sta-</span> 
     </span>
     <span class='ocr_line' id='line_1_5' title="bbox 213 347 958 392; baseline -0.001 -13"><span class='ocrx_word' id='word_1_18' title='bbox 213 347 399 385; x_wconf 73' lang='lat' dir='ltr'>liilimcntis,</span> <span class='ocrx_word' id='word_1_19' title='bbox 425 348 534 381; x_wconf 89' lang='lat' dir='ltr'>usibus</span> <span class='ocrx_word' id='word_1_20' title='bbox 571 353 601 380; x_wconf 84' lang='lat' dir='ltr'>et</span> <span class='ocrx_word' id='word_1_21' title='bbox 636 348 769 381; x_wconf 76' lang='lat' dir='ltr'>naturis.</span> <span class='ocrx_word' id='word_1_22' title='bbox 803 348 958 392; x_wconf 59' lang='lat' dir='ltr'>Quodspw</span> 
     </span>
     <span class='ocr_line' id='line_1_6' title="bbox 214 401 957 445; baseline 0.003 -13"><span class='ocrx_word' id='word_1_23' title='bbox 214 401 365 444; x_wconf 81' lang='lat' dir='ltr'>praelatis</span> <span class='ocrx_word' id='word_1_24' title='bbox 385 407 413 434; x_wconf 75' lang='lat' dir='ltr'>et</span> <span class='ocrx_word' id='word_1_25' title='bbox 435 401 580 445; x_wconf 81' lang='lat' dir='ltr'>personis</span> <span class='ocrx_word' id='word_1_26' title='bbox 611 401 803 444; x_wconf 78' lang='lat' dir='ltr'>praedictis,</span> <span class='ocrx_word' id='word_1_27' title='bbox 828 412 957 434; x_wconf 89' lang='lat' dir='ltr'>eorum-</span> 
     </span>
     <span class='ocr_line' id='line_1_7' title="bbox 213 454 958 498; baseline 0 -11"><span class='ocrx_word' id='word_1_28' title='bbox 213 465 274 497; x_wconf 88' lang='lat' dir='ltr'>que</span> <span class='ocrx_word' id='word_1_29' title='bbox 294 455 435 488; x_wconf 81' lang='lat' dir='ltr'>ecclesiis</span> <span class='ocrx_word' id='word_1_30' title='bbox 455 460 482 488; x_wconf 89' lang='lat' dir='ltr'>et</span> <span class='ocrx_word' id='word_1_31' title='bbox 510 454 602 491; x_wconf 75' lang='lat' dir='ltr'>loeis,</span> <span class='ocrx_word' id='word_1_32' title='bbox 626 455 674 487; x_wconf 79' lang='lat' dir='ltr'>vel</span> <span class='ocrx_word' id='word_1_33' title='bbox 700 455 864 498; x_wconf 70' lang='lat' dir='ltr'>quibusvis</span> <span class='ocrx_word' id='word_1_34' title='bbox 889 455 958 487; x_wconf 81' lang='lat' dir='ltr'>aliis</span> 
     </span>
     <span class='ocr_line' id='line_1_8' title="bbox 214 507 958 551; baseline -0.004 -12"><span class='ocrx_word' id='word_1_35' title='bbox 214 508 431 540; x_wconf 60' lang='lat' dir='ltr'>conmuniter</span> <span class='ocrx_word' id='word_1_36' title='bbox 452 508 497 541; x_wconf 78' lang='lat' dir='ltr'>vel</span> <span class='ocrx_word' id='word_1_37' title='bbox 517 507 640 540; x_wconf 73' lang='lat' dir='ltr'>divisim</span> <span class='ocrx_word' id='word_1_38' title='bbox 660 507 860 551; x_wconf 73' lang='lat' dir='ltr'>apraedicta</span> <span class='ocrx_word' id='word_1_39' title='bbox 878 509 958 540; x_wconf 69' lang='lat' dir='ltr'>Sede,</span> 
     </span>
     <span class='ocr_line' id='line_1_9' title="bbox 213 561 957 604; baseline 0.001 -11"><span class='ocrx_word' id='word_1_40' title='bbox 213 561 252 594; x_wconf 84' lang='lat' dir='ltr'>sit</span> <span class='ocrx_word' id='word_1_41' title='bbox 264 561 436 599; x_wconf 79' lang='lat' dir='ltr'>indultum,</span> <span class='ocrx_word' id='word_1_42' title='bbox 454 561 539 604; x_wconf 83' lang='lat' dir='ltr'>quod</span> <span class='ocrx_word' id='word_1_43' title='bbox 559 561 715 597; x_wconf 76' lang='lat' dir='ltr'>interdici,</span> <span class='ocrx_word' id='word_1_44' title='bbox 732 561 895 604; x_wconf 61' lang='lat' dir='ltr'>susl‘iendi,</span> <span class='ocrx_word' id='word_1_45' title='bbox 912 563 957 594; x_wconf 63' lang='lat' dir='ltr'>vel</span> 
     </span>
     <span class='ocr_line' id='line_1_10' title="bbox 213 614 958 658; baseline 0.004 -13"><span class='ocrx_word' id='word_1_46' title='bbox 213 614 483 647; x_wconf 78' lang='lat' dir='ltr'>excoiiinm1iieai·i</span> <span class='ocrx_word' id='word_1_47' title='bbox 506 625 569 646; x_wconf 76' lang='lat' dir='ltr'>non</span> <span class='ocrx_word' id='word_1_48' title='bbox 597 615 739 658; x_wconf 81' lang='lat' dir='ltr'>possint,</span> <span class='ocrx_word' id='word_1_49' title='bbox 762 626 817 658; x_wconf 78' lang='lat' dir='ltr'>per</span> <span class='ocrx_word' id='word_1_50' title='bbox 838 615 958 648; x_wconf 76' lang='lat' dir='ltr'>litteras</span> 
     </span>
     <span class='ocr_line' id='line_1_11' title="bbox 213 667 959 712; baseline 0.001 -12"><span class='ocrx_word' id='word_1_51' title='bbox 213 667 403 710; x_wconf 87' lang='lat' dir='ltr'>apostolicas</span> <span class='ocrx_word' id='word_1_52' title='bbox 417 678 481 700; x_wconf 92' lang='lat' dir='ltr'>non</span> <span class='ocrx_word' id='word_1_53' title='bbox 493 667 643 701; x_wconf 71' lang='lat' dir='ltr'>facientes</span> <span class='ocrx_word' id='word_1_54' title='bbox 655 668 782 711; x_wconf 84' lang='lat' dir='ltr'>plenam</span> <span class='ocrx_word' id='word_1_55' title='bbox 794 674 819 701; x_wconf 81' lang='lat' dir='ltr'>et</span> <span class='ocrx_word' id='word_1_56' title='bbox 833 680 959 712; x_wconf 81' lang='lat' dir='ltr'>expres-</span> 
     </span>
     <span class='ocr_line' id='line_1_12' title="bbox 213 721 954 761; baseline 0.003 -8"><span class='ocrx_word' id='word_1_57' title='bbox 213 731 291 761; x_wconf 87' lang='lat' dir='ltr'>sam,</span> <span class='ocrx_word' id='word_1_58' title='bbox 313 731 350 754; x_wconf 83' lang='lat' dir='ltr'>ac</span> <span class='ocrx_word' id='word_1_59' title='bbox 371 721 409 753; x_wconf 87' lang='lat' dir='ltr'>de</span> <span class='ocrx_word' id='word_1_60' title='bbox 427 721 525 753; x_wconf 73' lang='lat' dir='ltr'>verbo</span> <span class='ocrx_word' id='word_1_61' title='bbox 546 721 586 754; x_wconf 89' lang='lat' dir='ltr'>ad</span> <span class='ocrx_word' id='word_1_62' title='bbox 608 722 739 753; x_wconf 70' lang='lat' dir='ltr'>verbum</span> <span class='ocrx_word' id='word_1_63' title='bbox 759 722 797 754; x_wconf 73' lang='lat' dir='ltr'>cle</span> <span class='ocrx_word' id='word_1_64' title='bbox 820 722 954 761; x_wconf 83' lang='lat' dir='ltr'>indulto,</span> 
     </span>
     <span class='ocr_line' id='line_1_13' title="bbox 212 774 959 818; baseline 0.003 -12"><span class='ocrx_word' id='word_1_65' title='bbox 212 784 337 807; x_wconf 81' lang='lat' dir='ltr'>necnon</span> <span class='ocrx_word' id='word_1_66' title='bbox 358 774 513 817; x_wconf 81' lang='lat' dir='ltr'>personis,</span> <span class='ocrx_word' id='word_1_67' title='bbox 536 785 711 818; x_wconf 80' lang='lat' dir='ltr'>earumque</span> <span class='ocrx_word' id='word_1_68' title='bbox 731 775 915 808; x_wconf 87' lang='lat' dir='ltr'>nominibus</span> <span class='ocrx_word' id='word_1_69' title='bbox 930 782 959 808; x_wconf 73' lang='lat' dir='ltr'>et</span> 
     </span>
     <span class='ocr_line' id='line_1_14' title="bbox 213 828 959 870; baseline 0.001 -10"><span class='ocrx_word' id='word_1_70' title='bbox 213 828 471 870; x_wconf 79' lang='lat' dir='ltr'>cognominibus,</span> <span class='ocrx_word' id='word_1_71' title='bbox 496 828 648 867; x_wconf 71' lang='lat' dir='ltr'>ecclesiis,</span> <span class='ocrx_word' id='word_1_72' title='bbox 670 828 884 867; x_wconf 76' lang='lat' dir='ltr'>monasteriis,</span> <span class='ocrx_word' id='word_1_73' title='bbox 907 840 959 861; x_wconf 90' lang='lat' dir='ltr'>or-</span> 
     </span>
     <span class='ocr_line' id='line_1_15' title="bbox 213 880 955 919; baseline 0.001 -6"><span class='ocrx_word' id='word_1_74' title='bbox 213 880 341 914; x_wconf 85' lang='lat' dir='ltr'>dinibus</span> <span class='ocrx_word' id='word_1_75' title='bbox 366 887 396 914; x_wconf 64' lang='lat' dir='ltr'>et,</span> <span class='ocrx_word' id='word_1_76' title='bbox 416 881 494 914; x_wconf 81' lang='lat' dir='ltr'>locis</span> <span class='ocrx_word' id='word_1_77' title='bbox 520 881 716 919; x_wconf 82' lang='lat' dir='ltr'>huiusmodi,</span> <span class='ocrx_word' id='word_1_78' title='bbox 747 883 955 919; x_wconf 82' lang='lat' dir='ltr'>mentionem,</span> 
     </span>
     <span class='ocr_line' id='line_1_16' title="bbox 213 935 959 980; baseline 0.003 -13"><span class='ocrx_word' id='word_1_79' title='bbox 213 941 244 967; x_wconf 86' lang='lat' dir='ltr'>ct</span> <span class='ocrx_word' id='word_1_80' title='bbox 264 935 459 978; x_wconf 75' lang='lat' dir='ltr'>quibuslibet</span> <span class='ocrx_word' id='word_1_81' title='bbox 479 935 548 967; x_wconf 87' lang='lat' dir='ltr'>aliis</span> <span class='ocrx_word' id='word_1_82' title='bbox 573 935 758 979; x_wconf 60' lang='lat' dir='ltr'>privilegiis,</span> <span class='ocrx_word' id='word_1_83' title='bbox 783 936 959 980; x_wconf 82' lang='lat' dir='ltr'>exemptio-</span> 
     </span>
     <span class='ocr_line' id='line_1_17' title="bbox 213 987 960 1033; baseline 0.003 -13"><span class='ocrx_word' id='word_1_84' title='bbox 213 987 318 1025; x_wconf 80' lang='lat' dir='ltr'>nibus,</span> <span class='ocrx_word' id='word_1_85' title='bbox 333 988 590 1021; x_wconf 78' lang='lat' dir='ltr'>immunitatilms</span> <span class='ocrx_word' id='word_1_86' title='bbox 610 988 641 1020; x_wconf 91' lang='lat' dir='ltr'>in</span> <span class='ocrx_word' id='word_1_87' title='bbox 663 999 780 1030; x_wconf 68' lang='lat' dir='ltr'>genere</span> <span class='ocrx_word' id='word_1_88' title='bbox 799 995 829 1022; x_wconf 77' lang='lat' dir='ltr'>et</span> <span class='ocrx_word' id='word_1_89' title='bbox 847 989 877 1021; x_wconf 90' lang='lat' dir='ltr'>in</span> <span class='ocrx_word' id='word_1_90' title='bbox 890 1000 960 1033; x_wconf 84' lang='lat' dir='ltr'>spe-</span> 
     </span>
     <span class='ocr_line' id='line_1_18' title="bbox 213 1041 959 1085; baseline 0.001 -11"><span class='ocrx_word' id='word_1_91' title='bbox 213 1041 261 1074; x_wconf 79' lang='lat' dir='ltr'>eie</span> <span class='ocrx_word' id='word_1_92' title='bbox 277 1042 583 1085; x_wconf 77' lang='lat' dir='ltr'>quomodocumque</span> <span class='ocrx_word' id='word_1_93' title='bbox 597 1042 767 1080; x_wconf 84' lang='lat' dir='ltr'>concessis,</span> <span class='ocrx_word' id='word_1_94' title='bbox 785 1042 959 1076; x_wconf 80' lang='lat' dir='ltr'>confirma-</span> 
     </span>
     <span class='ocr_line' id='line_1_19' title="bbox 215 1094 960 1135; baseline 0.003 -8"><span class='ocrx_word' id='word_1_95' title='bbox 215 1094 253 1127; x_wconf 85' lang='lat' dir='ltr'>tis</span> <span class='ocrx_word' id='word_1_96' title='bbox 273 1100 303 1127; x_wconf 83' lang='lat' dir='ltr'>et</span> <span class='ocrx_word' id='word_1_97' title='bbox 324 1095 481 1128; x_wconf 85' lang='lat' dir='ltr'>innovatis</span> <span class='ocrx_word' id='word_1_98' title='bbox 498 1123 505 1135; x_wconf 96' lang='lat'>,</span> <span class='ocrx_word' id='word_1_99' title='bbox 529 1095 623 1127; x_wconf 88' lang='lat' dir='ltr'>etiam</span> <span class='ocrx_word' id='word_1_100' title='bbox 650 1096 842 1129; x_wconf 86' lang='lat' dir='ltr'>solutionem</span> <span class='ocrx_word' id='word_1_101' title='bbox 876 1097 960 1130; x_wconf 81' lang='lat' dir='ltr'>deci-</span> 
     </span>
     <span class='ocr_line' id='line_1_20' title="bbox 215 1149 958 1194; baseline 0.004 -14"><span class='ocrx_word' id='word_1_102' title='bbox 215 1159 352 1186; x_wconf 87' lang='lat' dir='ltr'>marum,</span> <span class='ocrx_word' id='word_1_103' title='bbox 374 1149 466 1181; x_wconf 80' lang='lat' dir='ltr'>aliter</span> <span class='ocrx_word' id='word_1_104' title='bbox 479 1160 576 1192; x_wconf 85' lang='lat' dir='ltr'>quam</span> <span class='ocrx_word' id='word_1_105' title='bbox 597 1150 774 1182; x_wconf 84' lang='lat' dir='ltr'>secundum</span> <span class='ocrx_word' id='word_1_106' title='bbox 795 1150 958 1194; x_wconf 87' lang='lat' dir='ltr'>antiquam</span> 
     </span>
     <span class='ocr_line' id='line_1_21' title="bbox 216 1203 961 1248; baseline 0.004 -14"><span class='ocrx_word' id='word_1_107' title='bbox 216 1208 330 1241; x_wconf 80' lang='lat' dir='ltr'>laxam,</span> <span class='ocrx_word' id='word_1_108' title='bbox 355 1203 415 1235; x_wconf 88' lang='lat' dir='ltr'>nisi</span> <span class='ocrx_word' id='word_1_109' title='bbox 438 1203 469 1235; x_wconf 90' lang='lat' dir='ltr'>in</span> <span class='ocrx_word' id='word_1_110' title='bbox 488 1203 660 1236; x_wconf 85' lang='lat' dir='ltr'>universali</span> <span class='ocrx_word' id='word_1_111' title='bbox 686 1203 885 1237; x_wconf 84' lang='lat' dir='ltr'>decimarum</span> <span class='ocrx_word' id='word_1_112' title='bbox 904 1215 961 1248; x_wconf 78' lang='lat' dir='ltr'>per</span> 
     </span>
     <span class='ocr_line' id='line_1_22' title="bbox 215 1256 956 1301; baseline 0.004 -13"><span class='ocrx_word' id='word_1_113' title='bbox 215 1256 327 1289; x_wconf 89' lang='lat' dir='ltr'>orbem</span> <span class='ocrx_word' id='word_1_114' title='bbox 354 1257 569 1300; x_wconf 80' lang='lat' dir='ltr'>impositione,</span> <span class='ocrx_word' id='word_1_115' title='bbox 598 1258 668 1290; x_wconf 82' lang='lat' dir='ltr'>fiori</span> <span class='ocrx_word' id='word_1_116' title='bbox 689 1258 956 1301; x_wconf 66' lang='lat' dir='ltr'>prohibentibus,</span> 
     </span>
     <span class='ocr_line' id='line_1_23' title="bbox 215 1311 956 1354; baseline 0.003 -12"><span class='ocrx_word' id='word_1_117' title='bbox 215 1320 339 1344; x_wconf 82' lang='lat' dir='ltr'>necnon</span> <span class='ocrx_word' id='word_1_118' title='bbox 379 1311 668 1354; x_wconf 72' lang='lat' dir='ltr'>promissionilms,</span> <span class='ocrx_word' id='word_1_119' title='bbox 707 1312 956 1350; x_wconf 65' lang='lat' dir='ltr'>donationibus,</span> 
     </span>
     <span class='ocr_line' id='line_1_24' title="bbox 215 1363 960 1406; baseline 0.004 -10"><span class='ocrx_word' id='word_1_120' title='bbox 215 1363 486 1406; x_wconf 73' lang='lat' dir='ltr'>obligationibus,</span> <span class='ocrx_word' id='word_1_121' title='bbox 512 1364 715 1401; x_wconf 77' lang='lat' dir='ltr'>iuramentis,</span> <span class='ocrx_word' id='word_1_122' title='bbox 743 1365 960 1399; x_wconf 78' lang='lat' dir='ltr'>renum-iatic-</span> 
     </span>
     <span class='ocr_line' id='line_1_25' title="bbox 215 1417 961 1461; baseline 0.005 -11"><span class='ocrx_word' id='word_1_123' title='bbox 215 1417 319 1457; x_wconf 87' lang='lat' dir='ltr'>nibus,</span> <span class='ocrx_word' id='word_1_124' title='bbox 336 1418 470 1450; x_wconf 86' lang='lat' dir='ltr'>vinculis</span> <span class='ocrx_word' id='word_1_125' title='bbox 490 1423 520 1450; x_wconf 84' lang='lat' dir='ltr'>et</span> <span class='ocrx_word' id='word_1_126' title='bbox 540 1418 672 1451; x_wconf 76' lang='lat' dir='ltr'>cautelis</span> <span class='ocrx_word' id='word_1_127' title='bbox 695 1418 725 1450; x_wconf 91' lang='lat' dir='ltr'>in</span> <span class='ocrx_word' id='word_1_128' title='bbox 747 1419 961 1461; x_wconf 71' lang='lat' dir='ltr'>assignatione</span> 
     </span>
     <span class='ocr_line' id='line_1_26' title="bbox 216 1470 962 1516; baseline 0.004 -13"><span class='ocrx_word' id='word_1_129' title='bbox 216 1470 453 1513; x_wconf 84' lang='lat' dir='ltr'>praedictarum</span> <span class='ocrx_word' id='word_1_130' title='bbox 486 1471 678 1514; x_wconf 77' lang='lat' dir='ltr'>pensionum</span> <span class='ocrx_word' id='word_1_131' title='bbox 711 1472 819 1509; x_wconf 79' lang='lat' dir='ltr'>factis,</span> <span class='ocrx_word' id='word_1_132' title='bbox 845 1473 962 1516; x_wconf 88' lang='lat' dir='ltr'>quibus</span> 
     </span>
     <span class='ocr_line' id='line_1_27' title="bbox 216 1524 960 1568; baseline 0.004 -12"><span class='ocrx_word' id='word_1_133' title='bbox 216 1535 274 1568; x_wconf 90' lang='lat' dir='ltr'>per</span> <span class='ocrx_word' id='word_1_134' title='bbox 294 1524 534 1568; x_wconf 70' lang='lat' dir='ltr'>impositionem</span> <span class='ocrx_word' id='word_1_135' title='bbox 556 1525 754 1558; x_wconf 86' lang='lat' dir='ltr'>decimarum</span> <span class='ocrx_word' id='word_1_136' title='bbox 776 1526 960 1559; x_wconf 85' lang='lat' dir='ltr'>huiusmodi</span> 
     </span>
     <span class='ocr_line' id='line_1_28' title="bbox 216 1578 961 1623; baseline 0.003 -13"><span class='ocrx_word' id='word_1_137' title='bbox 216 1578 379 1611; x_wconf 87' lang='lat' dir='ltr'>neminem</span> <span class='ocrx_word' id='word_1_138' title='bbox 399 1579 512 1619; x_wconf 88' lang='lat' dir='ltr'>teneri,</span> <span class='ocrx_word' id='word_1_139' title='bbox 535 1589 639 1623; x_wconf 87' lang='lat' dir='ltr'>neque</span> <span class='ocrx_word' id='word_1_140' title='bbox 665 1590 720 1612; x_wconf 87' lang='lat' dir='ltr'>eas</span> <span class='ocrx_word' id='word_1_141' title='bbox 739 1580 846 1623; x_wconf 87' lang='lat' dir='ltr'>quoad</span> <span class='ocrx_word' id='word_1_142' title='bbox 867 1591 961 1623; x_wconf 88' lang='lat' dir='ltr'>prae-</span> 
     </span>
     <span class='ocr_line' id='line_1_29' title="bbox 216 1632 962 1676; baseline 0.003 -12"><span class='ocrx_word' id='word_1_143' title='bbox 216 1632 313 1665; x_wconf 88' lang='lat' dir='ltr'>missa</span> <span class='ocrx_word' id='word_1_144' title='bbox 338 1638 450 1665; x_wconf 85' lang='lat' dir='ltr'>contra</span> <span class='ocrx_word' id='word_1_145' title='bbox 481 1643 678 1676; x_wconf 85' lang='lat' dir='ltr'>quemquam</span> <span class='ocrx_word' id='word_1_146' title='bbox 710 1634 817 1666; x_wconf 83' lang='lat' dir='ltr'>locum</span> <span class='ocrx_word' id='word_1_147' title='bbox 843 1633 962 1666; x_wconf 85' lang='lat' dir='ltr'>habere</span> 
     </span>
     <span class='ocr_line' id='line_1_30' title="bbox 216 1686 963 1730; baseline 0 -10"><span class='ocrx_word' id='word_1_148' title='bbox 216 1686 432 1726; x_wconf 80' lang='lat' dir='ltr'>declaramus,</span> <span class='ocrx_word' id='word_1_149' title='bbox 465 1686 601 1730; x_wconf 87' lang='lat' dir='ltr'>aliisque</span> <span class='ocrx_word' id='word_1_150' title='bbox 633 1687 763 1720; x_wconf 89' lang='lat' dir='ltr'>indultis</span> <span class='ocrx_word' id='word_1_151' title='bbox 792 1693 820 1720; x_wconf 86' lang='lat' dir='ltr'>et</span> <span class='ocrx_word' id='word_1_152' title='bbox 850 1687 963 1720; x_wconf 87' lang='lat' dir='ltr'>litteris</span> 
     </span>
     <span class='ocr_line' id='line_1_31' title="bbox 216 1740 963 1784; baseline 0 -11"><span class='ocrx_word' id='word_1_153' title='bbox 216 1740 401 1784; x_wconf 88' lang='lat' dir='ltr'>apostolicis</span> <span class='ocrx_word' id='word_1_154' title='bbox 421 1740 626 1782; x_wconf 73' lang='lat' dir='ltr'>generalibus</span> <span class='ocrx_word' id='word_1_155' title='bbox 647 1746 677 1773; x_wconf 89' lang='lat' dir='ltr'>et.</span> <span class='ocrx_word' id='word_1_156' title='bbox 696 1740 889 1784; x_wconf 63' lang='lat' dir='ltr'>specialilius</span> <span class='ocrx_word' id='word_1_157' title='bbox 909 1752 963 1773; x_wconf 92' lang='lat' dir='ltr'>cu-</span> 
     </span>
     <span class='ocr_line' id='line_1_32' title="bbox 217 1793 963 1837; baseline 0 -11"><span class='ocrx_word' id='word_1_158' title='bbox 217 1793 407 1837; x_wconf 89' lang='lat' dir='ltr'>iuscumque</span> <span class='ocrx_word' id='word_1_159' title='bbox 439 1793 559 1826; x_wconf 90' lang='lat' dir='ltr'>tenoris</span> <span class='ocrx_word' id='word_1_160' title='bbox 598 1793 752 1831; x_wconf 81' lang='lat' dir='ltr'>existant,</span> <span class='ocrx_word' id='word_1_161' title='bbox 788 1804 845 1837; x_wconf 90' lang='lat' dir='ltr'>per</span> <span class='ocrx_word' id='word_1_162' title='bbox 882 1804 963 1837; x_wconf 85' lang='lat' dir='ltr'>quae</span> 
     </span>
     <span class='ocr_line' id='line_1_33' title="bbox 217 1847 963 1891; baseline 0.001 -12"><span class='ocrx_word' id='word_1_163' title='bbox 217 1847 438 1891; x_wconf 82' lang='lat' dir='ltr'>praesentibus</span> <span class='ocrx_word' id='word_1_164' title='bbox 464 1857 529 1880; x_wconf 91' lang='lat' dir='ltr'>non</span> <span class='ocrx_word' id='word_1_165' title='bbox 550 1858 719 1891; x_wconf 76' lang='lat' dir='ltr'>expressa,</span> <span class='ocrx_word' id='word_1_166' title='bbox 743 1852 798 1880; x_wconf 82' lang='lat' dir='ltr'>aut</span> <span class='ocrx_word' id='word_1_167' title='bbox 829 1848 963 1881; x_wconf 87' lang='lat' dir='ltr'>omnino</span> 
     </span>
     <span class='ocr_line' id='line_1_34' title="bbox 218 1901 965 1945; baseline 0.001 -12"><span class='ocrx_word' id='word_1_168' title='bbox 218 1911 283 1934; x_wconf 92' lang='lat' dir='ltr'>non</span> <span class='ocrx_word' id='word_1_169' title='bbox 296 1901 415 1934; x_wconf 86' lang='lat' dir='ltr'>inserta</span> <span class='ocrx_word' id='word_1_170' title='bbox 429 1901 560 1934; x_wconf 80' lang='lat' dir='ltr'>effectus</span> <span class='ocrx_word' id='word_1_171' title='bbox 573 1911 684 1934; x_wconf 81' lang='lat' dir='ltr'>earum</span> <span class='ocrx_word' id='word_1_172' title='bbox 699 1901 848 1945; x_wconf 90' lang='lat' dir='ltr'>impediri</span> <span class='ocrx_word' id='word_1_173' title='bbox 862 1902 965 1934; x_wconf 87' lang='lat' dir='ltr'>valeat</span> 
     </span>
     <span class='ocr_line' id='line_1_35' title="bbox 219 1955 965 1999; baseline 0.001 -11"><span class='ocrx_word' id='word_1_174' title='bbox 219 1955 464 1998; x_wconf 80' lang='lat' dir='ltr'>quomodolibet</span> <span class='ocrx_word' id='word_1_175' title='bbox 493 1956 542 1988; x_wconf 82' lang='lat' dir='ltr'>vel</span> <span class='ocrx_word' id='word_1_176' title='bbox 573 1955 706 1995; x_wconf 81' lang='lat' dir='ltr'>differri,</span> <span class='ocrx_word' id='word_1_177' title='bbox 726 1961 757 1988; x_wconf 90' lang='lat' dir='ltr'>et.</span> <span class='ocrx_word' id='word_1_178' title='bbox 784 1956 823 1988; x_wconf 88' lang='lat' dir='ltr'>de</span> <span class='ocrx_word' id='word_1_179' title='bbox 848 1956 965 1999; x_wconf 85' lang='lat' dir='ltr'>quibus</span> 
     </span>
     <span class='ocr_line' id='line_1_36' title="bbox 220 2009 965 2052; baseline 0.001 -11"><span class='ocrx_word' id='word_1_180' title='bbox 220 2019 423 2052; x_wconf 88' lang='lat' dir='ltr'>quorumque</span> <span class='ocrx_word' id='word_1_181' title='bbox 453 2009 525 2042; x_wconf 89' lang='lat' dir='ltr'>totis</span> <span class='ocrx_word' id='word_1_182' title='bbox 552 2009 716 2042; x_wconf 87' lang='lat' dir='ltr'>tenoribus</span> <span class='ocrx_word' id='word_1_183' title='bbox 748 2010 896 2043; x_wconf 84' lang='lat' dir='ltr'>habenda</span> <span class='ocrx_word' id='word_1_184' title='bbox 926 2009 965 2042; x_wconf 51' lang='grc' dir='ltr'>ἐι</span> 
     </span>
     <span class='ocr_line' id='line_1_37' title="bbox 220 2062 966 2107; baseline 0.003 -12"><span class='ocrx_word' id='word_1_185' title='bbox 220 2062 251 2095; x_wconf 92' lang='lat' dir='ltr'>in</span> <span class='ocrx_word' id='word_1_186' title='bbox 272 2062 389 2095; x_wconf 86' lang='lat' dir='ltr'>nostris</span> <span class='ocrx_word' id='word_1_187' title='bbox 409 2062 522 2095; x_wconf 85' lang='lat' dir='ltr'>litteris</span> <span class='ocrx_word' id='word_1_188' title='bbox 551 2063 673 2096; x_wconf 88' lang='lat' dir='ltr'>mentio</span> <span class='ocrx_word' id='word_1_189' title='bbox 698 2063 855 2107; x_wconf 84' lang='lat' dir='ltr'>specialis.</span> <span class='ocrx_word' id='word_1_190' title='bbox 880 2063 966 2102; x_wconf 82' lang='lat' dir='ltr'>Quae</span> 
     </span>
     <span class='ocr_line' id='line_1_38' title="bbox 222 2115 968 2160; baseline 0.003 -12"><span class='ocrx_word' id='word_1_191' title='bbox 222 2115 332 2149; x_wconf 88' lang='lat' dir='ltr'>omnia</span> <span class='ocrx_word' id='word_1_192' title='bbox 372 2121 483 2149; x_wconf 80' lang='lat' dir='ltr'>contra</span> <span class='ocrx_word' id='word_1_193' title='bbox 514 2116 690 2160; x_wconf 86' lang='lat' dir='ltr'>praemissa</span> <span class='ocrx_word' id='word_1_194' title='bbox 718 2117 869 2150; x_wconf 88' lang='lat' dir='ltr'>nolumus</span> <span class='ocrx_word' id='word_1_195' title='bbox 901 2117 968 2150; x_wconf 91' lang='lat' dir='ltr'>cui-</span> 
     </span>
     <span class='ocr_line' id='line_1_39' title="bbox 221 2169 968 2213; baseline 0 -10"><span class='ocrx_word' id='word_1_196' title='bbox 221 2180 317 2213; x_wconf 82' lang='lat' dir='ltr'>quam</span> <span class='ocrx_word' id='word_1_197' title='bbox 339 2169 370 2202; x_wconf 89' lang='lat' dir='ltr'>in</span> <span class='ocrx_word' id='word_1_198' title='bbox 384 2169 492 2213; x_wconf 87' lang='lat' dir='ltr'>aliquo</span> <span class='ocrx_word' id='word_1_199' title='bbox 506 2169 672 2212; x_wconf 73' lang='lat' dir='ltr'>suffragari</span> <span class='ocrx_word' id='word_1_200' title='bbox 688 2180 813 2203; x_wconf 88' lang='lat' dir='ltr'>necnon</span> <span class='ocrx_word' id='word_1_201' title='bbox 827 2171 896 2203; x_wconf 90' lang='lat' dir='ltr'>aliis</span> <span class='ocrx_word' id='word_1_202' title='bbox 910 2171 968 2203; x_wconf 90' lang='lat' dir='ltr'>hu-</span> 
     </span>
     <span class='ocr_line' id='line_1_40' title="bbox 222 2223 968 2267; baseline 0 -12"><span class='ocrx_word' id='word_1_203' title='bbox 222 2223 360 2257; x_wconf 88' lang='lat' dir='ltr'>iusmodi</span> <span class='ocrx_word' id='word_1_204' title='bbox 378 2223 638 2267; x_wconf 84' lang='lat' dir='ltr'>impositionibus</span> <span class='ocrx_word' id='word_1_205' title='bbox 656 2229 686 2256; x_wconf 82' lang='lat' dir='ltr'>et</span> <span class='ocrx_word' id='word_1_206' title='bbox 707 2224 968 2257; x_wconf 78' lang='lat' dir='ltr'>concessionibus</span> 
     </span>
     <span class='ocr_line' id='line_1_41' title="bbox 222 2276 965 2320; baseline 0 -11"><span class='ocrx_word' id='word_1_207' title='bbox 222 2277 262 2309; x_wconf 88' lang='lat' dir='ltr'>ad</span> <span class='ocrx_word' id='word_1_208' title='bbox 282 2283 408 2320; x_wconf 84' lang='lat' dir='ltr'>tempus</span> <span class='ocrx_word' id='word_1_209' title='bbox 436 2287 501 2310; x_wconf 92' lang='lat' dir='ltr'>non</span> <span class='ocrx_word' id='word_1_210' title='bbox 521 2277 665 2320; x_wconf 85' lang='lat' dir='ltr'>elapsum</span> <span class='ocrx_word' id='word_1_211' title='bbox 690 2287 747 2320; x_wconf 90' lang='lat' dir='ltr'>per</span> <span class='ocrx_word' id='word_1_212' title='bbox 774 2287 832 2310; x_wconf 91' lang='lat' dir='ltr'>nos</span> <span class='ocrx_word' id='word_1_213' title='bbox 856 2276 965 2314; x_wconf 79' lang='lat' dir='ltr'>sactis,</span> 
     </span>
     <span class='ocr_line' id='line_1_42' title="bbox 224 2329 903 2373; baseline 0 -11"><span class='ocrx_word' id='word_1_214' title='bbox 224 2329 422 2373; x_wconf 85' lang='lat' dir='ltr'>caeterisque</span> <span class='ocrx_word' id='word_1_215' title='bbox 443 2329 612 2363; x_wconf 78' lang='lat' dir='ltr'>contrariis</span> <span class='ocrx_word' id='word_1_216' title='bbox 635 2330 903 2373; x_wconf 86' lang='lat' dir='ltr'>quibuscumque.</span> 
     </span>
     <span class='ocr_line' id='line_1_43' title="bbox 268 2382 967 2429; baseline 0.001 -14"><span class='ocrx_word' id='word_1_217' title='bbox 268 2382 355 2426; x_wconf 65' lang='lat'>§43</span> <span class='ocrx_word' id='word_1_218' title='bbox 380 2382 548 2429; x_wconf 83' lang='lat' dir='ltr'>Caeterum</span> <span class='ocrx_word' id='word_1_219' title='bbox 576 2383 607 2415; x_wconf 94' lang='lat' dir='ltr'>in</span> <span class='ocrx_word' id='word_1_220' title='bbox 634 2383 850 2427; x_wconf 84' lang='lat' dir='ltr'>percipiendis</span> <span class='ocrx_word' id='word_1_221' title='bbox 878 2383 967 2416; x_wconf 87' lang='lat' dir='ltr'>deci-</span> 
     </span>
     <span class='ocr_line' id='line_1_44' title="bbox 226 2435 971 2480; baseline 0.001 -12"><span class='ocrx_word' id='word_1_222' title='bbox 226 2435 285 2468; x_wconf 86' lang='lat' dir='ltr'>mis</span> <span class='ocrx_word' id='word_1_223' title='bbox 302 2436 486 2480; x_wconf 69' lang='lat' dir='ltr'>praedicds,</span> <span class='ocrx_word' id='word_1_224' title='bbox 504 2436 765 2469; x_wconf 87' lang='lat' dir='ltr'>constitutionem</span> <span class='ocrx_word' id='word_1_225' title='bbox 780 2436 971 2469; x_wconf 81' lang='lat' dir='ltr'>recolendae</span> 
     </span>
    </p>
   </div>
   <div class='ocr_carea' id='block_1_4' title="bbox 993 181 1748 2362">
    <p class='ocr_par' dir='ltr' id='par_1_4' title="bbox 993 181 1739 551">
     <span class='ocr_line' id='line_1_45' title="bbox 1642 181 1706 214; baseline -0.016 0"><span class='ocrx_word' id='word_1_226' title='bbox 1642 181 1706 214; x_wconf 62' lang='grc'>’103</span> 
     </span>
     <span class='ocr_line' id='line_1_46' title="bbox 994 239 1739 278; baseline -0.001 -5"><span class='ocrx_word' id='word_1_227' title='bbox 994 246 1175 273; x_wconf 83' lang='lat' dir='ltr'>currentem</span> <span class='ocrx_word' id='word_1_228' title='bbox 1203 240 1418 273; x_wconf 78' lang='lat' dir='ltr'>communiter</span> <span class='ocrx_word' id='word_1_229' title='bbox 1443 239 1560 278; x_wconf 77' lang='lat' dir='ltr'>levari,</span> <span class='ocrx_word' id='word_1_230' title='bbox 1585 250 1643 273; x_wconf 81' lang='lat' dir='ltr'>nec</span> <span class='ocrx_word' id='word_1_231' title='bbox 1665 241 1739 273; x_wconf 84' lang='lat' dir='ltr'>cali-</span> 
     </span>
     <span class='ocr_line' id='line_1_47' title="bbox 994 294 1738 338; baseline 0.004 -14"><span class='ocrx_word' id='word_1_232' title='bbox 994 306 1055 333; x_wconf 75' lang='lat' dir='ltr'>ees,</span> <span class='ocrx_word' id='word_1_233' title='bbox 1081 295 1164 331; x_wconf 74' lang='lat' dir='ltr'>libri,</span> <span class='ocrx_word' id='word_1_234' title='bbox 1189 300 1378 338; x_wconf 80' lang='lat' dir='ltr'>caeteraque</span> <span class='ocrx_word' id='word_1_235' title='bbox 1401 294 1621 327; x_wconf 83' lang='lat' dir='ltr'>ecclesiarium</span> <span class='ocrx_word' id='word_1_236' title='bbox 1643 306 1738 327; x_wconf 87' lang='lat' dir='ltr'>orna-</span> 
     </span>
     <span class='ocr_line' id='line_1_48' title="bbox 995 347 1735 391; baseline 0 -12"><span class='ocrx_word' id='word_1_237' title='bbox 995 354 1098 380; x_wconf 74' lang='lat' dir='ltr'>menta</span> <span class='ocrx_word' id='word_1_238' title='bbox 1122 347 1229 380; x_wconf 86' lang='lat' dir='ltr'>divino</span> <span class='ocrx_word' id='word_1_239' title='bbox 1251 348 1348 380; x_wconf 76' lang='lat' dir='ltr'>cultui</span> <span class='ocrx_word' id='word_1_240' title='bbox 1371 348 1485 386; x_wconf 78' lang='lat' dir='ltr'>dicata,</span> <span class='ocrx_word' id='word_1_241' title='bbox 1510 360 1545 380; x_wconf 78' lang='lat' dir='ltr'>ex</span> <span class='ocrx_word' id='word_1_242' title='bbox 1567 358 1658 381; x_wconf 84' lang='lat' dir='ltr'>causa</span> <span class='ocrx_word' id='word_1_243' title='bbox 1686 348 1735 391; x_wconf 86' lang='lat' dir='ltr'>pi-</span> 
     </span>
     <span class='ocr_line' id='line_1_49' title="bbox 993 401 1739 445; baseline 0.001 -13"><span class='ocrx_word' id='word_1_244' title='bbox 993 401 1102 439; x_wconf 59' lang='lat' dir='ltr'>gnoris</span> <span class='ocrx_word' id='word_1_245' title='bbox 1137 401 1228 444; x_wconf 77' lang='lat' dir='ltr'>rapi,</span> <span class='ocrx_word' id='word_1_246' title='bbox 1259 401 1378 445; x_wconf 76' lang='lat' dir='ltr'>percipi</span> <span class='ocrx_word' id='word_1_247' title='bbox 1416 402 1460 433; x_wconf 77' lang='lat' dir='ltr'>vel</span> <span class='ocrx_word' id='word_1_248' title='bbox 1498 401 1650 438; x_wconf 78' lang='lat' dir='ltr'>distrahi,</span> <span class='ocrx_word' id='word_1_249' title='bbox 1687 408 1739 433; x_wconf 88' lang='lat' dir='ltr'>ant</span> 
     </span>
     <span class='ocr_line' id='line_1_50' title="bbox 993 454 1739 498; baseline 0.003 -13"><span class='ocrx_word' id='word_1_250' title='bbox 993 454 1071 486; x_wconf 80' lang='lat' dir='ltr'>alias</span> <span class='ocrx_word' id='word_1_251' title='bbox 1084 455 1326 497; x_wconf 76' lang='lat' dir='ltr'>quomodolibet</span> <span class='ocrx_word' id='word_1_252' title='bbox 1343 454 1493 498; x_wconf 74' lang='lat' dir='ltr'>occupari</span> <span class='ocrx_word' id='word_1_253' title='bbox 1510 455 1657 492; x_wconf 80' lang='lat' dir='ltr'>debeant,</span> <span class='ocrx_word' id='word_1_254' title='bbox 1672 455 1739 487; x_wconf 85' lang='lat' dir='ltr'>ubi-</span> 
     </span>
     <span class='ocr_line' id='line_1_51' title="bbox 994 509 1426 551; baseline 0.007 -12"><span class='ocrx_word' id='word_1_255' title='bbox 994 519 1054 551; x_wconf 75' lang='lat' dir='ltr'>que</span> <span class='ocrx_word' id='word_1_256' title='bbox 1081 509 1226 540; x_wconf 76' lang='lat' dir='ltr'>volumus</span> <span class='ocrx_word' id='word_1_257' title='bbox 1253 509 1426 542; x_wconf 75' lang='lat' dir='ltr'>observari.</span> 
     </span>
    </p>

    <p class='ocr_par' dir='ltr' id='par_1_5' title="bbox 993 561 1742 1128">
     <span class='ocr_line' id='line_1_52' title="bbox 1039 561 1737 606; baseline 0.001 -13"><span class='ocrx_word' id='word_1_258' title='bbox 1039 568 1053 602; x_wconf 63' lang='grc' dir='ltr'>ξ</span> <span class='ocrx_word' id='word_1_259' title='bbox 1078 561 1124 594; x_wconf 64' lang='lat' dir='ltr'>lli.</span> <span class='ocrx_word' id='word_1_260' title='bbox 1140 562 1220 600; x_wconf 83' lang='lat' dir='ltr'>Quin</span> <span class='ocrx_word' id='word_1_261' title='bbox 1235 562 1331 594; x_wconf 75' lang='lat' dir='ltr'>etiam</span> <span class='ocrx_word' id='word_1_262' title='bbox 1346 562 1572 606; x_wconf 84' lang='lat' dir='ltr'>praecipimus,</span> <span class='ocrx_word' id='word_1_263' title='bbox 1590 573 1629 594; x_wconf 77' lang='lat' dir='ltr'>ne</span> <span class='ocrx_word' id='word_1_264' title='bbox 1650 562 1737 605; x_wconf 85' lang='lat' dir='ltr'>quis-</span> 
     </span>
     <span class='ocr_line' id='line_1_53' title="bbox 993 615 1740 659; baseline 0.001 -13"><span class='ocrx_word' id='word_1_265' title='bbox 993 624 1101 657; x_wconf 77' lang='lat' dir='ltr'>quam,</span> <span class='ocrx_word' id='word_1_266' title='bbox 1126 615 1220 647; x_wconf 78' lang='lat' dir='ltr'>etiam</span> <span class='ocrx_word' id='word_1_267' title='bbox 1241 615 1332 658; x_wconf 81' lang='lat' dir='ltr'>plura</span> <span class='ocrx_word' id='word_1_268' title='bbox 1353 616 1604 659; x_wconf 73' lang='lat' dir='ltr'>quanticumque</span> <span class='ocrx_word' id='word_1_269' title='bbox 1625 615 1740 648; x_wconf 67' lang='lat' dir='ltr'>valoris</span> 
     </span>
     <span class='ocr_line' id='line_1_54' title="bbox 994 668 1739 712; baseline 0.003 -13"><span class='ocrx_word' id='word_1_270' title='bbox 994 668 1150 700; x_wconf 71' lang='lat' dir='ltr'>lwnelicia</span> <span class='ocrx_word' id='word_1_271' title='bbox 1181 669 1406 705; x_wconf 66' lang='lat' dir='ltr'>etj·t·l‹:siasti‹·.·i,</span> <span class='ocrx_word' id='word_1_272' title='bbox 1439 679 1493 701; x_wconf 83' lang='lat' dir='ltr'>seu</span> <span class='ocrx_word' id='word_1_273' title='bbox 1526 669 1634 712; x_wconf 87' lang='lat' dir='ltr'>plures</span> <span class='ocrx_word' id='word_1_274' title='bbox 1660 679 1739 712; x_wconf 84' lang='lat' dir='ltr'>pen-</span> 
     </span>
     <span class='ocr_line' id='line_1_55' title="bbox 993 721 1739 759; baseline 0.003 -6"><span class='ocrx_word' id='word_1_275' title='bbox 993 721 1108 759; x_wconf 72' lang='lat' dir='ltr'>siones,</span> <span class='ocrx_word' id='word_1_276' title='bbox 1133 728 1183 754; x_wconf 87' lang='lat' dir='ltr'>aut</span> <span class='ocrx_word' id='word_1_277' title='bbox 1205 723 1336 759; x_wconf 80' lang='lat' dir='ltr'>fructus,</span> <span class='ocrx_word' id='word_1_278' title='bbox 1361 733 1415 755; x_wconf 86' lang='lat' dir='ltr'>seu</span> <span class='ocrx_word' id='word_1_279' title='bbox 1439 722 1512 755; x_wconf 83' lang='lat' dir='ltr'>talia</span> <span class='ocrx_word' id='word_1_280' title='bbox 1526 722 1660 756; x_wconf 58' lang='lat' dir='ltr'>mixtum</span> <span class='ocrx_word' id='word_1_281' title='bbox 1682 722 1739 755; x_wconf 90' lang='lat' dir='ltr'>ob-</span> 
     </span>
     <span class='ocr_line' id='line_1_56' title="bbox 995 775 1740 818; baseline 0.001 -12"><span class='ocrx_word' id='word_1_282' title='bbox 995 775 1097 808; x_wconf 86' lang='lat' dir='ltr'>tinens</span> <span class='ocrx_word' id='word_1_283' title='bbox 1130 786 1188 818; x_wconf 85' lang='lat' dir='ltr'>pro</span> <span class='ocrx_word' id='word_1_284' title='bbox 1214 775 1317 808; x_wconf 86' lang='lat' dir='ltr'>littera</span> <span class='ocrx_word' id='word_1_285' title='bbox 1339 781 1367 807; x_wconf 79' lang='lat' dir='ltr'>et</span> <span class='ocrx_word' id='word_1_286' title='bbox 1394 775 1521 817; x_wconf 62' lang='lat' dir='ltr'>sigillo,</span> <span class='ocrx_word' id='word_1_287' title='bbox 1546 775 1740 818; x_wconf 78' lang='lat' dir='ltr'>quictantiae</span> 
     </span>
     <span class='ocr_line' id='line_1_57' title="bbox 994 828 1737 867; baseline 0.001 -7"><span class='ocrx_word' id='word_1_288' title='bbox 994 829 1191 865; x_wconf 80' lang='lat' dir='ltr'>universalis,</span> <span class='ocrx_word' id='word_1_289' title='bbox 1220 828 1244 860; x_wconf 84' lang='lat' dir='ltr'>si</span> <span class='ocrx_word' id='word_1_290' title='bbox 1264 829 1350 861; x_wconf 87' lang='lat' dir='ltr'>illam</span> <span class='ocrx_word' id='word_1_291' title='bbox 1373 829 1492 861; x_wconf 82' lang='lat' dir='ltr'>habere</span> <span class='ocrx_word' id='word_1_292' title='bbox 1515 829 1662 867; x_wconf 77' lang='lat' dir='ltr'>voluerit,</span> <span class='ocrx_word' id='word_1_293' title='bbox 1686 829 1737 861; x_wconf 88' lang='lat' dir='ltr'>ul-</span> 
     </span>
     <span class='ocr_line' id='line_1_58' title="bbox 996 883 1741 926; baseline -0.001 -11"><span class='ocrx_word' id='word_1_294' title='bbox 996 888 1042 915; x_wconf 83' lang='lat' dir='ltr'>tra</span> <span class='ocrx_word' id='word_1_295' title='bbox 1072 895 1170 915; x_wconf 88' lang='lat' dir='ltr'>uuum</span> <span class='ocrx_word' id='word_1_296' title='bbox 1204 884 1391 920; x_wconf 58' lang='lat' dir='ltr'>warlenum,</span> <span class='ocrx_word' id='word_1_297' title='bbox 1417 883 1642 916; x_wconf 76' lang='lat' dir='ltr'>contis-lentem</span> <span class='ocrx_word' id='word_1_298' title='bbox 1664 893 1741 926; x_wconf 84' lang='lat' dir='ltr'>qua-</span> 
     </span>
     <span class='ocr_line' id='line_1_59' title="bbox 996 936 1741 980; baseline 0.001 -13"><span class='ocrx_word' id='word_1_299' title='bbox 996 941 1102 968; x_wconf 80' lang='lat' dir='ltr'>trenos</span> <span class='ocrx_word' id='word_1_300' title='bbox 1140 936 1266 977; x_wconf 63' lang='lat' dir='ltr'>triginta</span> <span class='ocrx_word' id='word_1_301' title='bbox 1302 942 1424 980; x_wconf 78' lang='lat' dir='ltr'>septem</span> <span class='ocrx_word' id='word_1_302' title='bbox 1462 936 1556 968; x_wconf 84' lang='lat' dir='ltr'>lmius</span> <span class='ocrx_word' id='word_1_303' title='bbox 1593 941 1741 968; x_wconf 84' lang='lat' dir='ltr'>monetae</span> 
     </span>
     <span class='ocr_line' id='line_1_60' title="bbox 994 989 1738 1029; baseline 0 -9"><span class='ocrx_word' id='word_1_304' title='bbox 994 989 1117 1021; x_wconf 78' lang='lat' dir='ltr'>solvere</span> <span class='ocrx_word' id='word_1_305' title='bbox 1144 995 1306 1029; x_wconf 86' lang='lat' dir='ltr'>teneatur,</span> <span class='ocrx_word' id='word_1_306' title='bbox 1333 1000 1390 1022; x_wconf 78' lang='lat' dir='ltr'>ner</span> <span class='ocrx_word' id='word_1_307' title='bbox 1412 990 1451 1022; x_wconf 87' lang='lat' dir='ltr'>ad</span> <span class='ocrx_word' id='word_1_308' title='bbox 1473 989 1559 1022; x_wconf 87' lang='lat' dir='ltr'>aliud</span> <span class='ocrx_word' id='word_1_309' title='bbox 1583 1000 1675 1026; x_wconf 87' lang='lat' dir='ltr'>onus,</span> <span class='ocrx_word' id='word_1_310' title='bbox 1703 1000 1738 1019; x_wconf 76' lang='lat' dir='ltr'>e-</span> 
     </span>
     <span class='ocr_line' id='line_1_61' title="bbox 997 1043 1742 1086; baseline -0.001 -11"><span class='ocrx_word' id='word_1_311' title='bbox 997 1043 1070 1075; x_wconf 86' lang='lat' dir='ltr'>tiam</span> <span class='ocrx_word' id='word_1_312' title='bbox 1086 1049 1250 1086; x_wconf 75' lang='lat' dir='ltr'>praetextu</span> <span class='ocrx_word' id='word_1_313' title='bbox 1266 1043 1395 1081; x_wconf 77' lang='lat' dir='ltr'>cambii,</span> <span class='ocrx_word' id='word_1_314' title='bbox 1420 1043 1579 1086; x_wconf 82' lang='lat' dir='ltr'>quispiam</span> <span class='ocrx_word' id='word_1_315' title='bbox 1600 1043 1742 1086; x_wconf 78' lang='lat' dir='ltr'>compel-</span> 
     </span>
     <span class='ocr_line' id='line_1_62' title="bbox 997 1097 1089 1128; baseline 0 0"><span class='ocrx_word' id='word_1_316' title='bbox 997 1097 1089 1128; x_wconf 86' lang='lat' dir='ltr'>latur.</span> 
     </span>
    </p>

    <p class='ocr_par' dir='ltr' id='par_1_6' title="bbox 996 1149 1744 1723">
     <span class='ocr_line' id='line_1_63' title="bbox 1041 1149 1741 1192; baseline 0 -11"><span class='ocrx_word' id='word_1_317' title='bbox 1041 1150 1055 1192; x_wconf 61' lang='grc' dir='ltr'>ξ</span> <span class='ocrx_word' id='word_1_318' title='bbox 1080 1149 1132 1182; x_wconf 72' lang='grc'>15.</span> <span class='ocrx_word' id='word_1_319' title='bbox 1161 1150 1240 1188; x_wconf 86' lang='lat' dir='ltr'>Quia</span> <span class='ocrx_word' id='word_1_320' title='bbox 1269 1159 1344 1182; x_wconf 68' lang='lat' dir='ltr'>vero</span> <span class='ocrx_word' id='word_1_321' title='bbox 1376 1149 1504 1181; x_wconf 80' lang='lat' dir='ltr'>difficile</span> <span class='ocrx_word' id='word_1_322' title='bbox 1534 1149 1629 1181; x_wconf 87' lang='lat' dir='ltr'>nimis</span> <span class='ocrx_word' id='word_1_323' title='bbox 1661 1155 1741 1183; x_wconf 86' lang='lat' dir='ltr'>esset</span> 
     </span>
     <span class='ocr_line' id='line_1_64' title="bbox 997 1202 1742 1246; baseline 0 -11"><span class='ocrx_word' id='word_1_324' title='bbox 997 1208 1179 1246; x_wconf 79' lang='lat' dir='ltr'>praesentes</span> <span class='ocrx_word' id='word_1_325' title='bbox 1199 1203 1322 1235; x_wconf 85' lang='lat' dir='ltr'>litteras</span> <span class='ocrx_word' id='word_1_326' title='bbox 1342 1213 1548 1246; x_wconf 83' lang='lat' dir='ltr'>quocumque</span> <span class='ocrx_word' id='word_1_327' title='bbox 1575 1202 1639 1242; x_wconf 81' lang='lat' dir='ltr'>illis</span> <span class='ocrx_word' id='word_1_328' title='bbox 1661 1214 1742 1246; x_wconf 87' lang='lat' dir='ltr'>opus</span> 
     </span>
     <span class='ocr_line' id='line_1_65' title="bbox 996 1256 1739 1300; baseline 0.001 -12"><span class='ocrx_word' id='word_1_329' title='bbox 996 1257 1055 1289; x_wconf 77' lang='lat' dir='ltr'>erit</span> <span class='ocrx_word' id='word_1_330' title='bbox 1083 1256 1238 1300; x_wconf 80' lang='lat' dir='ltr'>perferri,</span> <span class='ocrx_word' id='word_1_331' title='bbox 1268 1257 1414 1289; x_wconf 87' lang='lat' dir='ltr'>volumus</span> <span class='ocrx_word' id='word_1_332' title='bbox 1435 1267 1582 1300; x_wconf 81' lang='lat' dir='ltr'>qnoque,</span> <span class='ocrx_word' id='word_1_333' title='bbox 1607 1262 1642 1288; x_wconf 72' lang='lat' dir='ltr'>utv</span> <span class='ocrx_word' id='word_1_334' title='bbox 1668 1256 1739 1289; x_wconf 85' lang='lat' dir='ltr'>illa-</span> 
     </span>
     <span class='ocr_line' id='line_1_66' title="bbox 996 1309 1741 1354; baseline -0.001 -12"><span class='ocrx_word' id='word_1_335' title='bbox 996 1320 1067 1343; x_wconf 88' lang='lat' dir='ltr'>rum</span> <span class='ocrx_word' id='word_1_336' title='bbox 1089 1310 1241 1354; x_wconf 81' lang='lat' dir='ltr'>exemplis</span> <span class='ocrx_word' id='word_1_337' title='bbox 1262 1310 1357 1342; x_wconf 85' lang='lat' dir='ltr'>etiam</span> <span class='ocrx_word' id='word_1_338' title='bbox 1380 1309 1553 1353; x_wconf 86' lang='lat' dir='ltr'>impressis,</span> <span class='ocrx_word' id='word_1_339' title='bbox 1578 1315 1608 1342; x_wconf 89' lang='lat' dir='ltr'>et</span> <span class='ocrx_word' id='word_1_340' title='bbox 1622 1309 1741 1343; x_wconf 81' lang='lat' dir='ltr'>notarii</span> 
     </span>
     <span class='ocr_line' id='line_1_67' title="bbox 996 1363 1744 1408; baseline -0.001 -13"><span class='ocrx_word' id='word_1_341' title='bbox 996 1364 1115 1408; x_wconf 81' lang='lat' dir='ltr'>publici</span> <span class='ocrx_word' id='word_1_342' title='bbox 1142 1374 1259 1401; x_wconf 83' lang='lat' dir='ltr'>manu,</span> <span class='ocrx_word' id='word_1_343' title='bbox 1288 1374 1324 1396; x_wconf 83' lang='lat' dir='ltr'>ac</span> <span class='ocrx_word' id='word_1_344' title='bbox 1355 1363 1484 1396; x_wconf 80' lang='lat' dir='ltr'>Hemiei</span> <span class='ocrx_word' id='word_1_345' title='bbox 1516 1363 1689 1396; x_wconf 77' lang='lat' dir='ltr'>cardinalis</span> <span class='ocrx_word' id='word_1_346' title='bbox 1714 1369 1744 1395; x_wconf 82' lang='lat' dir='ltr'>et</span> 
     </span>
     <span class='ocr_line' id='line_1_68' title="bbox 997 1417 1743 1461; baseline -0.003 -10"><span class='ocrx_word' id='word_1_347' title='bbox 997 1418 1165 1451; x_wconf 77' lang='lat' dir='ltr'>camerarii</span> <span class='ocrx_word' id='word_1_348' title='bbox 1184 1417 1351 1461; x_wconf 70' lang='lat' dir='ltr'>praedicti,</span> <span class='ocrx_word' id='word_1_349' title='bbox 1368 1424 1423 1450; x_wconf 85' lang='lat' dir='ltr'>aut</span> <span class='ocrx_word' id='word_1_350' title='bbox 1442 1417 1571 1451; x_wconf 87' lang='lat' dir='ltr'>alterius</span> <span class='ocrx_word' id='word_1_351' title='bbox 1592 1417 1743 1450; x_wconf 85' lang='lat' dir='ltr'>collecto-</span> 
     </span>
     <span class='ocr_line' id='line_1_69' title="bbox 996 1471 1743 1515; baseline 0 -12"><span class='ocrx_word' id='word_1_352' title='bbox 996 1471 1049 1509; x_wconf 86' lang='lat' dir='ltr'>ris,</span> <span class='ocrx_word' id='word_1_353' title='bbox 1074 1482 1130 1508; x_wconf 86' lang='lat' dir='ltr'>seu</span> <span class='ocrx_word' id='word_1_354' title='bbox 1150 1471 1284 1515; x_wconf 85' lang='lat' dir='ltr'>praelati</span> <span class='ocrx_word' id='word_1_355' title='bbox 1309 1471 1529 1511; x_wconf 82' lang='lat' dir='ltr'>ecelesiastici,</span> <span class='ocrx_word' id='word_1_356' title='bbox 1554 1471 1659 1503; x_wconf 71' lang='lat' dir='ltr'>eiusx&#39;e</span> <span class='ocrx_word' id='word_1_357' title='bbox 1688 1481 1743 1503; x_wconf 84' lang='lat' dir='ltr'>cu-</span> 
     </span>
     <span class='ocr_line' id='line_1_70' title="bbox 997 1525 1744 1569; baseline -0.001 -11"><span class='ocrx_word' id='word_1_358' title='bbox 997 1526 1062 1558; x_wconf 87' lang='lat' dir='ltr'>riae</span> <span class='ocrx_word' id='word_1_359' title='bbox 1083 1525 1188 1568; x_wconf 73' lang='lat' dir='ltr'>sigillo</span> <span class='ocrx_word' id='word_1_360' title='bbox 1209 1525 1395 1568; x_wconf 77' lang='lat' dir='ltr'>obsignatis,</span> <span class='ocrx_word' id='word_1_361' title='bbox 1417 1526 1529 1559; x_wconf 86' lang='lat' dir='ltr'>eadem</span> <span class='ocrx_word' id='word_1_362' title='bbox 1550 1535 1683 1569; x_wconf 87' lang='lat' dir='ltr'>prorsus</span> <span class='ocrx_word' id='word_1_363' title='bbox 1708 1525 1744 1557; x_wconf 83' lang='lat' dir='ltr'>fi-</span> 
     </span>
     <span class='ocr_line' id='line_1_71' title="bbox 998 1578 1744 1622; baseline -0.003 -10"><span class='ocrx_word' id='word_1_364' title='bbox 998 1580 1052 1613; x_wconf 83' lang='lat' dir='ltr'>des</span> <span class='ocrx_word' id='word_1_365' title='bbox 1073 1579 1104 1612; x_wconf 89' lang='lat' dir='ltr'>iu</span> <span class='ocrx_word' id='word_1_366' title='bbox 1124 1579 1243 1612; x_wconf 78' lang='lat' dir='ltr'>iudicio</span> <span class='ocrx_word' id='word_1_367' title='bbox 1265 1585 1294 1612; x_wconf 86' lang='lat' dir='ltr'>et</span> <span class='ocrx_word' id='word_1_368' title='bbox 1314 1585 1402 1612; x_wconf 80' lang='lat' dir='ltr'>extra</span> <span class='ocrx_word' id='word_1_369' title='bbox 1422 1579 1501 1612; x_wconf 89' lang='lat' dir='ltr'>illud</span> <span class='ocrx_word' id='word_1_370' title='bbox 1520 1578 1639 1622; x_wconf 85' lang='lat' dir='ltr'>ubique</span> <span class='ocrx_word' id='word_1_371' title='bbox 1657 1578 1744 1610; x_wconf 84' lang='lat' dir='ltr'>loco-</span> 
     </span>
     <span class='ocr_line' id='line_1_72' title="bbox 997 1631 1741 1676; baseline -0.003 -11"><span class='ocrx_word' id='word_1_372' title='bbox 997 1644 1066 1665; x_wconf 90' lang='lat' dir='ltr'>rum</span> <span class='ocrx_word' id='word_1_373' title='bbox 1089 1632 1290 1668; x_wconf 79' lang='lat' dir='ltr'>adhibeatur,</span> <span class='ocrx_word' id='word_1_374' title='bbox 1315 1643 1397 1676; x_wconf 87' lang='lat' dir='ltr'>quae</span> <span class='ocrx_word' id='word_1_375' title='bbox 1418 1632 1479 1664; x_wconf 91' lang='lat' dir='ltr'>illis</span> <span class='ocrx_word' id='word_1_376' title='bbox 1504 1631 1580 1675; x_wconf 87' lang='lat' dir='ltr'>ipsis</span> <span class='ocrx_word' id='word_1_377' title='bbox 1605 1631 1741 1664; x_wconf 84' lang='lat' dir='ltr'>adbibe-</span> 
     </span>
     <span class='ocr_line' id='line_1_73' title="bbox 998 1686 1704 1723; baseline -0.003 -4"><span class='ocrx_word' id='word_1_378' title='bbox 998 1692 1095 1723; x_wconf 78' lang='lat' dir='ltr'>retur,</span> <span class='ocrx_word' id='word_1_379' title='bbox 1120 1686 1144 1719; x_wconf 89' lang='lat' dir='ltr'>si</span> <span class='ocrx_word' id='word_1_380' title='bbox 1170 1691 1275 1719; x_wconf 83' lang='lat' dir='ltr'>essent</span> <span class='ocrx_word' id='word_1_381' title='bbox 1295 1686 1454 1719; x_wconf 81' lang='lat' dir='ltr'>exhibitae</span> <span class='ocrx_word' id='word_1_382' title='bbox 1476 1686 1522 1718; x_wconf 76' lang='lat' dir='ltr'>vel</span> <span class='ocrx_word' id='word_1_383' title='bbox 1546 1691 1704 1718; x_wconf 87' lang='lat' dir='ltr'>ostensae.</span> 
     </span>
    </p>

    <p class='ocr_par' dir='ltr' id='par_1_7' title="bbox 998 1739 1748 2158">
     <span class='ocr_line' id='line_1_74' title="bbox 1043 1739 1745 1782; baseline -0.001 -10"><span class='ocrx_word' id='word_1_384' title='bbox 1043 1743 1058 1782; x_wconf 61' lang='lat' dir='ltr'>g</span> <span class='ocrx_word' id='word_1_385' title='bbox 1081 1741 1132 1773; x_wconf 27' lang='lat' dir='ltr'>ilfi.</span> <span class='ocrx_word' id='word_1_386' title='bbox 1156 1740 1240 1773; x_wconf 84' lang='lat' dir='ltr'>Nulli</span> <span class='ocrx_word' id='word_1_387' title='bbox 1262 1750 1339 1782; x_wconf 68' lang='lat' dir='ltr'>ergo</span> <span class='ocrx_word' id='word_1_388' title='bbox 1360 1740 1493 1772; x_wconf 86' lang='lat' dir='ltr'>omnino</span> <span class='ocrx_word' id='word_1_389' title='bbox 1514 1739 1684 1772; x_wconf 89' lang='lat' dir='ltr'>bominum</span> <span class='ocrx_word' id='word_1_390' title='bbox 1708 1739 1745 1771; x_wconf 94' lang='lat' dir='ltr'>li-</span> 
     </span>
     <span class='ocr_line' id='line_1_75' title="bbox 998 1792 1742 1837; baseline 0 -13"><span class='ocrx_word' id='word_1_391' title='bbox 998 1799 1068 1826; x_wconf 71' lang='lat' dir='ltr'>veat</span> <span class='ocrx_word' id='word_1_392' title='bbox 1081 1793 1163 1826; x_wconf 82' lang='lat' dir='ltr'>lianc</span> <span class='ocrx_word' id='word_1_393' title='bbox 1176 1793 1325 1837; x_wconf 64' lang='lat' dir='ltr'>paginam</span> <span class='ocrx_word' id='word_1_394' title='bbox 1336 1798 1521 1826; x_wconf 84' lang='lat' dir='ltr'>nostrorum</span> <span class='ocrx_word' id='word_1_395' title='bbox 1537 1792 1742 1832; x_wconf 81' lang='lat' dir='ltr'>inditionum,</span> 
     </span>
     <span class='ocr_line' id='line_1_76' title="bbox 1000 1846 1745 1891; baseline -0.001 -12"><span class='ocrx_word' id='word_1_396' title='bbox 1000 1847 1254 1891; x_wconf 85' lang='lat' dir='ltr'>impositionum,</span> <span class='ocrx_word' id='word_1_397' title='bbox 1283 1847 1402 1885; x_wconf 86' lang='lat' dir='ltr'>statuti,</span> <span class='ocrx_word' id='word_1_398' title='bbox 1424 1846 1655 1890; x_wconf 83' lang='lat' dir='ltr'>suspensionis,</span> <span class='ocrx_word' id='word_1_399' title='bbox 1669 1856 1745 1889; x_wconf 86' lang='lat' dir='ltr'>sup—</span> 
     </span>
     <span class='ocr_line' id='line_1_77' title="bbox 998 1900 1742 1944; baseline -0.001 -11"><span class='ocrx_word' id='word_1_400' title='bbox 998 1900 1177 1944; x_wconf 80' lang='lat' dir='ltr'>positionis,</span> <span class='ocrx_word' id='word_1_401' title='bbox 1202 1900 1431 1941; x_wconf 82' lang='lat' dir='ltr'>innodationis,</span> <span class='ocrx_word' id='word_1_402' title='bbox 1457 1900 1600 1939; x_wconf 78' lang='lat' dir='ltr'>decreti,</span> <span class='ocrx_word' id='word_1_403' title='bbox 1624 1910 1742 1943; x_wconf 86' lang='lat' dir='ltr'>proro-</span> 
     </span>
     <span class='ocr_line' id='line_1_78' title="bbox 999 1953 1747 1997; baseline -0.003 -10"><span class='ocrx_word' id='word_1_404' title='bbox 999 1954 1147 1997; x_wconf 81' lang='lat' dir='ltr'>gationis,</span> <span class='ocrx_word' id='word_1_405' title='bbox 1169 1954 1417 1991; x_wconf 80' lang='lat' dir='ltr'>constitutionis,</span> <span class='ocrx_word' id='word_1_406' title='bbox 1440 1953 1667 1997; x_wconf 87' lang='lat' dir='ltr'>deputationis,</span> <span class='ocrx_word' id='word_1_407' title='bbox 1692 1953 1747 1986; x_wconf 91' lang='lat' dir='ltr'>tri-</span> 
     </span>
     <span class='ocr_line' id='line_1_79' title="bbox 1000 2006 1748 2051; baseline -0.003 -11"><span class='ocrx_word' id='word_1_408' title='bbox 1000 2008 1152 2048; x_wconf 82' lang='lat' dir='ltr'>butionis,</span> <span class='ocrx_word' id='word_1_409' title='bbox 1176 2007 1359 2047; x_wconf 86' lang='lat' dir='ltr'>voluntatis,</span> <span class='ocrx_word' id='word_1_410' title='bbox 1384 2013 1413 2041; x_wconf 87' lang='lat' dir='ltr'>ct</span> <span class='ocrx_word' id='word_1_411' title='bbox 1437 2012 1686 2051; x_wconf 84' lang='lat' dir='ltr'>praeceptorum</span> <span class='ocrx_word' id='word_1_412' title='bbox 1701 2006 1748 2038; x_wconf 89' lang='lat' dir='ltr'>in-</span> 
     </span>
     <span class='ocr_line' id='line_1_80' title="bbox 1001 2059 1743 2103; baseline -0.003 -10"><span class='ocrx_word' id='word_1_413' title='bbox 1001 2061 1151 2103; x_wconf 75' lang='lat' dir='ltr'>fringere,</span> <span class='ocrx_word' id='word_1_414' title='bbox 1172 2061 1219 2093; x_wconf 87' lang='lat' dir='ltr'>vel</span> <span class='ocrx_word' id='word_1_415' title='bbox 1239 2061 1266 2093; x_wconf 87' lang='lat' dir='ltr'>ei</span> <span class='ocrx_word' id='word_1_416' title='bbox 1285 2071 1364 2094; x_wconf 87' lang='lat' dir='ltr'>ausu</span> <span class='ocrx_word' id='word_1_417' title='bbox 1378 2060 1550 2094; x_wconf 87' lang='lat' dir='ltr'>temerario</span> <span class='ocrx_word' id='word_1_418' title='bbox 1572 2059 1743 2092; x_wconf 84' lang='lat' dir='ltr'>contraire.</span> 
     </span>
     <span class='ocr_line' id='line_1_81' title="bbox 1001 2114 1215 2158; baseline -0.005 -11"><span class='ocrx_word' id='word_1_419' title='bbox 1001 2115 1032 2148; x_wconf 87' lang='lat' dir='ltr'>Si</span> <span class='ocrx_word' id='word_1_420' title='bbox 1053 2114 1135 2158; x_wconf 88' lang='lat' dir='ltr'>quis,</span> <span class='ocrx_word' id='word_1_421' title='bbox 1159 2119 1215 2147; x_wconf 78' lang='lat' dir='ltr'>etc.</span> 
     </span>
    </p>

    <p class='ocr_par' dir='ltr' id='par_1_8' title="bbox 1003 2166 1747 2362">
     <span class='ocr_line' id='line_1_82' title="bbox 1046 2166 1744 2211; baseline -0.006 -10"><span class='ocrx_word' id='word_1_422' title='bbox 1046 2168 1159 2201; x_wconf 87' lang='lat' dir='ltr'>Datum</span> <span class='ocrx_word' id='word_1_423' title='bbox 1182 2168 1302 2201; x_wconf 82' lang='lat' dir='ltr'>Romae</span> <span class='ocrx_word' id='word_1_424' title='bbox 1323 2168 1408 2211; x_wconf 87' lang='lat' dir='ltr'>apud</span> <span class='ocrx_word' id='word_1_425' title='bbox 1426 2168 1577 2201; x_wconf 83' lang='lat' dir='ltr'>Sanctum</span> <span class='ocrx_word' id='word_1_426' title='bbox 1602 2166 1744 2205; x_wconf 86' lang='lat' dir='ltr'>Petrum,</span> 
     </span>
     <span class='ocr_line' id='line_1_83' title="bbox 1003 2220 1744 2259; baseline -0.004 -5"><span class='ocrx_word' id='word_1_427' title='bbox 1003 2231 1087 2254; x_wconf 84' lang='lat' dir='ltr'>anno</span> <span class='ocrx_word' id='word_1_428' title='bbox 1118 2221 1349 2254; x_wconf 84' lang='lat' dir='ltr'>Incarnationis</span> <span class='ocrx_word' id='word_1_429' title='bbox 1383 2220 1569 2254; x_wconf 89' lang='lat' dir='ltr'>Dominicae</span> <span class='ocrx_word' id='word_1_430' title='bbox 1604 2228 1744 2259; x_wconf 70' lang='lat' dir='ltr'>nexem,</span> 
     </span>
     <span class='ocr_line' id='line_1_84' title="bbox 1003 2272 1747 2318; baseline -0.004 -10"><span class='ocrx_word' id='word_1_431' title='bbox 1003 2285 1055 2308; x_wconf 82' lang='lat' dir='ltr'>xvi</span> <span class='ocrx_word' id='word_1_432' title='bbox 1081 2275 1234 2308; x_wconf 80' lang='lat' dir='ltr'>kalendas</span> <span class='ocrx_word' id='word_1_433' title='bbox 1262 2275 1381 2311; x_wconf 76' lang='lat' dir='ltr'>martii,</span> <span class='ocrx_word' id='word_1_434' title='bbox 1412 2274 1616 2318; x_wconf 82' lang='lat' dir='ltr'>pontificatus</span> <span class='ocrx_word' id='word_1_435' title='bbox 1647 2272 1747 2307; x_wconf 86' lang='lat' dir='ltr'>nostri</span> 
     </span>
     <span class='ocr_line' id='line_1_85' title="bbox 1005 2338 1157 2362; baseline 0.013 -2"><span class='ocrx_word' id='word_1_436' title='bbox 1005 2338 1089 2361; x_wconf 85' lang='lat' dir='ltr'>anno</span> <span class='ocrx_word' id='word_1_437' title='bbox 1110 2339 1157 2362; x_wconf 84' lang='grc' dir='ltr'>ιιι.</span> 
     </span>
    </p>
   </div>
   <div class='ocr_carea' id='block_1_5' title="bbox 1041 2391 1649 2427">
    <p class='ocr_par' dir='ltr' id='par_1_9' title="bbox 1041 2391 1649 2427">
     <span class='ocr_line' id='line_1_86' title="bbox 1041 2391 1649 2427; baseline -0.002 -9"><span class='ocrx_word' id='word_1_438' title='bbox 1041 2391 1098 2418; x_wconf 86' lang='lat' dir='ltr'>Dat.</span> <span class='ocrx_word' id='word_1_439' title='bbox 1112 2391 1155 2418; x_wconf 84' lang='lat' dir='ltr'>die</span> <span class='ocrx_word' id='word_1_440' title='bbox 1171 2392 1206 2418; x_wconf 74' lang='lat'>14</span> <span class='ocrx_word' id='word_1_441' title='bbox 1221 2391 1349 2419; x_wconf 76' lang='lat' dir='ltr'>februarii</span> <span class='ocrx_word' id='word_1_442' title='bbox 1367 2391 1444 2425; x_wconf 67' lang='lat'>1594,</span> <span class='ocrx_word' id='word_1_443' title='bbox 1463 2394 1536 2427; x_wconf 87' lang='lat' dir='ltr'>pont.</span> <span class='ocrx_word' id='word_1_444' title='bbox 1555 2398 1598 2418; x_wconf 83' lang='lat' dir='ltr'>an.</span> <span class='ocrx_word' id='word_1_445' title='bbox 1613 2397 1649 2417; x_wconf 82' lang='grc' dir='ltr'>ιιι.</span> 
     </span>
    </p>
   </div>
   <div class='ocr_carea' id='block_1_6' title="bbox 1753 191 1937 219">
    <p class='ocr_par' dir='ltr' id='par_1_10' title="bbox 1753 191 1937 219">
     <span class='ocr_line' id='line_1_87' title="bbox 1753 191 1937 219; baseline 0.011 -2"><span class='ocrx_word' id='word_1_446' title='bbox 1753 191 1801 218; x_wconf 76' lang='lat' dir='ltr'>An.</span> <span class='ocrx_word' id='word_1_447' title='bbox 1824 192 1852 219; x_wconf 70' lang='grc' dir='ltr'>(ἶ.</span> <span class='ocrx_word' id='word_1_448' title='bbox 1875 192 1937 219; x_wconf 73' lang='grc'>[594</span> 
     </span>
    </p>
   </div>
   <div class='ocr_carea' id='block_1_7' title="bbox 1754 614 1940 687">
    <p class='ocr_par' dir='ltr' id='par_1_11' title="bbox 1754 614 1940 687">
     <span class='ocr_line' id='line_1_88' title="bbox 1774 614 1939 643; baseline 0 -10"><span class='ocrx_word' id='word_1_449' title='bbox 1774 641 1776 643; x_wconf 34' lang='grc' dir='ltr'>Ι</span> <span class='ocrx_word' id='word_1_450' title='bbox 1790 614 1828 633; x_wconf 73' lang='lat' dir='ltr'>l’ro</span> <span class='ocrx_word' id='word_1_451' title='bbox 1845 615 1939 639; x_wconf 67' lang='lat' dir='ltr'>quietan-</span> 
     </span>
     <span class='ocr_line' id='line_1_89' title="bbox 1755 642 1940 666; baseline 0 -6"><span class='ocrx_word' id='word_1_452' title='bbox 1755 643 1789 660; x_wconf 78' lang='grc' dir='ltr'>ιιι;</span> <span class='ocrx_word' id='word_1_453' title='bbox 1800 642 1868 660; x_wconf 73' lang='lat' dir='ltr'>laxam</span> <span class='ocrx_word' id='word_1_454' title='bbox 1879 645 1940 666; x_wconf 80' lang='lat' dir='ltr'>prae-</span> 
     </span>
     <span class='ocr_line' id='line_1_90' title="bbox 1754 667 1806 687; baseline 0 -1"><span class='ocrx_word' id='word_1_455' title='bbox 1754 667 1806 687; x_wconf 84' lang='lat' dir='ltr'>sinit.</span> 
     </span>
    </p>
   </div>
   <div class='ocr_carea' id='block_1_8' title="bbox 1758 1199 1941 1278">
    <p class='ocr_par' dir='ltr' id='par_1_12' title="bbox 1758 1199 1941 1278">
     <span class='ocr_line' id='line_1_91' title="bbox 1788 1199 1941 1229; baseline 0 -10"><span class='ocrx_word' id='word_1_456' title='bbox 1788 1199 1852 1229; x_wconf 53' lang='lat' dir='ltr'>limus</span> <span class='ocrx_word' id='word_1_457' title='bbox 1864 1202 1941 1219; x_wconf 67' lang='lat' dir='ltr'>eonsti-</span> 
     </span>
     <span class='ocr_line' id='line_1_92' title="bbox 1758 1228 1941 1246; baseline 0.005 -1"><span class='ocrx_word' id='word_1_458' title='bbox 1758 1228 1843 1246; x_wconf 67' lang='lat' dir='ltr'>tutionis</span> <span class='ocrx_word' id='word_1_459' title='bbox 1874 1231 1941 1246; x_wconf 71' lang='lat' dir='ltr'>exem-</span> 
     </span>
     <span class='ocr_line' id='line_1_93' title="bbox 1758 1253 1941 1278; baseline 0 -6"><span class='ocrx_word' id='word_1_460' title='bbox 1758 1254 1796 1278; x_wconf 55' lang='lat' dir='ltr'>plis</span> <span class='ocrx_word' id='word_1_461' title='bbox 1808 1253 1864 1272; x_wconf 63' lang='lat' dir='ltr'>ert-ili</span> <span class='ocrx_word' id='word_1_462' title='bbox 1877 1253 1941 1272; x_wconf 73' lang='lat' dir='ltr'>iubet.</span> 
     </span>
    </p>
   </div>
   <div class='ocr_carea' id='block_1_9' title="bbox 1760 1786 1946 1834">
    <p class='ocr_par' dir='ltr' id='par_1_13' title="bbox 1760 1786 1946 1834">
     <span class='ocr_line' id='line_1_94' title="bbox 1774 1786 1946 1811; baseline 0 -5"><span class='ocrx_word' id='word_1_463' title='bbox 1774 1786 1886 1806; x_wconf 54' lang='lat' dir='ltr'>Ctausutae</span> <span class='ocrx_word' id='word_1_464' title='bbox 1895 1791 1934 1811; x_wconf 74' lang='lat' dir='ltr'>poc</span> <span class='ocrx_word' id='word_1_465' title='bbox 1941 1797 1946 1800; x_wconf 95' lang='lat'><em>-</em></span> 
     </span>
     <span class='ocr_line' id='line_1_95' title="bbox 1760 1815 1825 1834; baseline -0.031 0"><span class='ocrx_word' id='word_1_466' title='bbox 1760 1815 1825 1834; x_wconf 74' lang='lat' dir='ltr'>nates.</span> 
     </span>
    </p>
   </div>
   <div class='ocr_carea' id='block_1_10' title="bbox 27 2487 212 2593">
    <p class='ocr_par' dir='ltr' id='par_1_14' title="bbox 27 2487 212 2593">
     <span class='ocr_line' id='line_1_96' title="bbox 64 2487 210 2514; baseline 0 -5"><span class='ocrx_word' id='word_1_467' title='bbox 64 2487 141 2509; x_wconf 77' lang='lat' dir='ltr'>Sam-as</span> <span class='ocrx_word' id='word_1_468' title='bbox 163 2493 210 2514; x_wconf 79' lang='lat' dir='ltr'>sup·</span> 
     </span>
     <span class='ocr_line' id='line_1_97' title="bbox 27 2513 211 2541; baseline -0.005 -5"><span class='ocrx_word' id='word_1_469' title='bbox 27 2513 142 2541; x_wconf 73' lang='lat' dir='ltr'>pettecutes</span> <span class='ocrx_word' id='word_1_470' title='bbox 165 2515 211 2535; x_wconf 85' lang='lat' dir='ltr'>loco</span> 
     </span>
     <span class='ocr_line' id='line_1_98' title="bbox 29 2541 212 2568; baseline 0 -6"><span class='ocrx_word' id='word_1_471' title='bbox 29 2542 123 2562; x_wconf 76' lang='lat' dir='ltr'>monetae</span> <span class='ocrx_word' id='word_1_472' title='bbox 131 2541 212 2568; x_wconf 77' lang='lat' dir='ltr'>percipi</span> 
     </span>
     <span class='ocr_line' id='line_1_99' title="bbox 28 2567 134 2593; baseline 0 -5"><span class='ocrx_word' id='word_1_473' title='bbox 28 2567 134 2593; x_wconf 71' lang='lat' dir='ltr'>prohibet.</span> 
     </span>
    </p>
   </div>
   <div class='ocr_carea' id='block_1_11' title="bbox 226 2490 992 2643">
    <p class='ocr_par' dir='ltr' id='par_1_15' title="bbox 226 2490 992 2643">
     <span class='ocr_line' id='line_1_100' title="bbox 226 2490 973 2535; baseline 0 -12"><span class='ocrx_word' id='word_1_474' title='bbox 226 2490 403 2523; x_wconf 84' lang='lat' dir='ltr'>memoriae</span> <span class='ocrx_word' id='word_1_475' title='bbox 431 2490 601 2524; x_wconf 87' lang='lat' dir='ltr'>Clementis</span> <span class='ocrx_word' id='word_1_476' title='bbox 627 2491 731 2535; x_wconf 84' lang='lat' dir='ltr'>Papae</span> <span class='ocrx_word' id='word_1_477' title='bbox 755 2491 778 2523; x_wconf 86' lang='lat' dir='ltr'>V</span> <span class='ocrx_word' id='word_1_478' title='bbox 794 2518 801 2531; x_wconf 88' lang='lat'>‚</span> <span class='ocrx_word' id='word_1_479' title='bbox 825 2490 973 2524; x_wconf 85' lang='lat' dir='ltr'>similiter</span> 
     </span>
     <span class='ocr_line' id='line_1_101' title="bbox 227 2543 973 2588; baseline 0 -11"><span class='ocrx_word' id='word_1_480' title='bbox 227 2543 483 2588; x_wconf 80' lang='lat' dir='ltr'>praedecessoris</span> <span class='ocrx_word' id='word_1_481' title='bbox 509 2544 610 2578; x_wconf 89' lang='lat' dir='ltr'>nostri</span> <span class='ocrx_word' id='word_1_482' title='bbox 643 2544 675 2577; x_wconf 88' lang='lat' dir='ltr'>in</span> <span class='ocrx_word' id='word_1_483' title='bbox 707 2543 849 2577; x_wconf 86' lang='lat' dir='ltr'>Concilio</span> <span class='ocrx_word' id='word_1_484' title='bbox 880 2543 973 2577; x_wconf 86' lang='lat' dir='ltr'>Vien-</span> 
     </span>
     <span class='ocr_line' id='line_1_102' title="bbox 228 2598 992 2643; baseline 0.003 -13"><span class='ocrx_word' id='word_1_485' title='bbox 228 2598 317 2632; x_wconf 88' lang='lat' dir='ltr'>nensi</span> <span class='ocrx_word' id='word_1_486' title='bbox 339 2598 468 2639; x_wconf 86' lang='lat' dir='ltr'>editam,</span> <span class='ocrx_word' id='word_1_487' title='bbox 486 2599 571 2643; x_wconf 89' lang='lat' dir='ltr'>quod</span> <span class='ocrx_word' id='word_1_488' title='bbox 584 2599 728 2632; x_wconf 85' lang='lat' dir='ltr'>decimae</span> <span class='ocrx_word' id='word_1_489' title='bbox 749 2599 788 2632; x_wconf 86' lang='lat' dir='ltr'>ad</span> <span class='ocrx_word' id='word_1_490' title='bbox 809 2604 973 2632; x_wconf 86' lang='lat' dir='ltr'>monetam</span> <span class='ocrx_word' id='word_1_491' title='bbox 990 2619 992 2636; x_wconf 45' lang='grc' dir='ltr'>ι</span> 
     </span>
    </p>
   </div>
   <div class='ocr_carea' id='block_1_12' title="bbox 975 241 991 2577">
    <p class='ocr_par' dir='ltr' id='par_1_16' title="bbox 975 241 991 2577">
     <span class='ocr_line' id='line_1_103' title="bbox 975 241 991 2577; baseline 0 0"><span class='ocrx_word' id='word_1_492' title='bbox 975 241 991 2577; x_wconf 95' lang='lat' dir='ltr'> </span> 
     </span>
    </p>
   </div>
  </div>
 </body>
</html>
