2253 3195
8 280 42 298 tn.
60 272 88 298 tt.
110 271 178 298 4595

807 268 954 292 ctVEMt-:Ns
974 268 1032 291 VIII
1054 268 1104 291 I‘I'.

194 318 302 359 dulsit,
312 318 423 351 statuit
438 323 468 351 et
479 317 649 355 ordinavit,
668 317 844 351 decernens
858 327 938 360 quo-

193 382 255 415 que
278 371 350 410 illis,
384 378 415 404 et
435 371 608 415 praedietis
628 370 741 404 litteris
762 371 859 402 nullo·
873 380 934 402 un-

194 435 290 468 quam
305 430 450 468 tempore
464 435 522 468 per
534 424 649 458 Sedem
665 424 824 463 eamdem,
841 423 936 455 etiam

193 489 251 522 per
270 489 492 522 quascumque
514 478 645 514 litteras.
671 477 766 510 etiam
794 476 939 520 quamvis

194 639 317 672 riarum
344 638 587 681 derogatorias,
620 637 882 680 efficacioresque
910 642 937 669 et

196 693 341 726 insolitas
368 694 527 726 clausulas
542 720 550 730 ,
584 703 620 725 ae
653 692 749 725 etiam
782 691 940 723 irritantia

196 747 328 780 decreta
359 747 418 780 sub
450 757 657 790 quacumque
682 745 855 778 verborum
881 756 936 777 ex-

194 800 360 844 pressione
390 800 422 832 in
455 810 487 833 se
516 799 718 833 continentes
756 799 940 831 nullatenus

195 853 345 896 derogari
363 863 468 897 posse,
505 863 563 886 nee
589 853 780 895 derogatum
802 851 936 888 censeri,

195 906 257 940 nisi
281 907 321 940 de
353 913 421 941 toto
448 913 559 940 tenore
575 935 582 945 ,
610 913 641 940 et
667 907 740 940 data
760 906 939 939 litterarum

196 960 296 1005 ipsius
316 961 488 995 Clementis
499 960 758 1005 praedecessoris
779 959 937 1004 specialis,

196 1014 358 1059 specifica,
388 1015 563 1055 individua,
596 1015 690 1059 plena
716 1020 745 1048 et
778 1024 938 1057 expressa,

197 1078 233 1101 ac
254 1068 294 1101 de
314 1069 412 1101 verbo
426 1068 466 1101 ad
487 1068 621 1102 verbum
635 1068 714 1100 nihil
729 1067 859 1107 omisso,
876 1077 941 1099 non

197 1127 305 1155 autem
325 1133 384 1165 pet·
404 1122 564 1155 clausulas
584 1121 752 1164 generales
773 1121 858 1154 idem
882 1119 943 1153 im-

198 1180 378 1219 ponantes,
399 1175 522 1208 mentio
536 1175 640 1215 fieret,
663 1186 700 1208 ex
721 1185 869 1218 expresse
888 1185 943 1217 ap-

198 1233 329 1272 pareret
357 1229 541 1262 Romanum
572 1228 760 1261 Pontificem
795 1228 857 1261 illis
881 1228 940 1261 de-

199 1292 315 1325 rogare
336 1283 486 1323 voluisse,
510 1288 566 1316 aut
587 1292 683 1316 causa
696 1292 816 1325 urgens
836 1287 865 1315 et
880 1282 944 1315 sns-

199 1334 312 1369 ficiens
332 1336 592 1380 exprimeretur,
615 1347 652 1369 ac
672 1336 861 1370 huiusmodi
883 1337 940 1370 de-

201 1390 327 1433 rogatio
347 1401 406 1434 per
428 1390 526 1424 trinas
538 1389 705 1424 distinctas
718 1389 842 1423 litteras
855 1401 945 1423 eum—

200 1443 274 1476 dem
295 1448 441 1477 tenorem
454 1443 656 1477 continentes
670 1443 774 1477 tribus
788 1443 945 1476 distinctis

200 1496 322 1530 vicibus
335 1497 503 1541 praedicto
515 1498 640 1538 Carolo,
661 1508 698 1530 ac
718 1507 777 1540 pro
801 1502 945 1540 tempore

201 1550 347 1584 existenti
379 1550 561 1584 Sabaudiae
584 1551 657 1584 duci
687 1556 769 1584 esset
800 1550 947 1583 intimata

201 1609 232 1636 et
245 1603 417 1645 insinuata,
434 1604 599 1648 ipsiusque
612 1605 728 1645 Caroli,
743 1610 773 1637 et
794 1615 852 1648 pro
868 1610 947 1637 tem-

201 1668 281 1702 pore
303 1658 466 1692 existentis
479 1658 659 1692 Sabaudiae
681 1659 771 1692 ducis
785 1659 825 1692 ad
847 1658 878 1691 id
896 1669 947 1692 ex-

201 1722 331 1755 pressus
344 1712 513 1746 accederet
524 1723 683 1751 assensus,
701 1717 733 1745 et
745 1712 839 1745 aliter
851 1712 948 1745 saetas

202 1764 431 1807 derogationes
451 1765 574 1798 nemini
601 1765 782 1808 suffragari,
806 1776 865 1799 nec
883 1776 947 1799 non

202 1828 424 1862 quascumque
452 1819 699 1863 praelectiones,
734 1819 945 1863 provisiones,

203 1872 404 1914 collationes,
435 1873 672 1917 acceptationes
693 1879 724 1907 et
744 1874 821 1907 alias
842 1874 949 1917 dispo-

202 1925 335 1960 sitiones
356 1927 389 1960 in
409 1928 622 1969 eontrarium,
644 1928 740 1961 etiam
766 1939 824 1972 per
855 1939 949 1972 prae-

204 1980 327 2013 dictum
357 1981 554 2015 Clementem
586 1983 883 2026 praedecessorem,
920 1988 952 2015 et

204 2033 320 2067 Sedem
333 2034 520 2068 huiusmodi
535 2045 594 2079 pro
609 2040 755 2079 tempore
769 2036 869 2068 factas
880 2036 952 2068 nul-

204 2086 266 2121 lius
280 2087 408 2121 roboris
418 2089 468 2121 vel
480 2089 637 2122 momenti
650 2089 730 2129 fore,
746 2099 806 2122 nec
819 2089 950 2132 aliquod

206 2141 266 2182 ius,
295 2142 344 2175 vel
373 2142 469 2175 etiam
495 2143 677 2176 coloratum
698 2143 826 2176 titulum
848 2142 951 2187 possi-

207 2194 303 2228 dendi
328 2194 484 2236 tribuere,
513 2206 549 2228 ac
573 2196 722 2229 Carolum
744 2201 775 2229 et
795 2206 854 2239 pro
874 2201 953 2228 tem-

206 2259 286 2293 pore
306 2249 495 2283 existentem
509 2250 636 2289 ducem,
657 2260 784 2283 necnon
798 2260 953 2293 personas

207 2303 355 2344 ducatus,
390 2303 525 2337 dominii
558 2309 588 2337 et
615 2303 747 2336 ditionis
767 2303 953 2336 huiusmodi

207 2356 323 2390 litteris
342 2357 537 2400 derogativis
562 2362 593 2390 et
613 2357 751 2390 decretis
773 2367 871 2400 super
892 2356 954 2389 illis

207 2411 412 2454 processibus
426 2439 433 2452 ,
457 2422 494 2445 ac
515 2411 644 2444 illorum
678 2410 950 2454 exequutoribus,

208 2474 389 2508 eorumque
423 2464 586 2498 mandatis
614 2470 641 2497 et
682 2463 955 2507 exequutionibus

207 2528 325 2561 parere
345 2518 479 2551 minime
508 2519 622 2559 teneri,
654 2519 709 2551 sed
735 2517 798 2551 illis
818 2517 956 2550 firmiter

208 2571 371 2612 resistere,
403 2582 439 2605 ac
464 2573 645 2606 litterarum
666 2564 856 2605 earumdem
877 2582 952 2605 exe-

210 2624 402 2668 quutionem
422 2626 557 2660 omnino
578 2625 747 2670 impedire,
759 2635 818 2658 nec
830 2624 955 2658 ratione

209 2678 411 2712 resistentiae
431 2679 619 2713 huiusmodi
638 2678 782 2713 censuris
803 2677 955 2712 ecclesia-

1629 252 1687 285 titt)
1734 262 1782 289 An.
1806 262 1832 289 e.
1854 263 1921 290 1595

972 316 1057 349 stit-is
1077 325 1135 359 per
1156 313 1286 348 eosdem
1300 319 1515 357 exequutores
1533 317 1563 345 et
1585 312 1720 345 subexe-

972 375 1126 413 quutores
1148 368 1296 401 innodari
1319 378 1423 411 posse,
1442 373 1469 400 et
1488 367 1530 399 ita
1546 378 1603 410 per
1623 376 1719 409 quos-

973 433 1111 465 cumque
1141 422 1275 454 iudieari
1309 422 1347 454 ed
1374 420 1501 454 deliniri
1528 420 1658 459 debere,
1683 430 1719 451 ae

956 505 957 515 ,
975 476 1102 508 irritum
1119 476 1297 508 decernens
1316 481 1345 508 et
1361 475 1455 507 inane
1469 474 1493 506 si
1515 484 1606 506 serus
1624 483 1721 516 super

193 532 361 573 generales
382 532 430 564 vel
451 531 626 575 speciales,
660 536 690 563 et
711 529 866 573 implicite
888 530 936 561 la-
956 540 958 550 ¹

195 585 316 619 tissime
337 586 566 622 extendendas,
598 590 652 617 aut
669 584 747 617 alias
767 584 939 625 derogato·
957 594 958 598 ¹

975 529 1023 561 liis
1049 539 1066 561 a
1098 540 1306 573 quoetm‘ique
1335 528 1513 569 contigeret
1547 526 1716 560 attentari.

974 584 1107 615 Demum
1127 583 1241 616 similis
1256 582 1432 615 memoriae
1455 582 1554 614 Iulius
1567 581 1652 624 Papa
1666 581 1716 617 tlt,

975 636 1070 670 etiam
1090 637 1321 680 praedeeessor
1346 642 1466 674 noster,
1492 645 1548 679 per
1568 646 1642 667 suas
1663 634 1716 666 lit-

977 696 1059 723 teras
1079 690 1257 734 praemissa
1278 689 1491 722 confirmavit.

1035 746 1050 786 ξ
1081 743 1110 776 7.
1146 743 1322 777 Novissime
1359 748 1466 775 autem
1495 748 1523 775 et
1556 748 1720 786 postremo
1762 779 1764 782 .
1786 752 1922 786 eopnrmam

975 798 1078 830 lionae
1109 796 1287 830 memoriae
1318 796 1492 838 Gregorius
1512 796 1596 835 Xlll,
1625 796 1719 828 etiam
1737 782 1923 827 {iiitffl'wfflms

975 851 1204 896 praedecessor
1224 856 1344 889 noster,
1374 850 1516 892 singulas
1534 849 1724 893 praedeees-

974 916 1084 938 sorum
1117 904 1359 948 praedictorum
1386 903 1535 942 litteras,
1569 908 1600 935 et
1626 903 1656 935 in
1678 903 1723 935 eis

975 963 1127 992 contenta
1147 968 1385 1002 quaecumque,
1410 968 1445 989 ac
1472 956 1580 989 onmia
1602 962 1632 989 et
1653 956 1720 989 sin-

976 1013 1050 1054 gula
1070 1011 1250 1055 privilegia,
1275 1010 1523 1050 concessiones,
1553 1009 1673 1052 gratias
1695 1016 1725 1042 et

977 1065 1103 1098 indulta
1137 1070 1199 1097 tam
1234 1075 1293 1107 per
1324 1064 1488 1097 Romanos
1525 1062 1698 1096 Pontifices
1715 1091 1721 1101 ,

977 1130 1074 1163 quam
1093 1119 1194 1152 sacris
1215 1118 1394 1151 canonibus
1409 1118 1542 1151 minime
1561 1117 1725 1151 contraria

977 1184 1035 1218 per
1056 1173 1269 1217 imperatores
1290 1178 1321 1205 et
1341 1182 1434 1214 reges
1456 1172 1528 1205 duci
1551 1178 1579 1204 et
1601 1171 1724 1204 nationi

977 1227 1158 1261 Sabaudiae
1195 1225 1382 1259 huiusmodi
1410 1236 1563 1258 concessa
1583 1253 1589 1266 ,
1626 1225 1723 1258 etiam

978 1279 1183 1314 confirmavit.
1200 1285 1231 1312 et
1251 1278 1453 1323 approbarit,
1482 1290 1518 1311 ac
1539 1278 1634 1312 etiam
1654 1278 1726 1311 irri-

979 1340 1047 1368 tum
1076 1340 1109 1367 et
1128 1334 1224 1367 inane
1245 1333 1414 1371 decrevit,
1443 1332 1603 1376 quidquid
1634 1343 1726 1366 secus

979 1399 1077 1432 super
1096 1388 1145 1421 his
1159 1398 1177 1420 a
1196 1398 1374 1431 quoquam,
1390 1386 1501 1431 quavis
1519 1386 1723 1427 auctoritate,

979 1442 1119 1475 scienter
1138 1441 1187 1474 vel
1207 1441 1419 1484 ignoranter,
1451 1440 1655 1483 contingeret
1682 1446 1728 1473 at-

980 1495 1113 1535 tentari‚·
1133 1501 1232 1540 prout
1253 1495 1284 1528 in
1305 1495 1440 1538 singulis
1460 1494 1577 1528 litteris
1597 1494 1727 1538 praedi-

981 1549 1038 1583 ctis
1055 1549 1182 1593 plenius
1203 1549 1321 1582 dicitur
1342 1548 1512 1581 contineri.

995 1605 1001 1609 ”
1027 1604 1042 1645 S
1074 1602 1104 1635 8.
1138 1603 1202 1636 Nos
1229 1602 1328 1645 igitur
1357 1602 1561 1635 attendentes
1582 1601 1727 1635 sincerae

983 1656 1163 1690 devotionis
1184 1656 1348 1694 affectum,
1373 1667 1469 1700 quem
1491 1656 1576 1689 idem
1593 1655 1729 1689 dilectus

983 1710 1068 1743 filius
1088 1710 1220 1743 Carolus
1251 1710 1443 1743 Emmanuel
1465 1710 1641 1742 modernus
1667 1708 1726 1741 Sa-

983 1763 1120 1797 baudiae
1146 1764 1211 1797 dux
1230 1763 1364 1797 illustris
1385 1774 1462 1806 erga
1483 1773 1542 1796 nos
1563 1768 1594 1796 et
1613 1763 1730 1796 Roma-

983 1828 1057 1850 nam
1080 1818 1162 1860 gerit
1191 1817 1379 1855 Ecclesiam,
1410 1817 1544 1861 eiusque
1574 1816 1730 1849 illibatam

983 1872 1059 1904 fidei
1081 1871 1294 1905 constantiam
1316 1871 1508 1915 promereri,
1524 1876 1644 1903 uteum
1662 1881 1733 1914 spe-

985 1925 1074 1959 cialis
1092 1925 1214 1968 gratiae
1228 1925 1334 1958 favore
1347 1935 1596 1968 prosequamur,
1611 1924 1733 1968 ipsum-

985 1991 1047 2024 que
1068 1980 1216 2013 Carolum
1240 1979 1484 2012 Emmanuelem
1501 1979 1617 2011 ducem
1632 1988 1650 2010 a
1662 1977 1734 2022 qui-

985 2033 1092 2067 busvis
1113 2032 1479 2072 excommunicationis,
1513 2031 1733 2075 suspensionis

986 2093 1017 2121 et
1042 2087 1203 2120 interdicti
1238 2086 1373 2130 aliisque
1404 2085 1629 2118 ecclesiasticis
1660 2095 1733 2118 sen-

986 2141 1104 2180 tentiis,
1130 2141 1276 2174 censuris
1305 2151 1341 2173 ae
1362 2140 1474 2184 poenis
1495 2150 1512 2172 a
1538 2139 1607 2172 iure
1624 2140 1672 2172 vel
1693 2139 1733 2171 ab

987 2195 1131 2235 homine,
1148 2194 1261 2239 quavis
1275 2194 1456 2234 occasione,
1478 2193 1525 2226 vel
1538 2203 1633 2226 causa
1647 2192 1730 2231 latis,

988 2250 1011 2282 si
1030 2249 1148 2293 quibus
1160 2249 1410 2293 quomodolibet
1430 2248 1602 2281 innodatus
1615 2246 1730 2285 existit,

987 2304 1027 2337 ad
1048 2303 1200 2336 effectum
1217 2302 1440 2347 praesentium
1463 2302 1629 2335 dumtaxat
1649 2310 1729 2333 con-

988 2357 1202 2401 sequendum,
1227 2357 1345 2389 harum
1366 2355 1449 2389 serie
1479 2355 1683 2388 absolventes
1704 2359 1735 2387 et

989 2410 1173 2443 absolutum
1200 2410 1269 2443 sore
1296 2414 1485 2448 censentes,
1519 2407 1584 2441 suis
1612 2407 1643 2439 in
1675 2406 1734 2439 hae

989 2469 1079 2508 parte
1100 2463 1194 2497 nobis
1207 2463 1365 2507 porrectis
1380 2461 1672 2506 supplicationibus
1686 2460 1734 2493 in-

990 2516 1112 2557 clinati,
1136 2516 1278 2559 singulas
1309 2515 1570 2560 supradictorum
1593 2514 1732 2558 praede-

990 2581 1153 2604 cessorum
1164 2569 1300 2611 litteras,
1317 2574 1347 2602 et
1362 2569 1393 2601 in
1415 2568 1460 2602 eis
1474 2573 1624 2602 contenta
1638 2578 1736 2612 quae‘

990 2635 1142 2668 cumque,
1166 2633 1294 2657 necnon
1314 2622 1424 2656 omnia
1444 2628 1476 2656 et
1492 2622 1619 2665 singula
1638 2621 1735 2666 privi-

991 2677 1096 2719 legia,
1130 2676 1377 2715 eoncessiones,
1408 2676 1527 2718 gratias
1556 2680 1584 2709 et
1612 2674 1734 2708 indulta

1771 1609 1866 1630 Clemens
1883 1609 1929 1630 VIll

1744 1666 1791 1684 rata
1812 1663 1877 1684 hahet
1900 1663 1929 1684 iu-

1744 1692 1857 1716 noratque.

1743 1636 1930 1662 praedictaomnia
1960 1649 1963 1651 >
