2253 3195
27 293 75 320 An.
97 292 126 317 (1.
143 290 207 318 1602

837 292 984 316 CLEMENS
1005 292 1062 315 v111
1082 293 1133 315 ΡΙ).

223 339 319 372 clesia
343 340 487 383 praefata
515 340 554 372 de
583 340 722 373 Novelda
748 350 830 373 unus
858 346 964 373 rector

222 403 277 425 seu
297 393 456 436 parochus
477 399 652 436 perpetuus
666 393 890 433 constituatur,
907 394 961 437 qui

223 446 308 479 illam
342 458 399 490 per
428 456 642 485 concursum,
676 447 909 480 institutionem
933 453 962 480 et

222 500 428 533 collationem
450 501 604 541 obtineat,
629 501 721 544 eique
742 511 800 544 pro
822 501 894 534 dote
906 512 961 544 ap-

220 553 382 599 plicentur
402 559 433 586 et
453 559 603 587 maneant
630 554 807 597 applicatae
825 554 855 586 in
882 565 957 597 per-

220 611 353 648 petuum
368 607 533 649 praefatae
548 613 674 639 centum
690 607 790 639 librae
813 612 959 640 monetae

220 659 421 698 Valentinae‚
446 660 500 702 qui
529 665 677 692 teneatur
712 660 830 693 babere
859 671 958 693 unum

221 711 374 744 vicarium
391 712 421 744 in
443 712 721 745 administratione
742 719 960 746 sacramento-

220 775 302 804 rum,
334 765 486 808 quoniam
512 766 652 808 populus
674 766 792 799 multus
811 772 868 805 est,
900 778 959 810 pro

219 818 308 851 cuius
330 818 437 851 vicarii
458 819 576 851 salario
601 824 632 852 et.
651 820 884 853 sustentatione
905 831 960 854 au-

219 878 355 914 geantur
375 872 406 904 in
434 873 540 905 dotem
563 873 667 905 dictae
688 873 882 916 parochialis
903 885 957 907 ec-

219 926 333 959 clesiae
351 926 432 958 aliae
453 926 669 969 quadraginta
694 926 805 965 librae,
829 928 889 960 boc
909 928 957 960 vi-

219 979 336 1013 delicet
353 980 468 1012 modo:
494 981 580 1023 quod
603 980 754 1014 dominus
777 982 961 1025 temporalis

217 1034 397 1076 praefatus,
433 1033 556 1066 ratione
589 1033 650 1066 iam
670 1034 764 1074 dicta,
787 1035 887 1068 solvat
910 1036 958 1067 vi-

218 1087 297 1129 ginti
328 1087 427 1120 libras
452 1093 580 1131 praeter
612 1087 680 1120 illas
707 1095 858 1129 centum,
883 1100 961 1132 quas

217 1147 310 1174 antea
331 1141 483 1175 solvebat.
505 1142 541 1174 Et
555 1142 640 1185 quod
655 1153 690 1175 cx
709 1143 864 1176 reditibus
884 1143 960 1175 olim

217 1194 405 1237 mesquitae,
430 1195 484 1238 qui
505 1195 623 1227 valoris
644 1201 717 1228 sunt
735 1196 898 1237 sexaginta
917 1196 958 1228 li—

217 1247 370 1287 brarum,
403 1253 572 1280 sumantur
603 1254 634 1281 et
658 1248 860 1292 applicentur
880 1249 961 1282 aliae

216 1301 328 1343 viginti
346 1301 447 1334 librae
460 1301 492 1333 in
513 1301 692 1334 subsidium
713 1302 890 1345 praesentis
905 1303 961 1335 do-

218 1354 346 1388 tationis
361 1360 391 1388 et
408 1355 644 1388 constitutionis
663 1355 770 1388 salarii
790 1366 850 1398 pro
871 1356 957 1389 vica-

218 1407 265 1441 rio
285 1409 439 1452 praefato.
475 1408 560 1446 Quae
582 1408 703 1441 dotatio
725 1414 853 1441 centum
883 1420 961 1452 qua-

218 1462 364 1504 draginta
390 1462 546 1495 librarum
578 1473 651 1495 cum
676 1463 904 1496 emolumentis
924 1474 960 1496 ex

216 1516 298 1560 pede
318 1516 426 1549 altaris
446 1516 707 1560 provenientibus
725 1516 885 1550 sufficiens
899 1522 955 1550 est.

216 1569 253 1602 Et
266 1569 342 1613 quia
361 1569 558 1603 habitatores
579 1569 683 1602 dictae
704 1570 804 1603 Villae
825 1571 864 1603 de
891 1571 956 1603 No-

216 1622 309 1655 velda
337 1622 493 1656 hactenus
517 1622 676 1666 primitias
696 1623 800 1656 nullas
829 1624 956 1667 persol--

217 1681 352 1717 verunt,
387 1687 469 1720 quae
502 1677 541 1709 de
571 1676 640 1709 iure
661 1677 769 1710 divino
801 1677 960 1711 debentur

217 1729 350 1773 proprio
375 1730 504 1770 rectori,
529 1736 560 1763 et
580 1731 694 1763 eodem
715 1731 785 1764 iure
807 1731 875 1764 illas
896 1732 959 1764 sol-

217 1792 290 1814 vere
312 1787 478 1819 tenentum
502 1782 623 1816 idcirco
641 1784 876 1827 providendum
896 1791 954 1826 est,

217 1835 304 1879 quod
325 1847 398 1869 cum
420 1843 597 1880 perpetuus
614 1842 732 1878 rector,
756 1844 791 1870 ut
811 1838 959 1881 superius

218 1889 356 1930 dicitur,
392 1889 488 1922 fuerit
517 1890 730 1931 constitutus,
764 1890 960 1925 liabitatores

216 1942 373 1985 praedicti
410 1943 448 1976 de
484 1943 624 1977 Novelda
653 1944 889 1988 compellantur
920 1945 959 1978 ad

217 1995 406 2029 solvendum
434 1996 592 2040 primitias
613 1997 651 2030 de
680 1998 836 2031 fructibus
864 1998 959 2031 tritici

218 2054 248 2082 et
268 2049 342 2090 olei,
367 2060 447 2093 quos
467 2050 667 2092 collegerint,
691 2052 869 2084 secundum
885 2062 960 2085 con-

218 2102 421 2135 suetudinem
445 2108 475 2136 et
494 2104 627 2136 modum
655 2104 800 2137 solvendi
829 2105 957 2148 episco-

217 2160 310 2198 patus
336 2155 529 2197 Oriolensis‚
553 2156 700 2190 videlicet
735 2168 793 2200 pro
830 2158 960 2198 triginta

218 2206 387 2248 barcellis,
411 2218 474 2241 una
494 2208 636 2241 barcella
656 2219 729 2241 cum
752 2209 887 2243 dimidia
911 2221 960 2244 se-

219 2260 281 2293 mel
304 2266 449 2294 tantum:
481 2272 564 2305 quae
592 2262 754 2306 primitiae
775 2263 820 2296 sic
836 2264 960 2299 solutae

219 2314 366 2347 ducentis
393 2315 627 2359 quinquaginta
646 2316 747 2357 libris,
772 2317 854 2350 sacta
875 2317 957 2360 legi-

220 2367 296 2400 tima
315 2368 528 2411 liquidatione
543 2397 550 2410 ‚
574 2370 807 2411 aestimantur,
832 2376 864 2404 et
885 2382 960 2404 casu

219 2431 283 2464 quo
300 2427 408 2455 rector
420 2423 584 2466 praefatus
607 2424 740 2467 recipiet
760 2424 883 2467 integre
895 2425 960 2468 pri-

220 2474 324 2507 mitias
344 2476 515 2519 praefatas,
540 2477 690 2510 dominus
712 2478 900 2521 temporalis
921 2478 960 2511 de

218 2527 360 2561 Novelda
380 2528 420 2562 sit
438 2529 521 2563 liber
541 2535 571 2563 et
589 2536 753 2575 exemptus
767 2542 784 2563 a
802 2530 960 2564 solutione

219 2581 377 2615 dictarum
399 2588 527 2616 centum
556 2583 666 2626 viginti
698 2585 865 2618 librarum.
890 2585 960 2618 Ces-

219 2641 288 2668 sent
308 2635 404 2669 etiam
433 2636 506 2670 illae
525 2637 636 2679 viginti
668 2637 788 2679 librae,
821 2649 903 2682 quac
924 2649 960 2671 ex

219 2688 374 2723 reditibus
395 2690 471 2723 olim
491 2691 667 2735 mesquitae
680 2697 754 2725 sunt
767 2692 955 2736 applicatae.

998 340 1033 373 Et
1064 340 1216 383 quoniam
1245 350 1327 373 nova
1352 340 1485 374 ecclesia
1515 341 1576 373 iam
1608 341 1732 385 pridem

997 400 1109 437 coepta
1131 400 1176 427 est
1196 395 1370 433 aedificari,
1388 401 1418 427 et
1437 406 1538 439 prope
1559 401 1606 428 est
1625 402 1660 428 ut
1677 406 1734 439 po-

996 448 1090 490 pulus
1111 448 1142 480 in
1163 459 1233 481 eam
1255 449 1425 481 convenire
1447 449 1547 492 possit
1566 449 1605 482 ad
1627 449 1733 482 divina

995 500 1100 533 officia
1131 501 1345 541 celebranda,
1380 512 1451 534 cum
1477 502 1616 545 primum
1643 502 1674 534 in
1697 512 1734 534 ea

994 554 1230 587 sanctissimum
1246 555 1486 588 Sacramentum
1502 555 1667 594 resederit,
1681 555 1734 587 illa

994 612 1081 639 vetus
1095 607 1239 648 ecclesia,
1252 618 1334 651 quae
1344 608 1445 640 suerat
1460 608 1537 640 olim
1559 608 1730 651 mesquita‚

994 660 1150 700 diruatur,
1179 661 1222 693 ita
1242 667 1277 694 ut
1300 661 1482 694 recordatio
1504 662 1654 705 antiquae
1678 672 1730 693 se-

995 719 1062 747 ctae
1083 715 1122 746 de
1144 714 1268 747 noviter
1289 715 1450 748 conversis
1472 715 1626 747 deleatur:
1650 714 1735 747 redi-

995 773 1044 801 tus
1065 778 1139 800 vero
1160 774 1190 801 et
1218 769 1296 811 agri,
1321 769 1375 813 qui
1402 770 1527 802 fuerant
1547 769 1624 801 olim
1646 779 1731 801 mes-

994 821 1122 864 quitae,
1147 823 1298 856 ecclesiae
1325 823 1475 866 applicati
1504 827 1675 861 maneant,
1704 827 1735 854 et

995 885 1052 917 per
1089 881 1248 907 rectorem
1281 881 1312 909 et
1349 886 1554 909 oeronomum
1591 875 1732 907 admini-

995 932 1147 960 strentur.

1272 1000 1456 1033 Monnover.

1039 1088 1200 1131 Oppidum
1233 1089 1408 1123 Monnover
1436 1090 1591 1124 ducentas
1623 1097 1734 1124 octua-

995 1141 1082 1183 ginta
1103 1142 1246 1175 continet
1263 1143 1387 1183 domos,
1416 1154 1553 1186 quarum
1580 1145 1735 1177 ducentae

996 1194 1227 1237 quinquaginta
1247 1201 1321 1228 sunt
1351 1196 1475 1229 noviter
1492 1207 1732 1238 conversorum,

995 1252 1025 1279 et
1043 1247 1173 1289 triginta
1190 1253 1332 1281 veterum
1353 1249 1620 1290 christianorum,
1644 1250 1676 1282 in
1697 1260 1735 1283 eo

994 1300 1188 1343 parochialis
1220 1307 1266 1334 est
1286 1302 1419 1345 antiqua
1448 1303 1487 1335 ab
1509 1314 1546 1336 eo
1574 1308 1732 1346 tempore,

995 1364 1058 1397 quo
1080 1354 1179 1386 Mauri
1204 1355 1294 1397 regni
1316 1355 1479 1389 Valentiae
1499 1357 1538 1389 ad
1559 1355 1655 1389 fidem
1678 1367 1733 1389 ca-

994 1407 1146 1440 tholicam
1176 1408 1305 1441 fuerunt
1336 1409 1498 1449 conversi,
1527 1409 1584 1442 sub
1606 1409 1736 1442 invoca-

995 1461 1081 1493 tione
1102 1461 1210 1495 Sancti
1230 1462 1358 1495 Ioannis
1372 1462 1543 1506 Baptistae,
1564 1463 1654 1496 cuius
1668 1462 1736 1495 ani-

995 1525 1119 1548 marum
1152 1526 1229 1548 cura
1250 1516 1317 1557 regi
1338 1516 1431 1549 solita
1452 1522 1499 1549 est
1527 1526 1585 1559 per
1604 1517 1736 1561 presby-

994 1574 1097 1601 terum
1119 1569 1358 1602 mercenarium
1376 1569 1415 1602 ab
1434 1569 1606 1603 Ordinario
1626 1570 1735 1614 provi-

992 1633 1081 1663 sum,
1106 1623 1156 1656 cui
1177 1633 1236 1666 pro
1272 1622 1387 1656 salario
1416 1629 1447 1657 et
1484 1624 1737 1657 substentatione

993 1687 1010 1709 a
1031 1676 1164 1709 domino
1188 1676 1355 1720 temporali
1376 1677 1533 1720 praedicti
1553 1677 1664 1721 oppidi
1679 1677 1736 1710 da-

993 1729 1110 1762 bantur
1130 1729 1293 1772 sexaginta
1314 1729 1426 1771 librae,
1442 1730 1567 1763 ratione
1588 1730 1735 1763 omnium

993 1783 1151 1816 fructuum
1175 1782 1394 1823 decimalium,
1419 1793 1500 1827 quos
1521 1783 1606 1816 idem
1625 1783 1732 1816 domi-

993 1847 1052 1869 nus
1075 1836 1260 1880 temporalis
1274 1847 1311 1869 ex
1330 1847 1368 1869 eo
1388 1836 1520 1879 colligit,
1545 1836 1598 1880 qui
1620 1836 1736 1869 valoris

992 1896 1066 1923 sunt
1086 1890 1173 1923 mille
1195 1896 1416 1924 sexcentarum
1432 1891 1645 1934 quadraginta
1657 1901 1736 1934 qua-

993 1948 1066 1976 tuor
1082 1943 1250 1984 librarum,
1274 1944 1370 1977 unius
1390 1943 1484 1977 solidi
1504 1949 1535 1976 et
1560 1943 1656 1976 trium
1681 1944 1736 1976 de-

993 1996 1172 2037 nariorum,
1199 1997 1323 2030 ratione
1344 1997 1440 2030 etiam
1464 1997 1630 2030 cuiusdam
1655 2007 1734 2030 con-

993 2049 1122 2082 cordiae
1154 2050 1238 2083 inter
1272 2050 1461 2094 episcopum
1494 2055 1526 2083 et
1557 2050 1734 2093 capitulum

993 2104 1241 2146 Carthaginense
1273 2115 1309 2136 ex
1344 2114 1408 2142 una
1425 2131 1432 2144 ,
1468 2109 1497 2137 et
1532 2104 1566 2137 D.
1606 2104 1734 2136 Petrum

993 2158 1079 2191 Maca
1104 2158 1143 2190 de
1163 2158 1279 2190 Licana
1300 2157 1466 2190 dominum
1487 2157 1588 2189 Villae
1607 2157 1645 2190 de
1666 2157 1731 2190 No-

994 2206 1096 2252 velda,
1113 2217 1145 2244 et
1162 2212 1327 2255 syndicum
1349 2211 1563 2244 universitatis
1582 2210 1682 2244 Villae
1695 2211 1734 2244 de

994 2266 1169 2298 Monnover
1189 2275 1226 2298 ex
1247 2265 1358 2303 altera,
1382 2265 1542 2308 pendente
1563 2264 1616 2297 lite
1637 2265 1736 2297 dicta-

994 2329 1064 2351 rum
1083 2318 1293 2357 decimarum,
1318 2317 1425 2357 initae,
1449 2317 1662 2350 instrumento
1677 2328 1734 2361 pu-

994 2372 1078 2405 blico
1114 2382 1172 2415 per
1194 2372 1347 2405 loannem
1372 2371 1523 2403 Martinez
1556 2371 1730 2411 notarium,

994 2425 1044 2457 die
1062 2436 1101 2458 xx
1122 2425 1202 2464 iulii,
1227 2424 1301 2457 anni
1323 2434 1486 2458 ncnxcvut
1511 2429 1652 2468 recepte,
1676 2435 1735 2467 per

994 2489 1089 2522 quam
1111 2480 1274 2521 praetatus
1287 2479 1320 2511 D.
1338 2478 1449 2511 Petrus
1466 2478 1551 2511 Maca
1571 2489 1639 2511 sese
1653 2477 1734 2511 obli-

994 2531 1077 2574 gavit
1103 2532 1325 2576 presbyterum
1351 2541 1461 2564 curam
1483 2531 1664 2564 animarum
1685 2542 1734 2564 re-

994 2590 1119 2627 gentem
1142 2585 1173 2617 in
1195 2585 1314 2628 oppido
1335 2585 1374 2619 de
1395 2586 1568 2619 Monnover
1587 2585 1734 2619 substen-

994 2644 1070 2672 tare.
1094 2638 1131 2671 Et
1151 2638 1304 2681 quoniam
1318 2639 1409 2672 valde
1423 2644 1673 2673 consentaneum
1689 2645 1735 2672 est

994 2692 1081 2735 quod
1101 2691 1253 2737 neophyti
1271 2692 1346 2726 dicti
1359 2692 1470 2738 oppidi
1492 2693 1523 2725 in
1542 2693 1604 2727 tide
1625 2693 1734 2727 catho-

1640 283 1702 316 8:30
1749 295 1798 322 Λη.
1819 294 1932 322 (21602
