2253 3195
50 219 100 248 An.
116 220 146 248 c,
163 218 231 247 1595
856 219 1003 244 emimus
1023 219 1081 244 vm
1101 220 1152 243 ιη».
1673 205 1732 239 221
1784 215 1833 242 An.
1851 215 1880 242 c.
1898 215 1968 244 1595

1834 276 1968 301 indulgentia

294 267 309 312 ἓ
329 266 381 301 10.
410 267 453 301 Ex
469 267 611 301 virorum
637 278 712 302 vero
743 268 992 310 congregatione
1068 267 1086 311 ᾖ
1106 267 1158 300 14.
1182 266 1392 300 Decernimus
1403 270 1521 305 autem,
1545 264 1768 308 utpiiutrius-
1873 310 1877 313 ς

50 329 235 378 'ffiffiaexiirqrnqffi
249 331 350 354 unum
371 321 579 365 praefectum,
610 327 641 354 et
665 321 790 365 aliquos
810 321 992 354 assistentes
1026 330 1088 364 que
1108 331 1200 353 sexus
1221 318 1485 353 christifidelesin
1498 317 1678 362 praedictas
1690 327 1767 350 con·
1783 303 1969 383 Ξῖζὶῧῇυξὲὲῖἐὲθ

49 382 161 431 ssraesoeu.
177 385 196 402 et
212 388 233 402 a-
250 379 281 407 et
302 374 471 418 deputatos
484 402 491 415 ‚
524 385 650 408 necnon
680 380 824 407 caeteros
855 375 992 407 admini-
1026 373 1230 415 gregationes
1248 383 1285 405 eo
1308 372 1460 405 libentius
1478 371 1602 404 admitti
1618 376 1647 403 et
1662 370 1768 414 recepi
1783 383 1836 404 ains.

0 430 1 448 t
51 415 124 457 roffi?
135 408 234 457 ei⁰ii³¹ii=ai3
250 432 403 461 stratores
428 433 457 461 et
483 427 656 467 officiales,
680 438 739 471 pro
774 427 931 469 regimine
963 433 992 460 et
1027 432 1150 465 curent,
1176 436 1212 458 ac
1237 426 1298 469 piis
1318 426 1434 458 domus
1455 424 1639 469 praedictae
1674 424 1768 457 obse-

75 808 167 830 Alteram
188 813 233 828 mu·

48 834 136 859 tiorum,
160 834 232 855 videli-

49 861 154 883 eutimius
172 866 232 887 prae-

49 888 124 910 rectae.
134 887 233 908 aliarum·

49 919 90 941 que
126 917 232 935 matrona-

49 947 106 965 rum,
128 941 233 962 ministra-

48 973 100 992 rum,
115 970 151 989 etc.

73 1392 138 1414 Nemo
148 1393 203 1414 alius
212 1393 233 1414 in

49 1420 105 1441 dicto
129 1420 232 1446 gubernio

48 1452 71 1468 so
78 1447 211 1468 intromittat.

77 2191 175 2213 Clausula
185 2192 234 2213 sub-

49 2216 98 2239 lata.

51 464 147 484 'mum‘
249 480 529 515 administratione
567 481 671 514 dictae
709 481 824 514 domus
859 480 992 524 eiusque

219 561 224 566 .
248 533 408 567 bonorum
430 539 461 567 et
486 533 671 567 reddituum
698 532 889 573 necessaria,
907 533 992 565 iuxta

247 592 374 627 statuta,
398 593 434 620 ut
452 587 643 630 praefertur,
664 586 832 619 condenda
851 592 882 619 et
899 597 917 619 a
935 596 993 619 no-

248 640 298 674 bis
310 639 532 684 approbanda,
551 639 685 682 singulis
703 639 794 672 annis
808 639 947 682 eligendi
962 646 990 673 et

249 693 435 737 deputandi.

293 748 309 789 ξ
341 745 393 779 11.
422 746 464 779 Ex
491 746 663 779 mulierum
690 746 785 779 etiam
808 756 988 790 congrega-

250 800 347 840 tione,
370 800 519 834 similiter
539 810 635 833 unam
659 800 864 844 praefectam,
886 806 917 834 et
936 801 992 833 ali-

248 864 327 898 quas
348 860 510 887 matronas
535 854 727 894 assistentes,
759 864 885 888 necnon
913 866 987 889 cae—

249 913 332 941 teras
344 907 505 941 ministras
519 913 549 940 et
569 907 732 946 officiales,
747 913 783 941 ut
796 908 987 952 praefertur,

248 958 455 998 necessarias,
480 968 562 1002 quae
583 968 719 991 munera
731 969 789 1002 pro
805 958 989 992 huiusmodi

248 1011 356 1056 operis
368 1011 594 1055 exequutione,
612 1017 642 1044 et
657 1011 799 1055 ipsarum
815 1011 986 1054 virginum,

247 1065 417 1098 viduarum
438 1071 468 1098 et
489 1064 662 1097 mulierum
688 1064 885 1109 receptione,
908 1066 990 1108 regi-

248 1118 334 1152 mine
355 1123 386 1151 et
405 1117 574 1160 gubernio,
598 1117 642 1151 eis
663 1117 694 1150 in
716 1117 836 1151 eisdem
849 1119 991 1152 conden-

248 1172 296 1206 dis
316 1178 348 1206 et
372 1171 592 1216 approbandis
622 1172 747 1205 statutis
778 1172 987 1215 iniungenda,

248 1226 428 1270 adimplere
446 1231 569 1265 curent,
593 1226 712 1269 pariter
730 1226 809 1268 erigi
831 1233 861 1259 et
883 1227 987 1271 depu-

248 1279 307 1313 tari
325 1280 473 1313 volumus
494 1285 525 1312 et
544 1279 742 1312 ordinamus.

292 1333 307 1377 §
327 1332 380 1366 w.
409 1334 542 1377 Insuper
559 1333 691 1366 domum
715 1339 745 1366 et
764 1333 990 1376 congregatio-

248 1398 304 1421 nes
321 1387 502 1432 praedictas
534 1387 593 1421 sub
614 1388 801 1421 immediata
821 1388 990 1422 beatorum

247 1442 333 1476 Petri
348 1447 379 1475 et
398 1441 500 1482 Pauli,
524 1452 560 1474 ac
573 1447 693 1481 nostra,
718 1447 748 1476 et
768 1453 989 1475 successorum

247 1501 433 1528 nostrorum
458 1495 680 1528 Romanorum
711 1495 904 1529 Pontificum
930 1496 988 1529 Se-

248 1548 361 1593 disque
382 1548 585 1592 Apostolicae
609 1548 821 1592 protectione,
852 1550 949 1582 tutela
963 1555 992 1582 et

247 1602 428 1646 patrocinio
446 1601 620 1645 recipimus
641 1607 671 1635 et
688 1608 844 1646 perpetuo
865 1613 991 1646 perma-

247 1665 381 1688 manere
401 1655 560 1695 volumus,
585 1655 664 1688 itaut
684 1655 780 1688 nullis
792 1655 861 1689 aliis
881 1666 991 1699 perso-

247 1709 308 1750 nis,
332 1719 537 1753 quacumque
558 1708 761 1749 auctoritate,
790 1715 947 1753 potestate
962 1716 990 1743 et

248 1762 402 1805 dignitate
427 1762 635 1804 fungentibus
656 1768 686 1795 et
706 1763 874 1803 functuris,
891 1774 990 1807 quan-

247 1816 364 1850 tumvis
392 1815 524 1860 speciali
552 1821 629 1849 nota
659 1815 774 1858 dignis,
803 1816 835 1849 in
861 1816 990 1849 illarum

247 1869 469 1913 protectione,
501 1869 678 1911 regimine,
713 1869 991 1903 administratione

248 1923 296 1956 vel
309 1922 479 1965 gubernio,
495 1923 561 1956 ullo
577 1933 721 1966 unquam
740 1929 896 1967 tempore,
914 1934 991 1967 qua-

247 1976 293 2009 vis
313 1976 493 2016 occasione,
508 1982 685 2020 praetextu,
709 1987 815 2017 causa,
831 1977 990 2020 velquae-

248 2029 308 2062 sito
326 2029 451 2069 colore,
474 2039 543 2062 sese
563 2029 712 2071 ingerere
733 2030 781 2062 vel
802 2029 991 2064 immescere

248 2083 354 2116 liceat.
562 2092 565 2095 '

293 2137 308 2180 ᾗ
328 2135 381 2169 13.
406 2136 523 2180 Sicque
539 2147 599 2180 per
623 2147 846 2181 quoscumque
869 2137 991 2172 iudices

249 2190 431 2223 ordinarios
448 2195 478 2222 et
499 2190 673 2232 delegatos,
698 2190 795 2223 etiam
819 2201 988 2223 causarum

249 2244 358 2288 palatii
379 2243 547 2287 apostolici
559 2243 733 2283 auditores,
751 2243 901 2287 ipsosque
914 2244 991 2277 San-

249 2302 317 2330 ctae
337 2298 501 2330 Romanae
521 2296 680 2330 Ecclesiae
698 2296 877 2330 cardinales
890 2324 897 2337 ,
932 2308 987 2330 su-

248 2351 335 2384 blata
355 2351 400 2384 eis
424 2356 455 2384 et
475 2361 588 2384 eorum
610 2350 742 2384 cuilibet
766 2350 875 2394 quavis
899 2350 991 2383 aliter

250 2404 413 2438 iudicandi
425 2410 456 2437 et
475 2404 710 2448 interpretandi
726 2404 875 2437 facultate
893 2410 922 2436 et
936 2415 991 2437 au-

251 2458 408 2497 ctoritate,
438 2457 572 2490 iudicari
594 2463 625 2490 et
645 2457 773 2491 definiri
795 2457 931 2497 debere,
955 2468 991 2490 ac

251 2511 378 2544 irritum
406 2516 437 2544 et
465 2511 559 2544 inane
588 2510 743 2554 quicquid
774 2521 864 2544 secus
895 2521 992 2554 super

251 2565 300 2598 his
320 2575 522 2609 aquoquam,
540 2564 651 2608 quavis
663 2564 865 2605 auctoritate,
889 2564 991 2598 scien-

211 2623 213 2625 '
251 2624 300 2652 ter
320 2619 368 2651 vel
385 2618 581 2661 ignoranter,
605 2618 775 2661 contigerit
795 2618 955 2651 attentari.

1027 479 1130 523 quus,
1161 489 1208 519 ea,
1241 489 1305 522 qua
1333 480 1435 518 decet,
1465 478 1620 512 charitate
1656 487 1770 511 vacare

1027 533 1186 571 studeant,
1210 532 1249 565 de
1271 533 1503 576 omnipotentis
1519 533 1573 566 Dei
1588 532 1771 566 misericor·
1815 551 1824 554 -

1028 586 1091 625 dia,
1115 596 1151 618 ac
1171 583 1341 618 beatorum
1363 586 1445 618 Petri
1468 593 1498 618 et
1522 586 1611 619 Pauli
1638 591 1770 629 aposto-

1030 639 1133 671 lorum
1156 638 1231 671 Eius
1251 638 1443 671 auctoritate
1465 638 1596 678 confisi,
1620 639 1772 672 omnibus

1029 691 1196 735 utriusque
1225 702 1317 724 sexus
1347 691 1627 732 christifidelibus,
1663 692 1771 736 quiin

1028 745 1147 778 eisdem
1163 744 1471 787 congregationibus
1484 754 1543 788 pro
1557 750 1703 788 tempore
1715 745 1771 778 de-

1027 798 1188 832 scribendi
1214 797 1276 837 die,
1301 808 1365 841 quo
1396 808 1429 830 se
1454 797 1594 830 describi
1620 798 1765 839 fecerint,

1026 852 1051 885 si
1071 862 1145 885 vere
1166 851 1368 895 poenitentes
1389 856 1420 884 ct
1445 851 1603 891 confessi,
1631 851 1768 885 sanctis-

1026 905 1143 938 simum
1165 904 1385 938 Eucharistiae
1412 910 1650 937 sacramentum
1676 915 1768 938 sum-

1028 959 1159 1002 pserint,
1183 959 1381 1002 plenariam3
1414 968 1541 991 necnon
1560 958 1591 991 in
1613 958 1771 1002 cuiusque

1026 1023 1151 1053 eorum,
1175 1012 1227 1056 qui
1251 1022 1308 1056 pro
1330 1018 1475 1056 tempore
1490 1012 1521 1045 in
1539 1012 1617 1056 ipsis
1637 1022 1772 1055 congre-

1026 1065 1210 1108 gationibus
1231 1065 1382 1109 descripti
1401 1065 1529 1105 fuerint,
1555 1065 1667 1098 mortis
1685 1065 1766 1099 arti-

1026 1119 1110 1157 culo,
1134 1119 1159 1152 si
1180 1129 1253 1152 vere
1274 1119 1476 1162 poenitentes
1494 1118 1643 1159 confessi,
1666 1129 1772 1152 sacra-

1026 1184 1089 1218 que
1110 1173 1341 1206 communione
1373 1172 1482 1206 refecti
1511 1172 1631 1206 fuerint
1646 1200 1653 1213 ,
1676 1173 1724 1206 vel
1746 1172 1772 1206 si

1028 1228 1088 1260 hoc
1109 1227 1214 1260 facere
1239 1226 1455 1270 nequiverint,
1485 1226 1597 1259 saltem
1628 1226 1769 1267 contriti,

1027 1291 1146 1315 nomen
1166 1281 1247 1319 Iesu,
1276 1291 1332 1314 ore
1354 1280 1403 1313 vel
1429 1280 1538 1320 corde,
1562 1280 1614 1324 pie
1642 1280 1772 1313 invoca-

1028 1335 1151 1375 verint,
1180 1334 1276 1368 etiam
1307 1334 1499 1378 plenariam.
1533 1334 1597 1367 Nec
1617 1340 1772 1377 non-tam

1027 1388 1113 1432 ipsis,
1138 1388 1192 1432 qui
1218 1387 1250 1420 in
1272 1387 1365 1421 dictis
1390 1386 1696 1429 congregationibus
1717 1387 1773 1421 de-

1026 1441 1136 1485 scripti
1159 1440 1288 1481 fuerint,
1309 1450 1407 1484 quam
1426 1439 1561 1473 cacteris
1578 1439 1774 1474 christifide-

1028 1495 1122 1534 libus,
1143 1494 1198 1538 qui
1218 1494 1249 1526 in
1270 1493 1436 1537 praedicto
1459 1492 1695 1537 Assumptionis
1710 1521 1717 1534 ‚
1743 1499 1773 1527 et

1027 1548 1123 1581 etiam
1142 1548 1174 1580 in
1195 1547 1384 1587 Nativitatis‚
1423 1546 1661 1590 Conceptionis‚
1682 1547 1774 1580 Puri-

1028 1600 1197 1638 hemionis,
1226 1600 1515 1640 Annunciationis,
1539 1599 1773 1634 praesentatio-

1027 1655 1075 1688 nis
1096 1660 1127 1688 et
1146 1653 1342 1687 Visitationis
1366 1654 1483 1701 Beatae
1512 1654 1630 1687 Mariae
1654 1653 1772 1687 festivi-

1022 1708 1155 1747 tatibus,
1176 1718 1193 1741 a
1213 1707 1326 1751 primis
1343 1707 1483 1751 vesperis
1496 1717 1599 1751 usque
1617 1707 1656 1740 ad
1678 1717 1772 1741 occa·
1816 1710 1818 1712 '

1027 1773 1096 1795 sum
1118 1762 1194 1795 solis
1211 1772 1334 1801 earum,
1356 1761 1526 1795 ecclesiam
1542 1762 1646 1795 dictae
1657 1762 1773 1795 domus

1027 1817 1140 1850 devote
1161 1816 1369 1856 visitaverint,
1394 1822 1425 1849 et
1438 1816 1481 1849 ihi
1503 1826 1562 1860 pro
1583 1816 1774 1849 christiano-

1027 1880 1098 1902 rum
1119 1869 1304 1913 principum
1322 1869 1509 1910 concordia‚
1530 1869 1700 1902 haeresum
1723 1880 1775 1903 ex-

1029 1923 1219 1967 tirpatione,
1247 1929 1440 1966 sanctaeque
1471 1923 1581 1955 matris
1612 1923 1774 1957 Ecclesiae

1027 1975 1237 2015 exaltatione,
1266 1976 1334 2019 pias
1367 1976 1407 2008 ad
1435 1976 1537 2009 Deum
1555 1986 1667 2020 preces
1693 1975 1773 2009 effu-

1027 2029 1144 2069 derint,
1165 2029 1314 2062 similiter
1327 2029 1507 2073 plenariam
1530 2029 1675 2061 omnium
1698 2040 1774 2073 pec-

1027 2089 1172 2117 catorum
1197 2093 1330 2116 suorum
1350 2082 1584 2125 indulgentiam
1605 2087 1637 2115 et
1661 2082 1774 2115 remis-

1026 2138 1149 2171 sionem
1172 2137 1426 2182 misericorditer
1448 2137 1479 2169 in
1492 2136 1630 2170 Domino
1651 2147 1770 2169 conce-

1027 2191 1142 2224 dimus.
1175 2191 1311 2234 Insuper
1336 2190 1485 2234 personis
1505 2190 1663 2223 dictarum
1686 2200 1767 2223 con-

1026 2245 1264 2287 gregationum,
1290 2244 1419 2288 quoties
1440 2244 1556 2277 divinis
1577 2243 1691 2276 officiis
1716 2254 1773 2277 seu

1026 2299 1332 2341 congregationibus
1357 2298 1389 2331 in
1415 2298 1497 2331 dicta
1525 2299 1622 2331 domo
1644 2297 1769 2331 haben-

1026 2353 1073 2385 dis
1098 2353 1147 2385 vel
1177 2352 1379 2385 celebrandis
1401 2351 1615 2392 interfuerint,
1637 2352 1685 2385 vel
1706 2352 1768 2385 ali-

1026 2406 1112 2449 quod
1143 2405 1232 2448 pium
1265 2415 1346 2448 opus
1375 2416 1433 2448 pro
1455 2405 1540 2438 dicta
1562 2405 1659 2438 domo
1677 2415 1771 2448 prae-

1025 2458 1186 2497 stiterint,
1210 2458 1374 2500 sexaginta
1395 2458 1462 2491 dies
1483 2458 1522 2491 de
1540 2457 1692 2491 iniunctis
1713 2458 1768 2499 eis,

1025 2522 1081 2544 seu
1099 2511 1177 2544 alias
1198 2511 1444 2554 quomodolibet
1470 2511 1585 2544 debitis
1603 2511 1772 2555 poeniten-

1029 2565 1077 2598 tiis
1095 2564 1125 2597 in
1147 2565 1250 2598 forma
1269 2565 1430 2598 Ecclesiae
1462 2570 1625 2605 consueta,
1649 2565 1772 2598 relaxa-

1028 2629 1108 2652 mus.
1143 2618 1369 2652 Praesentibus
1399 2618 1507 2662 quoad
1534 2618 1639 2663 ipsos,
1663 2618 1718 2662 qui
1738 2618 1772 2651 in
