2253 3195
332 290 381 316 An.
400 291 428 318 c.
454 290 515 317 1601
565 281 629 315 650

580 342 595 382 ξ
620 340 649 372 6.
675 341 742 372 Non
764 340 967 373 obstantibus
993 340 1277 374 constitutionibus

348 405 460 431 verosa-10
471 411 520 425 00:2-
535 400 563 427 et
584 393 841 426 ordinationibus
863 393 1058 437 apostolicis,
1079 393 1277 437 caeterisque

334 433 452 453 trau-iorum.

361 988 456 1009 Remus.

365 2697 456 2720 Patroni.

535 447 703 480 contrariis
724 447 993 491 quibuscumque.

577 517 681 550 Tenor
708 523 815 550 autem
845 517 1061 562 capitulorum
1090 524 1121 551 et
1144 518 1276 552 ordina-

533 570 657 603 tionum
679 571 865 604 huiusmodi
887 577 933 604 est
963 571 1017 615 qui
1037 571 1203 615 sequitur,
1225 572 1272 604 vi-

533 623 647 657 delicet
663 636 668 656 ς

827 670 930 703 Cipi-r
956 671 977 703 l.

533 730 579 763 De
595 731 718 763 annuis
739 731 910 769 reditibus,
930 743 986 765 seu
998 733 1036 766 de
1048 733 1193 766 censibus
1204 744 1276 776 per-

572 776 691 818 petuis,
712 787 792 819 quos
812 777 977 820 quodlibet
998 788 1037 810 esc
1057 778 1273 817 monasteriis,

577 819 613 852 in
629 821 749 863 quibus
766 821 924 854 moniales
943 822 1147 865 recipiendae
1167 827 1273 863 erunt,

577 864 694 897 habere
714 864 846 898 debebit.

577 927 685 960 Primo
717 929 930 969 monasteria,
955 929 986 962 in
1019 929 1136 973 quibus
1164 930 1276 972 viginti

534 979 691 1013 moniales
709 980 804 1013 liuius
823 981 1034 1015 institutionis
1054 989 1202 1026 receptae
1224 983 1274 1016 fo-

533 1038 614 1072 rent,
638 1033 804 1067 liabebunt
827 1045 902 1067 suos
922 1046 1046 1068 annuos
1063 1036 1196 1074 reditus,
1213 1036 1277 1070 sive

535 1096 649 1119 census
675 1093 849 1130 perpetuos
869 1088 1047 1132 unicuique
1078 1089 1274 1133 applicatos,

535 1140 713 1173 secundum
751 1151 923 1174 numerum
954 1143 1145 1176 monialium
1177 1144 1208 1176 in
1240 1155 1278 1177 eo

534 1193 793 1236 recipiendarum
818 1195 857 1228 ad
882 1195 1038 1229 rationem
1061 1196 1190 1239 triginta
1207 1197 1278 1230 mil-

533 1245 612 1278 lium
642 1246 715 1279 Reis
743 1258 925 1281 annuorum
954 1249 1107 1291 (triginta
1140 1250 1276 1283 millimn

535 1300 611 1333 Reis
650 1302 850 1335 constituunt
888 1304 1092 1347 septuaginta
1134 1304 1278 1348 quinque

534 1360 624 1387 scuta
638 1357 799 1399 monetae)
813 1367 871 1400 pro
885 1357 1028 1401 qualibet
1048 1368 1084 1390 ex
1104 1358 1278 1402 praedictis

537 1408 747 1447 monialibus.
779 1421 851 1443 cum
883 1411 1124 1444 conditionibus
1156 1412 1186 1444 in
1217 1412 1278 1445 hoc

535 1463 770 1506 compromisso
792 1470 819 1497 et
842 1470 1029 1501 contractu.
1054 1476 1126 1498 eum
1148 1467 1277 1509 praedi-

535 1516 593 1549 ctis
614 1518 817 1550 monasteriis
839 1518 986 1557 iniendo,
1012 1520 1225 1557 declarandis,
1250 1526 1279 1553 et

535 1571 734 1603 conservatio
765 1582 820 1604 seu
851 1572 1086 1606 administratio
1118 1574 1277 1607 dictorum

535 1634 718 1658 annuorum
741 1631 971 1669 perpetuorum
986 1637 1140 1660 censuum
1155 1634 1278 1672 speeta-

535 1677 580 1710 bit
600 1678 638 1711 ad
660 1679 826 1722 praedicta
848 1681 1043 1714 monasteria
1071 1686 1102 1714 et
1126 1682 1165 1714 ad
1189 1693 1277 1725 prae-

536 1732 614 1764 latas
635 1736 666 1764 et
687 1732 840 1765 officiales
861 1733 1013 1774 illorum,
1039 1746 1121 1778 quae
1148 1742 1223 1769 sunt
1250 1742 1279 1769 et

535 1795 594 1828 pro
616 1791 762 1829 tempore
785 1786 911 1824 tiu-rint„
937 1793 966 1820 et
987 1788 1027 1821 ad
1054 1798 1132 1831 quas
1158 1795 1277 1833 spectat

535 1838 772 1871 administratio
800 1845 829 1873 et
858 1851 935 1873 cura
964 1840 1124 1874 bonorum
1152 1843 1280 1885 praedi-

535 1898 658 1925 ctorum
673 1894 954 1933 monasteriorum,
970 1900 1000 1927 et
1013 1905 1072 1938 pro
1086 1896 1278 1939 praemisso-

536 1956 606 1978 rum
622 1945 849 1978 ott'evtuaumw
869 1948 1124 1992 unumcpiodrpie
1138 1960 1173 1982 ex
1188 1960 1279 1993 prae-

536 1999 627 2032 dictis
657 2000 859 2033 monasteriis
891 2011 987 2043 penes
1017 2012 1049 2034 se
1084 2001 1215 2035 liabcbit
1247 2004 1277 2036 in

535 2064 608 2085 arca
637 2053 801 2086 eormmmi
838 2053 964 2086 titulum
993 2065 1106 2087 census
1131 2056 1189 2088 sibi
1220 2067 1278 2100 pro

537 2112 603 2139 rata
633 2107 867 2140 accommodati
901 2107 1060 2140 dictorum
1095 2119 1276 2142 annnorum

536 2170 689 2192 censuum
723 2171 794 2192 rum
827 2161 985 2204 praesenti
1020 2163 1275 2205 compromisso,

536 2213 590 2256 qui
619 2223 731 2246 census
759 2224 884 2247 annuus
914 2220 960 2246 est
986 2222 1182 2258 perpetuus,
1211 2217 1278 2250 sine

538 2273 630 2309 pacto
652 2268 690 2299 ‹le
712 2267 981 2304 retrovendentlo,
1007 2275 1036 2301 et
1059 2270 1208 2302 fundatus
1226 2282 1278 2303 su-

537 2331 593 2363 per
604 2322 728 2361 enti-:tta
742 2321 885 2354 carnimn
899 2322 1031 2355 civitatis
1042 2323 1276 2357 t'ttxbonensis.

826 2411 928 2444 Caem-
954 2412 988 2445 ll.

539 2481 630 2520 Quod
650 2493 736 2523 reqes
758 2483 895 2515 istorum
921 2494 1092 2524 reqnorum
1120 2485 1187 2516 sint
1215 2495 1276 2527 pa·

582 2527 669 2558 troni
687 2527 782 2559 setius
804 2528 1035 2565 institutionis,
1052 2528 1094 2560 ad
1114 2539 1192 2572 quos
1212 2539 1281 2572 spe-

581 2574 639 2602 ctet
663 2572 804 2614 provisio
826 2572 1032 2605 monialium.

581 2640 764 2674 Secundum
781 2642 1017 2676 ordinationem
1035 2644 1177 2677 relictam
1194 2654 1210 2676 a
1224 2655 1280 2677 sua

537 2694 736 2733 celsitudine,
761 2706 861 2737 reges,
891 2697 943 2739 qui
966 2707 1024 2739 pro
1046 2703 1190 2740 tempore
1208 2697 1277 2729 sue-

1117 292 1301 316 BULLARIUM
1317 292 1471 316 ROMANUM

1312 340 1376 373 rint
1397 340 1531 374 istorum
1558 351 1744 383 regnorum,
1772 346 1867 374 erunt
1894 347 2055 385 protecto-

1312 404 1362 426 res
1382 400 1412 426 et
1436 394 1563 438 patroni
1584 394 1680 427 huius
1712 393 1940 435 institutionis,
1964 401 1995 429 et.
2014 396 2053 428 ad

1311 459 1365 481 eos
1386 448 1417 481 in
1443 448 1583 482 solidum
1604 449 1762 493 pertineat
1790 448 1931 492 provisio
1960 450 2050 482 loco-

1312 512 1382 534 rum
1415 502 1573 535 dictarum
1599 502 1837 545 religiosarum,
1861 508 1897 535 ut
1916 502 2050 546 possint,

1310 556 1371 589 hoe
1401 556 1520 598 medio,
1546 557 1714 590 consulere
1746 556 1907 600 aliquibus
1927 556 2054 590 filiabus

1310 620 1520 653 personarum
1543 611 1582 644 de
1602 610 1647 644 eis
1670 610 1958 651 benemeritarum,
1985 621 2053 643 ser—

1310 664 1414 696 vando
1435 663 1582 697 ordinem
1602 664 1632 696 in
1650 663 1835 697 huiusmodi
1854 663 1979 696 statutis
1999 664 2054 697 de-

1310 717 1480 758 claratum,
1503 723 1533 751 et
1554 729 1626 751 cum
1652 728 1765 751 eorum
1787 717 1972 761 provisione
1991 717 2050 750 ad-

1311 770 1479 804 mittentur
1496 771 1580 811 illae,
1605 782 1688 815 quae
1716 771 1935 804 admittendae
1960 776 2055 804 erunt.

1310 824 1341 856 in
1367 824 1566 868 praedictum
1595 835 1789 865 numerum,
1813 830 1848 858 ut
1872 824 2054 868 superiores

1310 883 1338 911 et
1360 878 1494 922 praelati
1515 878 1754 922 praedictorum
1783 877 2053 912 monasteriorum

1310 931 1450 972 videant,
1464 937 1560 975 atque
1578 932 1771 970 examinent,
1795 932 1820 965 si
1838 931 1882 964 ita
1901 941 2052 975 praesen-

1312 991 1394 1018 tatae
1423 985 1543 1019 hahent
1574 991 1680 1030 partes
1709 991 1740 1018 et
1769 985 1939 1029 qualitates
1968 985 2054 1019 iuxta

1311 1039 1496 1073 huiusmodi
1527 1040 1780 1080 institutionem,
1804 1045 1836 1073 et
1863 1049 1975 1073 eorum
1997 1049 2050 1072 re-

1311 1093 1451 1136 spective
1483 1093 1729 1126 constitutiones
1766 1100 1797 1126 et
1832 1092 2054 1126 ordinationes

1312 1146 1519 1180 necessarias.

1595 1227 1698 1261 CAPUT
1718 1227 1767 1260 Ill.

1312 1299 1357 1331 De
1389 1298 1607 1341 qualitatibus
1636 1303 1664 1331 et
1689 1298 1946 1333 conditionibus.
1972 1309 2055 1342 quas

1357 1343 1473 1375 habere
1503 1343 1616 1393 debent
1643 1342 1864 1376 admittendae
1895 1343 1937 1376 ad
1968 1343 2056 1377 dicta

1356 1391 1565 1420 monasteria.

1356 1467 1449 1500 Nulla
1469 1467 1594 1500 admitti
1615 1467 1714 1511 possit
1743 1467 1782 1501 ad
1812 1477 1983 1501 numerum
2005 1467 2054 1501 di-

1313 1527 1436 1554 ctarum
1458 1520 1568 1563 viginti
1592 1521 1794 1561 monialium,
1811 1521 1871 1554 nisi
1893 1527 1967 1554 nata
1988 1521 2056 1555 sue-

1315 1575 1355 1607 rit
1380 1586 1415 1608 ex
1442 1575 1586 1617 legitimo
1614 1575 1822 1609 matrimonio
1838 1603 1845 1616 ‚
1869 1586 1966 1620 super
1991 1586 2055 1620 quo

1314 1639 1490 1672 numquam
1513 1628 1708 1672 dispensatio
1726 1633 1865 1672 petatur,
1882 1639 1987 1672 neque
2000 1629 2057 1662 ob-

1314 1686 1398 1713 tenta
1428 1680 1642 1723 suffragetur,
1673 1687 1701 1715 et
1739 1687 1833 1714 erunt
1864 1681 2056 1715 christianae

1314 1739 1446 1774 veteres,
1475 1734 1562 1768 omni
1589 1734 1716 1779 penitus
1742 1734 1867 1768 iudaica
1895 1745 1932 1768 ac
1960 1745 2053 1769 mau-

1313 1788 1378 1821 rica
1392 1788 1490 1832 stirpe
1509 1794 1675 1832 exemptae
1693 1794 1724 1822 et
1743 1788 1867 1822 alienae
1885 1788 1960 1832 (hoe
1971 1788 2056 1822 enim

1314 1842 1529 1875 necessarium
1548 1847 1596 1875 est
1616 1853 1674 1886 pro
1692 1841 1806 1875 maiori
1829 1842 1962 1875 istorum
1986 1851 2056 1875 mo-

1314 1895 1529 1929 nasteriorum
1568 1896 1778 1929 institutionis
1816 1895 2007 1929 auctoritate
2022 1897 2031 1939 )
2047 1923 2054 1936 ‚

1314 1949 1424 1983 aetatis
1460 1949 1630 1983 duodecim
1670 1960 1829 1983 annorum
1867 1949 2057 1993 adimpleto-

1314 2014 1397 2040 rum,
1421 2009 1451 2036 et
1481 2013 1544 2035 non
1578 2003 1732 2036 excedent
1760 2007 1895 2036 aetatem
1917 2002 2057 2046 quadra-

1313 2055 1398 2096 ginta
1420 2066 1598 2096 annorum,
1623 2062 1654 2089 et
1674 2062 1769 2089 erunt
1792 2055 1896 2089 bonae
1924 2055 2007 2089 vitae
2025 2060 2058 2089 et

1314 2111 1430 2149 tantae,
1477 2117 1507 2143 et
1544 2110 1629 2143 bona
1672 2110 1834 2154 corporali
1873 2109 2056 2143 valetudine

1314 2164 1473 2203 fruentes,
1497 2174 1623 2197 necnon
1644 2164 1776 2197 scientia
1790 2191 1797 2203 ,
1822 2163 1941 2197 iudicio
1961 2168 2057 2207 atque

1314 2217 1506 2250 discretione
1529 2217 1690 2261 requisitis
1710 2218 1749 2250 ad
1771 2217 1988 2262 profitendum
2011 2217 2056 2249 vi-

1315 2276 1377 2303 tam
1401 2270 1605 2311 religiosam,
1630 2281 1702 2303 cum
1725 2270 1860 2304 caeteris
1880 2270 1951 2303 aliis
1971 2280 2053 2314 qna-

1315 2323 1468 2362 litatibus,
1493 2334 1574 2367 quae
1601 2324 1631 2356 in
1653 2324 1780 2362 ordine,
1803 2324 1834 2357 in
1856 2335 1920 2368 quo
1941 2324 2058 2358 admit-

1315 2378 1429 2411 tendae
1450 2383 1563 2417 erunt,
1588 2377 1806 2421 requiruntur.
1831 2377 1865 2410 Et
1891 2377 1966 2421 quia
1992 2377 2054 2411 hu-

1316 2431 1452 2464 iusmodi
1488 2431 1697 2463 institutionis
1734 2431 1869 2464 intentio
1900 2430 1939 2464 ad
1969 2431 2056 2464 atiud

1315 2494 1378 2517 non
1401 2484 1512 2523 tendit,
1530 2495 1625 2528 quam
1647 2483 1844 2528 opitulandis
1862 2483 2058 2528 pauperibus

1315 2537 1429 2580 puellis
1460 2537 1632 2575 indotatis,
1656 2548 1693 2570 ac
1724 2537 1810 2570 omni
1844 2537 1907 2570 alio
1939 2535 2057 2570 auxilio

1315 2591 1496 2630 destitutis,
1517 2591 1838 2624 animadvertendum
1870 2590 1951 2629 erit,
1979 2589 2003 2622 si
2025 2589 2056 2622 in

1315 2644 1449 2677 cacteris
1467 2650 1559 2677 erunt
1578 2645 1747 2688 aequales,
1771 2644 1857 2688 qnod
1887 2642 2057 2687 pauperio-

1316 2708 1366 2730 res
1388 2698 1618 2741 praeferantur,
1637 2703 1666 2730 et
1687 2698 1769 2731 inter
1789 2696 2056 2740 aequaliterpau-

2068 292 2118 319 Λη.
2135 291 2164 318 C·
2186 293 2194 320 i

2094 1472 2211 1496 Quantam

2071 1499 2216 1521 mittun-larun
