2253 3195
243 224 292 250 An.
307 222 339 250 c.
357 223 424 250 ¹596
469 214 534 248 324

442 272 627 316 apostolicis
647 272 704 305 suh
725 272 836 315 quavis
860 272 963 304 forma
990 278 1020 304 et
1051 282 1182 316 expres-

442 325 532 358 sione
552 324 725 357 verborum
746 323 920 367 conceptis,
943 334 1070 357 necnon
1093 334 1186 368 prae-

443 378 546 410 dictae
577 376 670 410 Urbis
705 376 906 416 iuramento,
941 376 1186 410 confirmatione

443 429 636 473 apostolica,
661 429 708 461 vel
735 428 846 472 quavis
869 428 1020 462 firmitate
1044 429 1108 463 alia
1126 440 1182 463 ro-

443 482 575 522 boratis,
588 481 715 515 statutis
728 488 758 515 et
775 483 1077 525 consuetudinibus,
1089 484 1186 528 privi-

443 534 533 577 legiis
551 545 692 578 quoque,
705 530 831 568 necnon
846 535 988 576 indultis,
1012 542 1108 580 atque
1127 537 1182 570 lit-

445 588 518 621 teris
538 587 722 631 apostolicis
747 588 852 621 eidem
878 589 974 630 Urbi,
998 600 1035 623 ac
1061 590 1186 624 dilectis

443 639 517 673 filiis
540 640 661 683 populo
681 641 840 681 Romano,
867 651 995 674 necnon
1026 642 1186 685 guberna-

443 691 515 731 tori,
538 693 677 725 senatori
699 699 727 726 et
749 693 868 727 vicario
888 694 992 734 Urbis,
1019 700 1115 739 atque
1132 706 1187 728 au-

443 745 539 779 ditori
567 746 719 780 Gamerae
745 747 949 791 Apostolicae
976 747 1184 789 huiusmodi,

443 808 568 832 necnon
598 799 668 832 aliis
700 799 882 840 iudicibus,
905 800 1128 844 superioribus
1158 807 1189 835 et

444 851 592 895 personis
616 863 652 885 ac
682 852 761 885 locis
790 852 874 896 piis,
897 853 1026 886 illorum
1058 864 1188 898 quoque

443 904 759 939 administratoribus
779 906 838 940 sub
859 906 1117 951 quibuscumque
1136 913 1186 941 te-

443 957 578 992 noribus
597 969 633 991 ac
647 958 769 998 formis,
792 969 919 993 necnon
939 970 1011 993 cum
1025 960 1189 1004 quibusvis
1235 997 1239 999 ἤ

445 1011 539 1044 etiam
558 1011 837 1054 derogatoriarum
853 1013 1076 1055 derogatoriis,
1093 1019 1189 1058 atque

445 1064 514 1097 aliis
539 1064 773 1098 efficacioribus
793 1071 824 1098 et
849 1065 986 1099 insolitis
1012 1066 1185 1108 clausulis,

446 1127 483 1150 ac
511 1117 760 1159 efficacissimis,
784 1118 984 1152 irritantibus
1007 1130 1138 1164 quoque
1158 1125 1190 1154 et

445 1169 515 1203 aliis
544 1171 697 1211 decretis,
719 1171 751 1203 in
771 1181 890 1214 genere
919 1171 968 1204 vel
997 1171 1030 1204 in
1059 1172 1185 1216 specie,

445 1222 541 1255 etiam
562 1228 651 1256 motu
672 1223 780 1265 simili,
796 1234 922 1257 necnon
941 1234 976 1257 ex
988 1230 1076 1258 certa
1088 1225 1190 1259 scien-

446 1275 499 1315 tia,
523 1281 620 1319 atque
641 1277 679 1309 de
700 1277 895 1320 apostolicae
925 1277 1090 1320 potestatis
1114 1278 1186 1321 ple-

444 1329 608 1370 nitudine,
635 1330 732 1363 etiarn
752 1330 872 1363 iteratis
891 1330 1014 1364 vicibus
1027 1358 1034 1372 ,
1062 1341 1189 1365 necnon

444 1381 522 1414 alias
536 1383 780 1426 quomodolibet
791 1389 821 1416 et
830 1383 1101 1427 quandocumque
1114 1394 1190 1418 con-

446 1434 553 1475 cessis,
574 1435 783 1476 confirmatis,
804 1436 989 1480 approbatis
1009 1442 1040 1469 et
1059 1436 1191 1470 innova-

444 1487 494 1519 tis.
522 1487 643 1526 Quibus
674 1487 845 1528 omnibus,
869 1488 964 1522 etiam
995 1488 1020 1521 si
1040 1499 1098 1533 pro
1120 1489 1190 1523 illo-

445 1550 516 1573 rum
538 1540 707 1573 sufficienti
739 1541 950 1583 derogatione
981 1542 1021 1575 de
1050 1541 1112 1575 illis
1137 1553 1190 1576 co-

446 1603 582 1635 rumque
602 1592 675 1626 totis
696 1593 872 1631 tenoribus,
896 1593 1058 1636 specialis,
1080 1594 1187 1638 speci-

445 1645 517 1684 fica,
542 1646 725 1686 individua,
749 1657 875 1680 necnon
907 1657 1065 1691 expressa,
1093 1658 1130 1680 ac
1151 1648 1190 1682 de

443 1699 541 1732 verbo
553 1700 592 1732 ad
605 1699 750 1739 verbum,
767 1710 832 1733 non
853 1705 959 1733 autem
980 1710 1038 1744 per
1057 1700 1186 1734 clausu-

446 1751 491 1783 las
511 1753 677 1793 generales
698 1752 781 1785 idem
805 1752 1025 1797 importantes,
1050 1753 1186 1794 mentio,

445 1813 502 1836 seu
523 1804 653 1847 quaevis
677 1805 739 1836 alia
759 1805 922 1848 expressio
947 1805 1115 1846 habenda,
1135 1812 1190 1839 aut

446 1855 555 1898 aliqua
575 1856 635 1888 alia
657 1856 812 1899 exquisita
833 1858 934 1890 forma
968 1857 1007 1890 ad
1037 1857 1098 1900 ltoc
1122 1868 1189 1891 ser-

445 1909 547 1941 vanda
568 1915 659 1949 esset,
689 1915 814 1942 tenores
836 1910 1031 1949 huiusmodi,
1055 1912 1189 1955 perinde

445 1971 481 1994 ac
501 1961 526 1994 si
552 1961 591 1994 «lc
612 1962 710 1994 verbo
731 1962 770 1994 ad
796 1963 940 2001 verbum,
964 1963 1043 1996 nibil
1064 1964 1190 2007 penitus

446 2014 576 2053 omisso,
593 2025 719 2048 necnon
740 2017 843 2048 l'orma
864 2015 894 2048 in
917 2016 977 2049 illis
998 2017 1113 2050 tradita
1133 2017 1190 2050 ob-

445 2073 569 2100 servata
601 2067 708 2101 inserti
738 2069 860 2109 soi-ent,
885 2069 1106 2112 praesentibus
1130 2080 1190 2113 pro

446 2120 640 2153 sufficienter
659 2121 814 2164 expressis
828 2127 857 2154 ct
876 2121 1002 2154 insertis
1023 2122 1187 2163 babentes,

449 2173 509 2205 illis
523 2173 599 2206 alias
621 2173 651 2206 in
669 2184 727 2207 sno
749 2174 864 2207 robore
887 2175 1116 2217 permansuris,
1132 2175 1191 2209 bac

449 2227 514 2259 rice
535 2227 699 2260 dunttaxnt
716 2227 897 2271 specialiter
917 2233 944 2260 et
967 2239 1114 2276 expresse
1136 2229 1190 2262 lta-

449 2291 518 2312 rnm
539 2280 620 2312 sei-ie
639 2281 843 2322 derogamus,
861 2291 985 2313 necnon
1000 2282 1189 2324 derogatum

449 2343 515 2365 esse
536 2333 683 2365 volumus
703 2339 730 2365 et
754 2333 967 2373 decernimus,
991 2334 1190 2379 caeterisque

450 2385 618 2417 contrariis
639 2385 908 2429 quibuscumque.

494 2438 509 2478 ,ξ
534 2438 580 2470 t‘t.
610 2438 692 2471 Nulli
714 2449 790 2480 ergo
811 2438 944 2472 omnino
966 2439 1133 2472 bominum
1155 2440 1190 2472 li-

251 2513 275 2527 n,
295 2487 320 2528 2¹¹
347 2490 365 2502 '⁸
451 2496 518 2522 cent
541 2490 622 2522 banc
648 2491 795 2533 paginam
818 2496 946 2524 nostrae
967 2491 1188 2532 absolutionis,

452 2543 702 2585 approbationis,
727 2544 991 2585 confirmationis,
1012 2544 1190 2578 innovatio-

453 2594 517 2633 nis,
548 2596 785 2636 concessionis,
811 2596 955 2637 roboris,
983 2595 1188 2638 adiectionis,

1020 213 1206 249 numinum
1224 224 1380 249 Romnum

1221 272 1375 313 mandati,
1398 272 1620 316 suppletionis,
1642 273 1763 314 statuti,
1785 273 1961 307 ordinatio-

1220 324 1287 365 nis,
1310 324 1546 365 concessionis,
1571 324 1710 365 indulti,
1737 326 1936 360 inhibitionis
1951 352 1958 366 ,

1220 377 1395 418 interdicti,
1415 377 1617 420 singulorum
1639 379 1843 412 decretorum
1865 380 1961 413 dero-

1220 430 1357 473 gationis
1383 436 1415 464 et
1440 431 1612 465 voluntatis
1631 431 1809 474 infringere
1823 459 1831 473 ,
1858 433 1907 466 vel
1930 433 1960 466 ei

1221 494 1299 517 ausu
1330 484 1502 517 temerario
1533 484 1702 518 contraire.
1733 484 1765 519 Si
1793 485 1864 529 quis
1899 496 1958 519 au-

1220 542 1284 570 tem
1304 537 1367 570 hoc
1386 542 1554 577 attentare,
1577 542 1633 571 etc.

1263 590 1378 623 Datum
1405 590 1526 623 Romae
1550 591 1635 634 apud
1654 590 1685 625 S.
1709 591 1853 631 Petrum,
1877 601 1962 624 anno

1220 642 1452 676 Incarnationis
1471 643 1657 677 Dominicae
1676 643 1848 677 millesimo
1867 643 1962 688 quln-

1222 695 1399 737 gentesirno
1419 695 1630 738 nonagesimo
1650 701 1738 729 sexto
1753 723 1760 736 ‚
1783 696 1878 730 tertio
1905 696 1962 730 ka-

1222 747 1333 781 lendas
1345 747 1493 789 ianuarii,
1502 748 1708 792 pontificatus
1720 749 1820 782 nostri
1834 759 1919 783 anno
1931 760 1960 782 v.

1258 809 1317 836 Dat.
1335 809 1379 837 die
1393 809 1428 837 30
1443 809 1598 837 decembris
1619 809 1698 845 ¹596,
1714 810 1810 846 pontis.
1828 818 1873 838 an.
1888 817 1914 838 v.

1516 968 1668 1004 CXLVIII.

1223 1074 1381 1108 Prohibet
1396 1074 1670 1117 qubematoribus
1698 1074 1870 1119 hospitalis
1887 1085 1965 1109 san-

1267 1136 1430 1170 ctissimae
1452 1135 1687 1170 Annunciatae
1716 1137 1860 1171 civitatis
1883 1136 1967 1171 Nea-

1264 1198 1434 1242 politanae
1452 1200 1628 1242 quominus
1648 1198 1756 1242 leyata
1778 1202 1808 1231 et
1827 1198 1899 1232 alia
1915 1209 1966 1233 re-

1269 1261 1346 1293 licta
1373 1260 1457 1293 dicto
1488 1260 1644 1303 hospitali
1670 1260 1707 1293 in
1725 1271 1816 1301 usus,
1839 1265 1968 1305 praeter

1267 1326 1404 1356 mentem
1425 1326 1636 1364 testatorum,
1659 1323 1830 1356 insumant
1848 1323 1869 1356 ¹.

1437 1411 1571 1438 clemens
1587 1412 1667 1445 Papa
1676 1411 1754 1445 vlu,

1350 1464 1387 1491 ad
1402 1466 1577 1497 perpetuam
1591 1463 1635 1491 rei
1651 1463 1832 1492 memoriam.

1267 1543 1364 1577 Decet
1386 1543 1568 1576 Romanum
1588 1542 1778 1576 Pontificem
1798 1543 1831 1577 in
1848 1543 1898 1577 bis
1910 1554 1968 1579 au-

1224 1595 1379 1630 ctoritatis
1409 1605 1485 1629 suae
1514 1601 1621 1640 partes
1652 1595 1789 1629 libenter
1818 1596 1960 1640 interpo-

1224 1659 1312 1689 nere,
1340 1659 1398 1692 per
1418 1659 1500 1692 quae
1520 1649 1625 1691 legata
1645 1654 1676 1682 et
1695 1649 1781 1682 bona
1807 1648 1869 1693 piis
1889 1649 1969 1684 locis

1224 1711 1242 1733 a
1258 1699 1408 1733 fidelibus
1428 1699 1539 1732 relicta
1555 1705 1796 1740 conserventur,
1823 1705 1920 1743 prout
1935 1700 1968 1734 in

1223 1752 1360 1787 Domino
1380 1752 1553 1786 salubriter
1572 1752 1730 1796 conspicit
1749 1752 1909 1796 expedire.

1268 1807 1285 1847 g
1306 1804 1336 1837 1.
1365 1804 1556 1848 Accepimus
1579 1804 1757 1847 siquidem,
1782 1804 1869 1848 quod
1893 1814 1967 1838 cum

1224 1857 1372 1901 hospitali
1397 1856 1622 1891 Sanctissimae
1642 1856 1862 1890 Annunciatae
1885 1856 1964 1890 civi-

1226 1910 1297 1943 tatis
1321 1909 1596 1953 Neapolitanensis
1615 1920 1633 1942 a
1658 1909 1790 1944 diversis
1818 1909 1969 1944 fidelibus

1224 1973 1336 1996 eorum
1352 1962 1566 1996 haereditates
1575 1968 1607 1996 et
1621 1962 1706 1996 bona
1721 1962 1798 2006 (sive
1814 1973 1872 2007 per
1884 1962 1968 1996 viam

1225 2015 1427 2055 testamenti,
1449 2015 1515 2048 sive
1535 2015 1735 2055 donationis,
1760 2020 1815 2048 aut
1835 2025 1870 2049 ex
1889 2025 1966 2050 con-

1225 2074 1342 2107 tractu,
1366 2068 1413 2100 vel
1431 2067 1509 2101 alias
1529 2067 1757 2111 diversimode)
1778 2068 1918 2112 relinqui
1938 2073 1970 2102 et

1225 2120 1338 2153 donari
1359 2120 1494 2161 soleant,
1511 2130 1548 2153 ea
1568 2120 1649 2162 lege,
1672 2125 1707 2153 ut
1726 2130 1763 2154 ex
1779 2121 1968 2154 eorumdem

1225 2173 1385 2206 bonorum
1408 2172 1563 2206 fructibus
1583 2183 1656 2217 pars
1677 2173 1708 2206 in
1729 2172 1782 2217 pia
1801 2183 1902 2217 opera
1921 2173 1969 2207 di-

1224 2226 1440 2266 stribuantur,
1461 2232 1492 2260 ct
1511 2236 1585 2270 pars
1605 2226 1637 2259 in
1661 2226 1868 2260 commodum
1889 2226 1968 2260 dicti

1225 2279 1390 2324 hospitalis
1419 2280 1451 2313 in
1478 2280 1675 2324 emptionem
1707 2290 1882 2321 censuum,
1914 2286 1970 2314 aut

1225 2333 1385 2366 bonorum
1399 2332 1561 2366 stabilium
1572 2338 1792 2373 convertatur,
1807 2332 1884 2377 quia
1892 2343 1968 2368 vero

1225 2386 1385 2418 interdum
1405 2385 1446 2418 ob
1467 2385 1610 2419 ciusdem
1632 2385 1797 2430 hospitalis
1821 2385 1964 2420 necessi·
2001 2418 2006 2423 ,

1225 2445 1316 2479 tates,
1333 2438 1417 2471 illius
1437 2438 1680 2482 gubernatores,
1699 2444 1787 2482 parte
1806 2438 1967 2473 dictorum

1226 2493 1403 2530 fructuum,
1427 2501 1508 2535 quae
1540 2491 1572 2524 in
1603 2491 1682 2524 alios
1709 2502 1784 2525 usus
1810 2491 1968 2526 destinata

1225 2551 1282 2586 est,
1307 2545 1338 2578 in
1365 2555 1440 2579 usus
1471 2544 1545 2579 dicti
1574 2544 1741 2588 hospitalis
1766 2549 1911 2586 utuntur,
1931 2549 1964 2578 et

1263 2607 1273 2633 ¹
1296 2605 1332 2633 Ex
1349 2606 1456 2642 ltegest.
1477 2606 1505 2634 in
1519 2606 1620 2635 Secret.
1633 2605 1765 2642 Brevium.

1973 223 2024 252 An.
2044 224 2073 254 c.
2089 225 2154 256 ¹502
2169 199 2177 237 ·⁴
2211 214 2214 222 “

2009 1547 2128 1570 Exordium.

2004 1811 2086 1833 Causae
2095 1815 2133 1837 pm

1982 1837 2070 1859 hittonis
2083 1837 2110 1859 d·
2128 1847 2130 1853 ·
2157 1837 2164 1850 ³
2215 1839 2217 1841 ’

1982 1864 2003 1886 in
2017 1863 2109 1886 rubrica.
