2253 3195
29 220 74 244 an.
97 216 125 242 C.
145 213 211 242 tuot)

39 1012 132 1034 Nonnulli
139 1014 208 1033 tamen

29 1040 120 1066 episcopi
136 1040 208 1060 huius-

28 1066 81 1087 modi
102 1066 157 1086 bona
173 1065 209 1086 do-

28 1093 103 1114 nabant
110 1094 152 1112 suis
161 1098 209 1112 con-

29 1119 194 1145 sanguineis,otc.

188 2036 201 2047 κ

58 2127 163 2155 Philippus
177 2134 213 2149 rex

33 2153 101 2180 Papae
135 2156 212 2181 suppti-

34 2183 74 2206 tat,
81 2184 101 2202 ut
114 2183 213 2202 ecclesia-

33 2213 75 2228 rum
83 2209 175 2229 consulat
185 2209 212 2230 in-

33 2234 145 2256 deinnitati,

836 212 983 236 Cttatttssxs
1004 213 1060 236 vtlt
1080 214 1128 236 ΓΡ,

223 268 253 296 et
273 272 475 305 recuperare,
500 261 616 305 illaque
643 261 673 293 in
694 261 959 294 restaurationem

222 321 250 349 et
279 315 580 355 manutentionem,
615 325 651 347 ac
683 314 978 367 consei'valioneim

221 369 401 413 praedictas
422 374 609 401 convertere
631 368 784 401 deberent
801 395 808 408 ‚
829 378 960 400 conces·
977 371 978 401 t

221 422 298 455 serit
322 427 351 454 et
373 421 552 459 indulserit,
577 427 604 454 et
628 421 769 464 insuper,
794 421 962 464 quianon-

222 474 303 507 nulli
325 474 446 507 iudices
467 474 542 507 dicti
563 474 652 516 regni
679 474 709 505 in
731 474 834 506 causis
854 473 958 506 dicto--

220 539 292 561 rum
333 528 511 572 spoliorum
550 539 582 560 se
615 527 829 560 intromittere
869 537 961 570 posse

221 583 498 626 praetendebant,
534 581 619 614 idem
650 581 879 625 praedecessor
903 591 959 613 co-

221 636 397 679 gnitionem
409 646 578 669 causarum
588 635 766 678 spoliorum
776 635 961 667 huiusmodi

222 690 261 722 ad
279 689 436 729 vicarios,
461 689 542 722 Sede
569 694 710 724 vacante.
741 699 799 732 per
824 688 961 732 capitula

222 743 429 776 ecclesiarum
466 743 655 776 earumdem
689 743 873 786 deputatos,
903 752 962 785 pro

223 803 368 840 tempore
399 801 544 839 spectare
575 795 769 833 declaravit,
805 800 901 838 prout
931 795 961 826 in

221 849 355 891 singulis
383 849 498 882 litteris
519 849 595 882 dicti
622 848 881 892 praedecessoris
902 848 959 881 de-

224 895 327 946 super
344 902 497 935 confectis
518 902 645 945 plenius
666 901 859 934 continetur.

268 955 326 998 §2
347 955 563 989 Nihilominus
585 955 731 988 nonnulli
749 965 785 987 ex
805 954 896 987 dictis
914 965 963 987 ar-

224 1009 437 1052 chiepiscopis
457 1015 487 1042 et
511 1008 669 1052 episcopis
689 1008 792 1041 varias
809 1007 960 1040 donatio-

225 1073 281 1095 nes
306 1062 390 1095 inter
420 1062 506 1095 vivos
528 1062 706 1105 spoliorum
736 1067 766 1094 et
800 1061 962 1094 fructuum

225 1114 411 1148 huiusmodi
439 1120 501 1147 tam
527 1115 558 1146 in
592 1115 733 1147 savorem
765 1114 961 1156 consangui-

224 1178 359 1201 neorum
391 1174 421 1201 et
441 1167 584 1200 affinium
621 1178 657 1200 ac
685 1168 822 1200 aliarum
847 1177 960 1211 perso-

224 1232 351 1261 narum,
375 1232 471 1265 quam
498 1221 593 1254 etiam
623 1221 750 1264 piorum
777 1227 808 1254 et
827 1221 960 1263 reiigio-

224 1285 333 1308 sorum
354 1275 500 1308 locorum
515 1274 685 1307 retinendo
706 1275 791 1308 dicta
807 1275 892 1307 bona
906 1276 964 1308 do-

224 1334 297 1362 nata
317 1340 419 1372 usque
446 1329 485 1361 ad
511 1328 660 1361 ultimum
689 1328 770 1361 vitae
796 1328 962 1372 spiritum;

226 1382 401 1425 aliquando
421 1393 496 1415 vero
518 1382 549 1414 in
577 1382 764 1415 infirmitate
785 1382 961 1423 constituti,

225 1435 300 1468 dum
322 1435 460 1478 amplius
480 1435 585 1468 vivere
599 1446 663 1468 non
681 1441 822 1479 sperant,
846 1435 966 1468 similes

224 1488 413 1521 donationes
440 1488 471 1520 in
510 1488 654 1522 fraudem
680 1489 838 1522 dictarum
866 1489 966 1522 eccle-

224 1541 344 1575 siarum
358 1542 464 1575 facere
476 1548 722 1583 consueverunt,
734 1542 819 1575 unde
828 1548 965 1586 sequuto

224 1595 314 1629 obitu
340 1595 547 1636 donatorum,
576 1595 682 1628 variae
708 1595 876 1629 occasione
903 1596 962 1629 do-

224 1649 392 1682 nationum
412 1648 599 1682 huiusmodi
613 1649 807 1682 suscitantur
827 1650 907 1689 lites,
924 1649 966 1683 ita

224 1708 260 1736 ut
279 1702 406 1746 saepius
426 1702 603 1745 contingat,
638 1702 748 1735 omnia
768 1702 889 1746 spolia,
910 1713 966 1736 seu

226 1757 356 1790 illorum
383 1756 539 1790 maiorem
565 1762 691 1800 partem
718 1756 749 1788 in
780 1749 966 1790 huiusmodi

226 1810 334 1843 litibus
362 1810 531 1850 consumi,
553 1816 584 1842 et
609 1815 781 1854 propterea
814 1810 967 1843 ecclesiae

225 1863 409 1907 praedictae
429 1863 601 1896 commodo
623 1873 660 1896 ac
679 1862 839 1896 beneficio
864 1863 968 1896 dietae

227 1917 451 1961 applicationis
460 1917 587 1960 penitus
599 1917 768 1950 frustratae
780 1924 969 1950 remaneant

228 1971 259 2003 in
285 1981 379 2013 grave
410 1970 552 2013 ipsarum
575 1970 783 2004 ecclesiarum
802 1971 968 2015 praeiudi-

228 2035 314 2057 cium
335 2030 363 2057 et
390 2034 560 2056 maximam
584 2029 750 2057 iacturam.

272 2080 288 2120 ἓ
309 2077 340 2110 3.
364 2077 467 2116 Quare
489 2077 591 2109 dictus
618 2077 785 2121 Philippus
815 2088 890 2119 rex,
914 2079 968 2122 qui

229 2131 324 2165 etiam
347 2130 437 2173 regni
461 2130 629 2164 Sardiniae
651 2141 705 2163 rex
726 2130 842 2171 existit,
867 2136 902 2163 ut
922 2131 969 2164 di-

229 2191 353 2218 ctarum
376 2184 607 2224 eeclesiarum,
630 2194 723 2227 quae,
747 2189 782 2216 ut
803 2184 965 2225 asseritur,

229 2239 267 2271 de
299 2238 559 2281 itu-epatronatus
589 2237 688 2280 ipsius
719 2237 857 2280 Philippi
885 2238 968 2280 regis

227 2292 412 2325 huiusmodi
434 2303 469 2325 ex
498 2291 667 2334 privilegio
696 2291 871 2334 apostolico
887 2318 894 2331 ,
918 2292 968 2324 cui

227 2356 291 2379 non
313 2352 357 2379 est
388 2346 544 2379 hactenus
569 2345 601 2377 in
632 2345 741 2388 aliquo
763 2345 965 2387 derogatum,

228 2410 296 2433 esse
322 2400 568 2442 dignoscuntur,
590 2398 793 2432 indemnitati
818 2399 968 2431 cousula-

229 2458 290 2493 tur,
308 2453 399 2485 nobis
420 2452 584 2485 humiliter
597 2451 770 2495 supplicari
792 2451 876 2491 fecit,
892 2462 971 2495 qua-

229 2511 321 2539 tenus
339 2507 370 2539 in
392 2506 574 2550 praemissis
595 2506 633 2539 de
659 2505 766 2549 aliquo
787 2511 969 2549 opportuno

230 2560 373 2593 remedio
405 2559 574 2603 providere
595 2559 634 2592 de
658 2558 856 2602 benignitate
892 2569 970 2603 apo-

229 2613 340 2646 stolica
362 2613 580 2655 dignaremur.

278 2676 356 2704 Bult.
375 2677 454 2705 Rom.
474 2677 531 2703 Vol.
550 2676 577 2702 Χ.
861 2674 893 2704 77

1040 262 1056 302 ξ
1077 260 1106 293 4.
1131 261 1193 293 Nos
1211 261 1409 302 singularum
1431 260 1609 293 litterarum
1635 271 1732 303 prae-

995 314 1165 355 dictarum,
1183 321 1213 348 et
1234 315 1263 347 in
1283 315 1327 348 eis
1348 320 1586 355 contentorum,
1610 325 1646 347 ac
1660 314 1735 347 inde

995 374 1205 411 sequutorum
1221 379 1513 412 quorumcumque,
1533 367 1736 411 aliorumque

996 422 1034 454 de
1056 422 1243 454 necessitate
1277 422 1562 465 exprimendorum
1594 427 1733 461 tenores,

997 474 1091 507 etiam
1107 475 1259 515 veriores,
1276 475 1497 518 praesentibus
1518 485 1577 518 pro
1597 475 1691 517 plene
1707 479 1737 507 et

997 528 1192 561 sufficienter
1205 528 1535 571 expressishabcntes,
1552 527 1737 561 huiusmodi

996 581 1285 625 supplicationibus
1303 581 1458 620 inclinati,
1476 582 1597 614 litteras
1611 580 1738 624 praedi-

997 640 1062 667 ctas
1080 641 1109 667 et
1130 634 1161 666 in
1181 634 1225 667 eis
1245 640 1415 670 contenta„
1447 646 1482 667 ac
1509 634 1582 667 inde
1603 640 1738 678 sequuta

997 692 1027 720 et
1046 687 1210 730 sequenda
1228 698 1463 730 quaecumque,
1487 687 1663 730 apostolica
1680 697 1737 719 au-

997 741 1154 781 ctoritate,
1180 747 1290 774 tenore
1311 741 1553 784 praesentium,
1578 747 1737 784 perpetuo

998 796 1228 829 confirmamus
1242 801 1269 828 et
1285 796 1515 839 approbamus,
1527 795 1652 838 illisque
1666 806 1738 838 per-

997 855 1111 893 petuae
1121 856 1149 881 et
1164 849 1354 881 inviolabilis
1372 848 1532 881 firmitatis
1545 848 1645 881 robur
1659 848 1738 881 adii-

997 903 1109 939 cimus,
1133 913 1169 934 ac
1195 902 1233 934 ab
1254 901 1421 939 omnibus,
1453 911 1534 944 quos
1562 901 1634 933 illae
1661 911 1737 933 con-

997 960 1133 988 cernunt
1153 960 1184 988 οἱ
1204 964 1398 987 concernere
1429 959 1582 997 poterunt
1603 964 1738 997 quomo-

997 1009 1118 1041 dolibet
1139 1008 1169 1040 in
1191 1008 1345 1045 futurum,
1370 1013 1527 1051 perpetuo
1548 1013 1578 1040 et
1599 1007 1735 1040 inviola-

997 1063 1104 1096 biliter
1125 1061 1287 1095 observari
1313 1062 1460 1094 volumus
1476 1067 1510 1094 et
1532 1061 1734 1094 mandamus.

1042 1118 1058 1158 g
1084 1115 1113 1148 5.
1142 1116 1356 1148 Decernentes
1382 1125 1494 1147 omnes
1511 1121 1542 1148 et
1566 1125 1738 1158 quascum-

998 1180 1060 1213 que
1085 1168 1286 1208 donationes,
1322 1167 1417 1201 etiam
1447 1168 1530 1201 inter
1559 1168 1656 1205 vivos,
1691 1167 1738 1200 vel

998 1233 1093 1256 causa
1114 1221 1237 1261 mortis,
1250 1221 1491 1265 promissiones,
1510 1220 1736 1262 obligationes,

999 1276 1181 1310 debitorum
1201 1275 1416 1308 confessiones
1435 1274 1555 1307 etalias
1569 1284 1741 1317 quascum-

999 1340 1060 1373 que
1081 1328 1308 1373 dispositIOnes
1329 1338 1386 1371 per
1400 1327 1502 1360 dictos
1523 1326 1740 1370 archiepisco-

999 1393 1057 1426 pos
1077 1388 1107 1415 et
1133 1382 1302 1425 episcopos
1332 1381 1534 1425 spoliorum,
1564 1391 1685 1419 rerum,
1711 1386 1742 1413 et

999 1435 1233 1480 pecuniarum,
1266 1446 1302 1467 ac
1330 1435 1494 1467 fructuum
1511 1461 1518 1474 ‚
1550 1433 1737 1473 redituum,

998 1495 1224 1534 proventuum,
1246 1489 1343 1521 etiam
1365 1488 1423 1521 sub
1445 1492 1612 1531 praetextu
1633 1487 1738 1519 eccle-

998 1543 1116 1577 siastici
1134 1542 1266 1582 servitii,
1288 1547 1318 1575 et
1336 1541 1431 1574 etiam
1453 1551 1548 1574 causa
1569 1539 1739 1579 mercedis,

999 1596 1106 1630 autin
1132 1595 1427 1629 remunerationem
1458 1594 1663 1627 servitiorum
1697 1593 1741 1626 eis

1000 1650 1234 1693 impensorum,
1266 1659 1322 1681 seu
1351 1658 1388 1681 ex
1428 1657 1633 1690 quacumque
1662 1646 1739 1686 alia,

1001 1703 1205 1747 quantumvis
1225 1702 1278 1746 pia
1298 1707 1330 1735 et
1349 1700 1552 1745 privilegiata
1573 1711 1685 1740 causa,
1710 1699 1743 1732 in

1001 1758 1142 1790 savorem
1164 1755 1491 1798 consanguineorum,
1516 1754 1672 1794 affinium,
1696 1753 1743 1786 fa-

1002 1810 1176 1843 miliarium
1198 1815 1229 1842 et
1257 1809 1394 1842 aliarum
1426 1818 1637 1852 personarum
1654 1834 1661 1848 ,
1695 1807 1743 1840 vel

1002 1863 1096 1897 etiam
1122 1863 1250 1907 piorum
1276 1868 1307 1896 et
1333 1862 1558 1904 religiosorum
1581 1861 1740 1900 locorum,

1002 1922 1098 1950 etseu
1114 1916 1324 1959 collegiorum
1341 1927 1377 1948 ac
1389 1915 1633 1948 universitatum
1647 1914 1743 1947 etiam

1002 1970 1208 2015 quantumvis
1242 1969 1519 2013 privilegiatorum
1540 1995 1547 2009 ,
1582 1973 1636 2001 aut
1666 1967 1744 2001 alias

1002 2023 1247 2068 quomodolibet
1269 2024 1366 2056 factas
1387 2029 1417 2055 et
1442 2033 1501 2066 pro
1530 2027 1675 2065 tempore
1699 2021 1744 2054 sa-

1002 2078 1142 2118 ciendas,
1171 2088 1207 2110 ae
1228 2078 1324 2109 etiam
1343 2085 1563 2120 quascumque
1586 2074 1744 2107 clausulas

1003 2132 1033 2164 in
1051 2143 1084 2165 se
1105 2130 1318 2171 continentes,
1343 2129 1458 2169 nullas,
1483 2127 1637 2160 invalidas
1657 2133 1688 2160 et
1704 2127 1745 2160 si-

1004 2186 1150 2223 mulatas,
1178 2195 1214 2216 ae
1235 2183 1266 2216 in
1287 2183 1432 2215 fraudem
1460 2182 1564 2215 dictae
1596 2180 1741 2224 applica—

1003 2238 1097 2272 tionis
1119 2238 1217 2270 sactas
1230 2248 1309 2277 esse,
1327 2236 1446 2269 nullius
1467 2235 1593 2268 roboris
1613 2235 1660 2267 vel
1676 2244 1745 2267 mo-

1003 2291 1101 2324 menti
1133 2290 1268 2324 existere
1284 2317 1291 2330 ,
1326 2300 1384 2322 nee
1423 2289 1563 2332 aliquem
1595 2287 1745 2321 effectum

1002 2343 1120 2382 sortiri,
1142 2353 1202 2376 nee
1222 2343 1261 2375 ad
1281 2343 1407 2375 illarum
1430 2340 1676 2385 exequutionem
1693 2341 1746 2374 de-

1004 2397 1103 2430 veniri
1122 2407 1215 2440 posse
1230 2407 1289 2429 nec
1309 2396 1438 2436 debere,
1455 2395 1579 2429 etiamsi
1603 2401 1747 2438 tempore

1004 2451 1131 2483 illarum
1152 2450 1230 2482 tales
1262 2449 1495 2492 archiepiscopi
1526 2449 1574 2481 vel
1605 2447 1747 2492 episcopi

1005 2505 1035 2537 in
1055 2503 1241 2536 infirmitate
1251 2502 1747 2543 constitutituerint,vetetiamsi

1004 2563 1077 2590 ante
1098 2557 1317 2589 infirmitatem
1339 2556 1536 2595 lmiusi‘nodb
1560 2567 1597 2589 ex
1615 2555 1696 2589 iusta
1716 2561 1748 2589 et

1006 2610 1188 2644 rationabili
1221 2622 1336 2648 causa,
1364 2616 1394 2643 et
1420 2610 1450 2643 in
1482 2610 1608 2644 casibus
1635 2620 1652 2643 a
1678 2609 1746 2643 iure

1757 212 1805 237 An.
1827 211 1936 239 &1600

1792 273 1887 302 Clemens
1903 274 1935 294 Pii

1764 303 1935 329 constitutionem

1765 329 1858 351 innovat,

1769 1173 1940 1202 Donationesque

1755 1200 1864 1227 hucusque
1875 1203 1939 1223 [it-tas

1757 1230 1830 1250 irritat.
1843 1233 1905 1254 prout
1920 1230 1939 1251 iu

1755 1254 1848 1276 rubrica.
