2253 3195
60 288 107 316 An.
129 286 158 314 C.
177 286 250 313 1602*

88 508 200 529 cinusntao
216 507 243 527 att

60 536 147 556 liu-‚uzee
164 534 244 555 decreti

60 564 186 584 firmitatem.

77 1200 192 1226 Derogatto
201 1205 249 1221 can—

63 1228 186 1248 trarioriuu.

108 2373 229 2395 Exordium,

871 286 1016 310 CLEMENS

257 345 339 378 quae
364 334 434 379 iura
454 336 550 373 salva,
574 339 601 367 et
625 335 733 367 illaesa
751 345 818 367 esse
838 335 999 377 volumus)

260 388 441 421 facultatem
463 389 670 421 concedimus
691 393 719 421 et
742 389 956 432 impertimur.

304 441 371 483 55.
400 442 613 475 Decernentes
644 452 863 485 quascumque
893 441 1002 485 appel-

259 495 394 527 lationes
408 495 446 527 de
460 495 644 538 praemissis
660 496 756 527 saetas
777 501 807 527 et
827 494 998 533 faciendas,

259 554 289 580 et
309 548 436 581 illarum
455 548 564 589 rigore
577 548 766 581 obtinendas
782 547 998 587 inhibitiones,

259 602 379 639 nullas,
402 602 509 634 irritas
530 607 560 634 et
589 601 698 633 inanes
728 601 818 640 sore,
842 601 952 644 sieque
972 606 1000 633 et
1019 612 1020 616 ¹

258 664 322 687 non
344 655 438 687 aliter
458 665 515 698 per
535 665 757 698 quoscumque
776 654 898 687 iudices
917 654 1003 687 ordi-
1019 663 1021 699 ζ

258 709 366 741 narios
386 714 416 741 et
441 709 615 750 delegatos,
637 708 731 740 etiam
755 718 922 740 cansarum
945 701 1021 751 pas]

259 762 325 794 latii
354 761 523 805 apostolici
553 761 737 801 auditores,
759 762 883 794 sublata
909 761 953 794 eis
973 757 1021 794 εἰ1

260 825 371 847 eorum
393 814 525 847 cuilibet
545 814 656 857 quavis
674 814 767 847 aliter
788 814 951 847 indicandi
973 821 1003 847 et,
1020 850 1022 864 ,

260 868 493 912 interpretandi
516 868 667 901 facultate
689 874 717 901 et
740 868 941 907 auctoritate,
958 867 1003 900 iu-
1021 903 1023 910 ,

261 921 361 954 dicari
381 927 409 954 et
432 921 557 955 definiri
591 922 728 959 debere,
752 932 788 954 ac
821 922 945 954 irritum
974 913 1023 954 eti

260 974 355 1007 inane
377 975 536 1018 quidquid
567 986 658 1008 secus
687 986 784 1018 super
811 975 860 1007 bis
889 985 906 1007 a
926 985 1023 1018 qno-,

262 1039 379 1071 qnam,
404 1029 515 1072 quavis
545 1029 758 1069 auctoritate,
790 1029 927 1061 scienter
958 1028 1006 1061 vel

262 1082 460 1124 ignoranter,
484 1083 654 1124 eontigerit
676 1082 836 1115 attentari.

308 1136 368 1177 go.
382 1136 450 1168 Non
465 1136 665 1169 obstantibus
679 1136 872 1179 praemissis,
887 1146 923 1167 ac
937 1135 1007 1178 qui-

263 1190 370 1223 husvis
392 1190 726 1223 constitutionibus&
746 1189 1007 1222 ordinationilnts
1025 1207 1026 1220 t

264 1242 457 1286 apostolicis,
472 1253 598 1275 necnon
620 1242 770 1275 omnibus
791 1241 863 1282 illis,
881 1252 962 1284 qnae
978 1241 1007 1273 in
1025 1226 1026 1252 ³

265 1296 474 1340 praeinsertis
488 1295 600 1328 litteris
614 1295 774 1328 voluimus
790 1305 853 1327 non
865 1295 1005 1333 obstare,

265 1349 465 1392 caeterisque
486 1349 655 1381 contrariis
680 1348 948 1391 quibuscumque.

308 1403 422 1435 Datum
443 1403 564 1435 Romae
582 1402 667 1445 apud
685 1402 715 1434 S.
732 1402 860 1434 Petrum
882 1401 940 1433 sub
955 1411 1010 1433 an-

264 1457 341 1489 nulo
373 1456 562 1493 Piscatoris,
584 1456 634 1489 die
662 1456 769 1500 prima
794 1456 872 1488 iunii
900 1465 1006 1493 imon,

265 1511 471 1553 pontificatus
489 1509 591 1543 nostri
617 1520 701 1542 anno
722 1520 763 1542 XI.

302 1573 359 1600 Dat.
382 1573 426 1600 die
446 1572 531 1608 prima
552 1573 617 1599 iunii
640 1573 716 1606 160⁴),
738 1572 832 1608 pontif.
856 1580 897 1600 an.
921 1578 954 1598 xt.

577 1753 706 1786 CCXCII.

268 1852 435 1885 Statuitur
463 1861 528 1889 eos,
562 1851 622 1894 qui
653 1850 802 1882 habitum
835 1848 1012 1882 slerolz'om's

313 1914 485 1957 hospitalis
505 1914 536 1947 S.
561 1913 698 1946 Ioannis
718 1911 1013 1954 Hierosolymilani

312 1977 496 2020 suscipiunt
526 1977 563 2008 in
596 1976 705 2019 refluis
743 1974 1009 2018 Hispcmiarmn,

315 2039 418 2072 nullis
430 2039 549 2082 §ratiis
566 2042 595 2071 et
609 2038 807 2081 privileqii's,
824 2037 922 2069 etiam
935 2035 1010 2078 sori,

316 2112 351 2134 nr:
370 2101 583 2144 coemptionis
602 2100 805 2133 decimarum
824 2099 894 2142 frui
917 2099 936 2131 ¹.

496 2192 628 2218 Clemens
641 2191 719 2224 Papa
730 2190 809 2220 V111,

400 2244 437 2271 ad
452 2246 629 2278 perpetuam
644 2243 688 2270 rei
704 2243 887 2270 memoriam.

318 2317 499 2349 Romanum
528 2315 620 2347 decet
648 2313 837 2347 Pontificem
860 2311 1012 2345 ecelesia-

275 2381 346 2403 rum
372 2368 573 2403 indemnitati
610 2372 790 2411 opportune
820 2365 1013 2409 prospicere,

275 2428 306 2456 et
325 2434 365 2455 ne
387 2421 557 2463 ex‘gratiis
578 2431 635 2464 per
660 2419 875 2463 Apostolicam
902 2418 1016 2451 Sedent

275 2475 470 2519 quandoque
509 2473 667 2506 concessis
706 2478 760 2505 aut
804 2469 1018 2503 concedendis

276 2527 510 2572 praeiudicium
532 2526 663 2570 aliquod
686 2525 746 2557 illis
768 2524 931 2561 interatnr,
945 2534 1019 2567 pro-

277 2581 395 2621 videre,
418 2586 514 2624 prout
541 2580 571 2612 in
596 2578 731 2612 Domino
752 2577 924 2611 salubriter
944 2587 1020 2610 con-

277 2635 410 2680 spicitur
431 2634 594 2678 expedire.

316 2700 325 2724 1
350 2697 385 2724 Ex
408 2697 513 2733 Regest.
536 2697 563 2722 in
584 2696 685 2722 Seeret.
708 2693 842 2721 Brcriinu.

1035 286 1093 309 vni
1114 286 1164 309 rr.
1679 272 1742 305 8417
1791 282 1841 308 Λη.
1857 281 1885 309 C.
1909 281 1975 308 1602

1080 334 1094 377 ξ
1115 333 1144 366 1.
1170 333 1245 366 Cum
1276 332 1383 376 itaque
1412 341 1471 364 nos
1499 331 1673 374 aliqnando
1694 341 1775 363 non·
1812 344 1882 364 caum
1897 346 1976 364 statuta

1035 387 1131 419 nullis
1151 386 1399 431 particularibus
1412 385 1615 429 personis,ut
1632 384 1776 417 habitum
1793 371 1879 391 st‘ffl‘h'

1036 440 1444 483 devotionisnuncupatum
1468 438 1633 482 hospitalis
1647 438 1779 471 S.Ioan-

1019 494 1084 539 ¹nis
1104 493 1386 537 Ilierosolymitani
1407 492 1585 536 suscipere,
1611 502 1647 524 ac
1677 492 1780 524 omni-

1036 547 1095 579 bns
1116 546 1236 588 gratiis,
1265 546 1441 589 privilegiis
1462 551 1490 578 et
1514 545 1644 577 indultis
1665 545 1781 587 quibus

1037 600 1089 632 alii
1102 600 1213 633 fratres
1226 600 1264 632 de
1276 599 1444 632 devotione
1458 599 1600 632 eiusdem
1614 598 1781 641 hospitalis

1036 658 1193 693 utuntur,
1222 653 1371 685 fruuntur
1392 658 1421 685 et
1441 652 1603 694 gaudent,
1627 651 1692 691 nti,
1719 651 1782 683 srui

1036 706 1133 749 potiri
1155 712 1185 739 et
1205 707 1345 748 gaudere
1359 706 1479 749 possint
1495 710 1524 738 et
1538 705 1687 745 debeant,
1708 714 1783 737 con-

1038 759 1227 792 cesserimus
1248 764 1278 791 et
1299 759 1544 798 indulseriinns3
1561 769 1700 801 cumque
1718 764 1782 791 tam

1038 813 1173 856 ii,quam
1189 812 1270 844 aliia
1280 812 1403 845 dilectis
1416 811 1489 844 filiis
1501 822 1617 854 magno
1631 811 1782 853 magistro

1039 872 1069 899 et,
1090 872 1248 899 conventu
1276 866 1417 899 eiusdem
1446 865 1612 908 hospitalis
1631 865 1661 898 S.
1686 865 1781 898 Ioan-

1039 920 1088 953 nis
1107 919 1389 963 Ilierosolymitani
1415 920 1453 952 ad
1480 919 1624 951 habitum
1647 919 1783 951 fratrum

1040 974 1078 1006 de
1100 973 1269 1007 devotione
1290 972 1420 1006 admissi
1441 978 1471 1004 et
1492 971 1785 1015 reeepti‚praeten-

1041 1028 1117 1060 dant
1137 1038 1170 1060 se
1190 1038 1207 1059 a
1226 1026 1425 1059 decimarum
1444 1025 1605 1058 solutione
1620 1029 1785 1068 exemptos

1023 1090 1120 1121 'esse,
1142 1091 1178 1113 ae
1199 1080 1270 1112 aliis
1289 1079 1476 1123 privilegiis,
1492 1078 1587 1112 etiam
1610 1078 1682 1117 sori,
1707 1088 1784 1120 gau-

1042 1135 1119 1167 dere
1137 1134 1272 1167 debere:

1086 1189 1102 1228 ξ
1121 1186 1151 1219 ’2.
1175 1187 1238 1219 Nos
1256 1186 1463 1219 eeclesiarum
1485 1184 1689 1218 indemnitati
1709 1195 1785 1217 eon·
1801 1220 1826 1241 de
1843 1194 1985 1247 qusiaitpuffin.

1043 1241 1161 1280 sulere,
1185 1250 1221 1272 ae
1241 1239 1319 1272 alias
1344 1239 1375 1271 in
1397 1238 1581 1282 praemissis
1603 1243 1785 1282 opportune
1800 1248 1866 1268 brica.

1043 1294 1214 1337 providere
1234 1294 1394 1328 volentes:
1419 1298 1508 1325 motu
1528 1292 1673 1336 proprio,
1698 1297 1727 1325 et
1750 1302 1786 1324 ex

1026 1338 1132 1380 {certa
1152 1353 1263 1381 nostra
1289 1347 1432 1387 scientia,
1457 1358 1493 1380 ac
1514 1352 1640 1379 matura
1661 1345 1784 1379 delibe—

1043 1401 1178 1439 ratione,
1200 1401 1304 1444 deque
1325 1400 1520 1444 apostolicae
1541 1399 1708 1443 potestatis
1722 1398 1788 1441 ple-

1044 1455 1202 1495 nitudine,
1225 1455 1342 1487 barum
1375 1454 1456 1487 serie
1486 1458 1643 1497 perpetuo
1671 1453 1785 1486 decer-

1044 1509 1150 1542 nimus
1171 1513 1202 1542 et
1222 1509 1443 1547 declaramus,
1468 1517 1712 1551 quoscumque,
1733 1506 1788 1550 qui

1045 1562 1198 1595 haetenus
1212 1562 1357 1594 habitum
1369 1562 1407 1594 de
1415 1560 1585 1594 devotione
1598 1560 1672 1593 dicti
1685 1559 1790 1603 bospi-

1044 1616 1125 1655 talis,
1140 1621 1203 1648 tam
1218 1626 1252 1648 ex
1268 1614 1398 1658 speciali
1416 1619 1526 1647 nostro
1545 1619 1576 1647 et
1595 1614 1685 1646 Sedis
1695 1614 1785 1656 Apo-

1044 1670 1175 1703 stolicae
1195 1669 1332 1709 indulto,
1357 1678 1454 1711 quam
1476 1668 1515 1700 ab
1543 1666 1687 1710 ipsismet
1716 1676 1786 1698 rna-

1045 1723 1144 1765 gistro
1173 1727 1203 1755 et
1233 1727 1393 1755 conventu
1425 1720 1568 1753 eiusdem
1600 1719 1786 1763 hospitalis,

1045 1780 1275 1819 susceperunt,
1311 1780 1366 1807 aut
1401 1774 1611 1817 imposterum
1645 1772 1791 1816 quando-

1046 1839 1184 1872 cumque
1205 1827 1391 1871 suscipient,
1416 1826 1541 1860 etiamsi
1563 1826 1595 1858 in
1613 1825 1727 1858 litteris
1739 1835 1792 1858 no-

1046 1883 1129 1923 stris,
1151 1888 1205 1915 ant
1225 1892 1284 1925 pro
1305 1887 1448 1925 tempore
1466 1879 1630 1914 existentis
1651 1879 1788 1912 Romani

1046 1936 1209 1970 Pontifieis
1229 1946 1327 1979 super
1343 1934 1529 1967 huiusmodi
1547 1933 1675 1966 babitus
1687 1943 1793 1966 susce-

1047 1990 1167 2033 ptione,
1192 1989 1287 2022 etiam
1313 1988 1345 2020 in
1374 1988 1477 2020 forma
1504 1986 1608 2020 brevis
1636 1985 1792 2029 expeditis

1047 2043 1094 2076 vel
1113 2042 1331 2086 expediendis,
1355 2041 1443 2085 quod
1465 2040 1615 2073 omnibus
1633 2045 1664 2072 et
1684 2040 1793 2082 singu-

1048 2096 1085 2129 lis
1107 2095 1291 2140 privilegiis,
1316 2094 1437 2137 gratiis,
1455 2093 1596 2130 indultis,
1617 2093 1793 2136 exemptio-

1048 2151 1160 2190 nibus,
1183 2148 1417 2193 praerogativis
1446 2154 1476 2181 et
1506 2146 1791 2191 praeeminentiis,

1049 2205 1165 2248 quibus
1188 2203 1241 2236 alii
1268 2203 1411 2236 eiusdem
1433 2201 1601 2245 hospitalis
1621 2201 1732 2234 fratres
1756 2200 1795 2233 de

1050 2258 1240 2298 devotione,
1264 2262 1318 2289 aut.
1344 2256 1421 2289 alias
1448 2255 1511 2295 uti,
1537 2254 1620 2294 frui,
1645 2254 1740 2298 potiri
1765 2259 1796 2287 et

1050 2311 1191 2353 gaudere
1220 2310 1324 2343 solent
1352 2315 1383 2342 et
1413 2313 1547 2352 possunt
1575 2318 1611 2340 ac
1641 2313 1794 2351 poterunt

1051 2363 1297 2407 quomodolibet
1331 2363 1361 2395 in
1391 2363 1557 2401 t'ntnrnm,
1588 2361 1656 2394 sine
1688 2361 1797 2404 aliqua

1052 2417 1243 2457 differentia,
1268 2416 1339 2453 frui,
1368 2415 1464 2459 potiri
1495 2421 1525 2448 ct.
1553 2415 1693 2457 ¹gaudere
1724 2424 1798 2458 pos—

1052 2470 1115 2503 sint
1135 2475 1164 2503 et
1185 2470 1332 2507 debeant,
1356 2468 1539 2512 specialiter
1558 2473 1585 2500 et
1605 2467 1796 2500 nominatim

1053 2533 1240 2556 concessum
1264 2523 1379 2562 suerit,
1408 2521 1618 2554 nibilominus
1644 2521 1740 2554 nullis
1765 2532 1797 2554 o—

1054 2577 1164 2609 mnino
1186 2576 1294 2619 gratiis
1315 2586 1351 2608 ae
1371 2575 1566 2619 privilegiis,
1590 2575 1685 2608 etiam
1714 2574 1794 2615 sori,

1054 2641 1090 2663 ac
1120 2630 1331 2674 exemptionis
1362 2640 1380 2662 a
1409 2629 1569 2662 solutione
1599 2628 1796 2662 decimarum

1056 2683 1114 2716 frui
1136 2694 1172 2717 ac
1192 2683 1288 2728 potiri
1308 2683 1444 2724 ‹lebere3
1467 2683 1523 2716 sed
1544 2683 1583 2716 ad
1603 2682 1797 2716 solutionem
