2253 3195
304 266 352 293 An.
376 267 405 293 c.
426 266 488 294 1601
541 256 603 291 709,

303 330 330 377 33
339 329 488 377 P2¹33¹13f²⁶⁰⁵
503 316 898 360 laetabamurPhilippum
921 316 961 350 ΙΙΙ
983 327 1091 359 regem
1113 317 1248 350 catholi-

310 363 314 376 Ι
331 363 340 377 Γ
403 362 414 377 (¹
426 372 430 377 ·

357 2204 366 2216 ι.
377 2197 426 2216 lit-151
442 2198 494 2217 mh·-

369 2230 385 2243 n
409 2230 496 2243 αιιιιιιιι-

338 2252 399 2269 ,ΙΗΙΙΙΙ
410 2251 443 2270 lin*
457 2251 495 2271 ’,Μ’

312 2283 387 2296 ιιιιιιιΓ.ι
404 2284 423 2297 ιιι
437 2278 495 2298 tttm.

504 381 576 403 cum
596 369 627 402 in
649 369 718 413 ipso
737 370 893 412 regnandi
910 370 1072 415 principio
1089 371 1176 404 hunc
1188 371 1248 404 sibi

505 423 543 456 ad
570 422 695 456 felicem
727 433 902 465 regnorum
934 434 1069 457 suorum
1103 424 1245 457 admini-

504 476 693 509 strationem
712 482 887 520 patronum
903 483 990 510 tanto
1004 478 1121 511 ardore
1138 483 1249 522 postu-

505 531 581 564 lare.
612 531 722 574 Itaque
755 531 997 575 respondimus,
1014 537 1157 564 sanctam
1181 531 1249 564 eius

504 583 694 628 petitionem
728 584 822 617 nobis
850 595 918 618 esse
948 584 1184 627 gratissimam,
1219 590 1249 618 et,

504 648 574 671 eam
596 638 636 671 ad
656 638 712 671 Dei
741 638 879 681 gloriam
901 638 933 671 in
954 638 1079 683 primis,
1103 644 1133 671 et
1154 649 1246 672 com·

504 702 636 725 munem
651 691 749 725 totius
762 691 958 726 christianae
979 692 1178 736 reipublicae
1188 692 1250 725 uti-

504 745 626 777 litatem
646 745 832 789 pertinere,
862 746 950 790 quod
980 745 1135 779 nimirum
1166 747 1249 780 Deus

505 799 516 841 (
530 798 584 842 qui
611 799 766 842 splendor
786 805 817 832 et
841 799 944 842 gloria
968 799 1158 833 Sanctorum
1181 800 1248 843 est)

505 852 535 884 in
561 852 685 885 Sanctis
709 852 775 885 suis
799 852 902 895 magis
922 853 1092 894 laudatur,
1116 859 1147 886 et
1165 853 1250 886 chri-

504 905 659 939 stifideles
683 916 721 939 eo
742 905 868 939 facilius
889 905 1015 940 divinae
1036 906 1158 949 gratiae
1180 917 1250 940 mu-

504 969 605 1001 nera,
636 959 737 994 auctis
773 960 1056 1002 intercessoribus,
1089 961 1246 1002 obtinent,

504 1023 569 1057 quo
588 1013 693 1046 maior
713 1013 818 1046 cultus
838 1019 867 1047 et
888 1013 994 1046 honor
1015 1014 1138 1048 Sanctis
1159 1015 1251 1048 adhi-

505 1066 608 1099 betur.
632 1066 803 1100 Praeterea
823 1066 1020 1110 singularem
1039 1067 1124 1110 regis
1146 1068 1249 1112 pieta-

506 1125 568 1152 tem
595 1119 873 1160 commendantes,
895 1125 1006 1164 optare
1027 1131 1084 1154 nos
1109 1121 1163 1165 pio
1181 1121 1250 1155 eius

505 1173 667 1206 desiderio
687 1173 872 1207 satisfacere
906 1173 1063 1215 diximus3
1086 1174 1182 1208 huius
1205 1181 1250 1208 ta-

505 1237 579 1260 men
601 1227 646 1261 rei
665 1233 784 1260 tantam
806 1238 874 1261 esse
900 1228 1100 1270 gravitatem,
1124 1234 1158 1261 ut
1183 1239 1250 1262 ma—

507 1281 607 1314 turius
638 1281 743 1314 adhuc
770 1292 843 1314 cum
871 1282 1108 1316 venerabilibus
1138 1283 1246 1316 fratri--

505 1335 565 1368 bus
593 1335 712 1368 nostris
737 1335 875 1368 Sanctae
898 1336 1063 1369 Romanae
1090 1336 1250 1370 Ecclesiae

506 1388 725 1421 cardinalibus
743 1394 773 1421 et
793 1389 928 1422 caeteris
947 1389 1106 1434 episcopis
1127 1390 1249 1424 delibe-

506 1442 644 1475 randum
666 1453 734 1475 esse
756 1452 972 1476 censeremus.
1007 1444 1117 1487 ltaque
1138 1454 1250 1478 omnes

507 1506 561 1529 eos
583 1496 614 1528 in
635 1495 774 1529 Domino
799 1496 917 1529 hortati
937 1507 1060 1538 sumus,
1084 1503 1117 1531 ut
1142 1498 1250 1531 onmia

506 1560 589 1594 quae
617 1550 656 1583 ad
678 1549 761 1583 beati
783 1550 963 1595 Raymundi
984 1550 1080 1584 vitain
1103 1558 1134 1585 et
1154 1552 1252 1585 mira-

506 1604 578 1636 cula
595 1609 787 1647 spectarent,
811 1604 900 1637 omni
914 1604 1020 1638 studio
1035 1611 1065 1639 et
1086 1605 1251 1649 diligentia

507 1656 739 1697 examinarent;
764 1656 880 1690 d'einde
899 1663 1029 1691 orantes
1047 1658 1077 1690 in
1092 1659 1207 1702 spiritu
1221 1665 1252 1692 et

508 1710 538 1742 in
559 1710 628 1754 ipso
650 1710 828 1753 vigilantes,
851 1711 938 1754 quod
960 1722 1019 1744 nos
1039 1711 1153 1745 facturi
1175 1723 1252 1746 era-

509 1760 590 1805 mus,
618 1765 717 1798 Deum
740 1771 952 1809 precarentur
972 1772 1007 1799 ut
1037 1766 1127 1799 daret
1159 1767 1252 1800 nohis

507 1818 655 1862 spiritum
684 1818 861 1862 sapientiae
886 1824 915 1852 et
940 1819 1164 1861 revelationis,
1188 1831 1252 1864 quo

510 1872 587 1905 haec
608 1882 726 1905 arcana
754 1872 915 1914 coelestia,
939 1883 1022 1916 quae
1047 1873 1171 1907 ratione
1192 1874 1252 1908 hu-

511 1936 605 1958 mana
626 1925 858 1969 comprehendi
878 1936 941 1959 non
963 1932 1108 1970 possunt,
1132 1937 1252 1968 cogno-

509 1989 694 2020 sceremus,
725 1985 756 2012 et
785 1979 981 2013 illuminaret
1011 1981 1123 2014 oculos
1147 1981 1254 2014 cordis

510 2032 623 2073 nostri,
652 2038 686 2065 ut
709 2032 787 2076 quid
810 2032 840 2065 in
866 2033 925 2066 hac
947 2033 1133 2073 gravissima
1158 2044 1253 2067 causa

510 2087 716 2120 statuendum
736 2092 828 2127 esset,
853 2087 1033 2121 deliberare
1050 2098 1228 2131 possemus.

555 2141 570 2183 ξ
590 2141 642 2174 (37.
665 2141 718 2174 llis
736 2141 1053 2185 peractis,secrctu1n
1072 2142 1158 2175 aliud
1177 2153 1254 2176 con-

511 2194 674 2227 sistorium
705 2195 895 2236 indiximus,
919 2195 969 2228 cui
991 2195 1085 2228 etiam
1112 2196 1252 2240 patriar-

512 2248 607 2288 chas,
639 2248 898 2297 archiepiscopos
924 2254 955 2281 et
986 2249 1176 2293 episcopos,
1200 2251 1254 2294 qui

514 2307 589 2334 tunc
609 2308 700 2335 erant
723 2302 752 2334 in
775 2302 877 2342 Urbe,
908 2314 944 2335 ac
965 2308 1091 2335 nostros
1116 2308 1146 2336 et
1166 2303 1256 2336 Sedis

514 2355 716 2399 Apostolicae
737 2356 891 2394 notarios,
916 2366 1042 2389 necnon
1065 2356 1173 2400 palatii
1192 2367 1253 2390 no-

512 2409 568 2441 stri
587 2409 751 2442 auditores
772 2415 803 2442 ct
821 2409 1012 2442 secretarios
1032 2409 1192 2442 voluimus
1211 2410 1256 2443 in-

515 2468 643 2502 teresse,
674 2463 703 2496 in
733 2474 797 2507 quo
818 2474 876 2496 nos
905 2475 939 2496 ex
967 2464 1088 2505 gratiae
1110 2464 1256 2497 coelestis

514 2517 711 2550 atmiidautia
733 2519 815 2561 (qua
837 2524 946 2551 nostra
974 2517 1110 2551 tenuitas
1138 2518 1168 2551 in
1198 2518 1257 2550 hac

514 2582 663 2614 suprema
697 2571 849 2614 pastorali
883 2571 1011 2612 vigilia,
1041 2571 1156 2603 domus
1182 2571 1253 2611 Dei,

1094 269 1279 293 BULLARIUM
1295 268 1452 294 ROMANUM

1283 317 1432 358 diximus,
1456 328 1539 362 quae
1560 319 1599 351 ad
1617 318 1701 352 hanc
1728 329 1858 352 causam
1878 324 2024 363 spectare

1283 370 1376 404 nobis
1397 371 1462 404 visa
1482 377 1577 412 sunt,
1611 371 1729 405 deinde
1755 372 1794 405 ab
1820 372 1933 406 iisdem
1956 373 2022 406 fra-

1285 424 1386 458 tribus
1411 425 1530 458 nostris
1550 425 1721 469 petivimus
1745 431 1790 465 ut,
1815 426 2026 460 consideratis

1283 483 1380 522 atque
1398 478 1587 512 examinatis
1607 479 1759 512 omnibus
1783 479 1874 526 actis,
1891 479 1922 513 id
1934 490 2026 523 prae-

1283 531 1347 565 cise
1368 532 1533 573 dicerent,
1557 533 1644 577 quod
1667 532 1804 577 Spiritus
1828 533 1964 566 Sanctus
1981 533 2026 567 eis

1283 586 1374 619 daret
1393 585 1525 630 eloqui,
1554 591 1585 619 et
1611 596 1651 619 an
1679 586 1792 619 beatus
1819 587 2027 631 Raymundus

1283 639 1408 673 Sanctis
1428 639 1662 673 adscribendus
1683 651 1751 673 esse
1770 640 1944 673 videretur.
1966 641 2026 674 Ita-

1283 704 1346 737 que
1364 693 1504 737 primum
1526 693 1660 727 Sanctae
1680 694 1846 727 Romanae
1865 693 2027 727 Ecclesiae

1284 746 1465 780 cardinales
1479 774 1486 787 ‚
1510 747 1628 780 deinde
1648 747 1868 791 patriarchae,
1890 753 1957 780 tum
1978 757 2028 780 ar-

1284 799 1482 844 chiepiscopi
1511 805 1542 833 et
1561 799 1705 844 episcopi
1727 800 1848 834 ibidem
1873 810 2027 844 praesen-

1285 859 1330 887 tes
1345 881 1352 894 ,
1383 863 1442 886 suo
1473 853 1611 897 quisque
1630 854 1704 887 loco
1725 853 1818 887 dictis
1846 854 2024 895 sententiis,

1284 917 1397 940 omnes
1429 907 1595 940 communi
1623 917 1782 940 consensu
1804 918 1839 940 ex
1861 907 1900 939 iis
1915 935 1922 948 ,
1945 918 2029 951 quae

1284 960 1316 993 in
1348 960 1499 994 universo
1528 971 1680 1004 processu
1706 961 1872 1004 explorata
1911 966 2025 1002 erant,
2048 976 2054 981 ·

1285 1014 1399 1047 merito
1413 1025 1431 1047 a
1444 1014 1537 1047 nobis
1554 1014 1685 1047 beatum
1700 1014 1926 1059 Raymundum
1945 1014 2029 1048 inter

1284 1068 1417 1102 Sanctos
1430 1068 1638 1101 referendum
1653 1078 1721 1101 esse
1732 1073 1938 1102 censuerunt.
1950 1068 2028 1102 Gra-

1286 1121 1344 1155 tias
1362 1121 1459 1164 igitur
1477 1122 1543 1155 Deo
1563 1122 1751 1165 agebamus,
1774 1121 1830 1165 qui
1845 1121 1958 1155 fratres
1971 1131 2029 1155 no-

1284 1181 1366 1209 stros
1386 1186 1500 1208 omnes
1514 1175 1546 1208 in
1567 1175 1689 1209 unitate
1700 1175 1833 1219 spiritus
1854 1175 1938 1209 idem
1958 1185 2030 1209 sen-

1285 1231 1345 1265 tire
1367 1231 1451 1272 facit,
1469 1231 1614 1264 tribuens
1635 1230 1787 1264 omnibus
1807 1240 1863 1264 cor
1880 1240 1981 1264 unum
1999 1235 2030 1263 et

1285 1285 1426 1318 animam
1448 1295 1558 1325 unam,
1583 1294 1704 1328 eosque
1724 1284 1910 1317 monuimus
1930 1289 1964 1317 ut
1980 1283 2028 1317 in-

1286 1339 1378 1372 terim
1410 1337 1571 1382 precibus,
1611 1337 1738 1370 ieiuniis
1762 1343 1792 1370 et
1816 1337 2030 1382 eleemosynis

1285 1391 1339 1425 Dei
1357 1391 1493 1433 gratiam
1515 1396 1546 1424 et
1573 1390 1728 1423 auxilium
1748 1390 1919 1424 nobiseum
1941 1390 2031 1424 invo-

1285 1450 1406 1479 carent.
1433 1444 1579 1488 Cumque
1600 1444 1711 1477 omnia
1730 1444 1794 1477 iam
1813 1444 1852 1477 ad
1873 1444 2030 1488 praescri-

1286 1504 1375 1542 ptum
1389 1503 1419 1531 et
1432 1508 1580 1531 normam
1601 1507 1766 1531 sacrorum
1781 1507 1942 1531 canonum
1955 1507 2032 1531 con-

1286 1552 1368 1585 fecta
1388 1556 1505 1591 essent,
1529 1551 1617 1594 quod
1634 1555 1803 1595 supererat
1823 1550 1937 1591 acturi,
1958 1556 2031 1595 post

1286 1605 1409 1649 aliquot
1440 1614 1567 1638 menses
1591 1603 1676 1637 diem
1709 1603 1963 1638 canonizationis
1983 1603 2031 1638 di-

1286 1659 1390 1691 ximus
1404 1657 1533 1691 tertium
1544 1658 1698 1691 kalendas
1716 1657 1804 1698 maii,
1827 1657 2028 1691 Dominicam

1287 1711 1433 1745 videlicet
1449 1711 1480 1744 in
1501 1711 1600 1752 Athis,
1617 1721 1681 1755 qua
1698 1710 1859 1744 Paschalis
1879 1710 2031 1744 solemni—

1288 1772 1334 1799 tas
1365 1765 1558 1798 tcrminatur
1580 1792 1586 1805 ,
1629 1764 1866 1809 neophytorum
1898 1765 2028 1798 habitus

1287 1821 1428 1854 candore
1449 1819 1548 1853 animi
1566 1825 1777 1863 permanente
1799 1824 2028 1859 commutatur,

1288 1881 1319 1909 et
1338 1875 1539 1917 evangelium
1573 1874 1605 1907 in
1633 1873 1773 1907 Ecclesia
1803 1873 1942 1916 legitur,
1965 1883 2031 1918 quo

1287 1929 1429 1963 Christus
1441 1927 1596 1961 Dominus
1613 1933 1683 1971 post
1706 1926 1977 1960 resurrectionem
1991 1927 2032 1961 ad

1288 1982 1464 2027 discipulos
1486 1981 1589 2014 ianuis
1605 1981 1720 2014 clausis
1741 1981 1916 2024 ingressus,
1934 1980 2032 2014 insus-

1290 2036 1364 2069 ttato
1385 2035 1429 2067 eis
1449 2034 1570 2078 Spiritu
1595 2034 1730 2075 Sancto,
1766 2039 1957 2078 potestatem
1978 2044 2030 2067 re-

1290 2088 1435 2122 mittendi
1459 2093 1487 2121 et
1510 2087 1669 2121 retinendi
1691 2092 1822 2132 peccata
1843 2093 1890 2121 est
1910 2087 2029 2130 elargi-

1291 2148 1351 2181 tus,
1365 2142 1395 2174 in
1410 2152 1476 2185 quo
1497 2151 1613 2183 magna
1627 2141 1720 2174 nohis
1740 2140 1880 2174 laetitiae
1898 2139 2033 2174 materia

1290 2195 1397 2229 oblata
1418 2200 1475 2235 est,
1496 2194 1572 2238 quia
1593 2193 1740 2227 videlicet
1766 2192 2030 2233 memineramus,

1290 2249 1419 2282 beatum
1446 2248 1670 2292 Raymundum
1693 2252 1724 2280 et
1744 2246 1935 2279 sacramenti
1950 2256 2029 2290 poe-

1291 2302 1445 2336 nitentiae
1460 2301 1643 2334 ministrum
1657 2300 1924 2344 extitisse,etpost
1939 2299 2033 2333 traie-

1291 2356 1405 2390 ctionis
1433 2355 1625 2388 miraculum
1649 2354 1754 2387 ianuis
1774 2353 1894 2386 clausis
1919 2362 2031 2386 mona-

1290 2409 1423 2442 sterium
1437 2408 1484 2442 sui
1495 2408 1624 2442 Ordinis
1635 2407 1837 2441 Barchinone
1852 2406 2031 2449 ingressum

1291 2474 1374 2502 esse,
1393 2462 1510 2495 deinde
1525 2461 1620 2494 etiam
1636 2461 1723 2505 quod
1742 2461 1855 2494 eodem
1878 2459 2033 2493 solemni-

1292 2516 1364 2550 tatis
1384 2522 1414 2549 et
1435 2515 1574 2548 laetitiae
1595 2515 1646 2548 die
1676 2525 1733 2547 nos
1757 2514 1796 2546 ab
1815 2513 1890 2547 hinc
1909 2518 2032 2557 septem

1291 2570 1383 2603 annis
1394 2570 1545 2603 Sanctum
1559 2568 1770 2612 Hyacinthum
1782 2567 1938 2600 Polonum
1951 2565 2033 2598 eius-

515 2634 595 2666 (μμ-ιε’.
611 2629 657 2655 est
673 2624 809 2656 t·:‹·‹:t··.<ia
826 2625 878 2658 Dei
899 2624 969 2664 vivi,
985 2625 1136 2657 columna
1158 2629 1184 2657 et
1204 2624 1257 2656 sir-
1292 2622 1652 2656 «tom‹ti-‹tinist'rairum
1667 2618 2032 2657 Praedicatorum,heati

516 2683 713 2710 instruentum
741 2678 882 2711 veritatis
907 2678 1080 2711 constituta
1106 2678 1193 2720 est),
1222 2689 1257 2710 na
1293 2676 1470 2721 ltaymundi
1492 2681 1714 2715 coaetaneum,
1731 2674 1763 2707 in
1776 2672 2034 2708 Sanctosretuli-

2040 270 2089 298 An.
2111 271 2139 299 c.
2157 260 2190 299 ι’
2216 259 2229 281 '³‘
