2253 3195
237 262 287 289 An.
307 262 335 289 c.
354 261 423 288 1602
468 251 533 286 854

260 1333 362 1376 'CL-muta
373 1335 421 1355 sub—

265 1975 377 1996 (itam-itan
390 1975 423 1996 1le-

435 310 506 351 bus,
530 309 806 354 suspensionibus,
838 308 1102 349 limitationibus‚
1125 315 1181 342 aut

435 364 506 397 aliis
531 363 703 397 contrariis
730 361 996 405 dispositionibus
1016 373 1075 406 per
1103 373 1176 403 nos,

435 423 488 450 aut
524 416 604 449 alios
639 416 801 448 Romanos
829 415 1002 448 Pontifices
1036 416 1178 459 praede-

436 481 578 504 cessores
609 480 666 502 seu
701 479 904 502 successores
943 474 1093 509 nostros,
1121 469 1180 502 sub

435 524 694 567 quibuscumque
721 523 894 556 verborum
920 522 1181 567 expressionibus

435 583 465 610 et
487 576 608 617 formis,
632 576 728 610 etiam
751 582 854 617 motu,
873 576 1007 610 seientia
1027 587 1064 609 ac
1083 582 1178 620 pote-

435 631 525 665 statis
555 631 758 675 plenitudine
790 631 972 672 similibus,
1007 642 1066 675 pro
1101 637 1181 665 ten]-

434 695 514 729 pore
531 685 622 718 sactis
639 690 670 718 et
692 685 1109 729 faciendis,comprehendi,
1125 686 1181 719 sed

435 749 565 783 semper
585 739 624 771 ab
654 738 717 772 illis
741 744 772 772 ct
792 738 920 782 quoties
947 738 1020 772 illae
1051 749 1183 772 einana-

436 793 528 832 bunt,
553 791 647 825 toties
668 791 699 824 in
713 791 887 836 pristinum
909 797 940 825 et
959 802 1046 833 euni,
1071 792 1103 824 in
1117 803 1181 836 quo

436 851 512 879 ante
535 845 714 890 praeniissa
739 845 987 889 quomodolibet
1007 852 1099 879 erant
1120 852 1182 879 sta-

439 906 516 940 tum,
531 899 706 940 restitutas,
725 899 882 943 repositas
895 904 927 932 et
939 900 1084 943 plenarie
1098 899 1182 933 rein-

438 958 578 996 tegratas
609 963 645 986 ac
666 953 705 986 de
729 963 813 986 novo
831 953 927 986 etiam
947 953 1006 986 sub
1027 954 1101 986 data
1124 964 1184 997 per

436 1007 640 1051 provisores,
671 1007 825 1040 officiales
851 1013 883 1040 et
912 1006 1077 1041 ministros
1106 1008 1182 1041 dicti

436 1060 552 1094 Montis
573 1071 632 1104 pro
663 1066 810 1104 tempore
831 1060 1002 1094 existentes
1029 1061 1180 1104 quando-

437 1124 577 1158 cumque
598 1113 758 1156 eligenda,
776 1114 816 1147 de
838 1124 922 1147 novo
942 1125 1095 1148 concessa
1114 1126 1182 1149 esse

437 1174 467 1201 ct
485 1167 565 1209 fore,
585 1178 746 1212 suumque
766 1168 950 1211 plenarium
969 1174 1001 1202 et
1020 1168 1181 1211 integrum

437 1221 586 1255 effectum
607 1221 714 1255 sortiri
736 1222 866 1256 debere.

482 1278 498 1318 ἓ
530 1275 582 1308 16.
609 1275 726 1320 Sicque
751 1287 810 1320 per
836 1276 1038 1320 praedictum
1072 1281 1183 1320 prote-

438 1335 574 1369 ctorem,
598 1334 629 1362 et
651 1329 731 1363 alios
751 1340 975 1374 quoscumque
1013 1330 1135 1363 iudices
1153 1336 1182 1363 ct

438 1382 688 1423 commissarios,
706 1382 818 1426 quavis
831 1383 1023 1416 auctoritate
1044 1385 1182 1425 fungen-

438 1442 496 1475 tes,
516 1427 616 1470 'etiarn
644 1436 746 1470 dictos
766 1436 952 1477 auditores,
977 1447 1013 1470 ac
1031 1437 1062 1471 S.
1086 1438 1122 1470 R.
1146 1437 1179 1470 E.

438 1490 629 1530 cardinales,
652 1490 778 1523 sublata
798 1490 844 1523 cis
865 1496 896 1523 ct
920 1501 1032 1523 corum
1052 1491 1184 1524 cuilibet

437 1543 549 1587 quavis
575 1543 669 1577 aliter
695 1543 857 1577 iudicandi
891 1550 921 1578 et
947 1544 1182 1589 interpretandi

438 1597 588 1631 facultate
601 1603 631 1631 et
651 1597 854 1638 auctoritate,
873 1598 993 1642 ubique
1007 1604 1038 1631 ct
1060 1598 1090 1631 in
1105 1609 1184 1642 qua-

438 1661 577 1694 cumque
594 1650 744 1684 instantia
766 1650 902 1684 iudicari
924 1657 955 1684 ct
975 1651 1102 1684 deliniri
1127 1652 1182 1685 de—

437 1704 526 1743 bere,
550 1704 674 1738 irritum
703 1715 833 1748 quoque
859 1711 887 1737 ct
919 1705 1012 1738 inane
1041 1705 1065 1737 si
1091 1716 1183 1739 secus

437 1769 534 1802 super
554 1758 606 1791 bis
619 1769 636 1791 a
649 1769 826 1802 quoquam,
851 1759 962 1802 quavis
978 1759 1179 1800 auctoritate,

438 1811 576 1845 scienter
601 1812 647 1845 vel
677 1812 884 1854 ignoranter,
920 1812 1091 1855 eontigerit
1129 1819 1179 1846 at-

440 1865 565 1898 tentari.

483 1920 498 1963 g
524 1919 571 1953 17.
597 1921 665 1953 Non
693 1920 895 1954 obstantibus
921 1920 1181 1966 quilmscumque

439 1974 502 2006 litis
516 1974 686 2017 pendentis
706 1979 735 2007 ct
756 1974 826 2007 aliis
846 1974 1042 2018 praemissis,
1063 1987 1099 2009 ac
1113 1976 1183 2020 qui-

439 2027 546 2060 busvis
571 2027 641 2060 aliis
672 2028 956 2062 constitutionibus
983 2035 1013 2062 et
1052 2030 1183 2063 ordina-

441 2081 582 2114 tionibus
603 2081 798 2125 apostolitris,
816 2093 941 2115 necnon
963 2083 1068 2116 (lit-tac
1089 2083 1182 2116 Urbis

440 2135 591 2179 illiusque
614 2135 823 2168 tribunalium
857 2135 994 2175 statutis,
1017 2137 1114 2169 ctiam
1136 2136 1181 2169 in-

439 2188 1184 2234 ianiculo,confirmationi:apostolicavolqua-

441 2242 484 2275 ris
513 2242 664 2275 firmitate
696 2242 758 2275 alia
791 2242 978 2282 roboratis,
1010 2242 1184 2286 privilegiis

440 2307 581 2339 quoqne,
595 2295 865 2339 exemptionilnis,
884 2295 1015 2329 indultis
1028 2302 1057 2329 et
1072 2296 1184 2330 litteris

441 2349 626 2393 apostoliris
647 2349 907 2392 quiluiscumquc
929 2349 1006 2383 loris
1038 2349 1119 2393 piis,
1154 2356 1181 2383 ct

441 2403 564 2436 dilectis
587 2403 659 2435 [iliis
681 2403 802 2446 populo
831 2403 997 2442 ltomano,
1034 2403 1184 2448 illiusque.

440 2456 578 2488 senatori
606 2462 635 2489 ct
656 2455 959 2495 coitservatoribus,
983 2468 1018 2489 ac
1040 2456 1183 2489 eiusde-ni

441 2510 470 2542 S.
494 2510 527 2542 tt.
546 2510 577 2543 Ι·“..
596 2510 786 2550 raincrario,
813 2510 1013 2543 thesaurario
1031 2519 1061 2543 et
1081 2510 1184 2543 (lictae

442 2563 593 2595 tlaiiicrac
615 2563 873 2606 prarsitlvntibus
894 2569 921 2596 ct
940 2563 1065 2597 ult-rivis
1080 2573 1184 2602 (exce-

444 2615 503 2659 ptis
525 2615 629 2648 ‹zui-is
648 2616 826 2660 spoliorum
849 2622 876 2649 et
899 2616 980 2657 aliis,
999 2617 1051 2650 ubi
1074 2617 1112 2650 (le
1136 2617 1182 2650 in-

445 2675 562 2701 tvi-csso:
579 2670 661 2701 Cain·
677 2681 740 2706 rae.
771 2669 835 2703 ‚sive
857 2670 1098 2714 principaliter,
1119 2670 1184 2703 >ive

1020 261 1203 285 BULLARIUM
1224 260 1377 285 ROMANUM

1213 309 1418 350 secundario,
1441 309 1506 343 sive
1520 309 1598 343 alias
1618 311 1866 354 quomodolibet
1883 323 1958 355 age-

1214 368 1312 402 retur,
1333 363 1398 396 sive
1419 362 1499 396 illud
1513 363 1618 406 detegi
1630 369 1661 396 et
1679 364 1719 397 de
1738 374 1777 397 eo
1795 364 1846 407 agi
1864 375 1958 408 posse

1215 416 1400 459 videretur),
1422 416 1553 457 vicario,
1574 417 1798 460 gubernatori,
1817 418 1959 452 auditori

1213 469 1390 510 Gamerae,·
1404 475 1435 502 et
1455 469 1526 502 aliis
1546 470 1806 514 quibuscumque
1842 471 1958 504 iudici-

1214 523 1274 556 bus
1294 529 1323 556 et
1342 523 1558 556 tribunalibus
1577 551 1584 564 ,
1614 534 1651 557 ac
1677 524 1812 558 notariis
1831 525 1960 568 praedi-

1215 576 1284 618 ctis,
1301 587 1337 610 ac
1349 576 1515 620 quibusvis
1528 577 1599 610 aliis
1617 577 1677 610 sub
1698 577 1960 622 quibuscumque

1215 629 1382 663 tenoribus
1413 636 1451 668 et,
1471 631 1600 671 formis,
1633 641 1670 664 ac
1691 642 1765 664 curn
1793 631 1961 676 quibusvis

1215 684 1312 717 ctiam
1334 684 1614 726 derogatoriarum
1634 675 1860 728 derogatoriis‘,
1875 685 1961 720 aliis-

1215 747 1278 779 que
1302 736 1539 770 efficacioribus
1559 743 1591 771 et
1617 738 1754 772 insolitis
1779 738 1932 772 clausulis
1950 766 1957 780 ‚

1216 789 1420 823 irritantibus
1434 796 1465 823 et
1482 790 1552 824 aliis
1573 791 1720 832 decretis,
1735 791 1830 824 etiam
1856 797 1958 831 motu,

1215 843 1351 876 scientia
1364 848 1395 876 et
1411 843 1578 887 potestatis
1594 844 1797 887 plenitudine
1814 845 1958 889 paribus,

1217 907 1253 930 ac
1284 896 1552 930 consistorialiter
1580 897 1613 930 in
1644 897 1843 931 contrarium
1874 909 1959 942 quo-

1218 951 1395 984 modolibet
1417 951 1588 985 concessis.
1616 952 1738 991 Quibus
1762 952 1912 986 omnibus
1932 958 1964 986 et

1217 1005 1362 1048 singulis,
1391 1006 1516 1039 etiarnsi
1544 1017 1604 1050 pro
1631 1007 1763 1041 illorum
1792 1007 1963 1041 sufficienti

1217 1058 1426 1102 derogatione
1441 1087 1449 1101 ,
1473 1060 1512 1093 de
1533 1060 1595 1093 illis
1615 1071 1796 1106 eorumque
1818 1061 1891 1094 totis
1911 1066 1960 1094 te-

1217 1114 1362 1155 noribus,
1383 1114 1545 1158 specifica,
1569 1125 1717 1159 expressa
1735 1121 1766 1149 et
1783 1114 1960 1156 individua,

1218 1177 1281 1200 non
1303 1173 1408 1200 autem
1430 1178 1490 1212 per
1503 1168 1664 1201 clausulas
1684 1169 1852 1210 generales
1877 1168 1963 1202 idem

1218 1221 1442 1265 importantes‚
1460 1221 1581 1255 mentio
1601 1232 1658 1255 seu
1679 1221 1810 1265 quaevis
1830 1222 1891 1255 alia
1912 1232 1964 1256 ex-

1217 1275 1340 1318 pressio
1361 1275 1521 1316 liabenda,
1545 1281 1601 1309 aut
1624 1275 1733 1320 aliqua
1758 1275 1820 1309 alia
1847 1275 1962 1321 exqui-

1217 1328 1277 1361 sita
1297 1328 1403 1362 fornia
1417 1329 1455 1362 ad
1470 1329 1531 1362 boe
1545 1329 1700 1362 servanda
1714 1330 1808 1370 soret,
1833 1329 1962 1363 illorum

1217 1378 1364 1415 omnium
1386 1387 1416 1415 et
1433 1382 1636 1424 singulorum
1656 1388 1795 1424 tenores,
1819 1393 1856 1416 ac
1876 1383 1902 1416 si
1922 1377 1963 1417 de

1218 1435 1316 1469 verbo
1336 1436 1376 1469 ad
1395 1436 1528 1470 verbum
1551 1436 1783 1477 insererentur,
1806 1447 1962 1480 praesen-

1219 1489 1302 1522 tibus
1319 1501 1378 1534 pro
1398 1490 1555 1535 expressis
1573 1496 1604 1524 ct
1623 1491 1663 1524 ad
1684 1491 1817 1524 verbum
1836 1491 1977 1525 insertis*

1218 1543 1373 1578 babentes
1391 1572 1398 1585 ,
1424 1544 1485 1577 illis
1512 1545 1574 1578 alia
1596 1545 1627 1577 in
1648 1555 1706 1578 suo
1738 1545 1855 1578 robore
1890 1555 1964 1589 per-

1219 1598 1389 1638 mansuris,
1406 1598 1465 1632 bac
1481 1598 1547 1632 vice
1564 1599 1731 1632 dumtaxat
1751 1598 1864 1632 harum
1879 1598 1962 1632 serie

1217 1651 1400 1695 specialiter
1420 1658 1451 1685 ct
1467 1663 1627 1696 expresse,
1656 1659 1757 1693 motu,
1781 1652 1913 1686 scientia
1931 1657 1964 1686 et

1217 1705 1383 1748 potcstatis
1406 1705 1607 1749 plenitudine
1627 1705 1797 1745 similibus,
1819 1705 1958 1748 deroga-

1219 1769 1299 1799 nms,
1319 1770 1355 1792 ae
1375 1760 1414 1792 ad
1436 1760 1567 1803 plenum
1589 1760 1780 1802 derogatum
1803 1769 1884 1799 esse,
1903 1769 1961 1792 nec

1219 1812 1248 1845 in
1274 1813 1382 1857 aliquo
1408 1813 1536 1846 obstare
1561 1814 1730 1853 volumus,
1754 1813 1961 1847 decernimus

1217 1872 1245 1899 et
1262 1867 1475 1907 declaramus,
1489 1867 1690 1911 caeterisque
1703 1866 1873 1900 contrariis
1886 1866 1959 1910 qui-

1218 1920 1430 1965 buscumquo.

1263 1975 1279 2016 ς
1301 1973 1352 2006 18.
1389 1974 1520 2017 insuper
1540 1984 1612 2006 cum
1634 1973 1710 2006 dicti
1739 1974 1826 2006 Mons
1852 1972 1956 2007 illius·
1986 1982 2065 2024 t-ss‘i's‘s‘
2085 1977 2089 1998 ³

1218 2037 1280 2071 que
1291 2026 1626 2060 areliiconl'ratcrnitas
1636 2032 1708 2070 post
1721 2026 1845 2059 obitum
1856 2026 1960 2060 bonae

1219 2080 1395 2113 nimnoriac
1420 2080 1548 2113 Antonii
1571 2080 1699 2122 Mariae,
1723 2081 1752 2114 S.
1776 2081 1810 2114 R.
1828 2081 1861 2114 E.
1885 2091 1958 2114 cat·-

1219 2134 1333 2167 ‹linalis
1350 2133 1480 2168 Salviati
1501 2133 1688 2178 nuncupati,
1713 2133 1767 2177 qui
1788 2134 1866 2167 dum
1887 2132 1962 2167 vixit

1218 2187 1331 2221 Montis
1345 2193 1372 2219 nt
1393 2187 1759 2220 arcbiconfraternitatis
1776 2185 1962 2220 huiusmodi

1219 2247 1383 2285 protcctor
1403 2241 1472 2282 l'uit,
1496 2247 1678 2285 protectore
1699 2240 1839 2274 caruerit
1860 2246 1891 2274 et
1905 2251 1961 2274 ca-

1221 2301 1299 2335 reat,
1316 2306 1373 2328 nos
1391 2301 1420 2327 ut
1437 2295 1551 2328 Montis
1560 2293 1965 2328 ctarcbiconsraternitatis

1220 2348 1406 2382 buiusmotli
1428 2347 1677 2388 conservationi,
1702 2348 1853 2391 bonoque
1881 2347 1963 2390 rogi-

1221 2403 1298 2436 inini
1321 2409 1348 2436 ct
1372 2402 1542 2435 directioni
1569 2401 1786 2446 opportunius
1807 2401 1962 2435 consula-

1221 2462 1282 2497 tur,
1307 2457 1346 2489 ‹lc
1363 2455 1474 2499 aliquo
1489 2455 1561 2488 ideo
1582 2460 1766 2500 protectore
1787 2454 1857 2499 (qui
1880 2454 1964 2488 iuxta

1219 2509 1326 2543 cordis
1363 2509 1463 2543 nostri
1501 2508 1720 2546 desiderium,
1749 2519 1785 2542 ac
1815 2507 1962 2541 traditam

1218 2563 1277 2596 sibi
1312 2560 1352 2596 ab
1382 2563 1544 2597 altissimo
1577 2561 1806 2606 prudentiam,
1841 2561 1961 2594 dictum

1220 2617 1356 2650 Mentem
1392 2616 1542 2660 illiusque
1573 2613 1962 2649 arviticonsratcrnitatem

1219 2670 1269 2715 pie
1290 2682 1324 2704 at·
1347 2670 1518 2711 diligenter
1536 2669 1694 2712 gubernet
1715 2674 1744 2702 ct
1766 2667 1868 2709 regat)
1889 2676 1963 2710 pro-

1973 264 2066 293 An.·C.
2089 268 2098 294 ¹
