2253 3195
259 247 309 274 An.
331 247 359 275 C.
379 247 442 275 1601

285 843 367 863 Causae
380 843 442 863 huius

259 869 378 895 imponendi
393 869 443 890 sub·

233 897 241 905 ‘
258 896 313 916 sulii.

271 1431 380 1459 lmponitto
395 1430 444 1451 sub-

258 1458 315 1480 ιίὼι,
325 1458 351 1478 de
366 1463 408 1485 quo
423 1458 444 1478 in

259 1484 352 1506 rubrica.

492 238 556 273 708

501 298 707 342 Apostolicae
736 297 826 331 Sedis
857 297 1059 330 necessitates
1095 296 1201 329 suble-

502 351 637 392 vandas,
661 351 845 394 imponitur
857 350 877 383 ¹.

456 438 625 468 Venerabili
643 438 732 466 fratri
759 438 873 466 offredo
907 438 1047 473 episcopo
1075 439 1202 474 melphi-

491 484 587 516 tensi‚
606 486 711 511 nostro
727 486 759 511 et
777 484 968 517 Apostolicae
988 484 1072 512 Sedis
1101 484 1133 512 in
1152 484 1203 513 do-

491 528 582 556 minio
601 528 780 555 Venetorum
798 528 919 562 nuncio,
1161 543 1165 544 ν

643 590 800 621 Clemens
815 591 910 632 Papa
924 590 1017 621 VIII.

673 663 859 691 Venerabilis
879 663 990 696 frater,

493 710 625 737 salutem
648 711 679 737 et
702 708 899 742 apostolicam
917 707 1166 736 benedictionem.

501 781 516 823 ξ
535 780 566 813 t.
590 780 626 813 In
647 780 780 814 summis
799 779 999 824 Apostolicae
1026 779 1117 813 Sedis
1141 790 1201 813 ne-

457 833 677 875 cessitatibus,
699 840 730 868 et
747 843 804 877 pro
825 833 1035 867 substinendo
1051 833 1200 875 gravissi-

457 898 582 921 marum
603 898 813 932 expensarum
828 897 936 927 onere,
952 897 1026 921 cum
1039 886 1200 932 Apostoli—

458 952 511 975 cae
522 941 671 976 Gamerae
685 941 809 975 reditus
822 942 970 985 supplere
984 951 1049 974 non
1058 946 1203 985 possunt,

457 995 497 1028 ad
511 995 671 1039 Ecclesiae
701 994 865 1039 peculium
892 1005 1077 1035 recurrere,
1100 1000 1130 1027 et
1149 1005 1204 1028 ne—

458 1049 594 1083 cessaria
609 1048 751 1082 subsidia
771 1060 789 1081 a
809 1048 954 1091 personis
967 1047 1202 1088 ecclesiasticis,

457 1108 583 1147 praeter
601 1108 744 1136 nostram
763 1102 986 1143 intentionem,
1003 1102 1130 1145 exigere
1145 1113 1201 1136 co-

456 1157 573 1201 gimur.
594 1157 662 1190 Hoc
682 1157 780 1200 igitur
797 1162 940 1201 tempore
953 1155 1156 1200 potissimum
1172 1156 1204 1190 id

456 1212 560 1244 facere
581 1210 820 1254 compellimur,
841 1221 905 1254 quo
925 1209 1070 1253 graviora
1090 1220 1201 1251 onera,

458 1274 516 1309 pro
533 1264 778 1298 imminentibus
798 1263 991 1297 christianae
1009 1263 1204 1307 reipublicae

457 1318 606 1362 periculis
626 1317 863 1361 propulsandis,
881 1317 988 1352 subire
1007 1323 1163 1351 tenemur.

503 1370 566 1414 §2
600 1372 772 1415 Propterea
803 1377 894 1405 motu
929 1371 1084 1415 proprio,
1107 1375 1137 1404 et
1167 1381 1204 1404 ex

459 1430 545 1459 certa
575 1424 707 1459 scientia
744 1429 933 1467 maturaque
971 1423 1205 1457 deliberatione

458 1484 579 1519 nostra,
601 1490 638 1513 ac
652 1478 690 1512 de
710 1478 909 1523 Apostolicae
928 1478 1093 1522 potestatis
1106 1478 1205 1522 pleni-

459 1532 570 1566 tudine
594 1532 772 1566 subsidium
807 1532 1041 1576 quinquaginta
1068 1531 1204 1565 millium

459 1592 624 1620 scutorum
646 1586 715 1620 auri
735 1586 768 1619 in
789 1596 869 1620 auro
890 1597 986 1630 super
1006 1585 1155 1620 omnihus
1174 1591 1206 1620 et

459 1640 717 1684 quibuscumque
736 1639 905 1680 fructibus,
927 1639 1096 1681 reditibuS,
1123 1650 1201 1684 pro-

459 1693 746 1735 ventibus,iu1·ibus
756 1699 786 1727 et
795 1693 1041 1728 obventionibus
1051 1693 1205 1727 universis

459 1747 604 1780 omnium
631 1753 662 1781 et
689 1757 968 1791 quarumcumque
996 1747 1204 1782 ecclesiarum

459 1801 732 1844 patriarchalium,
744 1811 802 1833 nec
823 1810 888 1833 non
901 1799 1123 1844 collegiorum,
1139 1811 1205 1835 mo-

460 1854 674 1887 nasteriorum
706 1859 736 1887 et
773 1859 986 1887 conventuum
1003 1881 1009 1893 ‚
1042 1864 1077 1886 ac
1108 1854 1205 1887 etiam

461 1917 642 1940 mensarum
657 1906 930 1951 patriarchalium,
943 1906 1203 1951 archiepiscopa-

461 1960 552 2000 lium,
567 1959 809 2004 episcopalium,
833 1959 1055 1999 abbatialium,
1078 1961 1205 2004 capitu—

461 2014 574 2047 larium
608 2020 639 2047 et
678 2013 937 2047 conventualium
955 2041 962 2053 ,
1004 2013 1204 2056 prioratuum

459 2067 909 2111 quoque,praepositurarum,
919 2067 1203 2111 praepositatuum,

460 2120 765 2166 praeceptoriarum,
777 2120 1036 2160 canonicatuum,
1050 2120 1205 2163 praeben-

460 2176 573 2207 ‹larum
592 2202 598 2214 ,
632 2174 821 2217 dignitatum
855 2173 950 2207 etiam
986 2173 1143 2206 maiorum
1175 2179 1205 2207 et,

460 2228 685 2272 principalium
698 2255 705 2268 ,
729 2232 977 2271 personatuum,
996 2227 1200 2260 administra—

461 2283 582 2316 tionum
604 2288 634 2316 ct
650 2281 843 2322 otficiorum,
864 2287 1130 2324 caeterorumque
1150 2282 1204 2314 lie-

461 2336 650 2369 nunciorum
682 2335 997 2374 ectlesiaslicorttm,
1026 2346 1098 2368 cum
1129 2346 1204 2369 cura

460 2396 490 2422 et
510 2390 578 2423 sine
597 2401 691 2431 cura,
715 2388 925 2423 saecularium
944 2416 950 2428 ,
970 2394 998 2421 et
1020 2389 1205 2432 quorumvis

460 2443 610 2475 ordinum
632 2449 662 2476 et
683 2443 866 2477 militiarum
888 2454 923 2475 ac
939 2442 1154 2486 hospitalium,
1169 2454 1205 2475 ae

461 2497 553 2528 eliam
575 2507 699 2536 coturni,
723 2496 776 2539 qui
799 2496 1007 2540 pt·oprietat⁴.·s
1022 2495 1205 2539 reditusque

462 2555 580 2589 rvi-tos,
603 2562 637 2583 ex
660 2548 824 2593 privilegio
845 2548 1020 2593 apostolico
1041 2555 1095 2582 aut
1115 2549 1202 2589 alias,

461 2602 634 2645 possident,
653 2609 683 2635 ct
700 2613 978 2646 quorunmetimque
999 2602 1133 2636 aliorum
1151 2604 1206 2636 Or-

500 2666 509 2689 t
530 2663 565 2690 lix
579 2664 683 2699 lli-gest.
698 2665 723 2690 iu
740 2665 842 2691 Serrei.
862 2663 995 2691 llrevium.

1045 248 1228 272 BULLARIUM
1244 248 1398 273 ROMANUM

1237 296 1349 330 dinum
1386 299 1553 342 utriusque
1589 309 1682 332 sexus
1716 299 1910 342 regularium
1950 300 1982 333 in

1239 350 1386 385 universo
1406 351 1551 385 dominio
1571 351 1767 395 reipublicae
1791 353 1982 386 Venetorum

1237 403 1440 438 existentium
1459 432 1465 445 ,
1498 405 1573 439 licet
1603 405 1673 438 aliis
1692 405 1843 447 oneribus
1863 407 1981 449 gravati

1237 457 1382 499 existant,
1395 469 1452 502 pro
1465 469 1530 492 una
1539 458 1604 492 vice
1619 464 1754 501 tantum,
1765 465 1876 493 tenore
1893 470 1983 503 prae-

1237 511 1389 553 sentium,
1410 511 1582 546 indicimus
1606 518 1637 547 et
1656 512 1863 557 imponimus.

1283 565 1299 606 g
1317 563 1349 596 3.
1370 564 1414 598 Ae
1434 570 1601 609 propterea
1622 566 1812 600 fraternitati
1835 572 1907 600 tuae
1927 578 1983 611 per

1237 624 1420 662 praesentes
1439 618 1669 652 committimus
1689 624 1720 653 et
1737 620 1928 654 mandamus
1949 627 1984 655 ut

1237 671 1417 705 subsidium
1433 671 1618 705 huiusmodi
1635 673 1675 705 ab
1700 673 1853 707 universis
1871 679 1902 707 et
1917 673 1982 706 sin-

1237 725 1320 768 gulis
1343 724 1579 758 venerabilibus
1606 725 1758 759 fratribus
1780 726 1981 770 patriarchis,

1238 778 1499 822 archiepiscopis,
1522 778 1690 822 episcopis,
1714 790 1751 813 ae
1769 779 1892 813 dilectis
1911 779 1984 813 filiis

1239 831 1387 875 capitulis
1400 859 1407 872 ,
1429 831 1554 866 clericis
1570 859 1576 872 ,
1603 832 1800 867 beneficiatis
1812 861 1819 875 ,
1842 844 1900 866 nec
1917 844 1984 868 non

1238 884 1418 925 abbatibus,
1434 885 1607 929 prioribus,
1621 887 1833 931 praepositis,
1848 887 1984 921 admini-

1238 938 1984 984 stratoribus,conventibus,collegiis,mititibus
2010 967 2018 972 .

1239 998 1271 1025 et
1280 992 1349 1026 aliis
1357 992 1618 1037 quibuscumque
1634 994 1778 1038 personis
1794 993 1985 1028 ecelesiasti-

1238 1046 1296 1087 cis,
1322 1046 1540 1080 saecularibus
1557 1052 1588 1080 et
1615 1049 1803 1091 quorumvis
1826 1047 1983 1083 Ordinum

1239 1106 1270 1134 et
1286 1100 1484 1141 Militiarum,
1500 1111 1537 1134 ac
1552 1101 1758 1145 hospitalium
1784 1101 1981 1144 huiusmodi,

1239 1154 1451 1198 regularibus,
1475 1155 1642 1197 utriusque
1677 1165 1787 1196 sexus,
1819 1155 1982 1196 ecclesias,

1239 1207 1446 1248 monasteria,
1458 1207 1999 1253 prioratus,praeposituras,prae-·

1238 1261 1411 1305 positatus,
1442 1261 1613 1305 dignitates
1627 1289 1634 1302 ,
1661 1261 1958 1296 administrationes
1973 1290 1981 1303 ,

1238 1314 1355 1355 officia,
1377 1320 1566 1358 caeteraque
1586 1315 1744 1350 beneficia
1768 1315 1984 1350 ecclesiastica

1238 1367 1423 1402 huiusmodi
1437 1368 1611 1402 saecularia
1619 1369 1668 1401 vel
1684 1369 1844 1411 regularia
1860 1375 1915 1403 aut
1927 1369 1985 1402 mi-

1240 1421 1339 1454 litaria
1354 1420 1573 1455 obtinentibus
1590 1421 1744 1465 (exceptis
1757 1427 1863 1456 tamen
1880 1433 1898 1456 a
1911 1423 1985 1457 suh-

1239 1474 1319 1508 sidio
1336 1474 1521 1508 huiusmodi
1542 1474 1795 1519 Congrcgatione
1807 1476 1986 1511 Monaeho-

1239 1539 1310 1562 rum
1325 1528 1610 1569 Cassinensium‚S.
1619 1529 1759 1563 Iustinae
1769 1535 1983 1574 nuncupatae,

1239 1587 1270 1616 et
1282 1582 1351 1619 aliis
1365 1582 1557 1626 quibusdam
1567 1575 1986 1628 Congregationibusllegu-

1239 1636 1379 1678 laribus,
1407 1646 1486 1679 quas
1513 1636 1613 1670 felicis
1645 1637 1875 1671 recordationis
1910 1637 1986 1672 Pius

1239 1691 1323 1734 Papa
1342 1690 1365 1722 V
1383 1689 1500 1723 exemit
1516 1695 1546 1723 et
1566 1689 1726 1724 immunes
1745 1690 1838 1732 fecit,
1858 1697 1889 1725 et
1906 1702 1986 1736 quas

1239 1744 1333 1778 etiam
1348 1754 1406 1777 nos
1423 1744 1462 1778 de
1475 1754 1558 1778 novo
1570 1744 1610 1777 ab
1626 1744 1811 1778 huiusmodi
1827 1744 1984 1786 subsidio,

1240 1807 1335 1843 atque
1357 1809 1454 1832 onere
1481 1809 1538 1842 per
1562 1805 1743 1843 praesentes
1763 1795 1931 1833 eximimus
1954 1806 1986 1834 et

1240 1853 1400 1887 immunes
1424 1852 1603 1895 facimus),
1627 1852 1700 1886 licet
1726 1852 1758 1886 in
1783 1852 1985 1897 impositione

1241 1907 1439 1941 decimarum
1477 1905 1580 1940 eidem
1610 1905 1755 1940 dominio
1789 1907 1986 1951 reipublicae

1240 1962 1446 2000 Venetorum,
1468 1970 1525 2004 per
1544 1958 1647 1993 felicis
1660 1959 1892 1994 recordationis
1911 1960 1984 1995 Gre-

1239 2014 1365 2059 gorium
1391 2013 1458 2045 xtlt
1475 2041 1482 2054 ,
1510 2012 1789 2057 praedecessorem
1814 2019 1982 2056 nostrum,

1239 2073 1270 2101 et
1291 2078 1346 2112 per
1363 2076 1433 2105 nos,
1449 2065 1670 2110 quinquennio
1689 2065 1752 2099 iam
1770 2066 1891 2110 elapso,
1911 2077 1986 2100 con-

1239 2131 1419 2158 cessarum,
1457 2125 1557 2153 ratam
1588 2119 1671 2164 ipsas
1715 2119 1986 2164 Congregationcs

1238 2180 1421 2219 tangentem
1448 2174 1602 2207 hactenus
1626 2173 1789 2214 solverint,
1816 2173 1987 2207 volumus-

1239 2238 1299 2272 que
1321 2232 1505 2271 propterea,
1533 2231 1566 2260 ut
1586 2232 1650 2260 tota
1675 2226 1728 2260 illa
1745 2226 1850 2271 portio
1867 2233 1984 2262 aerata

1239 2280 1421 2315 huiusmodi
1440 2280 1679 2323 subsidii,quae
1699 2280 1800 2314 dictas
1813 2280 1984 2314 ‹luodecim

1239 2334 1519 2378 Congrcgationes,
1534 2333 1571 2375 si,
1599 2339 1631 2367 ut
1654 2334 1844 2377 praefertur,
1868 2335 1985 2368 immu-

1239 2399 1294 2421 nes
1320 2394 1415 2431 atque
1440 2393 1605 2431 exemptae
1619 2397 1683 2420 non
1709 2393 1827 2428 essent,
1855 2387 1982 2422 contin-

1239 2447 1341 2485 geret,
1362 2451 1509 2484 quaeque
1527 2440 1567 2473 ab
1592 2440 1653 2473 illis
1672 2440 1751 2473 alias
1767 2440 1922 2484 exigenda
1940 2440 1986 2474 Γο-

1241 2501 1298 2533 ret,
1308 2495 1348 2528 al»
1362 2494 1584 2538 aliispersonis
1597 2494 1820 2528 ecclesiasticis
1840 2495 1986 2539 superius

1241 2548 1428 2588 nominatis,
1456 2547 1771 2592 [troportionabilitet·
1789 2554 1820 2582 el
1841 2558 1897 2592 pro
1918 2553 1984 2581 rata

1240 2602 1397 2646 exigatur,
1413 2613 1472 2635 nec
1492 2611 1555 2635 non
1576 2602 1669 2635 etiam
1688 2601 1827 2645 exeeptis
1843 2602 1874 2634 S.
1894 2601 1927 2634 R.
1947 2600 1981 2633 Ε.

1240 2655 1469 2694 cardinalibus,
1480 2667 1515 2689 ae
1533 2654 1685 2689 fratribus
1701 2653 1864 2698 hospitalis
1877 2654 1983 2688 Sancti

1996 250 2045 278 An.
2066 250 2095 279 C.
2113 251 2173 281 160
2197 271 2221 290 Α.

2054 574 2172 607 ,Plautiani

1996 610 2074 634 nuncio
2097 607 2165 632 apost

1997 631 2083 684 gglodge
2099 637 2124 653 eo
2138 637 2150 654 ο
