2253 3195
56 245 103 272 An.
121 246 151 273 C.
170 246 235 272 1597

83 1780 192 1802 Ctausnlae
203 1787 240 1807 pro

56 1806 118 1836 liuius
139 1807 240 1828 constitu-

56 1834 118 1854 tionis
132 1834 238 1854 firmitate.

860 247 1007 272 CLEMENS
1027 247 1085 271 VIII
1106 248 1156 271 ΡΡ.

253 295 438 334 observari,
463 300 494 328 et
514 296 614 328 multa
635 305 764 339 quoque
785 306 843 339 pro
865 296 997 329 diversi-

254 353 315 380 tate
336 348 493 387 locorum,
519 354 615 392 prout
635 349 715 382 ratio
737 350 887 392 postulat,
903 359 996 392 expe-

253 400 299 433 dit
319 401 413 434 statui
428 406 455 434 et
470 402 631 441 ordinari;
648 408 819 445 propterea
832 412 890 434 nos
902 412 995 445 prae-

253 453 337 486 dicto
361 454 528 486 Dominico
556 454 710 486 cardinali
743 454 937 497 protectori,
962 459 997 486 ut

252 507 402 540 adhibitis
423 507 584 550 aliquibus
606 518 642 539 ex
662 507 864 549 gravioribus
877 513 996 550 etpru-

253 560 452 593 dentioribus
475 560 551 593 dicti
571 560 697 593 Ordinis
718 560 887 600 fratribus,
911 570 996 592 nune

254 613 284 645 in
309 613 398 646 Italia
427 613 635 646 existentibus
659 624 716 656 per
746 613 850 656 ipsum
876 613 996 654 eligen-

253 667 311 707 dis,
335 677 369 699 re
390 671 515 699 mature
535 666 747 705 considerata,
772 666 857 699 circa
881 666 996 699 domus

252 720 345 754 Urbis
365 720 538 763 praefatae,
556 730 613 763 per
632 729 690 752 nos
711 725 852 760 erectae,
873 730 909 752 ac
929 720 996 751 col-

252 773 325 815 legii
351 783 408 805 seu
439 772 624 805 monasterii
652 773 785 806 Sanctae
813 774 944 813 Annae,
967 777 995 805 et

252 826 440 860 monasterii
462 826 651 859 monialium
673 826 718 859 De
732 826 929 859 IcsuMarz'a
948 827 996 859 Ia-

251 879 381 912 nuensis
412 879 558 921 regimen
590 884 620 912 et
648 879 863 921 gubernium,
888 878 997 911 onmia

252 932 434 976 disponere,
445 932 690 965 constitutiones
703 931 894 975 praedictas,
913 932 999 964 iuxta

253 991 361 1018 tamen
382 985 458 1018 dicti
479 985 608 1018 Ordinis
629 985 783 1022 instituta,
809 985 994 1023 declarare,

253 1045 284 1071 et
304 1038 336 1070 in
361 1038 409 1075 iis.
434 1038 467 1070 in
493 1037 608 1081 quibus
629 1048 710 1081 opus
730 1037 835 1077 suerit,
859 1037 994 1074 addere,

253 1091 448 1124 imminuere
468 1097 523 1124 aut
543 1091 638 1124 etiam
660 1096 796 1131 mutare,
821 1102 857 1123 ac
877 1090 938 1123 alia
959 1091 998 1123 dc

252 1156 335 1178 novo
365 1145 515 1185 condere,
539 1150 636 1188 prout.
656 1144 688 1177 in
714 1144 864 1187 praelatis
893 1144 998 1177 omni-

252 1198 322 1237 bus,
346 1198 523 1230 secundum
542 1198 654 1237 Deum,
676 1208 735 1241 pro
765 1197 918 1230 strictiori
950 1208 998 1229 re-

252 1251 346 1293 gulae
359 1250 572 1290 observantia,
584 1250 686 1293 inagis
695 1250 896 1294 conspexerit
906 1260 999 1293 expe-

254 1304 338 1337 dire:
364 1304 573 1337 concedimus
586 1314 727 1347 quoque,
743 1309 772 1337 et
794 1304 999 1346 indulgemus

252 1362 298 1398 ut,
315 1358 354 1390 de
368 1357 497 1404 licentia
517 1357 616 1400 ipsius
636 1357 794 1390 Dominici
813 1357 995 1395 cardinalis,

253 1410 365 1444 novitii
386 1421 446 1454 pro
467 1421 554 1443 nunc
579 1415 667 1443 extra
695 1411 883 1454 capitulum,
908 1416 999 1454 capta

255 1463 498 1503 informatione,
522 1468 554 1496 et
573 1463 751 1506 approbata
770 1474 829 1506 per
848 1469 921 1496 vota
945 1474 996 1496 se·-

253 1522 340 1550 creta
361 1516 493 1560 capituli
520 1517 652 1557 domus,
680 1516 713 1548 in
734 1527 798 1560 qua
818 1516 918 1560 recipi
939 1517 996 1549 de-

254 1569 346 1609 bent,
371 1570 410 1602 de
435 1569 566 1602 licentia
597 1574 704 1602 tamen
736 1569 814 1602 dicti
843 1569 1000 1603 Dominici

254 1622 436 1661 cardinalis,
459 1632 515 1655 seu
535 1627 655 1661 nostra,
679 1622 719 1654 ad
737 1622 883 1655 habitum
901 1633 997 1665 prae-

255 1675 331 1708 dicti
347 1674 475 1708 Ordinis
500 1674 600 1717 recipi
622 1680 653 1707 ct
670 1674 796 1707 admitti
817 1675 952 1707 valeant.

300 1728 315 1771 ἓ
347 1727 376 1760 7.
410 1728 625 1761 Deccrnentes
660 1733 844 1771 praesentes
880 1728 1001 1761 litteras

255 1781 345 1814 nullo
365 1791 509 1824 unquam
535 1785 681 1824 tempore
713 1781 752 1813 de
784 1781 1001 1824 subreptionis

255 1834 302 1866 vel
324 1833 525 1877 obreptionis
545 1833 634 1873 vitio,
658 1844 715 1866 seu
733 1833 923 1867 intentionis
943 1844 1001 1867 no-

255 1892 339 1920 strae
371 1887 419 1919 vel
452 1887 491 1919 de
520 1897 728 1930 quocumque
759 1887 822 1919 alio
849 1887 997 1928 defectu,

256 1939 354 1972 etiam
385 1950 421 1972 ex
452 1949 490 1972 eo
515 1940 603 1982 quod
627 1950 740 1973 omnes
772 1940 925 1973 interesse
946 1941 1002 1973 ba-

255 1992 367 2025 bentes
386 1991 488 2024 vocati
510 2002 575 2024 non
597 1992 725 2031 fuerint,
748 1992 865 2031 notari,
886 1993 998 2035 argui,

256 2044 452 2088 impugnari,
476 2049 531 2077 aut
551 2045 591 2077 ad
613 2045 768 2078 terminos
789 2045 878 2085 iuris,
893 2056 949 2078 seu
970 2046 1001 2078 in

258 2098 308 2131 ius
343 2099 392 2130 vel
426 2097 679 2130 controversiam
712 2099 854 2131 revocari
884 2109 998 2142 posset,

256 2148 366 2194 sicque
386 2161 445 2194 per
465 2161 688 2194 quoscumque
712 2151 833 2184 iudices
862 2158 893 2185 et
913 2163 1002 2185 com-

257 2204 431 2243 missarios,
453 2204 563 2247 quavis
594 2204 784 2237 auctoritate
809 2206 999 2247 fungentes,

257 2258 385 2290 sublata
405 2257 449 2290 eis
471 2263 502 2290 et
530 2267 643 2289 corum
665 2256 796 2290 cuilibet
817 2258 927 2300 quavis
947 2258 1003 2290 ali-

257 2316 305 2343 ter
325 2309 489 2343 iudicandi
510 2315 541 2342 et
560 2309 793 2353 interpretandi
814 2311 961 2343 facultate
974 2316 1003 2343 et

257 2363 470 2403 auctoritate,
501 2363 622 2406 ubique
652 2362 789 2396 iudicari
822 2369 852 2396 ct
876 2363 1003 2396 definiri

257 2416 387 2456 debere,
411 2426 538 2449 necnon
563 2415 690 2448 irritum
715 2421 746 2448 et
770 2415 865 2448 inane
896 2416 920 2448 si
948 2427 1000 2450 se-

259 2480 314 2502 cus
334 2479 431 2512 super
451 2469 500 2501 his
517 2479 535 2501 a
555 2479 732 2512 quoquam,
757 2468 868 2512 quavis
888 2474 1001 2502 aucto-

258 2521 363 2561 ritate,
386 2521 524 2555 scienter
544 2522 592 2554 vel
614 2522 810 2563 ignoranter,
836 2522 1005 2564 contigerit

259 2575 434 2608 attentaris

305 2627 372 2670 58.
396 2628 465 2662 Non
498 2628 698 2661 obstantibus
728 2628 800 2672 piae
828 2628 1003 2662 memoriae

1675 235 1734 268 341

1032 295 1184 328 Bonifacii
1198 295 1302 338 Papae
1323 294 1424 328 octavi
1437 293 1695 338 praedecessoris
1714 303 1773 326 no-

1031 349 1098 389 stri,
1127 360 1190 392 qua
1220 354 1350 381 cavetur
1381 358 1543 391 expresse,
1567 358 1606 380 ne
1631 347 1684 391 qui
1706 347 1771 379 fra-

1033 408 1115 435 trum
1146 401 1395 434 Mendicantium
1421 401 1619 444 professores
1644 401 1715 433 loca
1735 400 1775 433 ad

1032 455 1277 488 inhabitandum
1296 455 1451 498 recipcre,
1476 465 1532 487 seu
1551 460 1682 498 recepta
1698 464 1772 486 mun

1033 514 1098 541 tare
1116 510 1256 541 audeant
1273 514 1327 541 aut
1347 513 1565 551 praesumant,
1586 508 1706 551 absque
1728 507 1777 540 di-

1031 566 1099 593 etae
1119 561 1208 594 Sedis
1238 561 1365 593 licentia
1394 560 1546 604 speciali,
1571 561 1609 593 de
1630 559 1775 604 prohibi-

1031 613 1116 646 tione
1148 613 1333 646 liuiusinodi
1360 624 1542 656 expressam
1575 613 1773 646 mentionem

1032 666 1177 703 faciente,
1201 672 1232 699 ct
1251 666 1321 699 aliis
1338 665 1621 699 constitutionibus
1641 671 1672 699 et
1692 665 1778 698 ordi-

1031 719 1216 752 nationibus
1240 719 1437 762 apostolicis,
1462 729 1588 752 necnon
1609 719 1778 752 erectioni-

1031 773 1090 805 bus
1104 773 1262 806 dictorum
1278 772 1549 805 monasteriorum
1570 772 1704 806 Sanctae
1716 773 1778 805 An-

1032 836 1091 857 nae
1112 831 1143 858 ct
1161 826 1206 858 De
1230 826 1298 858 [esu
1320 825 1440 865 Maria,
1458 835 1495 858 ac
1515 825 1612 858 etiam
1634 825 1775 869 ipsorum

1033 878 1283 917 laudationibus,
1312 884 1342 910 et
1373 878 1534 910 bonorum
1559 878 1661 910 ubivis
1683 878 1774 911 loco-

1033 941 1103 963 rum
1124 931 1326 964 cxistentium
1348 931 1585 971 dotationibus,
1609 931 1641 963 in
1662 931 1779 975 quibus

1034 984 1166 1017 sortasse
1187 989 1328 1024 cavetur,
1356 989 1389 1016 ut
1412 985 1497 1016 bona
1523 984 1684 1017 dictorum
1704 994 1776 1017 mo-

1033 1037 1271 1077 nasteriorum,
1304 1038 1353 1070 vel
1385 1037 1569 1080 aliquorum
1605 1047 1642 1070 ex
1678 1037 1776 1080 ipsis,

1034 1091 1177 1133 ipsorum
1200 1089 1471 1123 monasteriorum
1497 1089 1580 1130 sint,
1602 1089 1627 1122 si
1649 1095 1680 1122 et
1699 1100 1780 1133 qua-

1034 1148 1125 1175 tenus
1139 1143 1251 1175 eadem
1271 1142 1467 1175 monasteria
1483 1142 1542 1175 sub
1556 1142 1781 1185 superioritate

1033 1196 1206 1239 praepositi
1229 1195 1387 1238 generalis
1408 1201 1438 1228 et
1458 1196 1622 1227 consultae
1641 1195 1781 1237 Congre-

1033 1249 1171 1291 gationis
1191 1259 1366 1291 regnorum
1383 1248 1609 1291 Hispaniarum
1632 1248 1778 1287 existant,

1034 1302 1152 1335 etdicti
1174 1302 1301 1335 Ordinis
1322 1301 1515 1341 iuramento,
1530 1300 1781 1333 confirmatione

1034 1356 1220 1399 apostolica,
1248 1355 1297 1387 vel
1326 1354 1437 1398 quavis
1461 1353 1614 1386 firmitate
1640 1354 1703 1386 alia
1728 1364 1781 1387 ro-

1033 1409 1165 1449 boratis,
1193 1408 1318 1441 statutis
1339 1413 1369 1440 et
1389 1406 1690 1441 consuctudinibus.
1707 1407 1782 1446 Qui-

1034 1463 1093 1495 bus
1114 1461 1264 1494 omnibus
1285 1467 1316 1494 et
1336 1460 1482 1502 singulis,
1507 1459 1633 1492 etiamsi
1654 1470 1713 1503 pro
1738 1459 1778 1492 il-

1036 1516 1140 1547 lorum
1158 1514 1327 1548 sufficienti
1348 1514 1557 1556 derogatione
1575 1514 1614 1547 de
1633 1514 1707 1555 illis,
1729 1524 1782 1547 eo-

1035 1578 1171 1611 rumque
1194 1567 1267 1600 totis
1295 1566 1461 1600 tenoribus
1487 1567 1647 1610 specialis,
1671 1567 1777 1611 speci-

1035 1622 1095 1654 iica
1116 1626 1146 1653 et
1166 1631 1324 1664 expressa,
1342 1630 1378 1652 ac
1398 1620 1576 1661 individua,
1592 1630 1659 1653 non
1674 1625 1781 1653 autem

1035 1685 1093 1718 per
1112 1675 1271 1707 clausulas
1300 1674 1466 1716 generales
1491 1673 1578 1706 idern
1606 1673 1784 1717 importan-

1036 1734 1081 1761 tes
1112 1727 1245 1767 mentio,
1281 1738 1337 1760 seu
1368 1727 1499 1770 quaevis
1529 1726 1591 1759 alia
1619 1727 1784 1770 expressio

1035 1781 1184 1814 habenda
1204 1781 1302 1820 soret,
1324 1786 1452 1812 tenores
1472 1779 1676 1820 huiusmodi,
1701 1790 1738 1813 ac
1758 1780 1783 1813 si

1036 1835 1075 1867 de
1094 1833 1192 1866 verbo
1213 1833 1252 1866 ad
1273 1833 1407 1866 verbnm
1432 1832 1662 1873 insererentur,
1686 1844 1782 1876 prae-

1036 1887 1178 1921 sentibus
1195 1897 1254 1930 pro
1275 1886 1432 1930 expressis
1453 1892 1484 1919 et
1509 1887 1549 1919 ad
1569 1886 1704 1919 verbum
1730 1886 1781 1919 in-

1036 1940 1127 1973 sertis
1147 1940 1319 1979 babentes,
1344 1939 1404 1972 bac
1431 1938 1498 1971 vice
1519 1939 1684 1972 dumtaxat
1703 1950 1779 1982 spe-

1037 1994 1160 2027 cialiter
1181 1999 1212 2026 et
1229 2003 1376 2036 expresse
1398 1993 1603 2034 derogamus,
1627 1992 1780 2025 caeteris-

1037 2058 1099 2091 que
1120 2046 1289 2080 contrariis
1314 2045 1585 2089 quibuscumque.

1082 2101 1097 2143 ξ
1113 2099 1143 2132 9.
1159 2099 1313 2132 Volumus
1331 2103 1439 2131 autem
1457 2099 1544 2141 quod
1562 2098 1781 2141 praesentium

1038 2152 1246 2195 transumptis
1267 2161 1364 2184 manu
1383 2151 1519 2184 alicuius
1532 2151 1649 2184 notarii
1663 2151 1785 2194 publici

1038 2206 1243 2249 subscriptis,
1267 2211 1298 2238 et
1321 2205 1427 2247 sigillo
1461 2204 1597 2237 alicuius
1627 2214 1785 2248 personae

1038 2258 1069 2290 in
1091 2258 1244 2300 dignitate
1266 2256 1481 2291 ecclesiastica
1503 2256 1695 2289 constitutae
1715 2267 1785 2289 mu-

1038 2311 1134 2351 nitis,
1159 2312 1271 2344 eadem
1298 2322 1431 2354 prorsus
1452 2310 1532 2343 fides
1552 2310 1584 2342 in
1610 2310 1730 2343 iudicio
1755 2315 1786 2343 et

1039 2369 1126 2397 extra
1139 2364 1342 2403 adhibeatur,
1360 2374 1442 2408 qnae
1459 2363 1683 2407 praesentibus
1696 2363 1787 2396 adhi-

1039 2417 1182 2456 beretur,
1203 2416 1228 2449 si
1250 2417 1355 2448 forent
1376 2415 1536 2448 exhibitae
1556 2416 1605 2448 vel
1623 2421 1781 2449 ostensae.

1083 2471 1197 2503 Datum
1219 2471 1340 2503 Romae
1361 2471 1448 2514 apud
1468 2470 1498 2503 S.
1515 2470 1647 2503 Petrum
1659 2471 1718 2503 sub
1730 2480 1786 2503 an-

1039 2524 1116 2556 nulo
1141 2523 1313 2556 piscatoris
1328 2550 1335 2563 ,
1360 2523 1412 2556 die
1431 2533 1472 2556 xx
1493 2522 1599 2555 martii
1624 2532 1758 2557 nnxcvn
1775 2550 1782 2563 ,

1039 2576 1244 2619 pontificatus
1269 2576 1369 2608 nostri
1391 2586 1475 2609 anno
1500 2586 1542 2609 vl.

1075 2637 1134 2664 Dat.
1150 2636 1193 2664 die
1212 2637 1247 2664 20
1267 2636 1356 2664 martii
1378 2636 1456 2671 1597,
1478 2636 1574 2672 pontif.
1592 2644 1636 2664 an.
1659 2642 1694 2664 vl.

1786 243 1835 271 An.
1853 244 1882 271 C.
1901 244 1967 272 1597

1803 305 1916 335 Dor-iugalia
1925 311 1973 326 con-

1790 334 1910 353 trariorum.

1837 2102 1900 2123 Fides
1915 2103 1984 2123 :landa

1801 2130 1943 2155 transumptis.
