2253 3195
266 260 315 288 An.
334 260 362 288 c.
383 260 449 289 ¹599
495 250 559 285 486

463 316 523 350 rat,
551 310 663 343 eadem
694 307 883 341 auctoritate
914 306 1056 340 extendit
1080 311 1112 339 et
1131 316 1202 338 arn-

464 363 594 408 pliavit,
618 362 661 394 ita
689 367 817 400 tamen,
840 359 928 404 quod
960 369 1033 393 cum
1062 358 1205 402 primum

466 416 653 450 eorumdem
672 414 899 456 balliagiorum
911 413 1098 446 etlocorum
1116 422 1206 445 recu-

466 475 652 514 peratorum
666 467 815 500 homines
826 467 967 500 veritatis
983 467 1106 506 lumen,
1120 476 1208 498 com-

466 523 638 555 miserante
658 521 811 561 Domino,
834 520 1045 564 recepissent,
1069 519 1102 553 in
1123 529 1205 563 qua-

467 585 605 618 cumque
626 574 771 618 ipsorum
789 579 880 618 parte
893 573 1210 616 contingeret,paro-

467 629 586 662 chiales
607 628 773 667 ecclesiae,
786 634 816 662 et
833 628 894 661 alia
915 627 1127 661 ecclesiastica
1140 627 1210 659 loca

467 683 507 716 ad
520 682 707 716 exercitium
729 692 825 715 curae
845 682 1026 714 animarum
1042 681 1158 714 idonea
1171 680 1210 713 ab

468 735 644 769 Ordinariis
661 736 820 775 locorum,
837 735 954 779 quibus
971 734 1026 767 illa
1045 734 1208 773 suberant,

470 800 542 822 cum
568 789 643 822 dote
670 799 733 821 non
756 788 874 821 minori
895 787 1128 832 quinquaginta
1148 787 1210 819 du-

470 849 615 876 catorum
638 843 804 876 annuatim
826 843 864 876 de
884 841 1137 886 proprietatibus
1157 841 1213 874 bo-

470 907 588 930 norum
606 896 860 941 praedictorum,
883 896 924 929 ad
941 895 1059 928 iustum
1078 905 1211 938 compe-

471 956 591 984 tentem
612 960 784 983 numerum
810 949 1065 989 instituerentur,
1088 948 1216 992 illisque

473 1005 512 1039 ab
541 1005 662 1038 eisdem
692 1003 888 1043 Ordinariis,
913 1004 952 1036 de
981 1003 1161 1036 rectoribus
1187 1009 1217 1036 et

473 1059 657 1104 pastoribus
675 1058 810 1098 idoneis,
831 1058 917 1091 iuxta
936 1057 1068 1091 Coneilii
1085 1057 1217 1090 Triden-

474 1113 531 1147 tini
544 1112 800 1157 dispositionem,
817 1118 847 1145 et
860 1111 938 1145 alias
959 1111 1130 1144 canonicas
1143 1121 1217 1144 san-

475 1167 597 1200 ctiones
621 1166 867 1210 provideretur,
892 1171 923 1198 et
951 1165 1048 1205 alias,
1069 1172 1165 1208 prout
1186 1164 1217 1196 in

475 1220 588 1253 litteris
599 1219 784 1264 apostolicis
804 1219 836 1252 in
858 1219 961 1252 forma
973 1218 1078 1252 brevis
1091 1218 1150 1251 sub
1164 1228 1220 1250 an-

475 1274 553 1307 nulo
574 1273 825 1313 Piscatoris,sub
853 1273 962 1305 datum
991 1272 1138 1305 videlicet
1161 1282 1219 1305 xiil

477 1327 595 1360 mensis
608 1326 687 1359 iunii
697 1336 849 1366 nintxxm
860 1326 1064 1370 pontificatus
1076 1325 1123 1358 sui
1136 1336 1220 1358 anno

478 1386 590 1414 octavo
605 1407 612 1419 ‚
647 1390 782 1423 quarum
816 1385 944 1412 tenores
974 1389 1032 1422 pro
1064 1379 1221 1422 expressis

479 1433 591 1466 haberi
613 1433 770 1471 volumus,
794 1433 921 1476 plenius
945 1432 1138 1466 continetur.

525 1486 590 1528 5⁹2.
615 1486 690 1519 Cum
714 1491 839 1525 autem,
861 1486 941 1519 sicut
966 1496 1069 1530 nuper
1093 1484 1220 1528 accepi-

443 1556 466 1568 n-
483 1551 552 1573 mus
568 1567 575 1580 ,
599 1539 734 1572 dilectus
761 1539 846 1572 lilius
869 1539 985 1572 nobilis
1017 1539 1064 1572 vir
1093 1539 1224 1573 Carolus

422 1611 438 1624 ..·
452 1587 467 1634 ·J
483 1593 671 1627 Emmanuel
691 1592 865 1626 modernus
884 1592 1063 1626 Sabaudiae
1077 1593 1137 1626 dux
1152 1603 1226 1636 pro-

451 1638 470 1682 ,ἶζ
485 1646 664 1686 curaverit,
689 1656 813 1679 necnon
842 1646 1049 1679 fraternitatis
1080 1652 1172 1686 tuae,
1196 1651 1227 1679 et

484 1700 660 1733 multorum
685 1699 857 1741 insignium
884 1699 1027 1732 virorum
1056 1699 1225 1732 doctorum

484 1753 571 1786 verhi
586 1753 640 1786 Dei
658 1752 917 1796 praedicatorum
931 1753 970 1785 ad
986 1752 1225 1796 praedictorum

485 1805 710 1846 halliagsiorum
724 1812 830 1849 partes
842 1805 898 1838 ahs
916 1811 945 1839 te
967 1805 1137 1838 missorum
1152 1815 1228 1838 con-

486 1859 634 1892 cionibus
654 1859 818 1898 adhibitis,
843 1860 959 1892 sactum
984 1860 1089 1899 suerit,
1106 1866 1139 1892 ut
1154 1865 1225 1892 tan-

487 1912 572 1949 dem,
595 1912 758 1944 mensibus·
776 1912 952 1950 retroactis,
981 1912 1127 1945 homines
1148 1923 1229 1956 pene

488 1976 600 1997 onmes
614 1965 752 1997 duorum
771 1976 806 1997 ex
821 1965 914 1998 dit-tis
929 1965 1098 2007 hahiagiis,
1115 1977 1230 2009 nempe

489 2018 528 2050 de
552 2018 684 2051 Term'er
704 2023 734 2050 et
756 2018 922 2055 Cliablm's,
946 2029 1028 2061 quae
1051 2018 1081 2050 in
1105 2018 1162 2050 ista
1179 2024 1231 2051 tua

490 2071 627 2104 dioecesi
647 2072 838 2109 consistunt,
851 2072 890 2103 ah
906 2071 1142 2104 haereticorum
1163 2072 1231 2104 sau-

490 2124 580 2157 cibus
599 2124 661 2157 siut
684 2125 795 2168 ert-pti,
809 2125 862 2168 qui
878 2125 1020 2168 quidem,
1035 2124 1107 2157 licet
1120 2135 1231 2157 eorum

491 2179 588 2211 vorsla
610 2179 762 2211 hacteuus
784 2179 873 2210 valde
896 2178 1041 2210 indurata
1063 2178 1234 2211 remansis-

492 2239 572 2270 sent,
599 2238 702 2264 taius-n
726 2232 896 2275 μνία-Αἰγῆς
915 2232 1173 2275 pt·tw‹lir;ttot·utu
1190 2232 1235 2264 iu-

492 2285 635 2325 siuuihus
657 2285 1167 2328 1›rm-11nationibusnmttitivata,
1196 2287 1234 2318 ad

495 2339 692 2371 orthmloxzue
719 2339 792 2371 lidi-i
815 2340 922 2371 lumi-u
945 2345 973 2371 et
996 2339 1158 2371 veritatem
1182 2350 1233 2371 rt·-

496 2404 595 2430 wrsa,
618 2400 647 2425 ct
672 2404 783 2425 vorum
806 2398 970 2425 :uiti-artae
998 2393 1077 2424 ritm—
1109 2392 1237 2425 abiura-

497 2448 582 2479 tium·
604 2453 630 2478 vt
661 2447 870 2479 :leh-statione
896 2458 952 2490 pm·
972 2459 1046 2484 cus,
1070 2452 1096 2478 vt
1125 2457 1235 2478 eorum

496 2501 639 2539 singulos
662 2501 690 2533 iu
715 2501 776 2532 tuis
803 2500 961 2538 manibus,
985 2506 1015 2532 vt
1036 2500 1065 2531 iu
1089 2500 1162 2532 ilirti
1181 2501 1236 2531 (Ia-

499 2554 556 2584 roli
586 2554 801 2586 limmauuvlis
831 2554 939 2591 ‹tm-is,
969 2554 1118 2596 illiusque
1139 2559 1239 2585 status

501 2607 640 2638 virorum
664 2608 819 2639 nubilium
843 2607 1022 2651 praesu-ntia
1041 2613 1068 2638 vt
1091 2607 1238 2638 assisa-11-

501 2660 542 2692 tia
564 2661 650 2703 prius
673 2663 764 2698 lacta,
789 2661 818 2693 iu
841 2661 992 2693 ‹neta-siau
1014 2660 1189 2693 catholicae.
1210 2665 1239 2691 et

1045 257 1228 281 BULLARIUM
1245 256 1398 281 ROMANUM
1993 255 2043 283 An.
2061 256 2088 284 C.
2112 256 2180 284 1599

1240 304 1435 348 apostolieae
1448 305 1608 347 gremium
1621 305 1742 349 recepti
1755 312 1786 339 et
1797 305 1976 349 aggregati,
2060 318 2181 340 Necesmas

1996 345 2101 366 inducitur
2115 352 2181 366 noras

1239 359 1304 392 Deo
1325 363 1467 399 auctore,
1484 358 1673 391 extiterunt:
1698 364 1728 391 et
1748 370 1821 392 cum
1838 370 1901 393 non
1913 360 1979 393 sus·
1996 372 2091 397 erigendi
2119 378 2182 398 parn-

1996 398 2055 419 chias
2083 401 2103 419 et
2131 404 2183 419 nun-

1242 412 1329 445 fieiat
1354 418 1400 445 tot
1427 412 1550 445 animas
1576 412 1632 445 Dei
1663 412 1817 445 ecclesiae
1844 413 2183 457 acquisi-nutiasafflsqiaria

1243 465 1343 505 visse,
1371 465 1396 499 si
1429 466 1544 499 modus
1574 465 1644 498 illas
1671 465 1850 506 retinendi,
1880 476 1917 499 ac
1941 468 1983 499 ita
1998 452 2184 500 lffssl'iihflffllll?

1245 518 1474 551 manutenendi
1498 529 1564 551 non
1585 518 1781 561 reperiatur,
1804 529 1842 551 ac
1865 519 1984 552 sactum

1244 571 1293 604 vix
1314 571 1375 604 diei
1398 577 1510 615 queat,
1534 571 1622 615 quod
1641 581 1706 604 non
1727 571 1822 604 durat
1842 571 1984 611 sactum;

1245 630 1275 658 et
1294 624 1319 658 si
1337 625 1501 668 praedicta
1521 624 1609 664 unio,
1626 624 1762 658 annexio
1783 630 1814 658 et
1835 624 1986 668 incorpo-

1245 679 1338 715 ratio.
1349 680 1457 722 quoad
1476 679 1678 723 parochiales
1695 679 1856 719 ecclesias,
1868 683 1988 712 attento

1247 732 1334 775 quod
1355 732 1497 765 conditio
1517 732 1549 764 in
1567 732 1631 771 illa,
1649 742 1705 765 seu
1718 731 1833 765 litteris
1851 731 1990 774 desuper

1248 785 1403 828 expeditis
1422 785 1569 829 apposita
1588 795 1647 829 per
1671 785 1830 818 dictorum
1851 785 1989 829 populo-

1248 848 1321 871 rum
1348 839 1388 871 ad
1424 838 1615 872 catholicam
1649 837 1747 871 fidem
1777 843 1808 871 et
1838 837 1990 871 eeclesiae

1249 891 1405 925 unitatem
1426 892 1642 925 reversionem
1667 891 1837 936 purificata
1864 891 1987 931 extitit,

1250 945 1456 987 dissolvatur,
1477 951 1508 979 et
1530 951 1673 978 rectores
1693 945 1726 978 in
1753 944 1992 989 parochialibus

1251 999 1393 1033 eeclesiis
1406 999 1647 1044 praedictorum
1662 998 1900 1041 balliagiorum‚
1910 1008 1993 1041 quae

1251 1063 1423 1086 numerum
1445 1051 1658 1096 quadraginta
1678 1051 1821 1095 quinque
1838 1051 1887 1084 vel
1910 1050 1995 1084 circa

1252 1106 1440 1147 ascendunt,
1464 1106 1518 1150 qui
1539 1106 1571 1138 in
1595 1104 1754 1138 catholica
1779 1104 1844 1138 fide
1872 1104 1905 1137 in
1933 1103 1995 1137 illis

1254 1159 1350 1199 locis,
1381 1166 1412 1193 et
1438 1159 1584 1204 personis
1609 1158 1829 1192 conservanda
1860 1163 1891 1191 et
1919 1168 1996 1191 con-

1254 1213 1424 1253 firmanda,
1448 1212 1583 1256 aliisque
1607 1211 1713 1245 adhue
1738 1211 1901 1244 haeretica
1921 1221 1995 1255 pra-

1256 1267 1349 1300 vitate
1370 1265 1569 1299 labefactatis
1582 1266 1622 1298 ad
1635 1265 1782 1298 eamdem
1804 1264 1996 1297 catholicam

1256 1321 1352 1353 sidem
1368 1319 1556 1353 revocandis
1577 1318 1733 1358 insistant,
1746 1317 1994 1358 constituantur,

1256 1385 1294 1407 ex
1317 1373 1379 1406 hoc
1406 1373 1551 1416 profecto
1580 1371 1756 1405 catholicae
1778 1371 1853 1404 fidei
1874 1381 1996 1414 propa-

1257 1427 1388 1471 gationi,
1412 1432 1443 1459 et
1463 1425 1697 1459 manutentioni
1719 1425 1810 1458 valde
1830 1424 1997 1468 prospice-

1259 1487 1358 1515 retur.
1386 1481 1448 1514 Sed
1468 1480 1544 1524 quia
1569 1479 1646 1524 ipsis
1673 1479 1855 1512 rectoribus
1873 1478 1918 1512 sie
1939 1478 1998 1512 de-

1259 1535 1429 1580 putandis,
1452 1540 1487 1567 ut
1507 1534 1636 1567 illorum
1664 1532 1790 1566 muneri
1811 1532 1923 1566 sedulo
1939 1559 1946 1573 ‚
1970 1537 2002 1566 et

1260 1590 1381 1633 absque
1399 1588 1461 1622 alia
1474 1588 1520 1621 rei
1534 1586 1699 1620 familiaris
1719 1586 1938 1625 distractione,
1953 1595 2002 1619 sa-

1262 1642 1429 1682 tissaciant,
1442 1651 1585 1683 congrua
1601 1639 1790 1673 sustentatio
1811 1639 2004 1681 assignanda

1262 1702 1353 1736 esset,
1376 1702 1403 1728 et
1425 1695 1450 1727 si
1469 1694 1527 1738 ipsi
1550 1699 1690 1727 rectores
1709 1703 1729 1725 a
1747 1692 1930 1736 praedictae
1945 1691 2004 1724 mi-

1263 1749 1348 1783 litiae
1381 1748 1534 1781 militibus
1565 1746 1786 1786 sustentandi,
1813 1751 1868 1778 aut
1898 1745 2005 1789 portio

1263 1802 1497 1847 quinquaginta
1517 1801 1720 1839 ducatorum,
1744 1805 1778 1832 ut
1802 1799 2003 1842 praefertur,

1264 1857 1309 1890 eis
1326 1867 1383 1900 per
1404 1856 1489 1899 ipsos
1510 1854 1626 1887 milites
1647 1852 1839 1895 assignanda
1860 1851 1980 1884 veniret
1997 1878 2004 1891 ,

1265 1911 1309 1943 illi
1331 1909 1441 1954 procul
1464 1908 1562 1941 dubio
1583 1907 1614 1940 in
1640 1917 1690 1946 en,
1713 1906 1800 1949 quod
1822 1915 1935 1939 eorum
1958 1904 2005 1938 vi-

1265 1964 1327 1997 ctui
1350 1962 1563 1996 necessarium
1586 1961 1676 1998 soret,
1698 1971 1752 1993 seu
1770 1959 2008 2003 praedictorum

1266 2015 1498 2060 (piinquagiuta
1538 2014 1728 2047 ducatorum
1761 2012 1926 2045 exactione
1966 2011 2007 2044 ab

1268 2070 1386 2103 eisdem
1417 2067 1572 2100 militibus
1592 2065 1808 2110 procuramla,
1833 2065 1904 2108 plus
1933 2070 2011 2097 tem-

1269 2123 1366 2171 poris,
1395 2132 1490 2166 quam
1514 2121 1543 2153 iu
1566 2130 1677 2152 eorum
1701 2118 1842 2151 muneris
1862 2123 1893 2151 ct
1914 2116 2011 2150 officii

1269 2176 1432 2213 exercitio,
1450 2174 1687 2217 impenderent,
1711 2172 1735 2204 si
1758 2171 1834 2204 uuio
1860 2181 1916 2214 per
1935 2170 2012 2204 Gre-

1270 2230 1395 2269 eorhuu
1419 2227 1700 2271 praedecessorem
1724 2224 1825 2256 dictae
1855 2223 2009 2262 militiae,

1271 2289 1305 2316 ut
1327 2283 1525 2326 praefertur,
1550 2280 1649 2315 sarta,
1675 2277 1704 2309 in
1732 2282 1831 2309 totum
1858 2281 2013 2319 perpetuo

1271 2336 1510 2371 ‹tissotx-01·‹·1u=·‚
1527 2343 1564 2365 ar,
1587 2335 1791 2364 rvroraretur
1811 2335 1838 2361 rt
1861 2328 2010 2361 annulla-

1273 2397 1381 2428 rvtur,
1408 2390 1616 2432 ipsorumque
1647 2385 1880 2418 beneficiorum
1907 2383 2013 2417 unito-

1273 2457 1342 2478 rum
1370 2443 1552 2476 huiusmodi
1573 2443 1693 2474 frurtus
1715 2440 1745 2472 iu
1776 2439 2013 2483 praedictarum

1274 2497 1505 2542 parm-hialium
1529 2501 1559 2527 rt
1579 2495 1714 2527 aliarum
1730 2492 1937 2525 ecclesiarum
1953 2490 2014 2523 uti-

1275 2553 1394 2584 litata-m
1421 2556 1448 2582 vt
1477 2548 1712 2592 repar-'mmmm
1743 2545 1931 2578 vartimdem
1955 2553 2012 2586 pa*

1275 2603 1478 2637 roi-hiabunt.
1503 2606 1663 2634 rvutormu
1690 2608 1864 2639 congruam
1886 2602 2012 2628 sustun-

1276 2658 1446 2695 tatimuuu,
1478 2655 1612 2689 arbitrio
1646 2660 1721 2693 tuo,
1745 2663 1803 2685 nec
1825 2661 1888 2684 nou
1919 2649 2013 2683 trium
