2253 3195
269 249 318 276 Au.
336 250 365 276 e.
387 250 455 278 1600
500 241 564 276 ⁴538

468 299 621 334 lationem
643 300 783 344 aliquam
810 301 858 333 vel
879 300 1069 342 dignitatem
1091 300 1214 343 eligan-

469 359 542 393 tur,
565 353 613 385 vel
634 358 907 396 promoveantur,
930 352 991 386 nisi
1012 353 1085 392 (sub
1111 364 1215 397 poena

468 406 605 450 peccati)
620 417 638 439 a
655 406 788 439 Summo
809 406 965 440 Pontificc
979 407 1093 440 coacti.

514 461 530 500 ξ
551 458 603 492 15.
625 460 778 498 Quartum
795 487 802 499 ,
825 460 944 503 singuli
969 460 1163 504 promittent
1181 471 1215 493 se

342 527 402 545 wui-
418 530 453 543 ω.
468 512 627 554 Religioni
648 513 696 545 vel
718 513 884 546 consultae
911 513 1055 556 generali
1074 513 1212 546 manise--

468 571 618 607 staturos,
633 566 659 599 si
672 577 767 610 quem
782 578 818 600 ex
833 567 949 601 nostris
962 568 1079 601 scirent
1093 567 1215 612 aliquid

380 612 423 624 Μ’
468 619 710 663 praedictorum
729 620 884 658 duorum,
908 620 1142 665 praelationem
1172 620 1216 653 xi-

273 985 313 997 iiiiii

469 672 586 706 delicet
609 683 664 706 seu
690 673 897 716 dignitatem,
933 673 1016 707 intra
1044 674 1092 707 vel
1128 680 1216 708 extra

468 726 681 768 Religionem,
703 739 817 761 curare
837 739 893 761 seu
914 728 1136 772 praetendere.

514 781 530 821 ξ
556 778 604 812 16.
639 780 797 819 Quoniam
824 792 899 814 vero
929 787 1114 815 nostrorum
1142 781 1216 814 reli-

374 852 377 855 ·
470 833 635 875 giosorum
650 840 707 874 est,
722 835 857 868 caeteris
868 835 954 868 euris
967 834 1212 878 praetermissis,

423 877 453 916 ‘⁰2‘
467 892 602 930 propter
615 887 759 920 divinum
774 888 939 921 dumtaxat
950 898 1106 929 amorem,
1127 888 1215 921 nudo

416 932 452 969 ῗΪΞῖ
468 951 504 973 ac
519 951 601 984 puro
617 941 794 974 ministerio
812 941 1052 975 misericordiae
1067 941 1216 986 spiritua-

398 985 453 1023 υἷ’-
469 994 506 1027 lis
526 994 648 1037 pariter
669 1000 699 1027 et
720 995 898 1039 corporalis
919 1006 994 1038 erga
1014 1001 1164 1038 aegrotos
1183 996 1215 1028 in

469 1048 664 1081 nosocomiis
677 1048 821 1091 defungi,
838 1048 960 1082 idcirco
974 1050 1147 1093 nequando
1159 1060 1216 1083 no-

468 1107 570 1134 strum
592 1100 654 1134 boc
674 1101 854 1134 institutum
866 1102 1003 1135 convelli
1021 1108 1077 1135 aut
1097 1103 1216 1135 labefa-

469 1155 548 1188 ctari
562 1156 672 1199 possit,
686 1166 750 1199 quo
769 1156 975 1190 dominorum
991 1157 1086 1190 etiam
1099 1157 1216 1199 guber-

467 1215 618 1242 natorum
647 1210 911 1243 nosocomiorum
945 1211 1050 1244 omnis
1075 1210 1215 1255 suspicio

468 1263 608 1303 tollatur,
624 1263 828 1298 decernimus
845 1264 884 1297 ad
899 1264 1086 1298 validiorem
1106 1264 1212 1297 firmi-

469 1322 565 1350 tatem
578 1316 672 1350 buius
681 1317 809 1351 Ordinis
816 1317 1104 1357 obtinendam,sub
1111 1328 1215 1361 poena

468 1370 813 1404 excommunicationis
825 1371 906 1404 latae
920 1371 1097 1404 sententiae
1111 1371 1216 1414 (cuius

468 1424 629 1457 absolutio
649 1424 723 1457 Sedi
744 1429 867 1457 tantum
888 1424 1092 1468 Apostolicae
1113 1435 1216 1457 reser-

468 1479 586 1520 vetur),
610 1487 650 1510 ne
671 1477 842 1521 quisquam
868 1488 904 1510 ex
933 1477 1051 1511 nostris
1071 1478 1216 1521 patribus

468 1537 499 1564 et
515 1531 677 1571 fratribus,
705 1531 769 1564 sive
789 1531 948 1573 generalis
967 1531 1018 1572 sit,
1046 1531 1111 1564 sive
1132 1542 1212 1565 con-

467 1585 614 1625 sultores,
631 1584 696 1618 sive
711 1585 928 1628 provincialis,
946 1585 992 1618 vel
1007 1595 1215 1629 quacumque

467 1639 624 1681 dignitate
659 1640 794 1682 fungens
822 1639 887 1673 sive
908 1649 966 1683 per
996 1650 1048 1679 se,
1072 1639 1138 1672 sive
1158 1650 1216 1683 per

467 1692 558 1732 alios,
580 1692 699 1725 directe
725 1693 771 1725 vel
794 1692 968 1732 indirecte,
993 1692 1137 1736 recipere
1158 1703 1216 1726 no-

467 1747 686 1780 socomiorum
709 1746 902 1787 dominium,
931 1753 985 1780 aut
1007 1747 1054 1780 ius
1075 1747 1212 1788 nullum,

468 1800 515 1832 vel
544 1800 720 1843 quamlibet
754 1810 867 1833 eorum
899 1800 1215 1834 administrationem

469 1853 693 1895 vectigalium,
728 1864 785 1886 seu
823 1853 984 1886 redituum
1020 1854 1135 1886 audeat
1169 1854 1214 1886 rel

468 1913 674 1951 praesumat;
698 1907 798 1939 immo
816 1913 973 1950 quantum
1000 1907 1060 1940 erit
1087 1907 1118 1940 in
1140 1907 1216 1951 ipsis

468 1970 634 2004 nunquam
656 1960 841 2000 assentiant,
860 1966 893 1993 ut
913 1960 1099 1994 huiusmodi
1120 1971 1216 1993 curae

469 2014 515 2047 rel
538 2014 835 2047 administrationes
865 2025 882 2046 a
913 2014 1080 2055 Religione
1101 2013 1217 2048 admit-

469 2073 586 2107 tantur,
608 2078 680 2101 cum
703 2068 824 2100 nudum
844 2079 880 2101 ac
898 2079 1015 2111 purum
1034 2067 1216 2100 animarum

469 2127 497 2153 et
528 2132 701 2164 corporum
734 2121 971 2163 aegrotantium
1003 2121 1215 2154 ministerium

469 2174 506 2206 sit
523 2175 749 2208 taiitummodo
771 2185 788 2206 a
809 2174 926 2207 nostris
939 2174 1213 2218 amplectendum.

516 2229 532 2269 ς
551 2226 601 2260 17.
619 2228 822 2271 Quamquam
842 2228 1026 2260 sacerdotes
1044 2239 1079 2260 ex
1097 2227 1214 2268 officio,

338 2281 557 2329 '1¹1·“·'1'···1···-.q110d
588 2281 717 2313 illorum
745 2287 790 2313 est
819 2281 1007 2324 proprium.
1038 2282 1077 2313 ad
1110 2292 1217 2314 saerfl-

472 2340 579 2366 menta
594 2334 752 2367 Ecclesiae
766 2333 1021 2366 administranda
1031 2333 1218 2367 incumbere

472 2387 646 2425 debebunt,
671 2393 781 2430 utpote
807 2387 845 2419 ad
864 2392 1072 2428 aegrotorum
1094 2388 1218 2419 coufes-

472 2440 577 2472 siones
598 2439 791 2477 audiendaS,
815 2440 854 2473 ad
875 2439 1123 2473 sacratissimam
1152 2440 1215 2473 Eu-

473 2494 657 2525 rliaristiam
693 2493 947 2532 contis-rendam,
983 2494 1022 2526 ad
1052 2493 1217 2526 Extremae

474 2546 637 2578 l'nctionis
651 2545 763 2579 Oleum
774 2547 1014 2586 aegrotantibus
1024 2546 1217 2579 exibendum

473 2599 511 2631 ad
533 2610 659 2632 sacrum
683 2600 852 2633 missarum
873 2600 1066 2633 sacrificium
1094 2599 1214 2632 facien-

473 2651 562 2692 dum,
586 2652 625 2685 ad
645 2659 790 2685 mortuos
804 2654 987 2697 sepulturae
1003 2652 1214 2693 inandaudos,

1054 253 1237 276 BULLARIUM
1258 253 1412 276 ROMANUM

1250 306 1281 333 et
1301 300 1341 334 ad
1361 300 1600 343 agonizantium
1621 300 1744 334 animas
1757 301 1813 334 diu
1831 307 1995 345 noctuque

1248 354 1312 387 Deo
1330 354 1615 394 coiinnendandas;
1636 363 1743 388 tamen
1759 360 1791 388 ut
1811 361 1886 388 voto
1902 355 1994 388 satis-

1249 407 1378 448 faciant,
1401 409 1488 452 quod
1509 409 1677 452 corporale
1695 415 1726 442 et
1747 408 1912 452 spirituale
1936 409 1995 442 mi-

1249 460 1416 494 nisterium
1429 461 1645 505 amplectitur,
1657 472 1772 495 manus
1784 462 1880 495 etiam
1889 462 1928 495 ad
1938 462 1996 495 ati-

1249 524 1329 558 quas
1342 515 1527 558 corporales
1551 514 1793 548 misericordiae
1817 514 1995 548 functiones

1249 567 1394 608 afferant,
1417 567 1598 601 cuiusmodi
1620 573 1693 601 sunt
1713 567 1797 608 illae,
1818 573 1993 610 aegrotan-

1251 620 1334 653 tibus
1353 620 1461 654 cibum
1483 620 1740 660 subministrare,
1755 620 1996 664 pituitosaslin-

1249 683 1328 716 guas
1349 674 1537 708 eorumdem
1560 674 1738 716 detergere,
1762 684 1819 707 ora
1839 674 1992 714 colluere,

1250 728 1421 761 confovere
1446 728 1563 771 frigida
1594 728 1763 769 membra,
1802 734 1995 772 caeteraque

1250 781 1345 814 buius
1358 781 1484 824 generis
1496 781 1659 815 charitatis
1672 782 1788 815 officia.
1804 782 1996 816 Conceditur

1249 833 1346 866 etiam
1368 833 1482 867 iisdem
1503 834 1728 868 sacerdotibus
1744 834 1876 878 (quibus
1888 841 1995 868 tamen

1250 897 1307 930 per
1327 887 1511 931 superiores
1524 886 1657 930 licebit),
1673 893 1709 920 ut
1727 887 1853 931 reliqua
1866 898 1996 932 quoque

1251 941 1573 974 fratrumministeria
1584 941 1774 984 corporalia,
1786 951 1869 985 quae
1881 951 1994 975 eorum

1249 995 1380 1039 propria
1400 1000 1473 1029 sunt
1502 995 1623 1035 officia,
1651 994 1737 1028 cirea
1756 995 1994 1037 aegrotantium

1250 1048 1455 1082 necessitates
1472 1059 1623 1082 exercere
1636 1047 1769 1092 possint.

1294 1104 1310 1145 S
1331 1101 1384 1134 18.
1408 1103 1498 1142 Item,
1515 1101 1668 1146 quoniam
1683 1101 1723 1135 ad
1736 1101 1906 1145 proprium
1925 1102 1992 1134 fra-

1250 1162 1334 1189 trum
1356 1156 1498 1190 officium
1518 1156 1669 1200 pertinet,
1693 1155 1830 1188 infirmis
1847 1155 1878 1188 in
1901 1155 1996 1188 mini-

1249 1209 1346 1243 sterio
1367 1209 1527 1253 corporali
1546 1209 1680 1250 servire,
1709 1208 1858 1242 videlicet
1876 1219 1993 1251 aegro-

1250 1264 1391 1297 tantibus
1411 1264 1533 1304 adesse,
1558 1263 1680 1306 vigilias
1700 1269 1732 1297 et
1751 1263 1900 1297 excubias
1920 1273 1996 1297 con-

1249 1322 1356 1351 suetas
1373 1327 1528 1361 peragere
1550 1322 1726 1350 nocturnas
1739 1322 1835 1360 atque
1849 1316 1992 1358 diurnas,

1249 1371 1384 1405 lectulos
1404 1377 1561 1411 sternere,
1586 1381 1713 1404 mensas
1732 1370 1869 1404 escarias
1889 1381 1993 1414 appo-

1249 1435 1326 1458 nere
1346 1430 1375 1458 et
1394 1435 1554 1464 amovere,
1571 1424 1660 1457 cibos
1677 1429 1708 1457 et
1724 1424 1843 1457 fercula
1856 1423 1993 1465 deferre,

1250 1478 1322 1512 illos
1342 1477 1449 1511 cibatu
1476 1476 1621 1517 relicere,
1645 1476 1772 1516 eibum,
1793 1476 1818 1509 si
1840 1476 1880 1510 sit
1899 1487 1992 1521 opus,

1248 1531 1280 1564 in
1301 1541 1336 1564 os
1350 1531 1503 1570 inserere,
1522 1530 1648 1573 linguas
1668 1540 1844 1574 repurgare
1864 1529 1997 1574 pituito-

1247 1596 1309 1624 sas,
1333 1584 1480 1618 infirmos
1499 1583 1646 1617 attollere
1666 1583 1814 1624 subditis,
1828 1583 1853 1617 si
1866 1593 1997 1617 necesse

1248 1638 1340 1672 fuerit
1353 1665 1360 1677 ‚
1387 1637 1489 1677 ulnis,
1513 1637 1655 1680 algentes
1676 1637 1783 1670 calore
1803 1636 1992 1677 confovere,

1249 1691 1424 1725 medicatas
1445 1690 1604 1735 potiones,
1621 1699 1756 1735 syrupos
1773 1695 1803 1723 et
1823 1689 1997 1733 pharmaca

1248 1744 1526 1788 suistemporibus
1546 1743 1673 1783 afferre,
1698 1742 1844 1787 eorporis
1855 1743 1996 1777 cauteria

1248 1808 1374 1837 curare,
1402 1797 1546 1831 medicos
1571 1802 1626 1830 aut
1645 1796 1816 1839 chirurgos
1833 1796 1992 1836 comitari,

1249 1857 1279 1885 et
1299 1856 1425 1885 caetera
1445 1851 1476 1884 id
1497 1860 1598 1893 genus
1619 1849 1723 1882 officia
1744 1855 1926 1893 praestare;
1961 1855 1997 1883 ut

1250 1912 1356 1939 tamen
1386 1905 1530 1948 ipsorum
1565 1904 1701 1937 fratrum
1734 1908 1808 1937 voto
1837 1903 1992 1943 satisfiat,

1249 1969 1312 2002 quo
1339 1957 1552 1990 ministerium
1579 1956 1675 1990 etiam
1697 1956 1874 2000 spiritualis
1894 1956 1993 1990 mise-

1250 2011 1408 2045 ricordiae
1426 2011 1612 2044 continetur
1625 2011 1679 2053 (ad
1699 2020 1795 2054 quem
1818 2010 1916 2044 linem
1938 2020 1996 2054 po-

1250 2065 1407 2098 tissimum
1426 2064 1536 2098 onmia
1557 2070 1741 2097 nostrorum
1760 2063 1894 2097 consilia
1913 2063 1995 2097 refe-

1249 2119 1349 2151 renda
1378 2123 1473 2157 sunt,
1508 2116 1772 2161 quandoquidem
1812 2116 1995 2150 animarum

1250 2171 1373 2205 curatio
1396 2182 1489 2204 verus
1509 2176 1555 2204 est
1573 2169 1709 2203 instituti
1729 2169 1830 2203 nostri
1851 2171 1992 2214 scopus),

1250 2225 1322 2258 ideo
1343 2226 1455 2258 fratres
1475 2224 1514 2256 ad
1529 2229 1738 2267 peccatorum
1759 2228 1901 2256 exactam
1920 2233 1997 2256 eon-

1251 2279 1422 2313 fessionem
1464 2284 1495 2312 et
1538 2277 1801 2311 communionem
1848 2276 1996 2311 infirmos

1250 2333 1512 2377 praeparabunt,
1540 2342 1660 2375 eosque
1689 2331 1728 2364 ad
1755 2331 1944 2375 patientiam
1965 2336 1997 2365 et

1250 2388 1288 2419 ad
1304 2387 1385 2420 bene
1402 2386 1607 2419 moriendum
1620 2385 1801 2429 disponent.
1826 2385 1996 2419 Praeterea

1250 2440 1409 2484 quaedam
1429 2439 1491 2471 alia
1515 2438 1719 2471 sacerdotum
1741 2437 1873 2481 propria
1894 2437 1993 2471 mini-

1250 2493 1346 2526 steria
1359 2495 1391 2531 <a
1411 2491 1632 2536 superioribus
1658 2496 1763 2524 tamen
1791 2490 1922 2524 obtenta
1944 2491 1993 2524 fa-

1251 2546 1382 2587 cultate)
1403 2550 1564 2589 praestare
1586 2548 1748 2587 poterunt,
1772 2542 1817 2576 uti
1838 2553 1996 2586 paupert-s

1250 2599 1396 2631 infirmos
1421 2597 1627 2631 christianam
1653 2596 1833 2629 doctrinam
1863 2595 1992 2635 docere,

1250 2651 1380 2685 eosdem
1401 2650 1431 2683 in
1446 2650 1582 2684 articulo
1604 2648 1807 2694 potissimum
1831 2648 1942 2682 mortis
1955 2649 1994 2682 ad

2023 1109 2119 1140 f'1¹²¹¹¹'!‘
2160 1114 2181 1127 v‘

2009 1139 2075 1157 steria
2093 1141 2150 1158 circa
2168 1144 2177 1161 χ

2011 1163 2088 1184 tii-ines.
