2253 3195
802 252 948 276 ereneus
967 252 1023 274 vin
1042 252 1091 274 Pr.
1604 237 1666 269 ‹585›
1713 246 1760 272 An.
1784 247 1812 272 α.
1834 245 1894 272 1601

959 299 1083 332 tembre
1100 308 1174 332 nnc.
1198 299 1349 331 llavendo
1369 297 1423 329 noi
1445 295 1627 329 inl'rasc1·itti
1648 295 1694 327 vi·
1726 307 1856 328 eonem-«nac
1871 308 1899 326 [¹:-

959 353 1052 385 sitato
1072 352 1127 395 pisi
1145 352 1228 384 volte
1248 352 1277 383 la
1298 351 1392 383 Salva
1409 350 1444 382 di
1469 349 1622 387 Verdeda,
1640 348 1700 381 che
1714 339 1758 354 ¹¹⁰r⁴

189 399 399 442 Confirmatio
411 398 925 441 concordiaesuperSilvamVer-
959 406 983 438 εἰ
1017 411 1106 438 11=0va
1131 404 1179 437 ne*
1196 403 1315 437 confini
1348 404 1395 435 ssa
1422 403 1442 435 ῃ
1469 412 1642 435 commune
1669 401 1700 434 di

10 265 34 284 n.
51 255 78 282 c.
103 255 164 282 1601

485 301 614 334 CCLVll.

17 1109 138 1131 Exordium.

20 1640 137 1662 concordia
148 1641 178 1662 iu-

22 1669 103 1694 ·partes
115 1674 179 1694 super

21 1694 52 1715 iva
58 1694 177 1716 Vei-dodae.

230 461 329 494 dcdac
350 471 408 504 per
428 461 596 504 deputatos
613 461 727 503 sactae,
745 465 773 492 et
793 461 831 493 ab
852 462 926 493 uni·
960 459 1134 498 Seravalle⁷
1161 457 1324 491 territorio
1338 449 1536 497 di'ssologna,
1560 466 1576 487 e
1600 455 1620 487 il
1640 460 1701 487 ter-

230 524 436 557 versimgibus
472 523 627 566 nynolag
661 528 689 555 eg
725 523 923 565 gammam,
961 512 1073 544 ritorio
1096 511 1146 544 del
1165 511 1365 544 marchesato
1387 510 1417 542 di
1438 509 1581 551 Vignola,
1606 509 1645 541 ed
1657 508 1703 541 al-

231 587 477 620 marchionatus
496 587 662 630 Vr'qnolae,
679 598 715 620 aa
735 587 923 626 Seramllis,

230 650 401 683 comitatus
416 650 641 689 Bononiensis,
654 660 690 681 ac
699 660 719 682 a
729 650 807 681 duce
816 649 924 688 Sorae,

230 713 418 745 marchione
448 712 625 755 Viqnolac‚
650 722 705 744 nec
731 722 796 744 iton
829 712 929 744 enam

231 776 309 808 duce
329 776 491 814 Mutinae,
508 786 545 807 ac
563 775 734 818 viceleyato
755 779 783 807 ct
801 784 928 807 assum-

229 838 296 881 ptis
315 837 575 870 Bononiensibus
597 836 778 879 ratificamc
790 837 809 869 ¹.

206 927 339 954 clemens
367 926 538 960 episcopus,
559 933 663 953 servus
680 933 834 953 servorum
851 926 912 960 Dei,

313 980 349 1007 ad
369 983 548 1014 perpetuam
567 979 612 1006 rei
631 979 811 1006 memoriam.

232 1052 370 1085 Paterna
389 1057 498 1084 nostra
518 1061 594 1093 erga
611 1061 833 1094 quoscumque
846 1050 930 1083 chri-

188 1106 352 1146 stifideles,
368 1111 399 1138 et
410 1104 600 1149 praesertim
622 1105 715 1137 nobis
733 1110 763 1137 et
780 1104 810 1137 S.
829 1104 864 1136 R.
879 1104 928 1144 E„

190 1159 286 1193 etiam
304 1158 336 1191 in
354 1158 587 1202 temporalibus
606 1158 769 1197 subditos,
793 1157 932 1189 charitas

189 1223 248 1246 nos
267 1212 410 1252 inducit,
433 1217 469 1244 ut
489 1212 529 1244 ad
554 1222 592 1244 ea
614 1211 753 1244 libenter
779 1211 929 1244 intenda-

191 1276 272 1307 mus,
295 1276 354 1309 per
378 1275 461 1308 qnae
481 1264 565 1297 inter
586 1274 640 1297 eos
659 1274 721 1307 pax
741 1269 771 1296 et
791 1273 929 1296 concor-

191 1319 243 1352 dia
280 1318 471 1352 concilietur
503 1322 534 1350 et
566 1322 793 1357 conservetur,
817 1328 853 1350 ac
874 1317 929 1358 iis,

190 1383 273 1417 quae
291 1377 463 1416 propterea
483 1372 567 1404 facta
585 1370 682 1404 fuisse
703 1370 875 1411 dicuntur,
899 1377 933 1404 ut

191 1426 336 1459 firmiora
353 1430 511 1469 perpetuo
531 1424 716 1464 subsistant,
738 1424 933 1468 apostolicae

192 1479 450 1513 confirmationis
470 1478 571 1511 robur
583 1477 764 1518 adiicimus‚
787 1483 885 1521 prout
901 1478 933 1510 in

191 1532 328 1567 Domino
347 1531 521 1564 salubriter
541 1530 756 1574 conspicimus
769 1530 930 1574 expedire.

238 1588 255 1628 g
276 1585 306 1619 1.
331 1586 410 1620 Cum
429 1584 547 1628 itaque,
562 1583 645 1617 sicut
663 1583 857 1627 accepimus,
874 1584 934 1616 du-

195 1641 271 1673 dum
292 1639 376 1672 inter
398 1638 550 1672 Iacobum
570 1637 793 1670 marchionem
815 1638 934 1680 Vigno-

193 1695 242 1727 lae
257 1721 264 1734 ,
288 1698 319 1726 et
342 1693 489 1725 locorum
522 1690 694 1723 comitatus
724 1691 936 1724 Bononiensis

192 1748 225 1780 in
245 1746 363 1779 finibus
382 1745 485 1779 Silvae
501 1745 685 1785 Verdedae,
703 1744 872 1778 occasione
886 1745 935 1778 di-

192 1806 261 1833 ctae
280 1799 388 1840 silvae,
404 1799 514 1842 plures
534 1798 791 1838 controversiae,
812 1798 935 1831 dissen-

192 1854 298 1887 siones
315 1864 352 1886 ac
376 1851 566 1885 inimicitiae
592 1851 772 1894 viguerint,
801 1857 833 1884 et
852 1862 935 1885 non-

191 1907 281 1940 nulla
297 1906 350 1939 hic
369 1905 444 1939 inde
464 1905 582 1938 delicta
602 1904 775 1937 commissa
797 1904 932 1946 suerint,

193 1966 224 1993 et
243 1959 391 2002 graviora
416 1958 448 1991 in
479 1958 547 1991 dies
572 1957 731 1991 committi
757 1968 851 2001 posse
871 1959 932 1991 du-

193 2013 361 2053 bitaretur;
381 2011 554 2045 novissime
579 2011 619 2044 ad
639 2011 701 2043 illis
725 2011 933 2052 obviandum,

194 2073 224 2100 et
241 2066 363 2099 incolas
381 2065 584 2109 praedictos,
601 2064 750 2097 videlicet
769 2064 933 2107 Vignolae,

194 2119 364 2162 Savignani
378 2125 408 2152 et
421 2118 601 2159 Seravallis,
625 2118 665 2150 ad
686 2123 833 2151 mutuam
854 2119 937 2152 inter

194 2183 248 2206 eos
278 2183 391 2217 pacem
417 2177 448 2205 et
475 2171 617 2215 quietem
644 2171 846 2204 inducendos
864 2200 871 2212 ,
907 2178 938 2206 et

194 2231 350 2270 perpetuo
368 2225 605 2258 conservandos
617 2251 624 2265 ‚
648 2224 795 2257 nonnulli
814 2235 832 2257 a
850 2226 938 2258 loco-

194 2290 266 2312 rum
288 2278 523 2322 superioribus‚
536 2283 567 2310 et
580 2277 732 2310 interesse
745 2277 938 2312 habentibus

195 2332 235 2365 ad
255 2332 316 2364 hoc
341 2330 524 2374 specialiter
550 2330 693 2374 deputati
714 2330 853 2371 suerunt,
878 2331 936 2365 illi-

195 2395 257 2428 que
286 2384 326 2417 ad
346 2384 459 2427 ⁴locum
481 2383 681 2416 differentiae
702 2390 934 2426 convenerunt,

196 2443 226 2470 et
250 2437 342 2470 illum
362 2436 484 2480 pluries
504 2436 722 2476 visitaverunt,
744 2437 938 2480 tandemque

196 2491 237 2524 ad
255 2489 490 2533 infrascriptam
505 2489 713 2522 concordiam
729 2490 935 2532 devenerunt,

198 2544 356 2578 videlicet.

242 2598 303 2640 52.
320 2598 376 2631 Nel
396 2608 493 2630 nome
508 2597 539 2630 di
556 2597 624 2631 Dio.
646 2598 715 2631 Adi
733 2609 798 2632 xvlt
820 2599 851 2632 di
871 2605 937 2632 sct-

234 2663 243 2687 1
269 2660 306 2687 Ex
326 2660 435 2695 Regest.
455 2660 482 2687 in
502 2660 605 2688 Secret.
628 2660 762 2688 Brevium.

964 566 1002 598 tri
1021 565 1150 598 conlinit
1168 565 1207 597 ed
1228 564 1318 597 udilo
1333 574 1348 596 e
1360 563 1564 596 considerato
1578 562 1699 605 quello,

963 619 1021 652 che
1035 618 1119 661 dagli
1135 618 1259 651 uomini
1274 617 1382 659 d'ogni
1401 622 1490 660 parte
1512 617 1528 649 e
1548 621 1630 649 stato
1650 616 1699 648 al-

963 673 1079 713 legato,
1103 672 1123 703 il
1144 671 1204 704 sito
1223 671 1272 704 del
1294 671 1391 712 luogo
1410 682 1426 703 e
1448 671 1476 702 lc
1501 680 1596 703 cause
1620 669 1703 702 delle

964 725 1180 759 controversie
1199 736 1214 758 e
1235 723 1454 768 protensioni,
1478 734 1536 766 pei·
1567 724 1596 756 le
1616 723 1701 766 quali

963 790 1072 823 spesso
1093 789 1190 811 erano
1211 777 1348 811 successi
1366 777 1431 809 vari
1451 776 1609 809 disordini
1629 803 1635 816 ‚
1664 777 1703 809 ed

965 839 1058 866 avuta
1078 833 1126 865 fra
1143 832 1175 865 di
1195 831 1249 864 noi
1274 832 1369 873 longa
1391 842 1406 863 e
1429 836 1554 862 matura
1584 829 1705 862 discus-

965 888 1054 920 sione
1067 896 1164 930 sopra
1177 891 1255 918 tutte
1273 886 1302 917 le
1321 895 1404 923 cose,
1426 884 1622 916 attendendo
1636 884 1705 917 solo

966 940 995 972 al
1012 940 1100 972 buon
1120 938 1250 972 servitio
1267 937 1298 970 di
1318 937 1445 980 Signori
1463 936 1628 980 Superiori
1648 937 1706 970 Pa-

967 993 1060 1026 droni
1081 993 1121 1025 da
1141 992 1216 1034 ogni
1247 992 1328 1031 lato,
1360 991 1399 1024 etl
1419 991 1448 1023 al
1466 990 1623 1023 benefizio
1649 991 1705 1023 de-

967 1047 1008 1090 gli
1027 1046 1150 1079 nomini
1171 1045 1299 1085 sudem,
1316 1044 1417 1077 sianio
1436 1044 1707 1077 concordemente

966 1100 1073 1132 venuti
1096 1100 1128 1131 in
1153 1109 1290 1142 parere,
1314 1098 1372 1130 che
1403 1108 1460 1141 per
1492 1097 1604 1130 sedare
1622 1097 1707 1130 dette

967 1152 1206 1192 controversie,
1238 1162 1254 1184 e
1282 1152 1387 1184 levare
1418 1150 1493 1192 ogni
1521 1150 1655 1183 materia
1676 1149 1707 1182 di

966 1206 1143 1240 suscitarne
1176 1205 1208 1238 di
1235 1214 1359 1243 nuovo,
1388 1214 1439 1236 ina
1475 1203 1661 1236 introdurre
1692 1214 1708 1235 e

968 1269 1158 1292 conservare
1185 1258 1233 1290 fra
1255 1257 1332 1290 detti
1359 1256 1469 1300 popoli
1490 1257 1599 1289 buona
1620 1268 1636 1289 e
1653 1267 1708 1299 pa-

967 1313 1058 1347 cifica
1074 1312 1258 1351 vicinanza‚
1283 1322 1298 1343 c
1320 1311 1358 1343 ad
1382 1310 1545 1352 ogn'altro
1574 1309 1710 1351 meglior

967 1367 1031 1400 fine
1053 1367 1090 1399 ed
1105 1365 1224 1406 effetto,
1248 1365 1350 1398 sinino
1372 1363 1443 1397 dico
1462 1363 1493 1396 di
1514 1373 1639 1407 parere,
1651 1362 1709 1395 che

967 1431 1025 1465 per
1045 1420 1142 1453 modo
1161 1419 1192 1452 di
1209 1418 1402 1463 provisione,
1421 1428 1437 1450 e
1458 1427 1553 1450 senza
1577 1417 1709 1460 pregiu—

968 1474 1076 1508 dicare
1103 1484 1122 1506 ο
1143 1479 1270 1506 toccare
1301 1472 1333 1504 in
1358 1471 1455 1504 inodo
1484 1470 1600 1503 alcuno
1628 1481 1706 1514 pro-

968 1527 1081 1572 prietz'i,
1111 1525 1357 1569 giurisdizioni‚
1381 1523 1518 1568 possessi
1546 1534 1565 1556 o
1597 1523 1708 1567 quasi,

968 1587 1049 1615 stato
1070 1591 1088 1613 ο
1109 1578 1321 1623 qualsivoglia
1348 1578 1429 1611 altra
1449 1577 1655 1621 pretensione
1680 1577 1712 1611 di

969 1636 1085 1668 alcuna
1105 1635 1188 1668 delle
1207 1633 1303 1677 parti,
1327 1643 1345 1665 o
1366 1643 1423 1676 per
1440 1632 1628 1675 qualunque
1642 1632 1712 1665 loro

970 1688 1244 1732 rispettivamente
1283 1686 1417 1729 ragione
1448 1696 1467 1718 ο
1492 1685 1647 1719 interesse
1680 1686 1712 1718 in

970 1742 1057 1775 detta
1076 1741 1168 1774 Selva
1184 1751 1202 1773 o
1213 1739 1298 1772 fuori
1310 1739 1424 1779 d⁷essa‚
1440 1749 1491 1771 ma
1509 1738 1578 1771 solo
1592 1744 1712 1781 quanto

970 1795 1139 1838 risguarda
1159 1793 1367 1827 nell'avenire
1386 1793 1418 1825 la
1437 1792 1591 1836 semplice
1611 1792 1713 1825 libera

969 1848 1177 1893 percezzione
1192 1874 1199 1887 ‚
1223 1858 1239 1880 e
1268 1846 1455 1889 godimento
1476 1845 1515 1878 de
1546 1845 1709 1887 legnami,

970 1902 1091 1947 pascoli
1105 1902 1145 1934 ed
1157 1901 1229 1934 altri
1247 1899 1457 1944 qualsivoglia
1477 1899 1565 1931 fruui
1579 1899 1611 1932 di
1626 1899 1713 1932 detta

971 1956 1072 1996 Selva;
1088 1955 1113 1988 si
1132 1954 1191 1987 che
1211 1953 1296 1987 fuori
1317 1953 1349 1986 di
1371 1953 1456 1986 detta
1476 1952 1682 1995 percezzione
1695 1963 1713 1985 e

971 2010 1170 2052 godinientQ
1187 2009 1239 2041 nel
1260 2012 1346 2041 resto
1367 2017 1432 2040 non
1453 2006 1499 2039 sia
1519 2007 1559 2039 nc
1579 2006 1713 2039 s'inten-

972 2064 1011 2097 da
1032 2067 1287 2107 espressamentc
1308 2072 1326 2094 ο
1349 2061 1554 2094 tacitamente
1575 2066 1710 2100 mecam,

971 2116 1194 2161 pregiudicato
1207 2143 1214 2156 ‚
1249 2126 1267 2148 o
1299 2114 1480 2158 acquistato
1510 2113 1642 2155 ragione
1674 2113 1714 2146 ad

971 2171 1087 2203 alcuna
1115 2169 1199 2203 delle
1231 2168 1315 2212 parti
1344 2168 1401 2211 pisi
1422 2168 1453 2200 di
1475 2167 1584 2210 quello
1606 2167 1665 2199 che
1685 2167 1712 2199 al

971 2228 1120 2268 presente
1140 2222 1279 2262 habbia,
1308 2222 1333 2254 si
1366 2221 1446 2254 fosse
1471 2226 1585 2264 potuto
1605 2220 1715 2253 venire

972 2276 1222 2310 all'infrascritto
1254 2275 1392 2308 accordo
1413 2284 1430 2306 c
1451 2273 1690 2317 composizione
1705 2301 1712 2313 ‚

972 2331 1023 2363 nel
1045 2330 1142 2363 modo
1164 2329 1222 2362 che
1243 2328 1298 2372 qui
1319 2333 1402 2361 sotto
1423 2327 1560 2369 scguira'i.
1593 2326 1615 2359 ll
1641 2326 1715 2369 qual

972 2390 1083 2418 nostro
1100 2394 1215 2428 parere
1232 2393 1296 2415 non
1319 2382 1436 2415 dovera
1458 2391 1576 2421 essere,
1604 2381 1646 2413 ne
1666 2380 1716 2413 in-

973 2438 1138 2471 tendiamo
1167 2437 1225 2469 che
1255 2436 1300 2468 sia
1322 2435 1351 2468 di
1379 2435 1487 2467 ess'etto
1509 2434 1648 2471 alcuno,
1677 2434 1717 2466 ne

973 2491 1071 2524 haver
1084 2490 1203 2532 vigore,
1225 2488 1334 2521 sinclis:
1353 2489 1393 2521 (la
1413 2487 1476 2529 Sig.
1490 2486 1656 2531 Superiori
1678 2487 1717 2519 da

974 2544 1048 2586 ogni
1069 2549 1160 2586 parte
1175 2541 1291 2586 aquali
1313 2547 1414 2585 spelta
1433 2541 1519 2574 detta
1541 2539 1717 2573 concordia

974 2609 1038 2631 non
1059 2599 1132 2630 sara
1152 2607 1212 2630 con
1235 2596 1322 2629 niodi
1344 2595 1491 2638 legittinii
1513 2599 1593 2627 stata
1614 2599 1718 2627 accet-

976 2657 1049 2691 tata,
1080 2650 1235 2683 ratificata
1254 2662 1269 2683 e
1290 2650 1537 2683 solennemcnte
1559 2648 1590 2681 (li
1612 2658 1717 2681 nuovo
