2253 3195
73 271 124 299 An.
142 271 169 298 C.
187 271 254 298 1599

90 1286 202 1315 Derogatio
210 1292 258 1306 con-

78 1315 194 1337 [rai-iorum,

879 270 1024 294 CLEMENS
1044 270 1102 293 vltl
1121 270 1171 293 1⁵1³.

271 325 355 352 tenta
369 319 553 353 huiusmodi
574 320 706 364 plenum
722 320 869 353 effectum
889 318 1007 359 sortiri,

269 385 304 406 ac
323 374 362 406 ab
383 374 549 414 omnibus,
581 375 621 407 ad
642 385 722 417 quos
750 379 872 417 spectat
903 379 933 406 et
953 383 1010 416 pro

271 433 416 470 tempore
442 428 618 470 spectabit,
644 427 874 459 inviolabiliter
895 426 1007 458 obser-

269 479 354 516 vari:
381 490 506 512 necnon
528 480 726 523 praesectum
748 486 776 512 et
810 479 1011 522 presbyteros

270 534 452 576 praedictos
475 534 535 566 illis
561 534 694 577 pacifice
717 533 778 565 t'rui
800 539 827 565 et
851 533 1009 575 gaudere,

269 598 333 620 non
356 587 575 630 permittentes
596 587 692 630 ipsos,
710 592 884 619 auteorum
900 597 1012 630 quem-

270 641 355 684 pian]
375 646 485 673 contra
503 641 690 673 earumdem
713 639 929 682 praesentium
962 645 1009 671 te-

270 704 382 726 norem
404 693 651 736 quomodolibet
673 693 813 725 indebite
835 692 1008 725 molestari:

271 746 525 779 contradictores
557 745 718 789 quoslibet
744 751 774 778 et
802 745 936 777 rebelles
958 755 1014 788 per

271 801 464 841 sententias,
495 811 646 833 censuras
667 806 693 833 et
717 810 837 843 poenas
858 799 1010 832 ecclesia-

271 854 384 892 sticas,
408 854 536 897 aliaque
568 859 750 897 opportuna
781 853 859 885 iuris
880 858 909 885 et
941 852 1013 885 sacti

272 907 434 947 remedia,
464 907 680 950 appellatione
706 906 895 950 postposita,
919 916 1010 938 coni-

272 962 444 1004 pescendo,
475 972 509 993 ac
528 961 680 1002 legitimis
700 971 797 1003 super
817 960 865 992 liis
886 960 1011 992 baben-

273 1014 321 1047 dis
341 1014 472 1047 servatis
491 1014 709 1058 processibus,
733 1014 917 1053 sententias,
942 1024 1015 1046 cen-

273 1078 364 1101 suras
377 1074 407 1100 et
424 1078 545 1111 poenas
559 1068 643 1111 ipsas
656 1067 751 1100 etiam
765 1067 884 1100 iteratis
895 1067 1015 1100 vicibus

273 1121 493 1164 aggravando,
524 1121 670 1154 invocato
692 1120 787 1153 etiam
815 1121 855 1153 ad
886 1120 958 1160 hoc,
990 1121 1014 1153 si

273 1185 354 1218 opus
373 1174 478 1213 suerit,
502 1174 619 1206 auxilio
640 1173 763 1206 brachii
785 1173 970 1206 saecularis

318 1229 335 1270 ξ
353 1227 400 1260 11.
417 1228 486 1260 Non
500 1227 701 1260 obstantibus
715 1232 836 1267 nostra,
858 1232 1016 1270 quatenus

275 1292 356 1325 opus
387 1281 438 1321 sii,
463 1281 501 1313 de
522 1280 697 1313 unionibus
717 1280 957 1313 committendis
977 1281 1016 1314 ad

274 1339 391 1378 parteS,
415 1334 534 1367 vocatis
555 1344 692 1377 quorum
715 1333 855 1373 interest,
879 1338 909 1365 et
929 1334 1018 1367 Late-

276 1387 420 1421 ranensis
432 1387 563 1421 Concilii
577 1387 747 1420 novissime
759 1386 912 1420 celebrati
927 1387 1018 1420 unio-

276 1452 332 1474 nes
353 1447 536 1485 perpetuas,
558 1440 618 1474 nisi
637 1440 669 1473 in
690 1440 816 1473 casibus
829 1451 847 1473 a
860 1440 928 1473 iure
946 1451 1018 1484 per-

277 1495 381 1528 missis
401 1495 470 1528 fieri
500 1494 702 1538 prohibentis
717 1521 724 1534 ‚
753 1504 812 1527 nec
832 1504 896 1527 non
919 1494 1019 1527 felicis

277 1548 512 1582 recordationis
532 1547 687 1581 Bonisacii
705 1548 809 1591 Papae
826 1547 903 1588 VllI,
927 1538 1019 1591 prae-

278 1602 454 1636 decessoris
485 1602 603 1643 nostri,
633 1612 696 1645 qua
718 1606 848 1634 cavetur
873 1611 1021 1645 expresse

277 1667 317 1690 ne
336 1656 407 1700 quis
427 1661 516 1689 extra
533 1665 623 1688 suain
642 1654 801 1688 civitatem
822 1655 871 1687 vel
892 1654 1020 1688 dioece-

278 1710 349 1750 sim,
373 1709 433 1742 nisi
454 1708 485 1741 in
506 1708 599 1741 certis
620 1707 759 1751 exceptis
784 1707 920 1748 casibus,
938 1713 969 1740 et
989 1707 1019 1740 in

278 1762 340 1795 illis
360 1762 445 1795 ultra
464 1772 561 1794 unam
580 1761 718 1794 diaetam
733 1771 750 1793 a
764 1761 828 1793 fine
840 1771 915 1793 suae
934 1761 1022 1793 dioe-

279 1815 360 1849 cesis
385 1816 426 1848 ad
447 1814 601 1848 iudicium
635 1819 802 1847 evocetur:
838 1825 894 1847 seu
914 1824 953 1847 ne
976 1813 1022 1846 iu-

279 1869 366 1903 dices
397 1880 415 1901 a
445 1869 526 1902 Sede
557 1867 722 1912 praedicta
754 1867 897 1911 deputati
934 1873 1023 1900 extra

280 1922 438 1956 civitatem
471 1922 519 1955 vel
550 1921 735 1961 dioecesim,
759 1921 791 1953 in
819 1921 936 1964 quibus
961 1921 1019 1954 de-

279 1976 381 2020 putati
401 1976 529 2016 suerint,
558 1981 669 2008 contra
689 1985 912 2018 quoscumque
942 1985 1020 2018 pro-

281 2031 408 2070 cedere,
432 2035 486 2062 aut
506 2029 559 2062 alii
579 2029 626 2061 vel
648 2028 717 2061 aliis
742 2028 825 2061 vices
843 2039 915 2061 suas
936 2039 1024 2061 com-

281 2083 410 2115 mittere
435 2082 574 2115 audeant
599 2082 647 2114 vel
673 2087 903 2125 praesumant,
932 2087 962 2114 et
992 2081 1023 2113 in

282 2135 419 2170 concilio
440 2134 583 2177 generali
598 2134 684 2167 edita
698 2135 736 2167 de
758 2135 882 2168 duabus
896 2134 1020 2175 diaetis,

283 2190 460 2223 dummodo
481 2189 565 2222 ultra
596 2194 658 2222 tres
690 2188 809 2222 diaetas
829 2188 946 2232 aliquis
967 2200 1024 2221 au-

283 2243 429 2277 ctoritate
457 2241 675 2286 praesentium
702 2242 741 2275 ad
772 2241 927 2274 iudicium
960 2252 1024 2274 non

283 2297 440 2337 trahatur,
462 2296 596 2339 aliisque
617 2294 901 2328 constitutionibus
921 2300 952 2327 et
974 2305 1026 2328 or-

284 2350 504 2384 dinationibus
524 2349 724 2394 apostolicis3
748 2359 874 2382 necnon
895 2348 1023 2392 priora-

286 2410 374 2437 tuum
397 2409 428 2437 et
450 2404 601 2437 ordinum
624 2402 875 2447 praedictorum,
899 2412 935 2434 ac
957 2411 1025 2435 mo-

285 2456 512 2497 nasteriorum,
530 2467 547 2489 a
561 2456 676 2500 quibus
698 2455 859 2499 prioratus
880 2453 938 2498 ipsi
961 2454 1026 2486 sor-

285 2522 341 2544 san
354 2511 549 2554 dependent,
565 2510 759 2549 iuramento,
781 2507 1027 2542 confirmatione

287 2563 474 2608 apostoliea,
502 2563 551 2595 vel
578 2562 688 2606 quavis
716 2561 869 2595 firmitate
890 2561 952 2594 alia
976 2571 1028 2594 ro-

286 2617 409 2650 boratis
425 2616 550 2650 statutis
570 2622 600 2649 et
620 2615 923 2655 consuetudinibus,
957 2613 1025 2658 pri-

287 2669 410 2713 vilegiis
438 2680 579 2714 quoque,
608 2669 739 2703 indultis
760 2674 791 2702 et
811 2667 925 2702 litteris
944 2677 1025 2712 apo-

1691 255 1756 289 493

1044 318 1165 351 stolicis
1187 316 1258 357 illis,
1287 326 1465 359 eorumque
1486 313 1706 359 superioribus
1722 341 1729 353 ‚
1754 319 1785 346 et

1045 370 1190 414 personis
1210 370 1268 403 sub
1294 370 1552 413 quibuscumque
1570 366 1736 400 tenoribus
1756 372 1786 399 et

1046 424 1167 463 formis,
1191 435 1227 456 ac
1248 435 1320 456 rum
1348 422 1512 466 quibusvis
1531 421 1627 454 etiam
1649 421 1785 462 deroga-

1047 477 1201 510 toriarum
1228 476 1452 518 derogatoriis,
1473 475 1607 518 aliisque
1628 473 1786 507 efficacio-

1046 531 1135 563 ribus
1163 536 1194 563 et
1215 530 1350 563 insolitis
1375 529 1536 567 clausulis,
1564 538 1689 561 necnon
1710 527 1784 560 irri-

1048 584 1187 617 tantibus
1208 589 1239 616 et
1267 583 1337 615 aliis
1365 582 1502 616 decretis
1531 582 1562 614 iu
1594 592 1712 623 genere
1740 581 1787 613 vel

1049 639 1079 670 in
1100 638 1217 681 specie,
1242 649 1277 670 ac
1298 636 1376 669 alias
1394 636 1639 679 quomodolibet
1659 645 1789 668 conces-

1047 691 1099 731 sis,
1123 690 1310 734 approbatis
1330 696 1357 722 et
1385 689 1554 722 innovatis.
1579 688 1700 728 Quibus
1721 699 1790 721 oin-

1048 745 1163 783 nibus,
1203 743 1328 776 etiamsi
1362 753 1420 786 pro
1457 743 1586 774 illorum
1619 741 1789 774 sufficienti

1048 797 1269 839 derogatione,
1294 797 1332 829 de
1359 796 1421 828 illis
1442 806 1620 838 eorumque
1641 795 1715 828 totis
1737 801 1788 827 te-

1048 852 1181 885 noribus
1210 851 1376 895 specialis,
1406 850 1567 893 specifica,
1593 860 1740 893 expressa
1761 855 1792 882 ct

1050 906 1224 945 individua,
1249 916 1285 937 ac
1305 905 1344 937 de
1371 904 1467 937 verbo
1488 905 1527 937 ad
1549 904 1704 944 verbum,
1726 914 1791 937 non

1049 965 1156 992 autem
1176 970 1234 1003 per
1254 958 1413 991 clausulas
1434 958 1600 999 generales
1627 957 1711 990 idem
1734 957 1792 989 im-

1050 1018 1235 1057 portantes,
1260 1012 1381 1044 mentio
1412 1022 1468 1044 seu
1493 1010 1623 1054 quaevis
1651 1010 1713 1043 alia
1739 1021 1792 1043 ex-

1050 1065 1170 1109 pressio
1192 1065 1350 1104 habenda,
1368 1069 1422 1096 aut
1436 1063 1543 1107 aliqua
1564 1063 1625 1096 alia
1639 1063 1793 1106 exquisita

1050 1119 1152 1151 forma
1187 1118 1227 1150 ad
1252 1117 1313 1150 hoc
1344 1117 1501 1150 servanda
1528 1121 1632 1155 esset,
1664 1121 1793 1149 tenores

1050 1171 1257 1210 huiusmodi,
1281 1181 1318 1202 ac
1350 1169 1373 1201 si
1397 1170 1435 1202 de
1462 1169 1560 1202 verbo
1586 1169 1625 1202 ad
1646 1169 1791 1208 verbum,

1051 1225 1129 1257 nibil
1162 1224 1290 1268 penitus
1321 1223 1462 1261 omisso,
1491 1228 1520 1255 et
1547 1223 1650 1255 forma
1679 1222 1711 1254 in
1733 1221 1794 1254 illis

1052 1278 1166 1311 tradita
1186 1278 1354 1311 observata
1375 1276 1486 1309 inserti
1505 1276 1620 1315 forent,
1644 1286 1795 1318 praesen-

1053 1332 1136 1364 tibus
1157 1341 1214 1374 pro
1235 1329 1432 1363 sufficienter
1449 1328 1605 1372 expressis
1625 1328 1791 1368 habentes,

1053 1385 1114 1418 illis
1134 1384 1212 1417 alias
1233 1384 1263 1416 in
1285 1394 1342 1416 suo
1355 1383 1473 1416 robore
1486 1382 1718 1426 permansuris,
1736 1382 1795 1414 bac

1053 1439 1120 1472 vice
1138 1438 1300 1472 dumtaxat
1322 1436 1504 1481 specialiter
1522 1441 1552 1468 et
1573 1446 1720 1479 expresse
1741 1435 1796 1468 de-

1054 1503 1206 1535 rogamus
1221 1519 1228 1532 ,
1249 1490 1447 1534 caeterisque
1473 1489 1643 1522 contrariis
1664 1489 1797 1532 quibus-

1055 1556 1204 1589 cumque.
1237 1546 1299 1578 Aut
1323 1544 1348 1577 si
1370 1543 1491 1587 aliquid
1520 1553 1617 1587 super
1641 1542 1797 1586 provisio-

1054 1599 1149 1632 nibus
1170 1598 1230 1631 sibi
1252 1597 1405 1631 faciendis
1423 1597 1462 1629 de
1476 1596 1672 1640 prioratibus
1686 1595 1797 1628 huius-

1801 264 1849 290 An.
1868 264 1897 289 C.
1918 262 1984 290 1599

1831 1545 1899 1566 Etiam
1915 1542 2005 1572 specis-¹

1812 1573 1861 1594 lium
1881 1574 1997 1593 litterarum

1813 1600 1982 1626 apostolicarum.

1056 1652 1143 1685 modi
1163 1651 1329 1695 speciales,
1352 1650 1401 1682 vel
1419 1650 1488 1682 aliis
1506 1648 1672 1682 beneficiis
1689 1649 1795 1682 eccle·
1826 1662 1830 1667 ·

1056 1705 1190 1739 siasticis
1204 1704 1235 1737 in
1261 1704 1322 1737 illis
1342 1703 1489 1747 partibus
1510 1702 1677 1744 generales
1695 1701 1799 1735 dictae

1057 1759 1157 1798 Sedis,
1181 1758 1230 1791 vel
1253 1758 1434 1799 legatorum
1455 1755 1523 1789 eius
1543 1755 1664 1788 litteras
1692 1755 1796 1798 impe-

1059 1813 1182 1853 trarint,
1203 1811 1328 1845 etiamsi
1346 1821 1404 1854 per
1425 1821 1477 1843 eas
1498 1810 1537 1842 ad
1558 1809 1797 1849 inhibitionem,

1058 1866 1308 1900 reservationem
1323 1870 1354 1898 et
1366 1866 1543 1905 decretum,
1560 1863 1608 1896 vel
1629 1863 1706 1896 alias
1720 1872 1801 1906 quo-

1059 1920 1236 1954 modolibet
1265 1919 1305 1952 sit
1335 1928 1539 1963 processum:
1569 1927 1648 1961 quas
1669 1916 1800 1960 quidem

1058 1975 1179 2008 litteras
1200 1979 1231 2006 et
1250 1983 1420 2017 processus
1437 1971 1563 2004 habitos
1580 1981 1637 2014 per
1657 1970 1798 2009 easdem,

1059 2039 1095 2062 ac
1116 2028 1190 2060 inde
1211 2031 1347 2070 sequuta
1372 2034 1597 2069 quaecumque
1611 2051 1618 2064 ,
1641 2023 1681 2056 ad
1706 2022 1798 2067 prio-

1058 2087 1146 2115 ratus
1177 2080 1359 2125 praedictos
1384 2079 1532 2112 volumus
1563 2088 1627 2111 nou
1649 2076 1798 2117 extendi,

1058 2136 1113 2169 sed
1134 2134 1259 2167 nullum
1291 2144 1347 2177 per
1372 2133 1434 2166 hoc
1459 2132 1503 2165 eis
1524 2131 1653 2175 (quoad
1674 2141 1801 2163 assecu-

1061 2188 1179 2221 tionem
1194 2187 1397 2231 prioratuum
1412 2186 1460 2219 vel
1474 2184 1707 2218 beneficiorum
1721 2183 1801 2216 alio-

1060 2241 1146 2284 rum)
1164 2239 1399 2284 praeiudicium
1421 2237 1580 2281 generari.
1604 2237 1665 2270 Seu
1690 2236 1715 2269 si
1743 2236 1802 2268 ali-

1061 2294 1177 2337 quibus
1198 2292 1414 2326 communiter
1427 2292 1475 2324 vel
1489 2290 1614 2324 divisim
1633 2290 1672 2322 ab
1687 2290 1801 2322 eadem

1061 2347 1100 2380 sit
1123 2347 1204 2380 Sede
1236 2346 1409 2385 indultum,
1438 2344 1526 2388 quod
1554 2343 1720 2381 interdici,
1751 2353 1803 2376 su-

1060 2400 1184 2444 spendi,
1210 2400 1258 2433 vel
1284 2397 1557 2432 excommunicari
1588 2407 1653 2430 non
1681 2396 1804 2440 possint

1062 2465 1119 2499 per
1138 2454 1260 2488 litteras
1281 2453 1472 2498 apostolicas
1484 2462 1548 2485 non
1567 2451 1720 2484 facientes
1736 2451 1803 2495 ple-

1062 2518 1135 2540 nam
1157 2512 1188 2541 et
1200 2517 1393 2551 expressam,
1409 2516 1445 2538 ac
1459 2505 1498 2538 de
1509 2505 1606 2538 verbo
1618 2504 1658 2538 ad
1669 2504 1802 2537 verbum

1063 2561 1102 2594 de
1120 2560 1244 2593 indulto
1258 2559 1444 2592 huiusmodi
1466 2557 1675 2598 mentionem,
1693 2563 1721 2590 et
1735 2557 1804 2600 qui-

1063 2613 1202 2646 buslibet
1223 2612 1293 2646 aliis
1313 2611 1499 2656 privilegiis,
1529 2611 1679 2651 indultis;
1703 2615 1734 2643 et
1754 2610 1804 2643 lit-

1064 2667 1139 2701 teris
1160 2666 1346 2712 apostolicis
1359 2665 1564 2709 generalibus
1581 2664 1629 2698 vel
1650 2663 1801 2709 speciali-
