2253 3195
32 212 77 241 An.
97 209 125 237 (Σ.
144 207 210 237 1600

42 2289 197 2319 confirmarique

27 2317 134 2339 aroniim-u
141 2322 197 2345 [netu.

842 208 987 234 etiiznicss
1008 210 1063 234 xm
1087 210 1135 234 re.
1645 200 1702 232 {att

224 266 255 290 et
283 256 395 289 mixtas
424 255 561 289 militum
588 254 746 290 dictarum
773 253 961 290 militiarum

223 311 328 353 vigere
349 310 532 354 reperisses,
559 317 589 344 tu
615 312 654 344 ad
681 311 867 345 huiusmodi
889 323 964 345 con-

223 365 394 397 troversias
412 365 650 398 etdill'erentias
664 366 877 404 dirimendas,
896 372 964 398 tan-

222 428 318 461 quam
352 418 594 460 administrator
624 419 810 451 titilitiarum
846 419 960 451 buius-

222 470 328 510 modi,
345 471 481 503 statuisti
501 477 529 503 et
543 471 697 504 ordinasti
721 477 756 504 ut
775 472 814 504 de
836 478 963 504 caetero

221 534 335 556 causae
356 523 538 557 criminales
552 530 582 557 et
602 524 717 557 mixtae
732 524 869 557 militum
885 535 963 567 quo—

220 587 434 620 rumcumque
455 577 613 610 dictarum
633 578 821 610 militiarum
842 578 873 610 in
899 578 963 621 pri-

220 642 272 663 ma
292 631 442 664 instantia
462 642 520 675 per
540 631 711 664 consilium
730 632 888 664 dictarum
904 631 962 663 mi-

220 684 360 717 litiarum
380 712 387 725 ,
422 685 508 718 iuxta
540 686 675 718 sormam
709 691 904 718 statutorum
932 691 962 718 et

219 738 510 771 stabilimentorum
524 739 678 782 ipsarum,
697 739 847 781 cognosci
858 745 887 772 et
901 745 962 772 ter-

219 791 347 831 minari,
362 792 514 835 quodque
529 793 568 825 ad
590 793 694 836 ipsum
717 793 886 825 consilium
903 792 962 824 mi-

219 844 289 878 lites
310 845 467 878 dictarum
485 845 672 878 militiarum
688 874 695 887 ,
719 846 774 889 qui
796 852 959 889 tamquam

219 898 442 942 delinquentes
469 899 590 932 carceri
623 899 798 943 mancipati
827 899 956 939 suerint,

218 961 236 983 a
256 951 516 995 quibuscumque
549 952 618 985 aliis
648 952 808 986 iudicibus
841 952 959 985 remitti

218 1003 367 1045 debeant,
391 1016 432 1038 ne
456 1005 516 1048 ipsi
538 1005 660 1038 iudices
680 1005 711 1038 in
733 1005 878 1049 ipsorum
902 1005 960 1037 mi-

217 1057 310 1090 litum
331 1058 434 1091 causis
468 1069 537 1091 sese
570 1059 783 1092 intromittere
815 1058 956 1102 possint,

216 1112 368 1155 quodque
396 1122 414 1144 a
436 1112 602 1145 sententiis
626 1123 684 1155 per
706 1112 828 1145 dictum
849 1112 956 1145 consi-

216 1164 294 1196 lium
320 1175 417 1208 super
436 1165 623 1198 huiusmodi
649 1165 754 1198 causis
775 1165 956 1198 criminali-

216 1218 275 1251 bus
284 1224 314 1251 et
326 1219 430 1251 mixtis
444 1219 583 1252 serendis
596 1219 636 1252 ad
650 1219 844 1252 Maiestatem
857 1225 954 1258 tuam,

217 1278 369 1316 tanquam
385 1273 572 1306 militiarum
594 1273 834 1317 praedictarum
855 1273 958 1306 admi-

215 1325 432 1367 nistratorem,
460 1326 614 1371 appellari
636 1326 755 1370 possit,
779 1338 815 1360 ae
845 1327 956 1360 eadem

215 1379 359 1412 Maiestas
388 1386 440 1412 tua
472 1391 583 1413 causas
616 1380 870 1424 appellationum
899 1381 958 1413 hu-

215 1432 354 1466 iusmodi
376 1433 407 1465 in
426 1434 568 1467 secunda
588 1434 738 1467 instantia
756 1440 894 1478 quatuor
907 1434 956 1467 iu-

215 1486 339 1519 dicibus
366 1488 518 1530 (quorum
538 1488 602 1520 duo
628 1487 667 1520 de
687 1487 822 1520 consilio
848 1488 953 1529 regio,

215 1545 244 1573 et
264 1540 317 1572 alii
343 1541 407 1573 duo
428 1541 467 1573 de
485 1541 619 1573 consilio
645 1541 801 1574 Ordinum
829 1541 957 1574 militia-

215 1604 286 1626 rum
315 1594 469 1637 existant)
498 1594 689 1627 committat.
723 1594 769 1627 Ab
794 1594 861 1627 istis
881 1605 956 1627 vero

214 1654 353 1692 quatuor
381 1647 541 1680 iudicibus
561 1648 585 1680 si
614 1654 721 1691 partes
746 1659 779 1681 se
811 1654 956 1691 gravatas

213 1702 381 1742 senserint,
405 1702 467 1735 illis
487 1702 527 1735 ad
548 1702 743 1735 Maiestatem
772 1708 856 1735 tuam
882 1708 953 1735 tan-

213 1767 309 1799 quam
329 1756 622 1789 administratorem
650 1756 807 1789 dictarum
829 1756 956 1789 militia-

213 1819 296 1848 rum,
320 1814 355 1841 ut
375 1809 566 1852 praefertur,
591 1808 706 1842 iterum
729 1809 892 1852 appellare
921 1809 957 1841 li-

213 1861 311 1894 eitum
332 1861 391 1894 sit:
416 1872 479 1905 quo
500 1872 574 1894 casu
601 1861 746 1894 Maiestas
774 1867 825 1894 tua
846 1872 903 1905 per
923 1873 955 1894 se

213 1912 326 1956 ipsam,
349 1912 501 1946 adhibitis
520 1913 666 1956 personis
680 1912 720 1945 ab
737 1923 775 1945 ea
798 1913 955 1956 deputan-

213 1965 282 2006 dis,
315 1977 426 1999 causas
458 1966 586 1999 easdem
613 1966 645 1998 iu
674 1965 766 1998 tertia
792 1971 822 1998 ct
844 1965 956 1999 ultima

213 2019 366 2053 instantia
379 2031 573 2063 cognoscere
588 2026 617 2053 et
633 2020 818 2061 terminare,
835 2031 871 2052 ac
886 2031 957 2053 sen-

214 2073 311 2106 tentia
331 2084 389 2118 per
410 2080 439 2106 te
460 2074 590 2107 serenda
615 2073 795 2107 executioni
818 2074 952 2107 (lernau-

212 2127 293 2169 dari,
317 2128 575 2171 quilmseumque
597 2138 660 2161 non
687 2128 898 2167 obstantibus,
922 2139 955 2161 0-

172 2175 174 2178 ’
213 2181 324 2214 mnino
345 2181 471 2214 debeat.

257 2236 272 2278 ᾗ
289 2235 318 2267 2.
343 2235 418 2269 Cum
441 2241 560 2275 autem,
575 2235 657 2268 sicut
671 2235 782 2267 eadem
798 2235 954 2278 expositio

213 2288 437 2331 subiungebat,
455 2289 601 2322 Maiestas
625 2295 677 2322 tua
695 2299 753 2331 pro
769 2287 883 2320 maiori
904 2298 954 2321 or-

213 2342 385 2375 dinationis
406 2342 588 2387 praedictae
609 2342 772 2375 validitate
799 2341 954 2385 cupiatil-

212 2396 275 2428 lam
308 2402 436 2430 nostrae
468 2396 663 2441 apostolicae
699 2395 954 2428 confirmationis

213 2450 329 2483 robore
350 2450 567 2490 communiri;
591 2450 683 2483 nobis
703 2455 874 2493 propterea
890 2449 951 2481 bu-

213 2503 331 2536 militer
351 2503 525 2547 supplicari
553 2503 637 2543 l'ecit,
662 2508 696 2535 ut
718 2502 748 2534 in
770 2502 954 2545 praemissis

213 2563 395 2600 opportune
420 2557 589 2600 providere
605 2557 644 2589 de
665 2554 863 2597 benignitate
877 2565 954 2599 apo-

213 2610 322 2643 stolica
343 2611 563 2654 dignaremur.

315 2674 392 2702 Ball.
411 2675 493 2701 Rom.
514 2674 573 2702 Vol.
591 2674 624 2701 X.
840 2673 868 2699 Ἡ

999 312 1089 349 votis,
1114 319 1269 355 quantum
1297 323 1369 345 eum
1396 313 1533 346 Domino
1555 323 1735 357 possumus,

999 365 1217 398 lavorabiliter
1249 377 1391 398 annuere
1413 366 1600 409 cupientes,
1631 366 1739 398 liuius-

1000 419 1085 451 modi
1116 419 1407 462 supplicationilms
1430 419 1584 458 inclinati,
1609 420 1740 452 ordina-

999 471 1117 504 tionem
1144 472 1342 514 praedictam
1369 473 1475 515 quoad
1498 473 1615 505 milites
1641 473 1740 505 dicta—

1000 535 1069 556 rum
1112 525 1299 557 militiarum
1317 553 1323 565 ‚
1358 537 1422 558 non
1461 532 1567 558 tamen
1605 526 1740 559 clericos

998 577 1217 615 beneficiatos,
1240 579 1287 610 vel
1308 579 1339 610 in
1354 579 1452 611 saeris
1474 579 1643 612 ordinibus
1664 590 1740 612 con-

997 630 1135 671 stitutos,
1153 636 1207 663 aut
1221 641 1286 671 cos,
1304 631 1357 674 qui
1373 632 1467 673 vulgo
1481 633 1589 674 sreilcs
1609 644 1737 665 nuncu-

996 689 1114 727 pantur
1124 685 1407 727 (quormncausas,
1422 695 1547 718 necnon
1557 686 1740 718 criminales

996 742 1024 769 et
1045 737 1157 770 mixtas
1183 737 1327 781 ipsorum
1357 738 1519 778 militum,
1549 750 1630 782 quae
1652 750 1739 772 mere

996 790 1134 823 existunt
1155 791 1400 830 ecclesiasticae,
1422 791 1568 824 videlicet
1585 792 1737 830 haeresis,

995 843 1152 876 simoniae
1172 855 1208 876 ac
1229 855 1365 883 usurae,
1389 844 1443 876 ubi
1465 844 1571 886 agitur
1591 856 1630 877 an
1657 856 1736 878 con-

997 902 1114 930 tractus
1127 897 1167 930 sit
1180 898 1413 937 foeneratitius,
1431 898 1478 931 rel
1493 909 1532 931 ne
1547 908 1564 930 a
1575 899 1740 941 praedicta

995 950 1200 984 ordinatione
1222 951 1426 995 excipimus),
1447 951 1639 984 auctoritate
1661 962 1738 995 apo—

995 1004 1119 1044 stoliea,
1134 1010 1245 1037 tenore
1258 1005 1489 1048 praesentium,
1507 1006 1740 1038 confirmamus

995 1064 1025 1090 et
1037 1058 1269 1102 approbamus,
1286 1070 1322 1092 ae
1338 1059 1739 1104 inviolabilisapostolieae

994 1111 1156 1145 firmitatis
1177 1113 1295 1145 robore
1320 1114 1583 1153 communimus,
1611 1125 1739 1147 omnes-

994 1175 1056 1208 que
1077 1171 1108 1198 et
1134 1166 1278 1208 singulos
1307 1172 1371 1199 tam
1398 1167 1476 1200 iuris
1495 1194 1502 1207 ,
1537 1178 1633 1211 quam
1664 1168 1737 1200 sacti

994 1218 1156 1259 desectus,
1181 1218 1206 1251 si
1239 1219 1293 1262 qui
1326 1220 1465 1263 desuper
1490 1220 1734 1262 intervenerint,

992 1272 1190 1315 supplemus.

1037 1325 1094 1368 §se
1112 1326 1379 1366 Etnihilominus,
1397 1328 1484 1370 quod
1498 1338 1611 1360 causae
1630 1327 1739 1360 erimi-

991 1380 1080 1413 nales
1094 1385 1125 1413 et
1138 1380 1255 1413 mixtae
1269 1382 1308 1414 ad
1324 1381 1441 1414 milites
1455 1392 1736 1425 (piarumeuinque

992 1434 1151 1467 dictarum
1173 1435 1374 1474 militiarum,
1390 1446 1455 1468 non
1482 1442 1588 1469 tamen
1612 1437 1651 1469 ad
1666 1437 1733 1469 ele-

992 1488 1075 1521 ricos
1095 1488 1315 1527 beneficiatos,
1333 1490 1381 1522 vel
1402 1489 1435 1521 in
1455 1490 1555 1523 sacris
1569 1490 1737 1523 ordinibus

992 1541 1183 1574 constitutos
1204 1548 1258 1575 aut
1279 1543 1388 1585 srez'les
1408 1549 1612 1586 nuncupatos
1631 1543 1733 1587 perti-

991 1601 1114 1635 nentes,
1138 1606 1197 1628 nec
1218 1596 1402 1639 praedictae
1423 1597 1608 1630 criminales
1618 1597 1737 1630 etmix-

991 1654 1039 1681 tae
1061 1659 1148 1681 mere
1167 1649 1402 1683 ecclesiasticae
1416 1650 1558 1682 haeresis
1572 1650 1732 1687 videlicet,

990 1701 1147 1735 simoniae
1172 1708 1202 1735 et
1223 1713 1351 1743 usurae,
1375 1703 1430 1735 ubi
1450 1703 1566 1745 agitur,
1595 1714 1635 1735 an
1659 1714 1736 1736 eon-

992 1760 1110 1788 tractus
1121 1755 1159 1788 sit
1182 1756 1479 1796 t'oeiiei-atitius,vot
1498 1767 1549 1796 ne,
1576 1756 1607 1788 in
1631 1756 1736 1799 prima

991 1808 1143 1841 instantia
1158 1820 1215 1852 per
1229 1809 1399 1842 consilium
1423 1809 1581 1842 dictarum
1605 1809 1735 1842 militia-

990 1872 1074 1902 rum,
1099 1862 1184 1894 iuxta
1206 1863 1344 1895 sormam
1371 1868 1566 1895 statutorum
1589 1868 1619 1895 et
1639 1863 1736 1895 stabi-

990 1914 1198 1948 limentorum
1212 1915 1354 1959 ipsarum
1368 1916 1568 1957 militiarum,
1585 1917 1735 1958 cognosci

991 1974 1020 2001 et
1042 1968 1224 2008 terminari;
1254 1969 1407 2012 quodque
1434 1970 1472 2002 ad
1495 1969 1599 2013 ipsum
1624 1969 1731 2002 consi-

990 2022 1067 2055 lium
1098 2023 1215 2056 milites
1246 2024 1453 2064 militiarum,
1483 2024 1538 2067 qui
1569 2029 1734 2067 tamquam

990 2076 1215 2119 delinquentes
1236 2077 1357 2110 carceri
1388 2077 1561 2120 mancipati
1593 2077 1730 2115 suerint,

990 2140 1007 2161 a
1033 2129 1293 2173 quibuscumque
1323 2131 1393 2163 aliis
1427 2130 1586 2163 iudicibus
1615 2130 1733 2163 remitti

990 2183 1138 2224 debeant,
1156 2194 1215 2216 nec
1237 2184 1296 2227 ipsi
1319 2184 1441 2217 iudices
1460 2184 1491 2216 in
1506 2184 1650 2227 ipsorum
1667 2184 1729 2215 mi-

990 2236 1080 2268 litum
1103 2237 1206 2269 causis
1221 2237 1444 2269 criminalilms
1460 2243 1488 2270 et
1506 2237 1611 2269 mixtis
1632 2248 1727 2280 prae.-

989 2290 1093 2331 dietis,
1117 2296 1268 2334 utsupra
1295 2291 1445 2334 exceptis,
1466 2302 1534 2323 sese
1566 2291 1730 2324 intromit-

990 2349 1056 2376 tere
1082 2344 1224 2387 possin13
1261 2345 1412 2388 quodque
1443 2355 1460 2377 a
1480 2345 1647 2377 sententiis
1675 2356 1734 2388 per

989 2397 1109 2430 dictum
1136 2397 1307 2430 consilium
1329 2409 1426 2441 super
1446 2397 1630 2431 huiusmodi
1653 2409 1731 2431 cau-

988 2450 1030 2482 sis
1057 2450 1280 2483 criminalibus
1301 2457 1328 2483 et
1363 2451 1468 2483 mixtis
1500 2451 1660 2491 ferendis,
1694 2453 1733 2485 ad

988 2502 1182 2536 Maiestatem
1220 2510 1323 2542 tuam,
1354 2510 1518 2547 tamquam
1545 2504 1731 2537 militiarum

988 2557 1229 2599 praedictarum
1258 2557 1554 2591 administratorem
1576 2559 1731 2602 appellari

989 2609 1098 2653 possit,
1123 2621 1159 2643 ac
1181 2611 1291 2644 cadem
1315 2610 1460 2644 Maiestas
1479 2617 1532 2644 tua
1551 2622 1662 2645 causas
1674 2623 1731 2655 ap-

1755 211 1803 237 Ati.
1826 213 1852 238 (i.
1873 212 1939 237 iiiiii)

1044 260 1058 297 ξ
1081 259 1110 291 τί.
1128 259 1190 291 Nos
1209 258 1306 300 igitur
1327 258 1468 292 lumestis
1482 259 1652 292 Maiestatis
1666 265 1738 292 tuae
1768 272 1881 293 ‹101.n.=1.1..1
1894 274 1938 293 ‹xin-

1754 305 1823 323 ιιιι·ιι-,

1807 1339 1881 1358 Sat-xa·
1889 1339 1934 1364 iqut

1753 1368 1866 1390 praecipit.
