2253 3195
8 175 56 202 An.
74 171 102 200 C.
126 171 194 200 ¹593

202 229 310 265 posse,
338 218 464 252 irritum
491 228 620 263 quoque
642 223 673 251 et
694 218 788 251 inane
809 218 834 251 si
855 228 946 251 secus

201 284 297 318 super
331 273 380 306 liis
404 283 422 305 a
447 283 633 317 quoquam,
662 272 771 316 quavis
801 271 942 305 auctori-

201 332 284 367 tate,
304 327 444 360 scienter
474 327 521 359 vel
557 326 745 370 ignoranter
775 324 946 367 contigerit

200 377 360 414 attentari.

245 436 261 476 ἓ
283 434 313 467 9.
338 434 406 467 Non
425 433 627 468 obstantibus
649 433 810 466 voluntate
838 437 946 464 nostra

15 495 184 527 nefogazioeon·
200 488 352 532 praefata,
377 498 413 520 ac
433 486 653 520 Lateranensis
677 485 809 519 Concilii
839 485 945 518 novis-

3 525 121 545 mnarum.
200 541 279 574 sime
299 540 452 574 celebrati
475 540 610 573 uniones
630 537 818 583 perpetuas,
837 538 896 571 nisi
914 538 946 571 in

199 593 325 627 casibus
345 603 363 626 a
384 593 452 626 iure
470 593 644 637 permissis,
668 592 738 625 sieri
764 591 943 635 prohiben-

199 647 238 680 tis
256 652 286 680 et
299 647 463 691 quibusvis
477 647 547 680 aliis
567 646 849 680 constitutionibus
870 656 947 690 apo-

198 700 340 741 stolicis;
368 700 543 744 privilegiis
573 710 725 744 qnoque,
753 699 886 733 indultis
917 705 946 732 et

199 753 312 787 litteris
331 754 516 798 apostolicis
537 759 649 787 contra
667 753 843 797 praemissa
864 763 945 796 quo-

199 807 377 841 modolibet
396 808 566 848 concessis,
587 807 785 841 confirmatis
803 813 834 840 et
854 807 946 839 inno-

198 860 292 901 vatis;
316 861 434 905 quibus
455 861 617 901 omnibus,
639 861 764 894 etiamsi
791 870 850 904 pro
875 860 943 893 illo-

199 926 271 948 rum
291 915 461 949 sufficienti
483 915 713 957 derogatione,
738 915 776 948 de
805 914 867 948 illis
891 924 945 947 eo-

198 979 335 1014 rumque
348 969 421 1003 totis
435 969 600 1003 tenoribus
611 968 770 1012 specialis,
780 967 941 1012 specifica,

198 1034 346 1068 expressa
366 1029 398 1057 et
421 1023 586 1056 individua
618 1023 739 1056 mentio
770 1022 940 1062 habenda,

198 1083 252 1110 aut
272 1077 381 1122 aliqua
409 1077 470 1110 alia
495 1077 653 1121 exquisita
683 1077 787 1110 forma
818 1077 858 1110 ad
883 1076 945 1110 hoc

197 1131 353 1165 servanda
372 1131 466 1172 soret,
489 1141 601 1164 eorum
620 1130 766 1164 omnium
787 1136 817 1164 et
837 1130 945 1173 singu-

197 1184 303 1218 lorum
321 1190 448 1219 tenores
469 1185 691 1229 praesentibus
705 1195 763 1229 pro
784 1184 944 1217 sufficien-

198 1243 247 1271 ter
277 1239 433 1283 expressis
468 1244 498 1272 et
526 1238 653 1272 insertis
678 1238 852 1279 habentes,
882 1237 944 1270 illis

197 1291 275 1325 alias
295 1291 327 1325 in
348 1302 406 1325 suo
424 1292 541 1326 robore
554 1291 785 1337 permansuris,
800 1291 860 1324 hac
876 1290 944 1323 vice

197 1344 379 1387 dumtaxat,
412 1346 528 1379 harum
563 1346 666 1385 serie,
701 1345 882 1390 specialiter
913 1350 944 1378 et

195 1409 342 1444 expresse
368 1400 576 1443 derogamus,
611 1399 789 1444 ceterisque
817 1406 941 1433 contra·

196 1453 251 1487 riis
263 1453 533 1498 quibuscumque.
550 1455 613 1487 Aut
631 1454 656 1487 si
677 1454 853 1498 aliquibus,
868 1459 939 1495 etc„

195 1507 360 1549 generari3
383 1513 414 1541 et
430 1507 596 1552 quibusvis
617 1507 702 1548 aliis,
726 1511 797 1549 etc,
822 1508 942 1542 mentio

195 1560 352 1604 specialis,
375 1565 431 1594 etc.

239 1614 323 1648 Nulli
344 1625 433 1658 ergo,
457 1619 513 1648 etc.

238 1667 354 1701 Datum
366 1669 488 1702 Romae
508 1669 595 1713 apud
614 1669 765 1702 Sanctum
786 1670 938 1709 Marcum,

195 1730 280 1754 anno
309 1722 544 1755 Incarnationis
574 1722 762 1756 Dominicae
792 1733 938 1764 noxum,

193 1783 247 1808 xiv
267 1774 420 1810 kalendas
438 1775 584 1819 augusti,
608 1775 815 1819 pontificatus
839 1776 940 1810 nostri

194 1837 279 1862 anno
303 1838 339 1863 11.

228 1890 289 1918 Dat.
305 1891 349 1919 die
365 1891 398 1919 19
412 1890 470 1919 iulii
484 1891 566 1926 1593,
587 1891 683 1927 pontif.
700 1900 744 1919 an.
762 1899 791 1919 ιι.

25 1614 110 1638 Sanctio
129 1622 180 1643 poe-

0 1642 58 1663 ulis.

521 2073 609 2107 LXX.

197 2178 407 2222 Confirmatio
421 2179 676 2223 privileqiorum
696 2178 826 2223 colleqii
847 2178 938 2218 lecto-

237 2252 313 2275 rum
329 2241 558 2275 Universitatis
570 2240 682 2275 studii
696 2241 865 2275 Generalis
879 2242 939 2274 Pe-

237 2304 357 2337 rusini.

409 2394 543 2422 Clemens
563 2394 643 2428 Papa
662 2393 740 2428 vm,

319 2449 356 2476 ad
375 2452 553 2484 perpetuam
570 2449 614 2476 rei
631 2447 814 2476 memoriam.

239 2527 499 2562 Confirmationis
519 2535 648 2563 nostrae
669 2539 801 2562 manum
823 2527 855 2561 in
875 2527 936 2569 his,

195 2587 280 2625 quae
296 2591 354 2626 per
372 2582 534 2617 Romanos
553 2582 725 2618 Pontifices
745 2581 936 2626 praedeces-

824 169 971 194 CLEMENS
988 169 1046 193 vn!
1066 169 1115 193 PP.

1655 158 1689 192 71
1742 168 1791 195 An.
1814 167 1842 195 c.
1860 168 1929 197 1593

981 228 1068 251 sores
1089 222 1215 250 nostros
1239 215 1399 249 bonarum
1421 216 1539 249 artium
1560 217 1723 260 professo-

981 270 1079 308 ribus,
1104 276 1134 303 ut
1157 271 1197 303 ad
1218 280 1352 304 munera
1372 280 1429 303 sua
1450 270 1600 303 obeunda
1620 280 1729 313 proin-

981 324 1066 367 ptins
1097 324 1296 364 excitentur,
1321 334 1472 357 concessa
1505 323 1656 363 suerunt,
1685 324 1725 356 li-

980 377 1094 410 benter
1114 377 1319 421 apponimus,
1335 388 1371 410 ac
1391 388 1428 409 ca
1449 387 1531 421 quac
1548 388 1566 409 a
1586 377 1678 410 nobis
1692 388 1729 410 cx

981 431 1084 464 causis
1105 437 1180 464 tunc
1205 432 1436 475 apparentibus
1458 437 1665 470 emanarunt,
1690 442 1729 465 ne

982 484 1113 527 aliquod
1150 485 1290 528 desuper
1325 485 1593 529 impedimentum
1630 496 1725 529 prae-

980 544 1075 577 stent,
1090 539 1129 571 ad
1152 539 1323 582 pristinum
1345 545 1461 572 statum
1480 539 1676 579 reducimus,
1693 549 1729 572 ae

981 591 1058 624 alias
1079 591 1291 635 disponimus,
1316 597 1412 636 prout
1431 603 1449 625 a
1469 592 1562 626 nobis
1582 593 1727 626 subdito-

980 656 1051 677 rum
1073 651 1145 678 vota
1167 651 1352 689 exposcunt,
1377 651 1407 678 et
1432 656 1490 679 nos
1511 646 1729 690 conspicimus

981 699 1012 732 in
1032 699 1169 732 Domino
1194 700 1366 733 salubriter
1386 700 1547 744 expedire.

1025 755 1041 795 ξ
1064 753 1092 786 l.
1117 753 1199 787 Sane
1224 753 1330 787 dilecti
1352 753 1409 786 filii
1430 754 1520 797 prior
1545 760 1575 787 et
1600 754 1726 797 collegii
1755 764 1928 802 ¹iuvamina-sn..

980 807 1155 850 utriusque‘
1170 807 1247 840 iuris
1272 802 1420 841 doctores
1440 818 1476 840 ac
1497 807 1634 841 lectores
1651 808 1729 841 Uni·
1744 791 1928 853 ifffssssssi'ssii‘iissgffl'i

980 860 1137 893 versitatis
1153 861 1256 894 Studii
1276 860 1441 894 Generalis
1453 860 1586 894 civitatis
1600 866 1728 894 nostrae
1744 850 1870 865 mmmm
1893 845 1927 865 ’Μ

979 915 1152 948 Perusinae
1185 916 1277 949 nobis
1309 926 1412 960 nuper
1443 915 1558 959 exponi
1585 916 1729 949 fecerunt

979 969 1082 1012 quod,
1122 979 1194 1001 cum
1234 969 1312 1002 alias
1357 969 1457 1002 felicis
1495 969 1728 1003 recordationis

978 1021 1041 1055 Leo
1061 1022 1087 1054 X
1101 1049 1109 1063 ,
1133 1022 1249 1055 Paulus
1269 1023 1326 1063 Ill,
1348 1022 1422 1055 Pius
1443 1023 1479 1055 IV
1505 1028 1536 1056 et
1561 1022 1666 1056 Sixtus
1690 1023 1725 1062 V,

979 1075 1116 1108 Romani
1134 1075 1305 1109 Pontifices
1325 1076 1590 1120 praedecessores
1611 1076 1725 1116 nostri,

979 1128 1084 1162 eidem
1111 1129 1248 1172 collegio
1274 1140 1310 1163 ac
1335 1129 1510 1163 lectoribus
1531 1130 1728 1174 quamplura

979 1183 1156 1227 privilegia,
1181 1184 1364 1224 facultates,
1386 1184 1622 1223 concessiones,
1650 1194 1724 1227 gra-

979 1237 1038 1270 tias
1058 1242 1089 1270 et
1114 1237 1259 1278 indulta,
1286 1243 1349 1270 tam
1378 1248 1475 1281 super
1500 1237 1649 1270 facultate
1675 1248 1727 1270 co-

979 1291 1154 1334 gnoscendi
1176 1301 1234 1335 per
1260 1291 1359 1335 ipsius
1384 1291 1511 1334 collegii
1537 1291 1725 1335 praesiden-

978 1350 1024 1378 tes
1044 1356 1155 1379 causas
1175 1346 1430 1390 appellationum
1451 1356 1469 1378 a
1494 1345 1660 1379 sententiis
1683 1346 1726 1378 vi-

978 1399 1229 1441 ce-legatorum,
1259 1399 1514 1442 gubernatorum
1540 1405 1568 1432 et
1587 1399 1725 1432 aliorum

978 1463 1259 1497 quorumcumque
1290 1453 1434 1486 eiusdem
1473 1452 1608 1485 civitatis
1644 1452 1726 1486 iudi-

977 1516 1062 1545 cum,
1086 1517 1248 1540 summam
1277 1512 1406 1540 centum
1439 1506 1630 1539 ducatorum
1660 1517 1725 1540 non

977 1560 1197 1594 excedentium
1213 1588 1220 1601 ,
1251 1571 1287 1593 ac
1318 1560 1519 1603 legitimandi
1544 1560 1670 1604 spurios
1695 1567 1725 1594 et

976 1614 1159 1654 bastardos‚
1189 1623 1316 1647 necnon
1346 1613 1476 1646 creandi
1501 1613 1645 1647 notarios
1669 1624 1725 1647 seu

976 1667 1178 1708 tabelliones,
1195 1678 1231 1701 ae
1251 1667 1466 1710 assignatione
1487 1667 1638 1711 stipendii
1660 1667 1726 1701 sive

976 1721 1094 1762 salarii,
1109 1732 1145 1754 ac
1166 1721 1250 1754 illius
1271 1721 1415 1754 aumenti
1436 1720 1611 1754 lectoribus
1633 1720 1665 1754 in
1679 1721 1727 1754 di-

976 1781 1025 1808 cta
1041 1774 1252 1808 Universitate
1265 1774 1394 1819 publice
1415 1774 1608 1816 legentibus
1625 1774 1726 1807 illius-

976 1839 1038 1872 que
1062 1828 1222 1862 solutione
1253 1839 1289 1861 ac
1314 1827 1543 1861 distributione
1564 1827 1649 1861 inter
1673 1828 1722 1861 le-

976 1888 1080 1916 ctores
1100 1882 1260 1927 portionis
1280 1893 1339 1926 per
1360 1882 1484 1915 obitum
1503 1881 1660 1926 cuiusque
1681 1882 1726 1916 le-

975 1935 1072 1969 ctoris
1100 1936 1263 1977 vacantis,
1292 1935 1532 1976 concesserint,
1561 1946 1598 1969 ac
1623 1935 1722 1975 alias,

974 1995 1071 2033 prout
1094 1989 1126 2022 in
1151 1990 1285 2033 singulis
1310 1990 1471 2024 dictorum
1498 1990 1724 2034 praedecesso-

975 2054 1047 2077 rum
1072 2044 1186 2078 litteris
1218 2045 1358 2089 desuper
1388 2044 1566 2085 consectis,
1598 2044 1724 2089 plenius

974 2097 1167 2132 continetur.

1018 2151 1083 2195 5⁹2.
1114 2151 1291 2196 Cupiebant
1323 2152 1414 2196 prior
1443 2158 1474 2186 et
1505 2153 1653 2186 doctores
1685 2155 1923 2204 acsibilassecggffimeg

974 2206 1111 2238 lectores
1131 2205 1264 2249 praefati
1283 2206 1460 2250 praemissa
1481 2205 1590 2239 omnia
1603 2216 1640 2238 ac
1658 2205 1722 2238 sin·
1736 2212 1818 2235 retunt-

973 2258 1063 2301 gulas
1076 2258 1199 2292 litteras
1212 2259 1372 2303 praefatas
1390 2269 1448 2303 per
1468 2270 1526 2292 nos
1547 2258 1721 2303 approbari

973 2317 1004 2345 et
1023 2312 1221 2353 confirmari,
1246 2324 1282 2346 ac
1303 2312 1380 2345 alias
1412 2313 1551 2357 desuper
1579 2312 1718 2357 disponi.

973 2366 1077 2406 Quare
1090 2366 1184 2400 nobis
1198 2366 1364 2400 humiliter
1383 2366 1559 2411 supplicari
1578 2367 1723 2400 fecerunt

974 2425 1132 2464 quatenus
1145 2430 1259 2453 eorum
1277 2419 1438 2453 desiderio
1460 2419 1646 2453 huiusmodi
1667 2430 1722 2452 an-

974 2484 1085 2514 nuere,
1110 2484 1146 2506 ac
1167 2473 1245 2506 alias
1273 2473 1305 2506 in
1326 2473 1512 2517 praemissis
1539 2478 1722 2518 opportune

973 2527 1144 2572 providere
1174 2527 1213 2560 de
1244 2526 1442 2570 benignitate
1473 2527 1651 2571 apostolica
1676 2526 1722 2559 di-

975 2590 1160 2623 gnaremur.

1769 231 1908 251 Prooemium.

1745 872 1865 891 enunciata.
