2253 3195
287 275 338 301 An.
357 273 384 301 c.
401 274 468 301 1601
519 265 582 299 726
674 277 682 283 ·
1068 275 1252 299 acumina
1277 275 1431 299 nonarum

486 334 546 368 pro
563 329 710 368 tempore
729 324 918 357 existentem
936 323 1125 367 episcopum
1137 333 1232 367 prae-

486 377 585 410 fatum
598 377 762 410 dumtaxat
781 376 813 409 in
833 382 1024 420 perpetuum
1037 376 1134 420 pleno
1148 375 1229 417 iure,

487 429 685 464 cessantibus
702 435 807 463 tamen
823 429 945 463 eisdem
959 429 1233 463 reservationihus

486 489 517 516 et
537 482 761 516 affectionibus
774 510 781 523 ,
805 489 963 527 spectaret
984 488 1016 516 et
1039 482 1228 527 pertineret,

486 536 620 580 ipseque
641 535 827 580 episcopus,
851 541 1023 580 postquam
1044 536 1231 569 huiusmodi

487 589 653 622 translatio
671 599 765 622 suum
791 589 904 622 sortita
929 595 1012 622 esset
1031 589 1190 630 effectum,
1215 599 1233 622 a

486 642 704 687 praestatione
727 649 868 687 quatuor
898 642 1080 676 eminarum
1114 642 1229 684 tritici,

487 702 518 730 et
537 696 648 730 decem
669 696 825 730 librarum
847 702 995 730 monetae
1016 697 1048 730 in
1069 696 1155 730 dicto
1176 707 1233 741 op-

487 750 564 794 pido
599 761 730 784 cursum
768 749 916 783 habentis
930 778 938 791 ,
967 760 1062 794 quam
1098 750 1233 793 singulis

487 803 650 837 canonicis
675 803 780 837 dictae
804 804 957 838 ecclesiae
977 804 1084 837 Sancti
1104 803 1234 837 Ioannis

486 856 647 901 Baptistae
672 857 838 891 annuatim
860 857 966 891 facere
984 862 1124 898 tenetur,
1148 863 1234 902 post-

487 920 584 954 quam
607 920 719 944 eorum
740 911 946 954 praebendae
959 922 1018 955 per
1039 911 1164 945 obitum
1185 912 1232 944 vel

487 974 668 1004 ascensum,
697 964 762 998 sive
781 964 1059 1007 subrogationem,
1083 971 1137 998 aut
1157 965 1235 999 alias

488 1018 735 1061 quomodolibet
755 1029 945 1062 suppressae
966 1019 1082 1059 forent,
1107 1018 1189 1052 liber
1205 1025 1235 1052 ct

487 1071 642 1105 immunis
667 1078 872 1112 censeretur,
896 1078 993 1116 prout
1024 1072 1055 1105 in
1087 1083 1152 1105 uno
1179 1083 1235 1106 seu

487 1124 636 1168 pluribus
678 1125 899 1158 instrumentis
937 1136 993 1158 seu
1033 1126 1235 1159 documentis

490 1177 598 1211 aliisve
624 1178 792 1222 scripturis
817 1179 955 1222 publicis
975 1185 1006 1212 et
1025 1179 1157 1223 privatis
1181 1180 1236 1213 de-

488 1242 586 1276 super
608 1231 762 1265 consectis
778 1232 905 1276 plenius
923 1232 1041 1266 dicitur
1062 1233 1231 1266 contineri.

533 1287 549 1327 g
570 1284 600 1317 2.
622 1284 726 1324 Quare
747 1284 851 1318 dictus
868 1285 1036 1329 Philippus
1057 1296 1110 1318 rex
1130 1286 1235 1319 nomi—

297 1349 474 1378 mmmmm-pi
489 1337 584 1371 nibus
603 1337 755 1382 praefatis
772 1338 866 1371 nobis
880 1338 1047 1372 humiliter
1059 1339 1234 1384 supplicari

288 1379 574 1432 isiz‘ii‘ussmmm'fecit,
597 1397 756 1435 quatenus
785 1391 992 1425 residentiam
1029 1392 1170 1436 episcopi
1205 1399 1236 1426 et

489 1444 632 1489 capituli,
647 1455 683 1478 ac
697 1445 927 1478 canonicorum
942 1445 1128 1479 Elnensium
1142 1457 1234 1490 prae-

488 1499 630 1532 fatorum
652 1499 692 1532 ad
718 1498 839 1532 dictum
867 1499 1024 1542 oppidum
1051 1499 1233 1543 Pei-piniani

489 1553 587 1586 modo
609 1558 639 1586 et
660 1553 763 1586 forma
793 1552 1005 1596 infrascriptis
1035 1553 1230 1593 transferre,

489 1606 600 1650 eisque
629 1606 668 1639 de
694 1612 762 1640 tuta
791 1606 1072 1647 commoratione,
1095 1617 1131 1640 ac
1157 1607 1234 1641 alias

489 1660 520 1693 in
542 1660 725 1703 praemissis
743 1666 925 1704 opportune
943 1660 1113 1704 providere
1127 1661 1166 1694 de
1180 1661 1235 1694 be-

489 1714 644 1757 nignitate
664 1715 841 1759 apostolica
862 1715 1081 1757 dignaremur.

535 1768 550 1812 ἓ
570 1767 600 1801 3.
625 1768 687 1802 Nos
709 1768 825 1811 igitur,
849 1768 902 1812 qui
925 1769 1048 1802 dudum
1070 1769 1153 1802 inter
1173 1769 1235 1802 alia

290 1804 473 1858 qS'tss'lfflsstcffi‘f
489 1821 661 1862 voluimus,
685 1822 772 1865 quod
794 1827 939 1865 petentes
960 1822 1117 1855 beneficia
1135 1822 1235 1855 ecele—

489 1874 616 1908 siastica
641 1874 711 1907 aliis
730 1874 824 1915 uniri,
849 1881 1037 1908 tenerentur
1057 1875 1236 1919 exprimere

491 1939 601 1962 verum
624 1938 767 1961 annuum
783 1929 922 1962 valorem
941 1929 1118 1962 secundum
1141 1929 1234 1962 aesti-

491 1982 665 2016 mationem
687 1984 864 2026 praesatam
886 1983 982 2015 etiam
1005 1982 1166 2023 beneficii,
1185 1983 1235 2016 cui

490 2036 577 2069 aliud
599 2036 684 2069 uniri
710 2043 885 2080 peteretur,
911 2037 1055 2080 alioquin
1076 2037 1153 2070 unio
1171 2047 1235 2070 non

489 2090 620 2130 valeret,
638 2096 667 2123 ct
687 2101 816 2134 semper
836 2090 866 2123 in
889 2090 1063 2123 unionibus
1083 2091 1234 2123 commis-

491 2144 537 2178 sio
559 2144 649 2177 lieret
671 2146 710 2177 ad
733 2150 851 2188 partes,
877 2143 996 2177 vocatis
1016 2154 1154 2188 quorum
1182 2144 1232 2177 in-

491 2203 635 2238 teresset,
651 2196 802 2241 idemque
823 2203 1004 2230 servaretur
1022 2197 1053 2229 in
1071 2197 1236 2240 quibusvis

490 2251 774 2295 suppressionibus
805 2250 988 2294 perpetuis.
1013 2250 1231 2283 concessioni-

491 2305 560 2343 bus,
571 2303 912 2337 disincinbrationilius
923 2309 952 2336 ct
967 2303 1235 2347 applicationibus

491 2358 587 2391 etiam
603 2358 640 2390 tle
657 2358 915 2401 quibuscumque
931 2357 1086 2390 fructibus
1100 2357 1236 2390 ethonis

491 2411 730 2448 ecclesiasticis,
755 2412 948 2444 modernum
971 2411 1177 2455 episcopum,
1206 2417 1234 2444 ct

491 2465 669 2507 singulares
693 2476 847 2509 personas
879 2464 1095 2508 capitulorum
1123 2470 1151 2497 et
1179 2475 1232 2497 ca—

493 2519 684 2552 nonicorum
707 2518 892 2552 huiusmodi
920 2530 936 2551 a
962 2518 1137 2561 quibusvis,
1162 2522 1232 2567 etc..

1265 322 1519 367 applicationum
1540 324 1659 358 mensis
1678 324 1838 368 praefatis,
1853 324 2009 358 hactenus

1266 376 1511 420 quomodolibet
1528 378 1698 418 factarum,
1716 388 1903 422 causasque,
1917 388 2009 411 occa—

1265 429 1371 463 siones
1399 435 1429 464 et
1458 430 1738 471 circumstantias,
1761 441 1834 464 cum
1859 431 1934 464 inde
1953 441 2005 464 se*

1265 483 1373 527 quutis
1381 484 1605 527 praesentibus
1612 495 1671 528 pro
1680 484 1837 528 expressis
1843 484 2010 525 habentes,

1265 536 1451 570 huiusmodi
1461 536 1751 581 supplicationibus
1761 537 1916 578 inclinati,
1933 537 2010 571 resi-

1265 589 1407 622 dentiam
1429 595 1460 622 et
1479 589 1712 623 habitationem
1733 590 1881 624 moderni
1901 601 1938 623 ac
1950 601 2010 635 pro

1268 649 1412 687 tempore
1432 643 1596 677 existentis
1613 644 1768 688 episcopi,
1785 654 1912 677 necnon
1925 644 2010 688 capi-

1269 697 1323 730 tuli
1334 703 1365 730 et
1375 697 1575 740 singulorum
1591 697 1823 730 canonicorum
1836 697 2007 738 Ecclesiae,

1266 750 1464 791 huiusmodi,
1479 761 1515 784 ac
1528 751 1700 794 dignitates
1710 750 1742 784 in
1757 761 1793 784 ea
1802 761 1888 784 nunc
1901 756 1932 785 et
1951 761 2011 794 pro

1268 809 1413 847 tempore
1434 803 1649 838 obtinentium
1664 815 1736 837 cum
1752 810 1889 848 utraque
1901 813 2012 838 mensa

1267 856 1441 900 episcopali
1462 856 1612 897 similiter
1635 863 1665 890 et
1685 857 1864 901 capitulari,
1882 867 1918 891 ac
1939 867 2012 891 arca

1268 915 1299 942 et
1318 909 1424 952 sigillo
1436 910 1676 950 communibus,
1688 921 1816 944 necnon
1829 910 2012 954 potioribus

1268 962 1434 1007 reliquiis,
1459 963 1676 1007 omnibusque
1704 969 1735 998 et
1761 963 1895 1007 singulis
1920 964 2013 998 bonis

1270 1016 1444 1050 mobilibus
1472 1023 1504 1050 et
1526 1017 1783 1059 semoventibus,
1808 1017 2009 1052 distributio-

1269 1070 1363 1104 nibus
1384 1070 1479 1104 etiam
1501 1071 1718 1114 quotidianis,
1743 1071 1867 1105 iuribus
1881 1099 1889 1112 ,
1911 1071 2012 1115 perti-

1269 1122 1404 1163 nentiiS,
1429 1123 1678 1157 obventionibus
1707 1130 1738 1157 et
1758 1123 2009 1166 emolumentis,

1269 1183 1460 1210 nontamen
1486 1177 1750 1221 provenientibus
1781 1189 1817 1211 ex
1848 1177 2013 1212 beneficiis

1269 1236 1299 1264 et
1317 1231 1543 1265 anniversariis
1563 1231 1703 1264 fundatis
1721 1231 1752 1264 in
1771 1231 1855 1265 dicta
1871 1232 2014 1265 Ecclesia

1269 1284 1414 1325 Elnensi,
1438 1295 1520 1328 quae
1540 1290 1614 1318 sunt
1640 1284 1909 1318 beneficiatorum
1935 1295 2012 1329 pro-

1269 1336 1350 1380 pria,
1366 1343 1397 1370 et
1413 1347 1496 1380 quae
1511 1337 1678 1370 transferri
1695 1343 1726 1371 et
1739 1337 1837 1371 dividi
1850 1348 1916 1371 non
1936 1347 2012 1382 pos-

1268 1390 1342 1431 sint,
1362 1391 1417 1424 scd
1436 1390 1467 1423 in
1489 1390 1573 1423 dicta
1588 1391 1729 1424 Ecclesia
1741 1391 1870 1424 Eluensi
1890 1391 2012 1436 absque

1269 1443 1398 1477 illorum
1424 1443 1638 1477 diminutione
1659 1444 1792 1478 omnino
1811 1450 2009 1487 remaneant,

1268 1508 1303 1531 ac
1334 1508 1442 1538 saera,
1475 1503 1505 1531 et
1536 1497 1720 1539 communi,
1758 1504 1790 1531 et
1822 1497 2012 1542 pretiosiore

1267 1551 1504 1596 suppellectile,
1532 1552 1672 1592 statutis,
1706 1551 2009 1594 consuetudinibus,

1268 1604 1460 1648 privilegiis,
1485 1604 1636 1645 indultis,
1661 1605 1929 1649 exemptionibus,
1953 1605 2014 1639 im-

1269 1658 1495 1699 munitatibus,
1530 1658 1778 1702 praerogativis,
1817 1658 2009 1700 honoribus,

1269 1712 1542 1752 concessionibus,
1564 1712 1724 1746 favoribus
1750 1718 1779 1745 et
1805 1712 1926 1755 gratiis,
1949 1718 2011 1746 tam

1269 1766 1490 1810 spiritualibus
1513 1776 1610 1810 quam
1642 1766 1890 1810 temporalibus,
1917 1777 1954 1800 ac
1981 1777 2014 1801 e-

1271 1820 1345 1853 tiam
1368 1820 1532 1861 oneribus,
1549 1820 1747 1863 caeterisque
1772 1820 1868 1854 rebus
1881 1820 2014 1864 quibus·

1270 1884 1408 1917 cumque
1438 1885 1473 1906 ex
1505 1873 1632 1907 civitate
1661 1879 1691 1906 et
1713 1873 1854 1907 Ecclesia
1884 1874 2013 1908 Elnensi

1270 1928 1419 1972 praefatis
1433 1928 1472 1960 ad
1487 1927 1643 1971 oppidum
1666 1933 1695 1960 ct
1716 1928 1884 1961 ecclesiam
1905 1927 2013 1962 Sancti

1270 1980 1396 2014 loannis
1417 1980 1576 2024 Baptistae
1597 1980 1794 2021 huiusmodi,
1819 1980 1952 2025 eiusque
1971 1981 2012 2015 si-

1270 2041 1357 2071 tum.
1383 2034 1539 2067 ambitum
1562 2039 1592 2067 ct
1613 2034 1772 2071 claustra,
1797 2034 1839 2068 ita
1863 2035 1951 2077 quod
1976 2045 2011 2068 ex

1269 2100 1354 2122 nnnc
1369 2088 1520 2132 deinceps
1542 2088 1705 2133 perpetuis
1725 2088 1840 2121 suturis
1858 2088 2012 2133 tempori-

1271 2143 1328 2176 bus
1349 2143 1519 2186 episcopus
1534 2169 1541 2183 ,
1566 2142 1742 2186 capitulum
1763 2149 1795 2175 et
1822 2141 1938 2185 singuli
1959 2153 2012 2176 ca-

1270 2196 1375 2229 nonici
1401 2195 1560 2229 Ecclesiae
1581 2195 1725 2229 Elnensis
1751 2195 1959 2237 huiusmodi,
1983 2202 2013 2230 et

1270 2250 1441 2291 dignitates
1462 2249 1491 2281 in
1514 2261 1549 2281 ea
1576 2249 1758 2282 obtinentes
1778 2249 1809 2281 in
1837 2248 1957 2294 oppido
1982 2255 2014 2284 et

1270 2305 1403 2337 ccclesia
1424 2304 1528 2337 Sancti
1551 2303 1677 2337 loannis
1691 2303 1850 2347 Baptistae
1864 2303 2014 2347 praetatis

1271 2358 1422 2397 residere,
1448 2357 1566 2390 morari
1588 2363 1618 2390 et
1640 2356 1795 2396 habitare,
1819 2367 1855 2389 ac
1875 2366 2012 2401 pensum

1271 2412 1423 2444 horarum
1447 2411 1674 2443 canonicarum
1704 2416 1766 2442 tatn
1797 2409 2009 2451 diurnarum,

1270 2476 1366 2509 quain
1389 2471 1632 2504 nocturnarum,
1657 2464 1862 2507 aliorumque
1882 2463 2010 2497 divino-

1271 2530 1340 2551 rum
1362 2518 1542 2551 officiorum
1566 2518 1594 2550 in
1618 2518 1729 2550 cadem
1749 2516 1883 2550 ecclesia
1903 2517 2011 2551 Sancti

493 2579 669 2612 censentes,
694 2577 764 2608 etc..
793 2584 917 2606 net-non
947 2573 1234 2605 instrumentorum
1271 2572 1396 2605 loannis
1417 2571 1574 2615 baptistae
1592 2571 1790 2615 persolvere:
1816 2571 2011 2613 sorumquo-

493 2637 547 2658 sen
573 2627 855 2665 ‹l0·.·tnin.·ntortnn,
877 2627 1080 2670 aliarumque
1097 2625 1234 2670 scriptu·
1269 2636 1342 2669 quc,
1368 2625 1506 2658 tribunal
1528 2631 1557 2659 et
1579 2624 1774 2658 audientiam
1798 2630 1860 2657 tam
1883 2623 2008 2667 epist-o-

494 2690 601 2712 rarum
624 2679 820 2715 huiusmodi.
845 2693 879 2713 ac
909 2680 1004 2713 cti-'nn
1028 2681 1184 2713 unionum
1204 2685 1233 2713 et
1267 2679 1371 2723 palem
1403 2690 1498 2722 qnam
1530 2678 1738 2722 capitularem
1771 2688 1828 2721 pro
1861 2677 2012 2711 exercitio
