2253 3195
248 232 298 260 An.
317 232 346 259 C.
364 233 432 261 1597

287 712 310 732 Et
322 713 348 731 nt·
359 712 434 732 eadem

268 738 434 768 congregatione

269 768 383 792 separati-⁸.

286 2496 370 2515 sutum
395 2501 441 2513 wu-

260 2523 314 2541 ιιιιΙΙ.ι
335 2522 360 2540 :int
376 2522 442 2540 ο-ιιΙιι-

260 2549 349 2567 utemini·
374 2554 443 2572 quan·-

260 2574 443 2599 nunqu-tzuimrr-

261 2603 351 2624 uatium·
371 2600 444 2625 iti-pa·

478 222 543 257 340

447 281 584 324 gationis
602 279 785 324 praedictae
797 279 1041 322 Hispaniarum,
1057 279 1191 322 posthac

448 340 603 378 perpet-uo
624 333 803 372 eximimus,
826 342 1014 375 separamus
1034 338 1066 365 et
1084 342 1192 374 segre—

448 397 572 429 gamus,
588 386 755 429 ipsamque
775 385 909 418 domum
926 384 1027 425 urbis,
1042 389 1074 418 et
1092 386 1191 418 colle-

449 439 536 482 gium
559 449 617 471 seu
642 437 875 471 monasterium
903 438 1040 471 Sanctae
1059 439 1188 479 Annae,

449 503 486 525 ac
505 490 736 524 monasterium
755 491 947 524 monialium
967 491 1013 524 De
1032 491 1108 524 Iesu
1123 492 1193 524 Ma-

448 545 502 577 ria
519 543 684 578 Ianuensis
710 544 876 588 praedicta
903 544 1040 577 invicem
1063 544 1193 578 unimus

449 602 481 630 et
499 597 758 640 incorporamus.

493 652 511 693 g
531 650 563 683 4.
586 651 696 695 anue
715 661 734 684 a
753 650 1008 693 Congregatione
1026 651 1194 694 Hispania-

449 714 521 737 rum
534 704 710 748 praedicta,
734 704 776 738 ad
794 709 942 737 nostrum
963 709 993 738 et
1007 704 1097 737 Sedis
1109 705 1194 747 Apo—

448 757 580 790 stolicae
603 757 855 800 beneplacitum,
872 762 1019 801 separata
1038 762 1070 790 et
1088 757 1195 790 seiun-

449 816 500 843 cta
512 821 592 851 esse,
605 810 686 844 itaut
695 811 908 853 Congregatio
920 810 1087 854 praedicta
1107 811 1139 844 in
1158 821 1196 844 ea

449 863 572 896 nullam
591 863 709 896 habeat
727 863 995 904 iurisdictionem,
1018 863 1194 907 superiori-

450 921 548 949 tatem
572 921 627 949 aut
652 916 831 957 actionem,
854 927 915 950 nec
937 916 1004 949 ulla
1032 916 1116 949 inter
1141 927 1195 950 eos

450 968 701 1002 communicatio
721 969 763 1002 sit
781 974 837 1002 aut
855 979 924 1002 esse
944 974 1123 1010 censeatur,
1137 980 1194 1003 ne-

450 1032 513 1065 que
538 1021 572 1054 in
600 1021 765 1065 capitulis,
789 1022 1017 1063 electionibus,
1044 1028 1099 1056 aut
1125 1022 1196 1055 aliis

450 1074 710 1119 quibuscumque
722 1074 846 1108 actibus
868 1081 931 1108 tam
945 1075 1084 1119 publicis
1097 1086 1195 1119 quam

450 1128 582 1172 privatis
607 1128 707 1172 ipsius
736 1128 1003 1171 Congregationis
1027 1129 1143 1161 fratres
1163 1128 1195 1161 in

451 1181 549 1215 domo
568 1186 600 1214 et
618 1181 816 1214 monasterio
835 1192 890 1214 seu
912 1181 1049 1224 collegio
1069 1181 1196 1225 praedi-

451 1234 520 1274 ctis,
543 1244 603 1268 nec
633 1233 785 1275 vicissim,
809 1234 924 1267 domus
956 1240 987 1268 et
1008 1235 1196 1268 monasterii

451 1288 500 1321 vel
522 1287 651 1330 collegii
670 1288 912 1332 praedictorum
930 1288 1044 1322 fratres
1064 1288 1097 1321 in
1117 1289 1197 1322 Con-

451 1341 640 1383 gregatione
670 1341 836 1385 praedicta
859 1351 970 1374 vocem
1001 1341 1136 1374 activam
1166 1347 1197 1375 et

451 1394 609 1438 passivam
636 1394 796 1434 habeant,
819 1400 874 1427 aut
904 1395 1013 1438 aliquo
1042 1395 1139 1428 modo
1163 1406 1197 1428 se

452 1445 677 1487 intromittant,
693 1447 892 1491 domumque
912 1447 1006 1481 Urbis
1018 1448 1196 1491 praefatam

452 1504 484 1532 et
495 1499 666 1541 collegium
677 1510 734 1533 seu
743 1500 975 1533 monasterium
989 1500 1124 1534 Sanctae
1134 1501 1198 1533 An-

452 1563 525 1593 nae,
546 1563 672 1586 necnon
690 1553 923 1587 monasterium
942 1553 1132 1586 monialium
1152 1553 1199 1587 De

451 1605 527 1639 Iesu
550 1605 662 1638 Maria
686 1606 872 1646 lanueusis,
895 1606 989 1639 nobis
1009 1612 1040 1639 et
1063 1607 1199 1650 Aposto-

453 1658 534 1691 licae
553 1657 627 1692 Sedi
648 1658 835 1692 immediate
859 1659 1003 1693 subiecta
1017 1686 1024 1700 ,
1044 1659 1103 1693 sub
1123 1670 1199 1703 pro-

454 1711 593 1745 tectione
607 1712 684 1746 dicti
705 1713 863 1746 Dominici
885 1713 1067 1754 cardinalis,
1083 1724 1197 1756 quam-

452 1764 508 1798 diu
522 1764 643 1805 vixerit,
657 1765 779 1808 absque
800 1765 861 1798 alia
882 1766 1108 1810 dependentia,
1124 1767 1199 1799 sub-

453 1817 590 1851 iectione
611 1823 642 1850 et
666 1817 932 1851 subordinatione
951 1818 1090 1852 aliorum
1111 1830 1195 1862 quo-

453 1881 668 1914 rumcumque
690 1876 753 1903 tam
779 1870 907 1904 Ordinis
931 1871 1195 1911 Carmelitarum‚

454 1924 668 1965 Mitigatorum
686 1930 960 1967 nuncupatorum,
984 1936 1081 1969 quam
1103 1926 1197 1959 etiam

454 1977 593 2010 aliorum
614 1977 859 2011 Carmelitarum
880 1978 1149 2012 Discaleeatorum
1163 1991 1199 2012 u-

454 2030 640 2074 bicumque,
664 2036 727 2063 tam
746 2030 778 2063 in
799 2030 899 2071 ltalia,
927 2042 1023 2074 quain
1045 2038 1143 2070 extra,
1168 2032 1198 2065 in

455 2093 659 2126 quacumque
673 2082 784 2116 mundi
798 2088 890 2127 parte
903 2083 1119 2123 existentium,
1136 2084 1200 2117 exi-

455 2141 538 2168 stere
556 2141 586 2169 et
603 2146 682 2176 esse,
699 2146 736 2168 ac
749 2137 832 2176 t'ore;
853 2147 890 2169 ac
910 2136 1036 2169 irritum
1057 2143 1085 2169 et
1106 2137 1200 2170 inane

456 2188 613 2232 quidquid
643 2199 735 2222 secus
765 2199 863 2232 super
890 2189 939 2221 liis
964 2199 982 2221 a
1010 2200 1196 2232 quoquam,

456 2241 567 2285 quavis
583 2241 774 2274 auctoritate
789 2268 796 2281 ‚
820 2241 960 2274 scienter
980 2242 1026 2274 vel
1049 2241 1200 2282 ignoran-

459 2300 525 2334 ter,
549 2295 720 2337 contigerit
750 2296 920 2336 attentari,
945 2296 1150 2329 decerminus
1171 2301 1201 2330 et

458 2348 671 2381 declaramus.

503 2403 519 2441 g
540 2400 570 2433 5.
594 2401 774 2442 Caeterum,
798 2406 832 2434 ut
855 2411 932 2445 pax,
960 2412 1043 2445 quae
1072 2402 1202 2442 religio-

458 2463 509 2486 sos
530 2453 667 2487 maxime
685 2455 786 2494 decet,
804 2454 834 2487 in
848 2454 934 2488 hisce
949 2455 1202 2497 congregatione

460 2516 496 2538 ac
520 2506 618 2540 domo
637 2512 669 2539 et
689 2507 843 2547 collegio,
867 2513 897 2540 et.
917 2518 975 2540 seu
1001 2508 1203 2541 monasteriis

462 2559 609 2600 praefatis
629 2559 802 2603 praecipue
830 2565 991 2600 servetur,
1015 2560 1203 2594 auctoritate

463 2614 494 2642 et
518 2614 627 2643 tenore
648 2610 836 2653 praedictis,
858 2611 1030 2645 statuimus
1056 2617 1086 2644 ct
1114 2610 1203 2644 ordi-

1028 231 1213 255 BULLARIUM
1231 230 1386 255 ROMANUM

1225 288 1350 319 namus,
1373 290 1410 312 ac
1427 279 1460 312 in
1481 279 1597 313 virtute
1617 281 1967 317 sanctaerobedientiae

1224 331 1443 375 praecipimus
1463 336 1495 364 et
1514 333 1717 373 mandamus,
1739 338 1775 366 ut
1794 334 1901 367 nullus
1915 344 1968 367 eo-

1224 395 1297 417 rum
1325 384 1551 427 religiosorum
1570 396 1629 429 per
1648 395 1681 418 se
1696 412 1704 426 ,
1730 386 1778 418 vel
1800 386 1969 430 interposi-

1225 443 1291 471 tam
1317 447 1508 481 personam,
1536 438 1800 481 Congregationis
1825 449 1882 472 seu
1913 440 1970 472 do-

1226 501 1297 524 mus
1318 497 1349 524 et
1368 491 1554 525 monasterii
1567 492 1616 524 vel
1636 491 1764 534 collegii
1783 491 1970 525 huiusmodi

1225 544 1363 578 vicissim
1394 545 1563 588 religiosos
1593 545 1703 588 aliquo
1734 545 1832 578 modo
1861 545 1966 578 mole-

1226 603 1321 639 stare,
1332 598 1523 642 perturbare
1536 599 1586 631 vel
1603 597 1797 642 inquietare,
1809 603 1864 630 aut
1883 597 1917 630 in
1935 597 1972 630 il-

1226 651 1332 684 lorum
1352 651 1579 692 visitationem,
1606 651 1842 684 correctionem
1862 656 1894 684 et
1921 661 1972 684 re-

1228 704 1454 738 formationem
1492 715 1561 738 sese
1592 705 1825 748 quoquomodo
1858 704 1969 737 immi-

1227 768 1328 798 scere,
1352 763 1407 791 aut
1423 757 1496 798 alia,
1517 768 1600 801 quae
1625 758 1665 791 ad
1689 757 1945 791 iurisdictionem
1961 785 1968 799 ‚

1228 811 1277 844 vel
1304 811 1565 855 superioritatem
1589 810 1732 854 aliquam
1751 811 1973 852 attinent,.at-

1230 869 1365 904 tentare,
1382 874 1419 897 ac
1435 863 1722 906 Congregationem
1742 864 1918 907 praefatam
1937 875 1974 898 ac

1229 917 1364 951 domum
1381 923 1413 950 et
1436 916 1610 959 collegium
1639 927 1676 950 ac
1700 916 1896 950 monasteria
1914 917 1975 951 hu-

1229 970 1381 1011 iusmodi,
1404 981 1487 1014 quae
1517 970 1650 1004 omnino
1679 975 1829 1014 separata
1858 976 1890 1004 et
1919 970 1971 1004 di-

1229 1024 1345 1057 stincta
1365 1034 1433 1057 esse
1453 1024 1619 1064 volumus,
1639 1029 1836 1067 praesumat.
1862 1023 1975 1057 Nullus

1229 1087 1359 1121 quoque
1378 1077 1565 1110 huiusmodi
1585 1077 1755 1119 religiosus
1775 1077 1815 1110 de
1834 1077 1975 1119 Congre-

1229 1130 1358 1172 gatioqne
1378 1130 1604 1174 Hispaniarum
1625 1131 1666 1164 ad
1683 1130 1817 1164 domum
1834 1141 1890 1164 seu
1911 1131 1976 1164 col·

1229 1183 1361 1225 legium,
1377 1193 1438 1217 nee
1454 1183 1592 1216 vicissim
1613 1183 1652 1216 de
1673 1183 1770 1216 domo
1788 1188 1820 1216 et
1839 1183 1976 1225 collegio

1230 1236 1383 1279 praefatis
1414 1237 1455 1270 ad
1478 1236 1769 1279 Congregationem
1797 1237 1975 1280 praefatam

1229 1300 1263 1322 se
1282 1290 1468 1330 transferre,
1485 1300 1592 1333 neque
1610 1289 1874 1331 Congregationis
1895 1289 1976 1331 sugi-

1231 1343 1312 1376 tivus
1331 1343 1381 1376 vel
1405 1343 1556 1387 expulsus
1588 1349 1644 1376 aut
1662 1348 1807 1386 apostata
1827 1343 1859 1375 in
1880 1343 1977 1376 domo

1230 1396 1278 1429 vel
1299 1395 1447 1438 collegio,
1470 1406 1530 1429 nee
1554 1395 1692 1429 vicissim
1714 1396 1830 1429 domus
1850 1401 1881 1429 et
1905 1397 1974 1429 col-

1231 1448 1304 1491 legii
1335 1449 1598 1492 praedictorum,
1625 1448 1658 1481 in
1689 1448 1976 1491 Congregationem

1231 1501 1429 1546 praedictam
1447 1501 1573 1535 admitti
1591 1507 1623 1535 et
1634 1501 1733 1546 recipi
1751 1501 1874 1542 valeat,
1889 1503 1977 1546 quod

1231 1555 1257 1588 si
1271 1566 1372 1596 secus,
1389 1555 1528 1588 scienter
1547 1555 1596 1588 vel
1617 1555 1804 1598 ignoranter
1818 1555 1888 1588 fieri
1902 1566 1978 1589 con-

1232 1608 1357 1651 tigerit,
1385 1608 1572 1647 translatio,
1595 1608 1737 1652 receptio
1764 1614 1796 1642 et
1824 1599 1978 1642 admissio

1232 1660 1418 1694 huiusmodi
1443 1660 1562 1693 nullius
1592 1661 1718 1694 roboris
1744 1661 1792 1695 vel
1822 1661 1978 1695 momenti

1233 1713 1362 1752 existat,
1386 1719 1417 1746 et
1437 1713 1505 1756 ipse
1525 1719 1674 1756 receptus
1694 1713 1801 1746 statim
1832 1713 1903 1747 eiici
1924 1713 1978 1747 de-

1233 1766 1321 1805 beat;
1345 1766 1486 1808 religiosi
1508 1776 1639 1810 quoque
1663 1766 1780 1799 domus
1800 1772 1831 1800 et
1851 1766 1978 1809 collegii

1233 1819 1472 1862 praedictorum
1494 1819 1758 1861 Congregationis
1774 1819 1975 1862 Hispanicae,

1234 1871 1358 1905 illiusve
1387 1872 1640 1915 provinciarum,
1664 1878 1898 1913 conventuum,
1925 1879 1980 1906 aut

1234 1925 1446 1967 singularium
1468 1935 1680 1968 personarum
1706 1925 1835 1968 negotia
1856 1926 1887 1958 in
1916 1926 1979 1960 Ro-

1235 1988 1331 2010 mana
1351 1978 1456 2018 Curia,
1476 1979 1525 2011 vel
1546 1978 1624 2011 alias
1644 1979 1712 2012 sine
1734 1979 1861 2012 licentia
1881 1989 1977 2023 prae-

1234 2030 1328 2074 positi
1346 2031 1505 2070 generatis
1523 2037 1554 2064 et
1572 2031 1764 2071 delinitor-is,
1777 2043 1831 2064 seu
1853 2032 1980 2065 consul-

1235 2089 1283 2116 tae
1309 2083 1408 2127 ipsius
1432 2083 1698 2126 Congregationis
1727 2084 1952 2128 Hispaniarum
1969 2112 1976 2123 ‚

1235 2141 1382 2175 tractare,
1406 2142 1461 2169 aut
1482 2137 1650 2179 religiosos
1669 2137 1813 2171 eiusdem
1834 2138 1976 2181 Congre-

1235 2189 1372 2231 gationis
1390 2190 1560 2233 Hispaniae
1579 2190 1647 2223 sine
1668 2190 1853 2224 huiusmodi
1874 2191 1976 2224 licen-

1237 2243 1278 2275 tia
1303 2243 1365 2276 liuc
1385 2243 1548 2276 venientes
1570 2244 1601 2276 in
1622 2253 1734 2277 eorum
1757 2243 1906 2277 domibus
1923 2253 1976 2276 re-

1236 2296 1343 2340 cipere
1364 2306 1428 2330 non
1450 2296 1583 2340 possint.

1280 2349 1296 2389 ᾖ
1317 2348 1348 2380 ti.
1365 2347 1443 2386 Quia
1462 2357 1537 2380 vero
1558 2348 1714 2380 nonnulla
1733 2347 1917 2391 praedictae
1930 2358 1980 2381 re-

1237 2399 1364 2440 ligionis
1376 2400 1619 2433 Carmelitaruin
1635 2400 1904 2434 Discnleeatorum
1917 2406 1980 2434 sta-

1238 2459 1304 2486 tuta
1323 2464 1379 2497 per
1398 2454 1512 2487 Sedent
1534 2454 1763 2497 Apostolieain,
1785 2460 1819 2487 nt
1839 2455 1980 2498 praeser-

1232 2511 1301 2545 ων,
1322 2506 1525 2545 confirmata,
1549 2506 1723 2549 praecipue
1743 2517 1791 2546 ea,
1815 2517 1898 2550 quae
1921 2516 1978 2547 gu-

1238 2558 1340 2591 bernii
1355 2559 1487 2592 moduni
1506 2559 1692 2603 respiciunt,
1711 2559 1741 2592 in
1760 2560 1858 2592 domo
1871 2564 1901 2592 et
1914 2558 1980 2592 col-

1238 2611 1321 2653 legio
1347 2612 1614 2656 monasteriisque
1639 2612 1789 2656 praefatis
1816 2617 1980 2655 nequeunt

1976 231 2025 260 An.
2038 231 2066 260 c.
2093 233 2157 262 1597
2186 233 2195 269 -j
2224 267 2228 272 ,

1982 294 2042 323 nicae
2054 320 2058 323 ι
2070 294 2174 320 ingeren-⁴
2220 306 2226 311 ·

1983 323 2034 341 uani
2053 326 2074 341 lu
2094 326 2163 342 mona-

1982 347 2053 367 steriis
2067 347 2146 368 Italiae.
2176 367 2180 371 ,

2021 2348 2126 2371 cardin-tt
2139 2347 2168 2371 ῬΙ

1995 2377 2058 2398 nonio
2081 2374 2154 2397 nomini
2172 2394 2174 2396 ,

1994 2409 2039 2425 uum
2073 2398 2179 2424 monum-²·

1995 2430 2072 2460 rimatur
2104 2426 2162 2450 ΙΙΔΙΙΙ

1994 2461 2094 2481 reatinen.
