2253 3195
253 219 304 247 An.
323 218 351 247 C.
369 218 439 247 1595

284 1391 435 1419 indulgentias-

250 1423 290 1446 que
311 1421 332 1438 et
351 1418 434 1447 privile·-

250 1445 305 1491 Ιιίκιιὸ
320 1450 434 1465 communt-

265 2509 437 2536 marimum-01

253 2538 376 2558 ιςσῐνηιιιτυι
402 2538 437 2558 de·

253 2567 318 2591 pum.

485 208 550 244 230

1037 222 1222 247 BULLARIUM
1241 222 1396 248 nmmum

450 267 539 301 illam
572 273 603 301 et
627 268 696 301 eius
715 278 868 312 personas
893 268 1088 312 specialibus
1108 270 1196 303 favo-
1231 269 1300 310 bis,
1330 281 1458 304 necnon
1484 281 1653 305 causarum
1682 272 1793 306 Curiae
1823 273 1975 308 Gamerae

451 322 540 356 ribus
564 328 595 356 et
614 322 722 365 gratiis
739 322 892 366 prosequi
905 323 1059 363 volentes,
1070 334 1195 357 necnon

451 375 649 418 singularum
668 381 851 409 nostrarum
870 375 1051 410 litterarum
1068 377 1196 420 praedi-

451 434 576 463 ctarum
598 435 725 462 tenores
744 429 968 473 praesentibus
987 440 1047 474 pro
1067 441 1196 475 expres-

450 482 493 515 sis
512 482 678 523 habentes,
701 487 734 515 et
752 482 934 525 singulares
954 483 1099 517 eiusdem
1119 495 1196 518 con-

450 535 646 578 gregationis
665 546 821 578 personas
844 547 862 568 a
882 536 1048 580 quibusvis
1068 548 1195 571 excom-

450 588 689 628 municationis,
713 590 943 633 suspensionis,
968 596 999 623 et
1018 590 1190 631 interdicti,

450 642 586 686 aliisque
607 643 832 677 ecclesiasticis
851 644 1028 685 sententiis,
1051 645 1194 679 censuris

450 702 480 730 et
499 697 623 740 poenis,
647 708 665 730 a
688 697 769 739 iure,
792 699 841 732 vel
862 699 902 731 ab
923 699 1067 739 homine,
1083 699 1195 743 quavis

449 751 618 784 occasione
645 752 695 784 vel
715 762 811 785 causa
831 752 913 791 latis,
928 753 953 786 si
974 752 1092 796 quibus
1112 763 1194 796 quo-

449 805 628 839 modolibet
658 805 833 839 innodatae
861 806 1023 846 existunt,
1053 807 1093 839 ad
1120 806 1195 840 effe-

449 864 536 891 ctum
557 858 777 902 praesentium
799 860 962 892 dumtaxat
987 869 1191 903 consequen-

450 911 540 951 dum,
564 911 679 944 harum
704 912 787 945 serie
808 911 1020 945 absolvendas
1045 918 1075 945 et
1102 912 1195 945 abso-

448 964 530 997 lutas
550 964 617 998 sore
638 970 813 1006 censentes,
839 971 928 998 motu
948 965 1093 1009 proprio,
1110 971 1141 999 et
1157 976 1194 998 ex

449 1023 534 1051 certa
553 1018 698 1058 scientia,
722 1024 753 1051 et
774 1029 864 1051 mera
882 1018 1117 1052 deliberatione
1137 1029 1195 1052 no-

448 1076 524 1111 stra,
547 1071 652 1114 deque
678 1071 874 1115 apostolicae
905 1071 1070 1116 potestatis
1089 1072 1193 1116 pleni-

450 1124 559 1158 tudine
572 1124 678 1158 eidem
691 1125 935 1168 congregationi
953 1125 1086 1170 eiusque
1098 1137 1194 1171 prae-

449 1177 554 1221 posito
583 1178 725 1220 generali
753 1184 784 1211 et
811 1177 948 1219 clericis,
973 1185 1007 1212 ut
1027 1180 1113 1220 loca,
1137 1181 1194 1214 do-

449 1240 520 1264 mos
546 1237 577 1264 et
597 1231 748 1265 ecclesias
766 1231 828 1265 illis
849 1232 881 1264 in
902 1232 1068 1275 quibusvis
1086 1233 1194 1267 civita-

451 1283 535 1318 tibus
565 1290 597 1317 et
627 1284 829 1318 dioecesibus
851 1285 890 1319 de
911 1285 1040 1320 licentia
1059 1286 1195 1321 Ordina-

450 1337 574 1370 riorum
596 1338 819 1372 concedendas
848 1338 1008 1383 recipere,
1029 1345 1061 1373 et
1080 1339 1110 1372 in
1133 1340 1194 1373 illis

451 1390 595 1424 habitare
611 1419 618 1431 ,
641 1402 678 1425 ac
698 1391 805 1425 divina
825 1391 930 1425 officia
953 1393 1118 1427 celebrare
1133 1421 1140 1434 ,
1164 1400 1194 1427 et

451 1444 667 1477 ecclesiastica
696 1444 897 1478 sacramenta
928 1445 1133 1486 ministrare,
1157 1457 1194 1479 ac

448 1497 599 1531 omnibus
619 1504 649 1531 et
669 1498 802 1540 singulis
833 1498 1009 1542 privilegiis
1022 1526 1029 1539 ‚
1057 1499 1168 1542 gratiis
1183 1527 1190 1540 ,

448 1551 595 1591 indultis,
620 1552 900 1596 exemptionibus,
929 1553 1133 1586 libertatibus
1164 1559 1195 1587 et

448 1604 716 1646 immunitatibus,
733 1605 810 1649 ipsis
829 1606 1084 1648 congregationi,
1100 1617 1194 1650 prae-

448 1658 553 1702 posito
574 1664 605 1692 et
624 1658 760 1699 clericis,
774 1669 832 1702 per
844 1669 902 1692 nos
922 1659 954 1692 iu
975 1659 1081 1703 primo
1101 1659 1194 1694 dictis

448 1711 562 1745 litteris
582 1711 753 1752 concessis,
781 1712 902 1756 ubique
929 1712 1011 1752 frui,
1036 1713 1133 1757 potiri
1163 1720 1194 1747 et

448 1766 606 1807 gaudere,
634 1766 734 1799 libere
755 1772 785 1799 et
813 1766 898 1799 licite
919 1766 1057 1810 possint,
1083 1772 1113 1800 ct
1139 1778 1192 1801 va-

448 1819 545 1858 leant,
568 1824 693 1852 servata
715 1825 821 1852 tamen
843 1819 945 1852 forma
967 1819 998 1852 in
1018 1819 1126 1863 primo
1146 1820 1194 1853 di-

448 1872 506 1905 ctis
526 1872 642 1905 nostris
663 1872 776 1905 litteris
793 1882 953 1916 expressa,
971 1878 1002 1905 et
1021 1872 1053 1905 in
1067 1874 1193 1916 praedi-

448 1926 505 1959 ctis
525 1926 820 1966 constitutionibus,
842 1933 875 1959 ut
894 1927 1085 1971 praefertur,
1107 1926 1193 1960 iussu

448 1986 558 2014 nostro
579 1980 766 2013 examinatis
780 1987 811 2013 et
825 1980 1011 2024 approbatis
1030 1986 1190 2021 contenta,

448 2034 638 2067 auctoritate
669 2033 868 2077 apostolica,
900 2039 1010 2067 tenore
1036 2045 1191 2078 praesen-

449 2078 547 2126 tium,
571 2087 780 2121 concedimus
799 2093 829 2120 et
855 2087 1071 2129 indulgentius.
1099 2088 1191 2121 Illos-

449 2152 511 2185 que
532 2142 670 2185 desuper
690 2152 707 2173 a
728 2151 904 2185 quoquam,
921 2141 1033 2185 quavis
1047 2142 1191 2175 auctori-

451 2200 524 2233 tate,
548 2194 708 2238 impediri,
733 2194 907 2233 molestari,
931 2195 1123 2238 perturbari,
1146 2196 1194 2228 vel

451 2247 622 2291 inquietari
651 2248 835 2281 nullatenus
860 2258 986 2291 possse,
1011 2247 1138 2281 irritum
1165 2254 1194 2282 et

451 2301 544 2333 inane
572 2300 730 2344 quidquid
755 2311 846 2333 secus
874 2312 971 2344 super
1002 2301 1050 2334 liis
1074 2312 1091 2334 a
1116 2312 1195 2345 quo-

450 2364 546 2396 quam
561 2353 672 2397 qiiuvis
683 2354 883 2393 auctoritate,
894 2354 1032 2390 scienter
1046 2355 1091 2387 vel
1106 2354 1196 2396 igno-

451 2412 569 2445 ranter,
593 2408 762 2447 contigerit
782 2408 950 2448 attentari,
975 2407 1191 2441 decernimus.

497 2462 513 2501 ς
544 2459 594 2493 to.
627 2461 783 2499 Quocirca
815 2461 939 2494 dilectis
975 2461 1049 2494 titiis
1079 2461 1196 2494 nostris

452 2513 575 2545 Caesari
591 2514 777 2558 presbytero
789 2514 945 2547 cardinali
961 2514 1110 2553 baronio,
1128 2525 1196 2546 nio-

454 2566 555 2598 ‹tvi-no
585 2572 615 2598 et
643 2578 700 2610 pro
719 2574 864 2611 ternpore
885 2567 1029 2601 existenti
1051 2567 1194 2600 ciusdem

455 2620 711 2658 vongregationis
733 2621 918 2663 protectori,
942 2633 977 2654 uc
999 2620 1116 2654 vicario
1136 2620 1195 2654 Ut·-

1231 324 1433 368 Apostolicae
1453 325 1595 368 generali
1614 325 1773 367 auditori,
1799 337 1859 371 per
1882 338 1975 372 prae-

1231 383 1337 411 sentes
1362 378 1595 412 committimus
1613 384 1644 412 et
1663 379 1865 422 mandamus,
1888 391 1970 425 qua-

1233 436 1323 464 tenus
1354 430 1438 475 ipsi,
1461 431 1510 465 vel
1541 431 1623 473 duo,
1647 438 1701 465 aut
1730 443 1814 466 unus
1832 443 1970 476 eorum,

1230 495 1288 528 per
1306 495 1340 517 se
1359 484 1408 517 vel
1432 484 1531 518 aliurn
1545 511 1552 525 ,
1579 495 1636 518 seu
1666 485 1766 526 alios,
1790 492 1974 529 praesentes

1230 537 1350 570 litteras
1374 543 1406 571 et
1433 537 1466 570 in
1486 537 1533 571 eis
1550 532 1701 571 contenia
1725 549 1970 583 quaecumque,

1229 590 1284 623 uhi
1315 596 1346 624 et
1377 591 1508 634 quando
1535 601 1617 635 opus
1646 591 1762 633 suerit,
1786 597 1817 626 et
1847 593 1974 636 quoties

1229 654 1288 687 pro
1307 649 1398 687 parte
1419 644 1580 678 dictorum
1594 635 1818 689 praepositi'et
1838 645 1974 679 clerico-

1229 707 1301 730 rum
1326 697 1446 730 suerint
1467 697 1634 742 requisiti,
1658 698 1846 732 solemniter
1867 699 1974 746 publi-

1229 755 1348 791 cantes,
1365 750 1492 798 illisque
1511 751 1544 784 in
1560 752 1746 796 praemissis
1766 753 1904 786 efficacis
1917 753 1974 786 de-

1230 804 1384 839 fensionis
1403 804 1565 849 praesidio
1583 805 1774 847 assistentes,
1789 806 1907 839 faciant
1919 817 1976 840 au-

1229 859 1375 893 ctoritate
1394 864 1505 892 nostra
1522 851 1595 892 illos
1614 860 1804 893 eorumdem
1820 860 1975 904 praemis·

1229 923 1339 946 sorum
1360 913 1476 946 effectu
1506 912 1640 956 pacifice
1661 913 1724 946 frui
1755 919 1785 947 et
1809 914 1971 956 gaudere,

1229 976 1294 999 non
1325 966 1547 1010 permittentes
1581 975 1636 999 eos
1666 966 1805 1010 desuper
1838 977 1856 999 a
1886 977 1972 1010 quo-

1230 1030 1346 1063 quam,
1367 1019 1477 1063 quavis
1501 1019 1703 1060 auctoritate,
1727 1019 1976 1064 quomodolibet

1230 1072 1371 1106 indebite
1395 1072 1572 1107 molestari.
1601 1073 1859 1107 Contradictores
1879 1083 1976 1117 quos-

1230 1126 1318 1167 libet,
1343 1137 1401 1170 per
1420 1136 1573 1160 censuras
1594 1132 1624 1160 et
1643 1137 1764 1171 poenas
1784 1126 1976 1160 ecclesiasti-

1221 1191 1292 1220 ·cas,
1315 1180 1442 1224 aliaque
1462 1186 1645 1225 opportuna
1670 1180 1750 1214 iuris
1777 1186 1807 1214 et
1827 1180 1975 1214 factite-

1230 1233 1355 1275 media,
1390 1233 1606 1278 appellatione
1625 1233 1820 1277 postposita,
1844 1244 1975 1278 compe-

1229 1287 1360 1328 scendo,
1384 1287 1531 1320 invocato
1551 1286 1648 1320 etiam
1680 1287 1720 1320 ad
1740 1287 1813 1327 hoc,
1841 1286 1866 1320 si
1893 1297 1974 1332 opus

1231 1341 1336 1382 suerit,
1359 1341 1478 1374 auxilio
1495 1341 1618 1374 brachii
1639 1340 1824 1375 saecularis.

1275 1395 1291 1436 ξ
1311 1393 1364 1427 17.
1386 1394 1454 1427 Non
1473 1394 1676 1428 obstantibus
1696 1394 1796 1428 felicis
1822 1393 1974 1427 recorda-

1230 1447 1324 1481 tionis
1336 1447 1490 1481 Bonisacii
1504 1448 1609 1491 Papae
1621 1447 1699 1488 Vlll,
1712 1447 1973 1492 praedecessoris

1230 1500 1346 1541 nostri,
1371 1501 1410 1534 de
1430 1510 1511 1541 una,
1536 1501 1574 1534 ed
1605 1500 1638 1533 in
1664 1500 1802 1534 concilio
1830 1500 1972 1543 generali

1229 1553 1314 1587 edita
1335 1554 1374 1588 de
1392 1554 1517 1587 duabus
1537 1553 1661 1594 diaetis,
1686 1554 1865 1588 dummodo
1889 1554 1974 1588 ultra

1230 1614 1292 1641 tres
1299 1607 1421 1641 diaetas
1429 1607 1545 1652 aliquis
1556 1607 1744 1641 auctoritate
1754 1607 1972 1651 praesentium

1228 1661 1268 1694 ad
1286 1661 1439 1694 iudicium
1461 1671 1527 1694 non
1549 1660 1712 1701 trahatur,
1735 1660 1870 1705 aliisque
1897 1670 1973 1694 con-

1228 1715 1449 1748 stitutionibus
1463 1720 1494 1748 et
1503 1714 1762 1748 ordinationibus
1772 1714 1969 1759 apostolicis,

1229 1774 1326 1812 atque
1346 1768 1498 1802 omnibus
1519 1768 1591 1809 illis,
1614 1778 1697 1812 quae
1725 1768 1757 1801 in
1776 1768 1972 1812 'praemissis

1229 1822 1342 1856 litteris
1355 1822 1517 1856 vuluimus
1530 1832 1595 1855 non
1616 1822 1755 1862 obstare,
1772 1821 1972 1866 caeterisque

1229 1875 1400 1909 contrariis
1425 1876 1696 1920 quibuscumque.

1273 1948 1386 1981 Datum
1408 1948 1528 1980 Romae
1545 1947 1631 1991 apud
1648 1947 1678 1981 S.
1691 1947 1833 1988 Petrum,
1845 1947 1904 1981 sub
1916 1957 1972 1980 an-

1229 2001 1305 2034 nulo
1326 2001 1568 2041 Piscatoris‚dic
1584 2011 1659 2035 xxiv
1679 2000 1757 2034 iunii
1771 2010 1972 2045 MDC1V,pon-

1231 2054 1369 2088 titicatus
1393 2054 1493 2087 nostri
1515 2065 1600 2087 anno
1619 2064 1689 2088 xm.

1537 2262 1666 2298 cxvllt.

1230 2370 1433 2415 Approbatio
1463 2370 1584 2403 indicis
1606 2369 1765 2402 librorum
1787 2369 1971 2414 prohibito—

1275 2443 1350 2465 rum
1369 2444 1390 2465 a
1409 2433 1471 2466 Pio
1490 2432 1541 2467 IV
1557 2433 1626 2465 iam
1645 2432 1842 2474 confirmati,
1865 2436 1894 2465 el
1913 2442 1975 2466 nu-

1274 2507 1332 2540 per
1350 2496 1504 2540 suppleti,
1527 2499 1555 2529 ct
1579 2496 1720 2539 [amittas
1751 2494 1975 2528 cardinalium

1276 2557 1536 2601 c0›1511·eqatiom's
1554 2569 1652 2602 super
1675 2557 1784 2591 {inlice
1806 2556 1976 2590 decidendi

1275 2620 1375 2653 dubia
1395 2620 1530 2664 ‹Iesuper
1549 2620 1757 2664 eme-mentia,
1780 2629 1853 2653 cum
1873 2619 1970 2652 inno-

1987 225 2040 254 An.
2056 226 2086 254 c,
2103 202 2185 263 159έῇ
2213 203 2215 205 ’
2235 209 2237 215 ”

2001 774 2024 790 *-

2014 1398 2109 1427 θοι-σευ
2140 1410 2143 1417 =
2228 1415 2231 1429 ἦ

1989 1425 2068 1447 trariis.
