2253 3195
230 241 281 269 An.
303 241 331 269 c.
350 242 418 270 ¹594
463 232 526 267 178

249 834 335 856 camin<
348 834 363 853 V
375 834 420 855 lbe-

237 868 281 882 rum
297 865 316 881 e:
332 861 418 881 «halone

236 888 321 910 flumina
336 894 374 913 per
388 893 420 907 re-

236 921 296 941 gnum
304 917 420 938 Aragonmu

236 941 360 962 deducenda
385 946 419 960 cu-

236 969 296 988 ravit.

279 2378 374 2400 cinnan-
393 2380 427 2400 vn

244 2409 262 2425 rt
275 2406 351 2426 Paulu-
361 2407 386 2427 ΙΙΙ
400 2415 427 2426 νι-

243 2433 428 2479 ἷῖἶὶῗηῖἷῗγῗᾙ
446 2441 530 2473 mani
569 2442 758 2481 rontium-s,

258 2493 268 2505 »ι
287 2494 299 2506 Δ
316 2493 377 2513 nuper
389 2490 428 2506 tvf-

244 2518 271 2532 m
287 2514 326 2533 tun
347 2517 428 2533 numm*

245 2546 337 2567 irrue-itu

475 302 640 337 aquarum
659 292 740 325 dicti
757 292 908 335 fluminis
925 291 1110 336 dispensent
1123 303 1177 341 suff

472 365 532 398 per
547 355 766 387 observatione
783 355 939 398 festorum
952 354 972 387 ¹.

431 434 658 463 Venerabilibus
669 434 814 462 fratribus
830 434 1057 470 archiepiscopo
1072 435 1180 463 Valen-

467 487 580 515 tinensi
596 494 631 515 ac
660 487 808 515 Oriolensi
827 490 858 516 et
887 488 1095 523 segobricensi
1119 488 1180 523 epi-

467 542 565 576 scopis

573 605 582 615 .
620 585 776 617 Clemens
790 587 884 628 Papa
898 587 991 617 vm.

432 649 624 677 Venerabiles
639 649 763 683 fratres,
779 652 911 679 salutem
932 654 964 678 et
985 651 1181 685 apostolicam

681 705 936 733 benedictionem.

480 776 496 818 g
517 775 547 808 Ἰ.
571 776 694 820 Exponi
715 776 809 810 nobis
833 787 937 821 nuper
957 776 1031 810 fecit
1051 777 1177 810 charis-

436 830 536 863 simus
565 831 596 863 in
625 831 749 865 Christo
777 831 863 865 filius
889 838 998 866 noster
1014 832 1181 876 Philippus

435 884 663 928 Hispaniarum
693 880 748 919 rex
774 886 969 927 catholicus,
999 887 1087 930 quod
1108 897 1180 919 cum

436 939 515 972 alias
533 950 593 983 pro
610 946 701 983 parte
723 941 800 973 clar.
819 951 916 973 mem.
940 940 1044 974 Caroli
1065 941 1182 974 Roma-

436 1002 553 1025 norum
585 993 811 1037 imperatoris,
844 994 912 1027 eius
932 994 1086 1037 genitoris
1099 1022 1106 1035 ,
1127 994 1181 1038 qui

437 1045 533 1080 etiam
555 1047 741 1091 Aragonum
763 1054 795 1082 et
813 1049 973 1082 Navarrae
997 1059 1052 1082 rex
1073 1049 1182 1082 catho-

436 1099 517 1133 licus
537 1100 688 1134 existebat
705 1130 712 1139 ,
735 1102 916 1146 expositum
942 1102 1053 1136 suisset
1083 1102 1182 1135 felicis

436 1153 672 1188 reeordationis
691 1155 772 1189 Iulio
792 1156 898 1200 Papae
922 1157 972 1197 111,
986 1156 1179 1200 praedeces-

436 1206 500 1238 sori
518 1212 639 1248 nostro,
667 1208 753 1251 quod
775 1208 853 1242 olim
878 1208 946 1253 ipse
966 1209 1096 1242 Carolus
1124 1209 1184 1242 im-

439 1266 569 1302 perator
593 1266 623 1293 et
647 1271 712 1301 rex,
737 1262 870 1305 provide
896 1262 1105 1296 considerans
1125 1263 1182 1296 ha-

437 1312 590 1347 bitatores
619 1325 793 1357 regnorum
815 1317 1000 1358 Aragonum
1027 1322 1055 1350 et
1077 1323 1182 1350 certae

438 1367 537 1410 partis
557 1367 728 1409 Navarrae,
752 1374 886 1413 propter
902 1369 1069 1413 penuriam
1085 1380 1183 1414 aqua·
1199 1382 1201 1392 ⁴

440 1430 510 1452 rum
533 1426 563 1454 et
592 1422 790 1456 sterilitatem
825 1433 907 1467 quae
927 1424 1041 1457 exinde
1066 1434 1179 1458 causa-

438 1472 544 1516 batur,
568 1474 599 1507 in
621 1485 733 1508 eorum
752 1476 913 1509 alimentis
933 1483 964 1510 et
987 1477 1057 1510 aliis
1089 1478 1184 1511 rebus

440 1526 600 1562 humanae
620 1528 702 1562 vitae
719 1530 918 1571 necessariis,
934 1531 1106 1564 maximam
1118 1531 1183 1576 pati
1199 1528 1202 1540 ⁴

440 1587 645 1623 aegestatem.
664 1589 691 1615 et
716 1589 880 1627 tamquam
893 1584 1034 1628 optimus
1051 1595 1183 1618 suorum

440 1634 643 1668 subditorum
658 1642 832 1680 protector,
850 1638 980 1680 egestati
999 1637 1184 1672 huiusmodi

440 1689 608 1732 providere
638 1691 768 1728 volens.
793 1702 828 1725 ex
854 1692 980 1725 duobus
1008 1692 1186 1735 insignibus

441 1742 628 1776 fluminibus
650 1744 741 1777 lbcro
758 1744 907 1778 videlicet
924 1745 1110 1786 etGialonc‚
1129 1757 1186 1790 per

442 1795 563 1828 dictum
577 1807 711 1839 regnum
725 1798 910 1840 Aragonum
925 1799 1182 1839 decurrentibus,

441 1859 551 1893 aquas,
573 1861 631 1894 pro
652 1850 744 1883 dictis
765 1851 858 1884 terris
872 1851 1052 1895 irrigandis,
1071 1853 1186 1887 deduci

442 1903 668 1941 mandaverat,
702 1910 729 1936 et
757 1916 828 1937 rum
859 1916 894 1938 ex
917 1906 1100 1949 praemissis
1122 1913 1184 1940 tam

443 1963 574 2001 propter
586 1958 750 1991 alveorum
769 1959 927 1992 dictorum
943 1960 1112 1994 ssuininum
1139 1972 1186 1994 as-

442 2011 622 2054 peritatem,
643 2022 738 2055 quam
765 2012 860 2045 etiam
883 2013 1116 2055 longitudinem
1139 2016 1204 2058 t'o-,

443 2074 572 2097 vcarum
602 2070 631 2097 ct
656 2065 832 2099 rivulorum
854 2077 912 2109 pro
937 2066 1127 2101 decursibus
1147 2079 1183 2100 a·
1202 2059 1205 2111 ξ

443 2128 580 2161 quarum
602 2119 782 2152 necessario
809 2119 961 2152 faciendis
987 2119 1205 2164 liuiusmodffi

443 2182 576 2212 magnae
598 2172 773 2206 admodum
806 2184 962 2218 expensae
988 2175 1205 2214 necessariae,

443 2231 557 2262 essent,
581 2231 611 2259 ct
624 2226 664 2259 ad
685 2238 738 2259 eas
758 2226 981 2267 sublevandas,
997 2227 1088 2261 Sedis
1101 2228 1186 2271 Apo·
1202 2246 1204 2255 ·

443 2280 574 2313 stolicae
595 2281 748 2314 auxilium
771 2287 801 2314 et
825 2281 1009 2322 auctoritas,
1034 2288 1128 2326 prout
1155 2282 1204 2327 in¹

443 2333 601 2366 similibus
622 2335 690 2368 tieri
704 2340 925 2375 consueverat,
952 2336 1183 2380 requireretur,
1202 2331 1205 2370 ᾦ

446 2398 508 2419 rec.
535 2399 631 2421 inem.
654 2389 798 2423 Clemens
813 2389 862 2423 Vll
878 2395 905 2422 et
925 2390 1041 2423 Paulus
1062 2390 1098 2423 ΙΙΙ
1128 2380 1205 2435 lio-¹5

797 2443 892 2476 ctiam
926 2443 1205 2487 praedecessoresl

446 2495 567 2533 nostri,
606 2497 645 2529 ad
677 2497 774 2541 ipsius
803 2498 904 2531 Caroli
934 2497 1138 2541 imperatoris
1158 2503 1189 2531 et

446 2548 529 2587 retiis
542 2550 823 2593 supplic-ationem,
841 2562 897 2596 per
910 2551 1052 2585 diversas
1073 2561 1186 2585 eornm

447 2601 577 2641 litteras,
601 2603 695 2636 een-ds
716 2604 825 2647 probis
847 2605 921 2637 viris
939 2605 969 2638 in
992 2605 1137 2649 partibus
1150 2605 1188 2638 it-

481 2665 491 2690 1
512 2663 546 2691 Ex
562 2663 669 2700 llvgcst.
687 2667 712 2692 in
728 2666 829 2693 secret.
848 2666 982 2694 Brevium.
1204 2678 1208 2690 ι

1015 243 1199 269 BULLARIUM
1218 243 1373 269 ROMANUM

1210 292 1259 333 lis,
1283 298 1315 326 et
1333 303 1447 326 eorum
1473 292 1606 327 cuilibet
1629 293 1786 328 dederant
1803 294 1836 327 in
1861 304 1953 328 man—

1212 346 1304 387 datis,
1329 352 1365 379 ut
1383 346 1495 380 habita
1518 357 1578 391 per
1596 357 1663 388 eos,
1686 358 1744 381 seu
1768 357 1881 381 eorum
1901 348 1951 381 al-

1211 406 1316 434 terum
1345 400 1490 443 diligenti
1511 401 1763 443 informatione,
1798 406 1955 446 quantum

1213 454 1359 498 quolibet
1377 464 1475 495 anno,
1498 465 1517 488 a
1531 460 1606 488 tunc
1616 455 1763 499 proxime
1774 456 1955 500 praeteritis

1215 507 1316 541 tribus
1329 508 1432 549 annis,
1456 507 1552 541 fertili
1573 519 1646 542 cum
1667 509 1766 542 sterili
1786 515 1955 554 computa-

1195 561 1262 602 ¹tis,
1286 572 1345 605 pro
1365 561 1499 595 decimis
1524 568 1552 595 et
1572 562 1722 606 primitiis
1742 573 1781 596 ex
1799 563 1957 596 fructibus

1214 613 1246 647 in
1273 614 1367 648 terris
1395 615 1556 648 dictorum
1583 625 1760 658 regnorum
1788 616 1953 657 collectis,

1214 668 1368 709 ecclesiis,
1401 669 1605 702 monasteriis
1634 675 1665 702 et
1685 669 1756 702 aliis
1775 669 1836 713 piis
1853 669 1932 703 locis
1946 697 1954 710 ,

1214 727 1270 755 aut
1288 721 1417 754 illarum
1438 733 1495 756 seu
1523 722 1654 756 illorum
1673 723 1875 765 rectoribus,
1909 723 1957 757 vel

1214 775 1413 809 beneficiatis
1440 776 1801 819 caesaraugustanensis
1820 784 1852 810 et
1871 776 1959 810 Tira·

1214 830 1359 863 sonensis
1387 829 1551 864 civitatum
1581 836 1612 864 et
1635 830 1819 864 dioecesum
1848 841 1959 875 perso-

1216 883 1317 916 lutum
1340 883 1461 923 suisset,
1495 884 1622 928 illisque
1647 884 1813 928 perpetuis
1843 884 1959 918 futuris

1216 938 1439 982 temporibus,
1473 938 1608 981 singulis
1637 938 1729 972 annis
1762 938 1956 982 persolutis,

1216 997 1425 1034 augmentum
1447 991 1647 1026 decimarum
1668 997 1700 1025 et
1725 991 1957 1035 primitiarum,

1217 1046 1305 1089 quod
1332 1051 1396 1078 tam
1422 1056 1460 1079 ex
1486 1046 1651 1079 fructuum
1676 1055 1962 1089 superexcrescen-

1218 1099 1271 1140 tia,
1294 1104 1427 1143 propter
1441 1104 1601 1132 terrarum
1613 1098 1836 1141 irrigationem
1849 1098 1961 1133 huius-

1218 1153 1317 1193 modi,
1341 1163 1438 1196 quam
1457 1163 1493 1186 ex
1511 1152 1691 1193 novalibus,
1716 1163 1799 1196 quae
1817 1163 1855 1186 ex
1868 1153 1957 1186 deri-

1199 1231 1201 1240 ,
1216 1205 1343 1239 vatione
1352 1211 1383 1239 et
1395 1205 1582 1248 irrigatione
1600 1216 1759 1250 aquarum
1772 1205 1960 1240 huiusmodi

1217 1259 1435 1303 provenirent,
1463 1265 1518 1292 aut
1537 1264 1710 1303 propterea
1730 1260 1771 1292 ad
1800 1260 1960 1293 culturam

1217 1318 1246 1346 et
1267 1314 1390 1356 frugem
1421 1313 1626 1357 pinguiorem
1652 1313 1877 1356 redigerentur
1901 1324 1961 1362 {2¹1⁰

1219 1373 1383 1411 tempore,
1410 1367 1494 1400 sicut
1512 1367 1617 1400 eidem
1638 1367 1751 1401 Carolo
1772 1367 1961 1411 imperatori

1217 1427 1247 1454 et
1265 1420 1351 1463 regi,
1374 1420 1524 1465 illiusque
1542 1420 1573 1453 in
1594 1421 1680 1454 dieto
1704 1431 1804 1464 regno
1833 1422 1959 1464 Arago-

1218 1485 1294 1507 num
1320 1474 1571 1513 successoribus,
1595 1485 1668 1508 cum
1696 1474 1838 1518 primum
1859 1485 1963 1519 aquae

1218 1527 1360 1561 tluminis
1382 1528 1567 1562 huiusmodi
1591 1538 1650 1573 per
1668 1528 1774 1562 foveas
1792 1528 1857 1563 sive
1877 1528 1963 1562 rivu-

1219 1583 1266 1616 los
1283 1583 1321 1616 ad
1345 1589 1446 1616 terras
1476 1582 1662 1616 huiusmodi
1683 1582 1863 1626 irrigandas
1889 1593 1963 1627 per·
1991 1597 1995 1599 -

1219 1637 1425 1677 ducerentur,
1449 1636 1524 1670 licet
1543 1637 1583 1670 ad
1597 1636 1695 1670 finem
1709 1636 1883 1681 perductae
1897 1647 1962 1670 non

1219 1691 1333 1730 forent,
1357 1690 1452 1723 etiam
1475 1690 1567 1724 annis
1586 1690 1721 1733 singulis
1733 1690 1963 1734 persolvendas

1220 1755 1288 1778 esse
1309 1744 1531 1778 decernerent.

1265 1799 1281 1840 g
1307 1797 1336 1830 2.
1360 1798 1473 1831 Postea
1494 1807 1580 1837 vero,
1604 1796 1679 1830 licet
1698 1797 1802 1831 dictus
1831 1798 2161 1853 (Ξανοίυςωρἐζῦῧξξῇ

2068 1855 2160 1901 aa.-

1220 1851 1398 1895 imperator
1429 1856 1459 1884 et
1477 1850 1535 1884 'rex
1570 1850 1600 1883 in
1632 1845 1794 1894 aliquibus
1817 1851 1963 1895 partibus

1221 1959 1269 1992 dis
1290 1958 1383 1992 terris
1398 1958 1584 1991 huiusmodi
1596 1968 1653 2002 per
1671 1958 1777 1992 foreas
1786 1964 1817 1992 ct
1828 1958 1960 1999 rivulos,

1221 2023 1293 2046 eum
1334 2011 1458 2054 magnis
1490 2011 1636 2056 expensis
1667 2011 1782 2045 deduci
1809 2011 1934 2046 fecisset
1953 2039 1960 2053 ‚

1221 2067 1334 2100 exinde
1356 2065 1592 2099 habitatoribus
1613 2066 1801 2100 earumdem
1822 2066 1962 2110 partium

1222 2119 1341 2153 utilitas
1362 2125 1388 2152 et
1411 2119 1583 2153 commoda
1604 2129 1668 2153 non
1689 2129 1787 2164 parva
1798 2119 1964 2164 provenis-

1220 2179 1300 2213 sent,
1331 2184 1367 2207 ac
1391 2173 1739 2218 superexcrescentiain
1764 2173 1964 2207 decimarum

1221 2234 1248 2261 et
1258 2227 1474 2272 primitiarum
1484 2226 1579 2260 etiam
1590 2227 1752 2261 novalium
1763 2226 1960 2269 huiusmodi,

1221 2281 1336 2316 Carolo
1358 2281 1544 2325 imperatori
1568 2292 1605 2315 ae
1627 2281 1693 2323 regi
1715 2286 1742 2314 et
1764 2280 1961 2315 successori·

1222 2335 1280 2368 bus
1300 2334 1483 2379 praedictis,
1507 2335 1605 2369 modo
1629 2333 1818 2378 praemisso,
1841 2333 1964 2378 persol-

1222 2389 1356 2421 vendam
1369 2399 1449 2426 csse,
1465 2387 1592 2432 praevia
1606 2387 1844 2429 informatione,
1855 2387 1965 2431 vigore

1223 2443 1437 2486 praefatarum
1448 2441 1704 2481 concessionum,
1721 2452 1779 2485 per
1792 2441 1966 2475 nonnullos

1224 2496 1345 2529 iudices
1359 2496 1472 2530 adhoc
1489 2496 1670 2540 deputatos,
1685 2496 1876 2530 auctoritate
1889 2505 1966 2540 apo—

1223 2549 1346 2588 stolica,
1378 2549 1545 2583 decretum
1570 2554 1599 2582 et
1621 2549 1820 2583 declaratum
1841 2548 1962 2588 suisset,

1225 2601 1290 2646 ipsc
1327 2603 1459 2637 Carolus
1490 2602 1669 2647 imperator
1697 2607 1728 2635 et
1763 2612 1818 2636 rex
1853 2611 1967 2646 super·

1224 2656 1440 2691 excrescentia
1470 2656 1670 2691 decimarum
1697 2661 1728 2690 et
1747 2655 1965 2700 primitiarum

1968 244 2018 273 An.
2039 244 2068 272 C.
2084 247 2097 272 ¹
2131 280 2182 290 ‚⁷

1978 1853 2067 1886 Hispani

1979 1885 2059 1902 vincias

1220 1905 1295 1938 dicti
1319 1905 1408 1947 regni
1430 1906 1626 1947 Aragonum,
1647 1915 1726 1948 quas
1743 1915 1802 1948 pro
1827 1904 1962 1948 irrigan-
1977 1907 2070 1931 sffldffl'·
