2253 3195
20 246 58 268 tn.
76 240 103 267 C.
123 240 184 267 1601

817 242 962 267 CLEMENS
984 242 1041 266 Vlll
1061 242 1109 266 PP.

204 290 227 331 ἐς
252 289 318 332 Ego
335 289 502 331 Antonius,
515 292 561 324 tit.
574 291 605 324 S.
618 291 769 335 Stephani
790 292 822 324 in
840 291 946 324 Monte

292 341 416 383 Coelio,
444 343 531 376 card.
560 343 699 376 Saulius

203 401 227 443 †
252 401 316 443 Ego
330 402 540 445 Evangelista,
561 403 606 435 tit.
631 402 663 435 S.
679 403 813 436 lllathaci
835 403 868 436 in
887 403 946 435 tilc-

292 454 410 494 1·ulan.‚
432 455 519 487 eard.
537 455 737 489 Cusentinus.

202 512 226 553 -l-
244 511 310 553 Ego
335 512 502 552 Marianus,
529 512 614 545 tituli
647 512 694 545 Ss.
723 513 891 545 Marcellini
917 517 947 545 et

292 564 386 605 Petri,
415 564 502 596 eard.
530 564 569 599 de
595 564 775 598 Camerino.

202 622 226 664 †
250 622 315 665 Ego
340 622 390 654 Fr.
419 622 609 665 Gregorius,
630 622 675 655 tit.
704 622 733 654 S.
759 614 942 665 Rugustini,

288 675 454 719 presbyter
478 675 564 709 card.
593 675 631 709 de
658 675 868 718 Montelparo.

201 733 225 774 †
249 733 315 775 Ego
341 733 475 773 Paulus,
497 733 546 766 tit.
567 733 598 766 S.
620 733 795 774 Caeciliae,
815 734 943 777 presby-

290 790 338 818 ter
363 786 448 819 eard.
476 786 676 822 Siondratus.

201 844 226 885 †
250 844 316 886 Ego
342 843 546 884 Benedictus,
573 844 623 877 tit.
644 844 676 877 S.
704 844 847 883 Priscae,
874 855 946 888 pre-

289 897 397 941 sbyter
421 897 507 930 eard.
537 897 741 931 lastinianus.

202 955 226 996 †
252 954 318 997 Ego
342 955 530 988 Franciseus
555 955 667 996 Maria,
695 956 742 988 tit.
771 956 801 988 S.
828 956 945 989 Mariae

290 1007 321 1039 in
346 1007 503 1048 Aracoeli,
531 1008 672 1052 presbyt.
691 1009 777 1041 card.
792 1019 809 1040 a
826 1009 941 1041 Monte.

201 1065 226 1107 †
249 1065 314 1107 Ego
339 1064 498 1105 Octavius,
515 1065 563 1098 tit..
591 1065 622 1098 S.
643 1065 753 1106 Alexii,
780 1067 946 1110 presbyter

291 1117 376 1151 card.
406 1118 622 1151 Paravieinus.

201 1176 226 1218 -l-
254 1175 320 1219 Ego
344 1175 581 1220 Hieronymus,
616 1176 665 1210 tit.
700 1177 730 1210 S.
764 1177 941 1217 Pancratii,

291 1230 456 1274 presbyter
480 1229 566 1263 card.
593 1230 792 1263 Mattliaeius.

200 1288 225 1330 -l-
242 1287 308 1330 Ego
333 1287 520 1329 Flaminius,
541 1288 589 1321 tit.
610 1288 641 1322 S.
661 1289 776 1322 Mariae
794 1289 832 1322 de
849 1290 941 1331 Pace,

288 1341 452 1384 presbyter
476 1341 562 1374 eard.
584 1342 701 1375 Platus.

199 1398 224 1441 †
249 1399 315 1442 Ego
340 1398 470 1440 Lutius,
499 1398 545 1431 tit.
574 1399 620 1432 Ss.
649 1399 768 1438 Quiriei
798 1405 827 1433 et
856 1401 931 1435 lulit

291 1457 353 1494 tae,
381 1453 546 1498 presbyter
570 1453 656 1486 card.
683 1453 794 1487 Saxus.

199 1510 224 1552 †
248 1509 314 1553 Ego
331 1510 519 1544 Franciseus
539 1511 647 1553 Maria,
667 1511 714 1545 tit.
731 1512 762 1545 S.
779 1512 943 1546 Bartholo-

288 1563 368 1595 maei
388 1562 423 1596 in
443 1563 562 1603 Insula,
580 1565 745 1608 presbyter
762 1565 882 1598 cardin.
904 1565 943 1598 de

289 1616 390 1650 Senis.

199 1674 224 1716 ἦ·
248 1673 486 1717 EgoCamilluS,
507 1674 552 1707 tit.
567 1674 614 1708 Ss.
643 1675 771 1708 Ioannis
795 1681 826 1709 et
843 1676 943 1717 Pauli,

287 1728 450 1771 presbyter
474 1728 561 1762 eard.
591 1728 796 1771 Burgbesius.

199 1780 223 1822 ’ξ-
248 1779 314 1823 Ego
340 1779 465 1822 Caesar,
494 1781 540 1814 tit.
555 1781 601 1814 Ss.
622 1781 712 1814 Nerei
738 1787 768 1814 et
791 1782 941 1825 Achillei,

288 1833 452 1877 presbyter
476 1833 563 1867 eard.
591 1834 758 1868 Baronius.

199 1887 223 1929 -κ
239 1886 306 1929 Ego
326 1886 534 1928 Laurentius,
558 1887 604 1920 tit.
625 1887 791 1921 Laurentii
811 1888 844 1921 in
861 1889 944 1923 Pane

286 1947 317 1974 et
348 1941 469 1982 Perna,
496 1942 661 1986 presbyter
692 1943 814 1976 cardin.
844 1944 940 1978 Blan-

288 1994 424 2028 chettus.

196 2047 221 2090 Ἰ·
245 2047 311 2090 Ego
336 2048 538 2090 FranciseuS,
560 2049 605 2082 tit.
626 2049 657 2082 S.
680 2050 820 2083 Thomae
835 2051 868 2084 in
886 2051 944 2084 Pa-

285 2101 389 2142 rione,
417 2102 502 2135 eard.
520 2102 685 2146 presbyter
700 2103 846 2138 Mantica.

196 2155 221 2197 †
245 2153 312 2197 Ego
336 2154 518 2198 Pompeius,
546 2155 595 2188 ti't.
624 2155 654 2188 S.
684 2156 846 2198 Balbinae,
874 2168 943 2201 pre-

285 2207 393 2251 sbyter
417 2207 504 2241 card.
525 2208 695 2251 Arigonus.

195 2261 220 2303 †
244 2261 310 2304 Ego
331 2260 527 2303 Dominieus,
551 2261 600 2295 tit.
623 2262 653 2295 S.
675 2263 757 2296 Petri
780 2263 813 2296 in
838 2264 944 2298 Monte

284 2314 401 2355 Aureo,
428 2315 594 2359 presbyter
618 2316 706 2350 eard.
735 2317 868 2351 Tuscus.

196 2367 220 2410 †
245 2367 311 2411 Ego
332 2367 502 2408 Arnaldus,
522 2368 568 2402 tit.
585 2369 615 2402 S.
633 2369 761 2403 Eusebii
776 2397 783 2410 ,
811 2369 944 2414 presby-

287 2427 333 2455 ter
357 2421 443 2455 eard.
465 2423 604 2456 Ossatus.

196 2475 221 2517 -l-
248 2474 314 2518 Ego
339 2475 455 2508 Paulus
479 2475 639 2517 AEmilius,
663 2476 827 2520 presbyter
851 2476 937 2509 eard.

285 2528 390 2560 Sancti
408 2527 560 2562 Marcelli.

196 2580 221 2622 †
244 2580 311 2624 Ego
331 2580 517 2621 Silvius,tit.
537 2580 567 2615 S.
588 2580 759 2614 Salvatoris
775 2581 805 2614 in
823 2581 938 2623 Lauro,

284 2634 449 2678 presbyter
474 2633 559 2669 eard.
587 2634 797 2669 Antonianus.

1633 230 1694 262 717

979 291 1004 332 †
1028 290 1093 333 Ego
1111 290 1204 331 nob„
1220 290 1266 323 tit.
1288 289 1317 323 S.
1336 289 1451 322 Mariae
1467 288 1500 322 in
1511 289 1577 328 Via,
1597 289 1725 332 preshy-

1071 349 1119 377 ter
1136 343 1222 377 card.
1243 342 1465 377 Bellarminus.

980 402 1004 444 †
1038 402 1104 444 Ego
1141 401 1313 440 Bonvisus,
1340 401 1387 434 tit.
1416 400 1446 433 S.
1470 401 1563 434 Blasii
1595 400 1634 433 de
1658 399 1722 432 An-

1069 454 1158 493 nulo,
1184 454 1351 497 presbyter
1374 454 1460 486 eard.
1481 452 1656 487 Bonvisius.

980 512 1005 553 †
1022 512 1088 554 Ego
1109 512 1145 544 Α.
1176 511 1207 544 S.
1232 511 1391 544 Laurentii
1416 511 1451 543 in
1480 512 1627 550 Damaso,
1657 510 1726 542 dia-

986 563 989 565 ’
1069 575 1169 598 conus
1187 565 1273 597 eard.
1291 565 1473 604 Montanus,
1492 565 1522 598 S.
1538 565 1574 598 R.
1594 565 1629 597 E.
1646 564 1726 598 viee-

1069 617 1288 650 cancellarius.

980 675 1004 716 †
1029 674 1095 717 Ego
1120 674 1287 714 Antonius,
1308 675 1388 707 diae.
1406 675 1493 708 eard.
1516 675 1561 707 Ss.
1584 674 1727 713 Quatuor

1069 728 1316 760 Coronatorum.
1595 734 1599 737 ·

980 785 1005 826 †
1029 784 1096 827 Ego
1121 785 1154 817 P.
1175 784 1205 817 S.
1230 785 1350 817 Nicolai
1372 785 1403 816 in
1428 785 1560 819 Careere
1575 812 1582 825 ‚
1614 785 1723 818 diaeo-

1069 847 1129 870 nus
1162 837 1248 870 card.
1272 837 1547 878 Aldohrandinus,
1574 838 1604 870 S.
1634 837 1669 869 R.
1689 837 1723 869 E.

1069 890 1279 923 camerarius.

980 948 1004 990 †
1025 948 1092 990 Ego
1116 948 1282 992 CynthiuS,
1295 948 1450 982 diaeonus
1463 949 1633 982 cardinalis
1650 949 1727 982 San-

1069 1001 1110 1034 cti
1138 1001 1276 1044 Georgii.

979 1060 1004 1101 †
1028 1059 1094 1102 Ego
1118 1060 1393 1101 Bartholomaeus,
1412 1060 1442 1093 S.
1464 1060 1579 1093 Mariae
1595 1060 1627 1092 in
1645 1062 1724 1094 Por-¹

1069 1113 1147 1154 tieu,
1175 1114 1330 1147 diaconus
1355 1114 1441 1147 card.
1471 1114 1608 1148 Caesius.

979 1169 1003 1211 †
1028 1170 1095 1212 Ego
1112 1170 1146 1202 A.
1161 1170 1193 1202 S.
1214 1170 1324 1212 Angeli
1338 1171 1370 1202 in
1396 1172 1464 1203 soro
1490 1171 1643 1210 Piscario,
1659 1170 1726 1203 dia-

1069 1232 1169 1255 eonus
1194 1223 1281 1255 eard.
1304 1224 1460 1257 perettus.

987 1281 1003 1322 1⁴
1027 1281 1093 1324 Ego
1118 1281 1228 1314 Ioann.
1243 1281 1395 1324 Baptista,
1411 1281 1440 1314 S.
1462 1281 1576 1314 Mariae
1598 1282 1629 1314 in
1647 1282 1725 1315 Cos-

1068 1333 1189 1374 medin,
1214 1333 1297 1367 diae.
1325 1335 1410 1368 card.
1429 1334 1535 1367 Detus.

1284 1610 1422 1644 CCLxll.

978 1726 1175 1769 Praefim'tz'o
1197 1727 1321 1770 formae
1348 1727 1655 1760 communicationis
1677 1728 1726 1760 ἰη-

1023 1789 1272 1832 dulqentioerum
1291 1789 1553 1832 oraliomcmque,
1571 1794 1646 1829 ete„
1661 1799 1726 1821 ser-

1023 1850 1149 1884 vandae
1166 1861 1186 1883 α
1205 1851 1380 1884 Fratribus
1404 1851 1525 1885 Beatae
1542 1851 1669 1883 Mariae
1689 1850 1727 1884 de

1023 1912 1165 1945 Mercede
1177 1912 1420 1955 Reclempliom's
1434 1913 1649 1956 captivorum,
1661 1916 1726 1944 sta-

1025 1974 1065 2006 tis
1078 1973 1201 2014 (liebus,
1218 1974 1338 2017 quibus
1358 1974 1424 2017 ipsi
1442 1973 1625 2016 qeneralem
1638 1972 1727 2005 bene-

1023 2037 1199 2070 dictionem
1218 2038 1322 2080 facere
1346 2039 1578 2069 consueverunt
1602 2035 1621 2068 ¹.

1187 2127 1321 2154 Clemens
1343 2127 1420 2160 Papa
1440 2127 1523 2159 vm,

1106 2183 1141 2207 ad
1157 2182 1333 2214 perpetuam
1348 2179 1393 2207 rei
1407 2178 1589 2206 memoriam.

1022 2260 1100 2295 Cum
1125 2270 1183 2294 nos
1207 2261 1293 2301 alias,
1323 2266 1357 2293 ut
1382 2260 1414 2292 in
1431 2259 1581 2292 universo
1606 2259 1724 2293 Ordine

978 2314 1090 2347 Beatae
1113 2313 1229 2346 Mariae
1254 2313 1293 2346 de
1318 2313 1464 2346 Mercede
1482 2312 1724 2355 Redemptionis

977 2367 1191 2410 Captivorum,
1215 2366 1282 2400 dies
1306 2365 1376 2399 sesti
1401 2365 1431 2399 S.
1458 2365 1621 2399 Laurentii
1638 2376 1723 2398 mar-

978 2419 1086 2463 tyiris,
1111 2430 1175 2463 quo
1192 2419 1242 2452 die
1260 2419 1344 2452 Ordo
1368 2418 1551 2462 praedictus
1574 2418 1725 2452 fundatus

1014 2509 1023 2534 1
1043 2507 1214 2535 Consimilem
1229 2508 1342 2535 formam
1363 2507 1406 2534 hie
1422 2506 1493 2534 idem
1508 2506 1634 2534 Pontifex
1645 2515 1724 2542 prae-

975 2552 1083 2588 scripsit
1097 2552 1189 2579 Ordini
1214 2552 1338 2579 Fratrum
1367 2551 1560 2579 Sanctissimae
1584 2551 1724 2578 Trinitatis

976 2597 1118 2633 ltedempt.
1137 2597 1240 2632 Captiv.
1266 2596 1292 2623 in
1318 2596 1426 2624 constit.
1449 2595 1563 2623 inferius
1587 2595 1722 2631 ponenda,

975 2650 1044 2678 quae
1064 2641 1174 2677 incipit:
1197 2642 1294 2670 Decet.

1742 239 1789 265 An.
1809 240 1837 266 G.
1858 238 1921 265 ¹004

1766 2270 1861 2291 Clemens
1875 2274 1924 2298 con-

1739 2298 1834 2317 cussurat
1858 2298 1880 2316 ut
1903 2301 1924 2315 in

1739 2323 1780 2343 lioe
1796 2322 1875 2343 Ordine
1891 2327 1924 2342 co-

1739 2348 1925 2370 lobi-arenturilios

1740 2376 1787 2396 susti
1798 2376 1819 2397 S.
1830 2375 1925 2396 Lauren-

1739 2403 1767 2432 tii¹
1785 2404 1806 2423 et
1821 2402 1843 2423 S.
1862 2402 1924 2422 Auto-

1739 2435 1776 2450 nu.
