2253 3195
49 225 95 252 An.
113 225 141 252 C.
167 224 234 252 ¹594

81 1663 107 1685 Et
128 1664 179 1691 quid
203 1664 233 1692 uis

48 1690 177 1718 prohibitum
187 1690 220 1712 sit.

865 225 1012 250 CLEMENS
1031 226 1089 249 vm
1109 226 1159 249 PP.

246 283 308 316 que
325 272 496 316 dignitates
527 273 729 313 obtinentes,
772 273 867 306 etiam
893 283 989 316 gene-

245 327 329 360 rales
361 333 391 361 et
410 328 644 372 provinciales,
680 328 860 370 magistros,
896 328 990 360 mini-

245 385 328 414 stros
350 386 379 414 et
399 392 606 425 quocumque
635 382 767 414 nomine
795 382 986 425 praefectos2

246 445 304 468 nec
333 445 398 467 non
432 440 660 473 conventuum,
693 434 986 474 monasteriorum,

245 487 445 532 prioratuum
462 515 469 528 ,
500 487 821 531 praepositurarum,
860 497 991 530 praece—

245 540 424 584 ptoriarum
445 567 452 579 ,
487 540 658 573 domorum
681 545 712 572 et
740 540 885 572 locorum
909 549 1009 582 quo-1

245 603 459 641 rumcumque
485 593 627 633 abbates,
652 592 787 636 priores,
823 592 1009 636 praeposi-¹

247 651 305 685 tos,
329 652 568 690 praeceptores,
592 645 687 679 etiam
707 646 857 684 maiores,
890 655 988 687 guar-

246 699 370 739 dianos,
394 699 569 738 ministros,
598 705 750 738 rectores
775 705 870 742 atque
892 699 990 732 abba-

247 753 337 786 tissas
358 758 389 785 et
409 752 590 796 priorissas,
615 759 645 786 et
665 753 738 786 alio·
753 752 865 797 quovis
898 752 991 785 titulo

245 806 477 851 praesidentes,
493 812 555 839 tam
570 805 876 850 ipsisRegularibus,
894 815 990 849 quain

245 859 393 893 Iocorum
422 859 612 900 Ordinariis,
636 869 692 893 seu
713 859 879 904 quibusvis
899 865 1010 902 supe-'

246 912 386 946 rioribus
407 912 580 952 subiectos,
609 912 793 945 utriuslibet
814 922 917 951 sexus,
953 911 991 944 ad

245 966 342 1000 vitam
360 967 409 999 vel
429 966 469 1000 ad
499 972 625 1010 tempus
646 966 826 1010 deputatos,
857 965 937 998 adeo
957 970 993 997 ut

245 1030 341 1053 nemo
362 1030 516 1064 umquam
543 1029 656 1053 eorum
679 1020 727 1053 vel
748 1029 859 1052 earum
876 1046 883 1059 ,
907 1019 992 1052 dire-

246 1080 296 1108 cte
316 1074 365 1107 vel
385 1073 554 1113 indirecte,
575 1073 681 1117 palam
701 1073 747 1106 vel
770 1073 905 1112 occulte,
928 1078 991 1105 tam

246 1127 430 1166 communi,
454 1137 551 1170 quam
582 1126 770 1171 particulari
793 1132 820 1159 et
859 1126 992 1170 proprio

245 1180 397 1221 nomine,
430 1180 524 1213 etiam
556 1181 614 1214 sub
651 1180 762 1224 quovis
801 1179 909 1213 statuti
944 1179 992 1213 vel

246 1234 507 1275 consuetudinis,
551 1245 608 1268 seu
638 1234 744 1268 verius
775 1233 989 1277 corruptelae,

246 1293 300 1322 aut
319 1288 382 1321 alio
400 1293 558 1332 pretextu,
583 1288 630 1320 vel
657 1297 862 1331 quacumque
883 1297 989 1326 causa,

246 1341 306 1375 nisi
327 1341 360 1374 in
381 1342 522 1384 generali
548 1341 708 1385 capitulo,
741 1346 795 1374 aut
815 1340 877 1373 alia
897 1350 993 1382 gene-

247 1395 305 1429 rali
335 1395 600 1437 congregatione,
628 1405 661 1428 re
684 1400 809 1427 mature
831 1394 990 1435 discussa,

247 1448 393 1482 unanimi
411 1459 571 1482 consensu
592 1448 750 1489 omnium,
774 1448 994 1492 superiorum-

248 1513 311 1547 que
331 1502 501 1546 permissu‚
531 1512 627 1535 causa
658 1501 837 1545 approbata
868 1501 965 1535 suerit
983 1528 990 1541 ,

248 1555 421 1599 quicquam
444 1556 505 1588 tale
531 1560 689 1588 attentare
707 1555 819 1587 valeat.

293 1610 310 1651 g
331 1607 361 1642 3.
386 1609 420 1642 Id
452 1615 559 1641 autern
581 1608 623 1641 ita
644 1608 789 1641 absolute
810 1613 840 1641 et
860 1618 994 1651 genera-

249 1661 306 1694 tim
327 1661 459 1695 vetitum
498 1661 707 1704 intelligatur,
739 1667 774 1694 ut
793 1672 898 1705 neque
923 1672 993 1694 orn-

248 1715 326 1748 nino
353 1715 397 1748 fas
429 1714 469 1748 sit
497 1715 671 1758 quicquam
695 1716 837 1755 donare,
872 1721 936 1748 tam
958 1725 992 1747 ex

249 1768 419 1808 fructibus,
453 1768 645 1808 redditibus,
677 1768 896 1812 proventibus,
930 1769 1011 1801 col—v

248 1822 349 1862 lectis,
372 1821 420 1854 vel
442 1821 736 1855 contributionibus
750 1849 757 1861 ,
785 1827 839 1854 aut
859 1821 994 1854 oblatio-

247 1875 353 1916 nibus,
377 1875 442 1908 sive
455 1875 679 1919 eleemosynis,
696 1880 751 1907 aut
763 1874 913 1908 subsidiis
927 1885 995 1907 cer-

250 1929 287 1962 tis
306 1929 355 1962 vel
377 1928 518 1969 incertis,
543 1928 716 1961 ordinariis
736 1939 793 1961 seu
818 1929 993 1961 extraordi-

248 1982 368 2023 nariis,
403 1993 532 2015 mensae
557 1993 614 2015 seu
645 1993 768 2015 massae
798 1983 990 2024 communis,

249 2036 295 2069 vel
329 2036 466 2069 cuiusvis
490 2036 631 2070 fabricae
655 2041 686 2069 et
709 2036 882 2076 sacristiae,
907 2047 990 2080 quo-

249 2100 322 2122 rum
354 2089 439 2122 bona
471 2089 706 2130 communiter,
741 2095 776 2122 ut
799 2090 989 2133 praefertur,

249 2143 526 2183 administrantur,
550 2154 700 2186 seuquae
722 2143 901 2176 rationibus
921 2144 994 2176 red-

249 2196 363 2230 dendis
384 2201 457 2229 sunt
488 2196 646 2236 obnoxia,
671 2207 767 2240 quam
787 2207 823 2229 ex
847 2197 993 2240 pecuniis

248 2249 343 2283 etiam
366 2260 449 2294 quae
471 2260 488 2282 a
509 2249 643 2292 singulis
668 2249 781 2293 quovis
810 2250 908 2283 modo
940 2261 992 2283 ac-

247 2302 383 2346 quisitae
398 2330 405 2343 ,
438 2302 471 2335 in
492 2313 665 2336 commune
690 2303 904 2336 conferendae
925 2314 994 2336 om-

247 2356 325 2389 nino
354 2362 438 2389 sunt.
473 2357 537 2390 Nec
558 2356 583 2389 si
607 2356 767 2400 perviam
795 2357 993 2390 voluntariae

248 2409 497 2444 contributionis
517 2410 549 2443 in
568 2420 741 2443 commune
762 2416 989 2452 congerantur,

248 2473 307 2495 nec
342 2462 367 2495 si
400 2463 532 2496 forsitan
560 2463 709 2507 privatim
742 2469 771 2497 et
801 2463 991 2497 nominatim

249 2515 381 2549 cuilibet
415 2516 565 2559 religioso
596 2528 614 2550 a
649 2517 714 2550 suis
743 2517 963 2561 superioribus
982 2545 989 2557 ,

249 2569 296 2602 vel
318 2579 335 2601 a
356 2569 495 2613 propriis
522 2570 682 2611 affinibus,
713 2570 924 2615 propinquis,
949 2571 992 2604 fn-

250 2622 445 2664 miliaribus,
471 2623 582 2658 amicis
612 2630 666 2658 aut
689 2617 872 2665 bcriext'olis,
896 2626 945 2658 vel
976 2636 993 2658 a

1023 273 1084 317 piis
1117 272 1402 312 christifidelibus,
1427 272 1522 305 etiam
1550 273 1773 316 eelemosynae

1034 331 1089 360 aut
1108 326 1281 364 charitatis,
1298 326 1425 359 etillius
1445 325 1597 369 propriae
1617 335 1775 368 personae

1034 379 1138 425 ntuitu
1153 379 1336 419 attributae,
1361 390 1421 412 seu
1448 389 1580 423 quoquo
1602 379 1699 412 modo
1717 389 1774 422 per

1033 433 1210 476 quemlibet
1237 431 1423 475 religiosum
1451 443 1509 466 suo
1545 432 1741 465 monasterio
1763 460 1770 473 ‚

1022 486 1133 519 domui
1161 491 1215 518 aut
1240 487 1311 519 loco
1338 486 1534 530 acquisitae,
1559 486 1653 529 eique
1675 491 1710 519 ut
1734 486 1773 519 ad

1023 538 1146 571 obitum
1173 539 1211 572 de
1243 539 1288 572 eis
1308 539 1479 582 disponat,
1508 549 1566 583 per
1586 538 1773 582 superiores

1025 583 1193 624 concessae
1226 591 1355 625 fuerint.
1391 592 1622 635 Praeterquam
1652 591 1774 624 leviora

1025 644 1187 677 esculenta
1205 650 1259 677 aut
1272 644 1474 688 proculenta,
1498 655 1554 678 seu
1575 645 1614 678 ad
1629 645 1773 678 devotio-

1025 708 1098 730 nem
1127 698 1175 731 vel
1208 698 1398 739 religionem
1424 698 1619 741 pertinentia
1648 707 1769 731 munu-

1025 751 1123 790 scula,
1148 751 1313 784 communi
1337 757 1472 792 tantum,
1496 762 1673 795 numquam
1695 762 1771 785 vero

1025 804 1214 848 particulari
1235 805 1365 838 nomine
1378 806 1445 848 (ubi
1467 805 1625 849 superiori
1641 805 1679 838 de
1693 815 1782 839 con-‘

1025 869 1120 891 sensu
1138 864 1313 892 conventus
1335 858 1508 901 videbitur)
1526 858 1692 892 tradenda.
1709 857 1771 892 Sed

1026 917 1054 944 et
1076 912 1262 945 huiusmodi
1296 912 1464 946 missiones
1490 922 1662 956 munerum
1695 912 1771 956 ipsis

1025 964 1183 1007 religiosis
1203 965 1386 999 utriuslibet
1405 976 1496 999 sexus
1510 975 1574 998 non
1596 965 1699 998 solum
1714 975 1772 1008 per

1025 1029 1070 1058 se,
1105 1029 1214 1051 verum
1246 1018 1341 1051 etiam
1363 1029 1422 1062 per
1439 1019 1540 1059 alios,
1566 1024 1628 1051 tam
1651 1018 1771 1052 directe

1026 1082 1121 1115 quam
1144 1071 1321 1111 indirecte,
1349 1072 1527 1115 prohibitas
1553 1072 1766 1105 declaramus.

1071 1126 1087 1167 g
1108 1124 1139 1158 4.
1164 1125 1274 1169 Neque
1294 1135 1369 1158 vero
1389 1125 1559 1169 quisquam
1578 1125 1617 1157 ab
1639 1124 1698 1158 hac
1717 1135 1770 1167 ge-

1008 1178 1127 1211 'nerali
1159 1178 1379 1222 prohibitione
1409 1189 1442 1212 se
1477 1188 1629 1212 excusare
1653 1179 1767 1219 valeat,

1008 1232 1123 1265 :eiiam
1144 1232 1168 1265 si
1190 1242 1327 1265 munera
1347 1232 1471 1265 miserit
1496 1232 1595 1265 cuivis
1613 1242 1772 1275 personae

1008 1287 1010 1302 ³
1026 1286 1126 1320 laicae
1145 1286 1193 1319 vel
1209 1286 1442 1320 ecclesiasticae
1463 1286 1696 1330 cuiuscumque
1708 1292 1771 1319 sta-

1026 1346 1087 1379 tus,
1112 1340 1241 1382 gradus,
1265 1340 1443 1382 dignitatis,
1467 1340 1592 1374 ordinis
1622 1340 1670 1373 vel
1697 1351 1773 1373 con-

1027 1393 1168 1433 ditionis,
1193 1399 1223 1426 et
1243 1393 1355 1437 quavis
1386 1404 1451 1426 non
1476 1393 1582 1427 solum
1609 1393 1773 1427 mundana

1028 1452 1057 1480 et
1078 1447 1196 1487 ducali,
1220 1447 1319 1489 regia,
1344 1447 1516 1491 imperiali,
1540 1457 1652 1480 verum
1675 1447 1772 1481 etiam

1028 1501 1243 1534 ecclesiastica
1264 1507 1294 1534 et
1313 1500 1515 1545 pontificali,
1551 1507 1606 1534 aut
1622 1501 1685 1534 alia
1706 1511 1773 1534 ma-

1028 1555 1099 1595 iori,
1124 1555 1219 1588 etiam
1251 1555 1387 1589 Sanctae
1416 1555 1581 1588 Romanae
1611 1555 1773 1588 Ecclesiae

1028 1609 1243 1642 cardinalatus
1256 1609 1410 1651 dignitate
1424 1608 1570 1651 fulgenti,
1588 1608 1683 1641 etiam
1698 1618 1773 1652 pro-

1028 1662 1097 1705 prio
1130 1662 1192 1694 loci
1223 1661 1416 1702 Ordinario,
1445 1662 1542 1695 etiam
1564 1674 1601 1696 ex
1626 1673 1722 1695 causa
1743 1668 1774 1695 et

1027 1715 1199 1749 occasione
1218 1715 1464 1756 benedictionis,
1488 1716 1536 1749 vel
1559 1716 1772 1760 susceptionis

1028 1769 1155 1802 habitus
1184 1769 1352 1812 regularis,
1378 1775 1531 1803 tonsurae
1546 1797 1553 1810 ,
1577 1775 1632 1803 aut
1648 1770 1772 1814 profes-

1027 1822 1125 1855 sionis
1156 1823 1345 1856 monialium
1361 1850 1368 1863 ,
1392 1828 1456 1855 tam
1487 1823 1547 1856 sibi
1569 1823 1773 1856 subditarum

1028 1886 1124 1919 quam
1146 1886 1211 1908 non
1240 1876 1465 1917 subditarum,
1498 1881 1553 1909 aut
1583 1876 1643 1920 ipsi
1675 1876 1772 1910 etiam

1028 1929 1160 1973 proprio
1181 1928 1310 1963 Ordinis
1330 1930 1379 1962 vel
1410 1930 1671 1972 congregationis
1695 1941 1772 1974 pro-

1028 1982 1153 2023 tectori,
1170 1982 1452 2026 vice-protectori,
1470 1983 1613 2025 generali
1634 1983 1682 2016 vel
1698 1994 1773 2027 pro-

1026 2036 1166 2076 vinciali,
1190 2042 1244 2069 aut
1264 2036 1402 2073 cuiusvis
1429 2036 1625 2076 monasterii,
1649 2036 1773 2080 priora-

1028 2095 1096 2130 tus,
1121 2090 1236 2123 domus
1269 2095 1323 2122 aut
1352 2090 1523 2123 cuiuslibet
1551 2089 1682 2123 alterius
1711 2090 1772 2123 loci

1026 2143 1167 2185 regulari
1197 2143 1374 2187 superiori,
1403 2149 1456 2176 aut
1478 2144 1540 2176 alio
1566 2154 1772 2188 quocumque

1027 2197 1144 2236 officio,
1178 2207 1313 2230 munere
1343 2203 1397 2230 aut.
1429 2197 1582 2239 dignitate
1604 2197 1768 2240 fungenti,

1026 2251 1074 2282 vel
1105 2250 1298 2294 cuicumque
1323 2250 1419 2283 etiam
1448 2250 1586 2294 simplici
1612 2256 1642 2284 et
1672 2250 1773 2294 parti-

1027 2304 1128 2337 culari
1153 2304 1317 2347 religioso.
1350 2305 1395 2337 Ita
1422 2310 1457 2338 ut
1479 2304 1563 2337 inter
1583 2304 1670 2348 ipsos
1691 2316 1771 2349 quo-

1027 2368 1089 2400 que
1109 2358 1276 2400 religiosos
1302 2359 1312 2401 (
1333 2369 1372 2391 ne
1391 2368 1489 2402 prava
1515 2358 1692 2391 ambitione
1713 2358 1772 2391 im-

1027 2411 1107 2455 pulsi
1130 2422 1189 2454 pro
1211 2411 1448 2455 consequendis
1474 2411 1506 2444 in
1527 2422 1584 2444 sua
1615 2411 1772 2454 religione

1026 2465 1180 2507 gradibus
1211 2470 1242 2498 et
1277 2465 1484 2507 dignitatibus
1522 2465 1603 2498 alter
1640 2465 1772 2500 alterius

1027 2519 1174 2560 gratiam,
1209 2524 1263 2552 aut
1280 2519 1538 2552 benevolentiam
1560 2525 1741 2563 aucupetur
1759 2520 1771 2562 )

1027 2582 1250 2616 quaecumque
1282 2572 1409 2615 largitio
1433 2578 1488 2606 aut
1509 2573 1639 2606 donatio
1659 2583 1772 2606 mune-

1026 2636 1097 2658 ruin
1119 2625 1193 2670 (nisi
1214 2636 1323 2658 rerum
1351 2625 1560 2659 minImarum
1578 2626 1617 2660 de
1641 2626 1771 2660 licentia

1679 213 1743 247 147
1790 224 1839 250 An.
1860 224 1886 251 c.
1907 224 1974 251 1594

1808 1139 1888 1163 Quibus
1898 1139 1971 1161 donari

1786 1172 1827 1187 non
1841 1167 1912 1188 liceat.
