2253 3195
39 240 99 267 An.
117 239 147 266 C.
168 237 238 265 1596

100 667 234 688 obstantium

50 694 168 720 derogatio.

864 234 1011 259 CLEMENS
1030 234 1089 258 VIII
1108 234 1160 258 PP.

249 296 345 330 supra
362 285 518 329 populum
540 285 683 329 (quando
708 284 823 328 aliquis
840 284 870 317 S.
894 284 930 317 R.
954 283 988 316 E.

250 339 421 372 cardinalis
445 339 570 382 legatus
599 339 647 371 vel
668 338 815 377 nuncius,
839 343 891 371 aut
913 337 993 369 alius

249 393 411 436 praelatus
437 392 584 436 superior
611 392 654 424 ibi
680 402 830 435 praesens
850 401 915 423 non
936 390 992 433 sit)

250 445 437 489 impendere
458 446 558 478 libere
579 451 609 478 et
631 445 715 477 licite
736 444 860 481 valeas,
882 448 992 476 aucto-

249 499 343 532 ritate
365 499 551 543 apostolica,
569 505 678 531 tenore
697 497 927 541 praesentium,
951 497 994 529 fa-

250 553 402 586 cultatem
424 552 631 586 concedimus
656 556 687 583 et
708 550 921 594 impertimur.

295 606 309 649 g
330 606 360 638 2.
384 606 454 639 Non
474 604 674 638 obstantibus
694 603 888 647 apostolicis,
905 613 941 635 ac
961 602 993 635 in

249 659 499 696 universalibus,
523 657 775 702 provincialibus
805 662 834 689 et
858 657 994 700 synoda-

249 712 333 745 libus
353 711 497 745 eonciliis
518 711 612 744 editis
633 710 837 753 generalibus
854 710 902 742 vel
924 720 993 753 spe-

250 766 383 799 cialibus
410 765 694 799 constitutionibus
726 770 756 797 et
784 763 995 797 ordinationi-

249 819 319 859 bus,
330 819 529 862 caeterisque
541 818 712 852 contrariis
723 817 991 861 quibuscumque.

292 873 407 906 Datum
432 873 554 906 Romae
585 873 671 916 apud
695 871 725 905 S.
756 871 910 907 Petrum,
935 870 995 903 sub

249 927 370 960 annulo
400 926 582 965 piscatoris,
611 926 662 959 die
690 925 828 969 septima
860 934 995 957 novem-

248 980 315 1013 bris
334 990 470 1019 MDXCVI,
494 978 700 1024 pontificatus
720 979 822 1012 nostri
843 988 928 1011 anno
946 988 975 1011 v.

285 1042 344 1070 Dat.
363 1043 406 1070 die
427 1044 441 1070 7
458 1042 614 1070 novembris
635 1042 714 1076 1596,
731 1042 830 1078 pontis.
852 1050 897 1068 an.
913 1048 940 1067 v.

562 1204 684 1238 CXLVI.

251 1304 384 1337 Fratres
406 1302 541 1337 Ordinis
562 1304 683 1337 Beatae
702 1302 830 1335 Mariae
854 1302 891 1335 de
912 1302 993 1335 Mer-

295 1366 366 1399 cede
393 1365 635 1408 Redemptionis
658 1365 878 1408 Captivorum,
902 1364 995 1397 titillo

295 1429 394 1461 etiam
407 1428 521 1471 quarti
532 1427 598 1460 voti
607 1431 780 1470 praetextu
793 1427 841 1459 vet
851 1426 992 1467 indulto,

296 1490 334 1523 de
363 1494 484 1523 caetero
507 1490 669 1532 recipiant
696 1489 830 1522 Fratres
855 1489 996 1522 Minores

296 1553 329 1586 S.
352 1552 523 1585 Francz'sci
548 1552 586 1584 de
613 1551 847 1591 Obseruantia,
868 1555 926 1584 aut
945 1551 996 1583 al-

1027 283 1177 315 scandala
1202 281 1233 314 in
1262 281 1384 325 populo
1413 284 1628 323 generentur,
1652 283 1683 311 et
1710 278 1772 311 alia

1028 336 1128 368 multa
1153 334 1361 368 incommoda
1381 338 1563 366 nascantur.

1073 390 1088 430 g
1110 389 1140 421 t.
1161 389 1223 421 Nos
1244 387 1428 420 huiusmodi
1448 385 1607 420 scandalis
1627 385 1768 423 obviare,

1030 500 1084 535 tes,
1109 501 1320 538 tenoremque
1342 494 1418 527 dicti
1440 493 1566 534 indulti,
1583 493 1716 537 perinde
1737 503 1772 526 ac

1028 547 1053 580 si
1074 548 1112 580 de
1132 548 1231 585 verbo
1251 548 1291 580 ad
1306 548 1438 580 verbum
1459 547 1666 587 insereretur,
1682 556 1774 590 prae-

1028 601 1172 634 sentibus
1196 611 1254 645 pro
1280 612 1429 645 expresso
1450 601 1615 641 habentes,
1638 611 1678 633 ne
1704 600 1775 644 quis

1029 655 1247 698 praelatorum
1263 682 1270 695 ,
1291 665 1347 688 seu
1380 654 1604 698 superiorum,
1629 660 1683 687 aut
1713 655 1775 687 fra-

1030 714 1114 741 trum
1146 713 1387 747 conventuum,
1416 719 1472 741 seu
1498 708 1669 741 domorum
1700 708 1775 741 dicti

1029 762 1156 796 Ordinis
1176 764 1290 796 Beatae
1317 762 1432 795 Mariae
1464 762 1503 795 de
1532 762 1677 795 Mercede
1709 762 1772 795 Re-

1030 815 1224 859 demptionis
1252 815 1480 859 Captivorum,
1510 820 1574 847 tam
1608 815 1639 847 in
1668 814 1793 857 regnis=

1030 869 1268 913 Hispaniarum,
1293 879 1389 912 quam
1411 868 1486 901 alibi
1508 868 1772 908 consistentium,

1031 924 1142 967 quavis
1156 924 1208 957 ille
1223 924 1389 966 dignitate,
1406 923 1670 967 praeeminentia,
1685 933 1777 966 prae-

1032 977 1175 1020 rogativa
1209 977 1256 1010 vel
1288 987 1422 1010 munere
1454 977 1623 1019 fungatur,
1657 986 1773 1019 quem-

1031 1041 1128 1074 quam
1140 1030 1268 1064 Ordinis
1282 1031 1428 1063 Fratrum
1441 1030 1599 1063 Minorum
1612 1030 1651 1063 de
1662 1029 1778 1063 Obser-

1032 1084 1157 1124 vantia‚
1189 1090 1243 1117 aut
1270 1084 1409 1117 cuiusvis
1434 1084 1603 1117 strictioris
1631 1083 1773 1126 regulae,

1031 1149 1128 1182 quam
1167 1138 1207 1171 sit
1247 1138 1359 1180 regula
1401 1137 1561 1170 dictorum
1603 1136 1774 1179 religioso-

1032 1202 1103 1224 rum
1137 1191 1252 1224 Beatae
1276 1191 1393 1224 Mariae
1425 1191 1464 1223 de
1492 1190 1657 1230 Mercede,
1685 1201 1778 1233 prae-

1031 1249 1118 1277 textu
1139 1243 1278 1277 cuiusvis
1303 1242 1419 1276 indulti
1439 1253 1495 1275 seu
1516 1242 1673 1285 privilegii
1698 1252 1776 1285 apo-

1031 1297 1151 1337 stolici,
1175 1297 1321 1341 recipere
1348 1297 1465 1329 audeat
1491 1296 1539 1328 vel
1570 1301 1775 1339 praesumat,

1031 1351 1156 1385 etiamsi
1176 1350 1315 1383 habeant
1336 1349 1541 1394 privilegium
1567 1348 1599 1381 id
1625 1349 1774 1388 faciendi,

1031 1416 1126 1438 causa
1146 1405 1251 1449 quarti
1272 1405 1347 1444 voti,
1371 1404 1460 1448 quod
1488 1403 1547 1447 ipsi
1566 1397 1778 1447 ‘professores

1031 1459 1158 1494 Ordinis
1175 1460 1208 1492 Β.
1226 1458 1342 1492 Mariae
1363 1459 1401 1492 de
1427 1458 1572 1491 Mercede
1592 1457 1778 1490 huiusmodi

1031 1514 1162 1553 faciunt,
1173 1512 1350 1557 apostolica
1359 1512 1677 1552 auctoritate,ten0re
1686 1521 1778 1555 prae-

1031 1568 1181 1607 sentium,
1205 1566 1348 1600 districte
1369 1565 1590 1609 prohibemus.

1674 219 1738 253 319
1785 229 1835 256 An.
1856 228 1971 256 01596

1823 397 1860 418 Hic
1876 396 1973 416 Pontifex

1787 424 1915 445 eontrarium
1937 422 1973 442 de-

1028 447 1059 473 et
1078 441 1177 485 quieti
1195 441 1421 483 religiosorum
1439 440 1623 484 prospicere
1640 439 1772 482 cupien-
1788 451 1862 472 cernit.

297 1616 397 1648 terius
415 1616 589 1648 strictioris
615 1614 750 1648 Ordinis
766 1615 959 1658 professores
972 1615 992 1647 ¹.
1821 1625 1919 1647 simam
1939 1625 1981 1646 ana

1795 1653 1878 1673 ratione
1916 1658 1980 1682 quam

1077 1623 1093 1663 ξ
1118 1620 1149 1653 02.
1175 1621 1380 1654 Declarantes
1409 1619 1554 1661 regulam
1585 1618 1778 1652 strictiorem

1033 1686 1100 1708 esse
1122 1674 1329 1708 iudicandam
1351 1673 1414 1706 alia
1434 1673 1577 1711 ratione,
1601 1682 1698 1716 quam
1720 1683 1775 1705 re·
1795 1682 1866 1732 {3¹:1³ss
1886 1682 1980 1726 {fructig-

453 1705 588 1732 clemens
609 1705 687 1738 Papa
706 1704 771 1732 vm
785 1726 792 1738 '
1031 1735 1144 1773 spectu
1164 1729 1272 1773 quarti
1299 1728 1373 1762 voti.
1397 1728 1612 1761 Decernentes
1633 1737 1669 1759 ex
1693 1736 1779 1759 nunc
1794 1739 1838 1754 rem
1858 1738 1905 1753 esso
1927 1732 1981 1752 iudi-

377 1761 414 1788 ad
433 1762 609 1794 perpetuam
628 1759 672 1786 rei
696 1758 876 1787 memoriam.
1795 1759 1893 1781 eandam.

80 1891 118 1913 Hie
128 1893 196 1919 Ordo,
206 1900 238 1915 re-

10 1927 11 1933 i
55 1921 128 1949 spectu
145 1947 149 1950 γ
168 1922 237 1951 quarti

55 1947 103 1969 voti.
113 1949 206 1968 strictior
216 1954 238 1968 a·

55 1971 87 1992 liis
93 1975 237 1999 reputabatur.

297 1841 405 1884 Nuper
422 1840 461 1873 ad
482 1850 541 1873 nos
558 1840 717 1884 perlatum
740 1844 804 1878 est,
829 1839 997 1881 religiosos

253 1893 380 1928 Ordinis
409 1894 443 1927 B.
472 1893 589 1926 Mariae
619 1893 658 1926 de
686 1893 832 1926 Mercede
861 1893 998 1926 Redem-

253 1948 373 1992 ptionis
393 1947 597 1991 Captivorum
611 1974 618 1987 ,
640 1952 805 1990 praetextu
831 1946 997 1979 cuiusdam

254 2001 370 2034 indulti
391 2001 559 2045 apostolici
582 2000 667 2034 dicto
688 2000 799 2034 Ordini
821 2000 998 2044 antiquitus

253 2054 408 2095 concessi,
425 2055 621 2098 professores
633 2053 761 2087 Ordinis
774 2054 923 2087 Fratrum
944 2054 999 2087 Mi-

253 2119 369 2142 norum
401 2108 440 2142 de
470 2107 679 2141 Observantia
710 2113 933 2151 nuncupatos,
969 2114 999 2141 et

253 2163 332 2196 alios
353 2162 483 2205 regulae
504 2161 684 2199 strictioris,
714 2160 745 2193 in
763 2171 877 2194 eorum
898 2161 995 2194 soda-

253 2215 386 2256 litatem,
415 2226 471 2248 seu
493 2215 617 2255 domos,
642 2219 697 2247 aut
717 2220 892 2247 conventus
913 2214 996 2247 reci-

253 2280 339 2313 pere.
357 2269 461 2308 Quare
474 2279 548 2301 eum
570 2268 602 2300 id
622 2267 749 2311 saepius
769 2267 900 2301 meritas
921 2279 999 2311 poe-

253 2333 309 2356 nas
333 2322 484 2356 eludendi
505 2331 601 2354 causa
622 2320 687 2361 fiat,
711 2326 742 2353 et
762 2331 797 2353 ex
819 2320 879 2353 hoc
901 2321 1000 2353 multa

289 2387 299 2412 1
315 2385 452 2413 Eiusmodi
466 2384 645 2421 privilegium,
658 2383 730 2419 quod
741 2383 846 2410 scilicet
856 2383 906 2409 iste
918 2383 999 2418 Ordo,

252 2434 378 2466 respectu
398 2429 488 2465 quarti
508 2429 572 2461 voti,
594 2429 709 2456 caeteris
725 2427 866 2455 ordinibus
882 2428 1001 2455 strictior

253 2479 340 2509 esset,
362 2475 483 2502 edixerat
502 2474 620 2501 Calixtus
635 2473 673 2500 111
694 2473 719 2499 in
740 2480 789 2499 sua
809 2472 946 2499 constitut.
964 2479 998 2499 ix:

253 2520 349 2555 Super
363 2528 495 2554 9reyem,
512 2523 577 2546 tom.
599 2526 630 2550 v,
652 2526 712 2554 pag.
736 2518 795 2544 itt.
820 2516 852 2543 Et
871 2517 905 2543 de
925 2516 1000 2543 insti-

253 2565 356 2592 tutione
377 2563 498 2591 eiusdem
525 2562 648 2595 Ordinis,
670 2562 784 2598 aliisque
807 2569 868 2588 eum
889 2569 1001 2589 concer-

254 2608 380 2636 nentibus
397 2608 455 2636 vide
469 2608 496 2635 in
512 2607 652 2635 constitut.
669 2606 791 2641 Gregorii
807 2605 854 2632 lx:
872 2606 1001 2634 Deuotio-

254 2655 309 2689 nis,
329 2659 395 2683 tom.
416 2660 457 2688 ιιι,
478 2662 540 2690 pag.
556 2653 619 2682 485.

1032 1783 1159 1816 irritum
1191 1788 1222 1816 et
1241 1782 1357 1821 inane,
1381 1781 1406 1814 si
1438 1792 1528 1814 secus
1557 1790 1655 1824 super
1683 1780 1731 1813 his
1762 1790 1780 1813 a

1032 1846 1209 1881 quoquam,
1226 1836 1338 1880 quavis
1355 1834 1557 1875 auctoritate,
1574 1833 1712 1867 scienter
1733 1833 1779 1866 vel

1033 1891 1232 1934 ignoranter,
1261 1888 1434 1932 contigerit
1451 1887 1611 1921 attentari.

1077 1945 1092 1988 ἓ
1112 1943 1143 1977 3.
1160 1944 1229 1977 Non
1247 1942 1450 1976 obstantibus
1464 1941 1645 1985 privilegio,
1662 1950 1717 1974 seu
1731 1940 1780 1972 in-

1033 1999 1123 2031 dulto
1136 1997 1334 2035 huiusmodi,
1352 1996 1450 2040 quod,
1468 1996 1582 2028 harum
1603 1994 1686 2028 serie
1704 2004 1780 2038 pro-

1033 2052 1103 2097 prio
1117 2057 1219 2092 motu,
1230 2061 1420 2084 revocamus
1432 2055 1461 2082 et
1472 2049 1650 2088 abolemus,
1664 2058 1700 2081 ac
1711 2048 1781 2092 qui-

1034 2105 1140 2139 busvis
1159 2104 1444 2138 constitutionibus
1469 2108 1499 2135 et
1521 2101 1781 2135 ordinationibus

1033 2159 1229 2204 apostolicis,
1253 2168 1379 2192 necnon
1400 2156 1476 2190 dicti
1503 2156 1631 2190 Ordinis
1651 2156 1683 2188 B.
1712 2155 1778 2188 Ma-

1034 2214 1100 2246 riae
1132 2214 1171 2246 de
1191 2213 1356 2249 Mercede,
1381 2211 1581 2250 iuramento,
1606 2209 1780 2242 confirma-

1035 2267 1120 2300 tione
1141 2266 1328 2310 apostolica‚
1352 2265 1399 2298 vel
1418 2264 1529 2308 quavis
1549 2262 1701 2296 firmitate
1720 2262 1782 2295 alia

1034 2319 1213 2357 roboratis,
1246 2318 1371 2352 statutis
1407 2323 1438 2350 et
1470 2315 1778 2354 consuetudinibus,

1035 2373 1209 2417 privilegiis
1223 2383 1364 2417 quoque,
1382 2371 1514 2404 indultis
1531 2376 1562 2404 et
1578 2370 1691 2404 litteris
1705 2380 1782 2414 apo-

1035 2426 1170 2467 stolicis,
1193 2427 1253 2459 sub
1275 2426 1534 2469 quibuscumque
1560 2424 1727 2457 tenoribus
1752 2430 1783 2457 et

1036 2479 1159 2519 formis,
1184 2489 1220 2512 ac
1241 2489 1312 2511 cum
1332 2477 1496 2522 quibusvis
1510 2477 1661 2510 clausulis
1682 2482 1714 2510 et
1728 2477 1783 2510 de-

1035 2533 1140 2572 cretis,
1166 2533 1198 2565 in
1216 2543 1334 2575 genere
1355 2532 1403 2564 vel
1433 2531 1464 2564 in
1485 2530 1611 2575 specie,
1632 2541 1669 2563 ac
1689 2530 1783 2564 aliter

1036 2587 1067 2620 in
1093 2586 1291 2620 contrarium
1320 2585 1566 2630 quomodolibet
1597 2584 1778 2625 concessis,

1036 2639 1221 2685 approbatis
1246 2645 1275 2673 et
1296 2638 1465 2673 innovatis
1490 2637 1613 2678 Quibus
1630 2637 1782 2672 omnibus

1820 1946 1934 1967 Contrariis
1946 1946 1980 1966 tte-

1797 1976 1864 2000 rogat
