2253 3195
46 177 95 204 An.
114 176 139 203 tl.
162 177 226 203 1593
862 188 1008 212 CLEMENS

285 229 300 269 ξ
322 227 351 260 9..
376 229 419 262 Tu
441 230 652 266 nihilominus
673 234 785 267 litteris
806 241 834 268 et
856 236 985 270 ordina-

42 287 223 338 Pssiisstli'ssibfiv··mcf
239 280 590 325 tioniCongregationis
604 286 801 325 huiusmodi.
817 290 902 332 quod
916 291 985 333 qui-

41 344 116 387 ffigyf
131 345 170 360 nm»
185 345 221 365 pa.
238 335 309 392 dem
333 336 465 369 moleste
488 338 629 375 tulimus,
650 340 754 373 adhuc
776 341 908 375 minime
929 354 985 386 pa·

238 394 340 421 ruisti.

280 442 295 483 ξ
319 442 348 475 3.
382 444 519 477 Proinde
553 457 627 484 nos,
652 447 705 490 qui
733 459 790 485 ca,
820 460 901 490 quae
926 461 984 493 per

235 497 426 538 apostolicas
446 499 628 532 sanctiones
641 501 773 543 provide
790 509 879 535 cauta
894 510 978 543 sunt,

234 555 318 582 sarta
341 555 419 584 tecta
441 562 630 586 conservare
658 560 822 592 tenemur,
847 559 980 590 scanda-

234 601 282 642 lis,
307 613 388 646 quae
410 603 483 636 inde
504 606 674 648 provenire
696 615 836 650 possent,
852 610 977 643 obviam

233 654 278 687 ire
298 662 489 697 satagentes,
513 658 703 692 fraternitati
727 667 797 694 tuae
819 674 978 707 perprae-

231 714 347 747 sentes.
374 709 403 742 in
431 710 546 745 virtute
567 719 696 746 sanctae
717 715 921 750 obedientiae.
942 729 978 751 ac

230 762 288 795 sub
302 762 533 805 indignationis
552 772 678 799 nostrae
700 768 834 812 aliisque
853 771 976 804 arbitrii

230 815 329 858 nostri
360 817 494 859 poenis.
526 818 667 853 districte
701 821 917 865 praecipimus
947 830 975 857 et

230 868 421 902 mandamus
447 876 491 906 nt,
516 871 601 905 iuxta
622 870 725 907 dirtae
747 876 973 918 congregatio-

228 920 277 954 nis
297 923 502 964 sententiam,
519 935 555 957 ac
572 925 647 958 dicti
667 927 820 961 Bonifacii
842 930 977 973 praede-

227 974 362 1008 cessoris
382 977 656 1015 constitutionem,
680 981 883 1024 supradictas
900 994 974 1026 per-

227 1037 321 1060 sonas
343 1039 561 1074 quascumque
580 1032 620 1064 ab
641 1033 811 1067 haereticis
832 1046 889 1079 per
914 1048 972 1080 pa-

226 1085 348 1114 ternam
375 1082 494 1116 lineam
525 1085 607 1118 ultra
638 1088 837 1129 secundum,
863 1095 894 1123 et
917 1101 975 1134 per

226 1140 403 1168 maternam
431 1137 513 1170 ultra
538 1139 680 1182 primum
703 1142 858 1183 gradum,
883 1145 930 1177 vel
956 1156 973 1178 a

225 1188 350 1222 Iudaeis
368 1191 524 1233 originem
547 1194 730 1235 trahentes,
755 1207 792 1229 ac
819 1198 914 1231 etiam
938 1199 973 1232 fi-

226 1240 286 1274 lios
299 1248 329 1275 et
350 1251 482 1288 nepotes
503 1246 752 1289 haeretieorum,
767 1261 847 1293 quos
861 1262 971 1285 emen-
987 1261 990 1294 t

224 1293 314 1328 datos
335 1302 365 1329 et
385 1297 498 1331 unitati
528 1300 687 1335 Ecclesiae
719 1303 882 1338 restitutos
903 1316 971 1340 esse

225 1354 360 1390 constat,
383 1351 526 1396 alioquin
549 1359 654 1387 tamen
677 1355 820 1398 idoneas,
835 1369 894 1392 nec
916 1360 970 1393 ubi

222 1401 309 1436 aliud
331 1405 521 1438 canonicum
540 1407 671 1442 obsistat
687 1409 966 1454 impedimentum,

222 1465 237 1487 a
271 1457 368 1490 sacris
398 1459 566 1493 ordinibus
597 1462 808 1505 imposterum
836 1466 969 1500 minime

222 1509 382 1551 excludas,
407 1512 462 1545 sed
484 1513 566 1553 illos,
590 1514 659 1548 sine
681 1516 787 1560 aliqua
808 1529 965 1561 persona—

222 1572 292 1594 rum
319 1565 521 1608 acceptione,
546 1567 683 1601 libenter
711 1570 750 1602 ad
783 1571 985 1607 huiusmodi‘

221 1615 350 1650 ordines
371 1628 561 1661 promoveas
583 1627 611 1654 et
633 1624 816 1666 promoveri
839 1637 940 1659 cures.

265 1670 281 1712 ἓ
303 1669 332 1703 4.
361 1671 430 1704 Non
457 1672 658 1709 obstantibus
684 1677 967 1714 constitutionilnis

219 1727 250 1755 et
269 1723 526 1760 ordinationibus
551 1729 745 1771 apostolicis,
771 1741 807 1764 ac
828 1732 963 1775 quibus-

218 1776 263 1809 vis
300 1779 425 1811 statutis
463 1786 494 1813 et
527 1783 814 1818 consuetudinibus
828 1813 835 1825 ,
868 1786 965 1820 etiam

217 1828 410 1872 iuramento,
439 1834 686 1869 confirmatione
711 1839 886 1881 apostolica
915 1841 963 1874 vel

216 1883 327 1926 quavis
338 1885 491 1919 firmitate
505 1887 567 1920 alia
584 1889 764 1932 roboratis;
788 1892 965 1936 privilegiis

215 1947 356 1982 quoque,
380 1938 512 1974 indultis
533 1948 562 1975 et
583 1942 698 1977 litteris
719 1946 904 1988 apostolicis
930 1948 960 1981 in

216 1990 248 2023 in
274 1993 470 2026 contrarium
503 1997 747 2038 quomodolibet
777 2001 958 2042 concessis,

213 2044 430 2081 confirmatis.
456 2049 641 2091 approbatis
663 2058 690 2083 et
714 2051 892 2095 innovatis3
922 2066 959 2089 ac

214 2098 348 2131 caeteris
363 2099 394 2131 in
407 2101 604 2134 contrarium
626 2103 816 2139 facientibus
831 2107 960 2150 quibus-

216 2162 366 2196 cumque.

258 2205 372 2239 Datum
386 2207 507 2241 Romae
518 2210 603 2252 apud
617 2210 647 2243 S.
665 2211 816 2253 Marcum,
834 2214 892 2246 sub
905 2225 961 2247 an-

213 2258 290 2292 nulo
310 2259 496 2301 piscatoris,
522 2262 572 2296 die
594 2273 624 2297 vi
645 2264 786 2298 octobris
812 2276 935 2301 nnxclu
949 2295 956 2309 ,

211 2312 419 2356 pontificatus
440 2315 539 2348 nostri
561 2326 646 2350 anno
667 2328 700 2351 11.

248 2374 304 2401 nat.
323 2375 366 2403 die
381 2377 398 2404 6
412 2377 516 2405 octobr.
539 2379 617 2413 1593,
635 2380 730 2416 pontis.
749 2390 792 2409 an.
809 2389 835 2410 n.

65 497 158 519 Clemens
173 504 219 519 oum

39 524 135 545 adut-*nni
150 527 168 545 ut
182 531 219 551 pa-

37 552 88 573 reat.

36 1715 145 1743 Dorogatio
156 1725 204 1740 con-

21 1743 137 1766 uariorum.

1031 190 1085 214 Vin
1108 192 1155 214 rr,
1692 188 1734 221 85

1342 242 1484 276 LXXVII.

1020 309 1238 342 Prolem-edici
1269 316 1297 343 el
1327 312 1464 356 Colleyz'i
1493 315 1699 357 physicorum
1727 317 1763 350 de

1066 362 1147 394 [lt-bn
1168 364 1352 397 iurisdictio
1372 371 1401 399 et
1417 368 1589 409 facultates
1610 369 1628 401 ¹.

1231 436 1364 465 Clemens
1381 439 1458 472 Papa
1470 440 1547 471 VIII.

1141 488 1177 514 ad
1198 493 1373 523 perpetuam
1394 492 1439 519 rei
1455 494 1635 521 memoriam.

1059 549 1127 587 Quo
1149 550 1219 589 viri,
1241 552 1295 594 qui
1318 558 1383 585 tum
1405 555 1588 589 salubribus
1602 558 1678 589 artis
1696 569 1760 591 me-

1015 601 1140 635 dicinae
1158 605 1348 647 praeceptis,
1367 612 1397 639 et
1414 607 1568 650 singulari
1592 611 1755 649 methodo,

1015 660 1080 687 tum
1101 655 1254 689 diuturna
1279 659 1474 702 experientia
1495 689 1501 698 ,
1536 673 1617 705 quac
1638 664 1758 708 ubique

1014 707 1190 749 plurinunn
1213 710 1304 749 valet,
1326 712 1488 755 sapienter
1518 714 1664 749 instructi
1686 728 1755 750 me-

1013 760 1126 794 dendis
1148 762 1297 796 humanis
1329 766 1520 809 corporibus
1542 775 1753 812 occupantur,

1013 820 1041 847 et
1063 815 1101 846 ab
1123 815 1167 848 eis
1188 816 1220 849 in
1239 817 1298 850 bac
1319 819 1402 851 alma
1428 820 1523 859 Urbe,
1558 828 1585 855 ‹·t
1608 824 1758 857 omnibus

1012 867 1117 902 Status
1137 870 1255 903 nostris
1275 871 1488 907 Ecclesiastici
1510 875 1690 910 civitatibus
1712 878 1758 910 in-

1012 920 1179 955 firmitates
1200 933 1312 957 omnes
1333 925 1495 969 depellere
1516 929 1669 962 continuo
1684 941 1757 974 pro-

1010 981 1134 1013 curant,
1158 976 1285 1010 sanitati
1300 984 1330 1011 et
1350 978 1564 1014 incolumitati
1587 982 1755 1017 bominum

1010 1029 1225 1069 consulentes,
1265 1031 1523 1077 quibuscumque
1561 1035 1757 1070 difficultati-

1010 1081 1068 1114 bus
1089 1083 1262 1126 superatisy
1290 1084 1323 1118 id
1346 1085 1451 1129 ipsum
1465 1088 1629 1122 facilinset
1646 1101 1756 1133 prom-

1008 1134 1094 1177 ptius
1119 1136 1233 1180 exequi
1270 1143 1298 1171 et
1321 1140 1448 1182 operari
1482 1142 1616 1179 valcant,
1656 1144 1755 1186 privi-

1008 1187 1090 1230 legia
1111 1199 1169 1232 per
1188 1190 1352 1224 Romanos
1368 1192 1540 1227 Pontifices
1565 1197 1755 1238 praedeces-

1006 1251 1095 1274 sores
1114 1248 1242 1277 nostros
1263 1244 1325 1278 illis
1346 1256 1497 1280 concessa
1519 1252 1750 1290 conservanda,

1006 1305 1041 1327 ac
1063 1306 1120 1339 per
1137 1307 1192 1330 eos
1217 1298 1356 1343 desuper
1387 1306 1503 1334 statuta
1537 1309 1564 1335 et
1591 1304 1750 1345 ordinata,

1006 1353 1037 1381 ut
1060 1348 1289 1385 inviolabiliter
1309 1353 1531 1395 observentur,
1556 1356 1751 1392 confirman-

1005 1402 1045 1435 da
1066 1413 1133 1436 esse
1165 1404 1368 1447 iudicamus,
1404 1414 1496 1451 prout
1518 1410 1632 1443 melius
1654 1411 1750 1445 totius

1005 1456 1203 1500 reipublicae
1222 1460 1397 1494 valetudini
1418 1463 1566 1496 novimus
1584 1466 1745 1509 expedire.

1049 1511 1064 1551 ξ
1086 1510 1115 1543 1.
1133 1510 1214 1544 Sane
1233 1512 1340 1546 dilecti
1354 1513 1412 1547 filii
1433 1515 1659 1557 Sigismundus
1673 1520 1750 1552 Bru-

1003 1573 1127 1604 manus,
1151 1564 1385 1608 Cremonensis,
1410 1568 1526 1601 artium
1549 1576 1578 1603 et
1612 1572 1746 1605 medici-

1002 1626 1060 1648 nae
1082 1617 1205 1659 doctor,
1236 1630 1273 1651 ac
1298 1620 1433 1654 Romani
1459 1619 1589 1665 Collegii
1630 1625 1750 1668 pariter

1000 1670 1117 1713 artium
1151 1678 1196 1715 et„
1220 1673 1400 1707 medicinae
1432 1675 1600 1709 doctorum
1638 1679 1743 1722 prior,

1001 1734 1036 1756 ac
1074 1724 1178 1758 dictae
1199 1726 1292 1760 Urbis
1324 1733 1352 1761 et
1380 1729 1477 1762 totius
1507 1730 1612 1764 Status
1637 1733 1746 1766 Eccle-

1000 1777 1118 1810 siastici
1149 1781 1390 1822 protomedicus
1411 1784 1582 1825 generalis,
1623 1796 1748 1820 necnon

999 1832 1158 1865 Antonius
1189 1833 1315 1874 Portus,
1343 1835 1526 1878 Firmanus,
1562 1844 1592 1871 et
1621 1839 1745 1873 Odoar-

999 1885 1058 1918 dus
1079 1886 1207 1929 Lopius,
1229 1887 1404 1929 Romanus,
1434 1891 1557 1933 pariter
1578 1892 1694 1925 artium
1717 1900 1744 1927 et

998 1938 1178 1972 medicinae
1209 1940 1359 1975 doctores
1380 1943 1568 1985 consiliarii,
1593 1950 1656 1978 tam
1675 1957 1743 1988 suo,

998 2001 1092 2034 quam
1132 1992 1231 2036 ipsius
1255 1994 1386 2038 Collegii
1412 1997 1610 2039 nominibus,
1652 2000 1745 2034 nobis

997 2055 1100 2089 nuper
1121 2047 1236 2091 exponi
1257 2048 1414 2090 fecerunt,
1442 2051 1527 2093 quod
1550 2052 1637 2091 alias,
1659 2060 1745 2097 post-

996 2109 1091 2141 quam
1111 2100 1212 2134 felicis
1233 2103 1467 2136 recordationis
1479 2104 1583 2138 Sixtus
1604 2106 1687 2150 Papa
1707 2108 1744 2140 tv

995 2154 1225 2196 praedecessor
1245 2162 1364 2197 noster,
1400 2158 1554 2191 nonnulla
1573 2170 1631 2203 per
1665 2166 1739 2195 tunc.

995 2207 1165 2242 existentes
1191 2211 1449 2253 protomedicum
1474 2219 1502 2245 et
1524 2213 1671 2256 piorem,
1707 2225 1742 2248 ac

994 2259 1169 2303 Collegium
1191 2262 1388 2305 huiusmodi,
1413 2266 1452 2298 ad
1474 2266 1670 2300 obviandum
1692 2279 1742 2302 er-

994 2313 1120 2347 roribus
1135 2341 1142 2355 ,
1167 2315 1222 2358 qui
1245 2316 1275 2348 in
1297 2314 1363 2350 arte
1390 2318 1568 2351 medicinae
1590 2330 1607 2352 a
1627 2320 1740 2363 pleris-

971 2377 1065 2418 ¹qne,
1089 2367 1144 2410 qui
1165 2368 1225 2401 sibi
1247 2379 1366 2403 nomen
1387 2371 1505 2404 medici
1528 2374 1736 2417 usurpabant,

1028 2421 1037 2446 1
1058 2420 1097 2447 De
1117 2420 1159 2448 his
1173 2421 1258 2449 hahes
1274 2422 1354 2450 etiam
1370 2423 1396 2450 iu
1418 2425 1524 2452 constit.
1543 2433 1604 2453 xxxi
1623 2427 1679 2454 lulii
1692 2428 1737 2455 Ill:

991 2456 1111 2490 Meritis,
1127 2460 1155 2483 et
1174 2457 1297 2493 Gregorii
1314 2458 1372 2486 xnt
1388 2461 1495 2487 constit.
1524 2469 1582 2489 Lix:
1605 2463 1641 2489 1η
1660 2464 1739 2499 Apo-

989 2491 1115 2519 scoticae.
1140 2506 1170 2512 —-
1190 2493 1230 2520 Ex
1250 2494 1415 2528 Appendice
1444 2505 1575 2523 romanae
1604 2499 1735 2526 editionis

990 2526 1041 2553 sub
1062 2535 1178 2554 numero
1199 2535 1331 2556 cccnxx‘nt
1358 2530 1413 2558 huc
1439 2533 1633 2560 transtulimus
1666 2535 1736 2561 hanc

990 2562 1189 2614 Clenientinam
1205 2565 1442 2601 constitutionem,
1455 2571 1611 2604 temporum
1628 2573 1736 2597 servata

989 2598 1059 2624 serie
1079 2601 1171 2634 (unm.

1781 199 1826 225 An⁴
1846 201 1876 226 C.
1896 201 1964 228 ¹593

1802 633 1921 654 Exordium.

1786 1589 1889 1611 Sinusli'
1902 1596 1950 1610 ron.

1766 1615 1856 1636 tirnmitt
1871 1619 1947 1637 statuta

1765 1642 1826 1663 lituu<
1842 1642 1936 1669 Collegit.
