2253 3195
281 257 330 283 Αη.
349 256 378 284 C.
397 255 460 284 ¹601

293 903 400 923 Officiates
411 902 462 923 San-

279 934 326 950 c'ae
342 930 462 955 Inquisitio-

279 963 310 976 nt<
320 959 384 981 grati*
393 961 463 976 omma

279 984 401 1009 expediant.

310 1859 425 1880 Ser-*etam
441 1863 463 1879 et

279 1888 415 1907 notarunitnt
432 1893 463 1907 Γο-

279 1916 358 1939 ειμωῐιῑ
378 1914 404 1931 dc·
425 1914 463 1935 hrt,

280 1945 334 1965 qnae
356 1943 463 1960 rnwuntur

280 1967 306 1986 ad
344 1966 463 1992 inquamn-

281 1999 327 2013 ncm
343 1992 464 2014 flammam.

295 2180 370 2200 ornan·
381 2185 425 2204 resp
438 2186 462 2199 ¹n-

281 2207 341 2226 dunt
360 2212 464 2231 quampri-

282 2239 335 2252 Πιίιιι
352 2234 464 2252 litt->nhil-

282 2264 327 2278 τι»-
345 2260 463 2284 {tt-1‘lt⁴t¹t=·

282 2289 351 2307 [ιι-,οι
367 2287 463 2305 nunt-tta

282 2315 419 2337 unqu-ntur.

509 246 573 281 648

777 302 924 338 CCXLIX.

479 422 520 455 In
533 421 639 453 causis
655 419 699 452 ad
714 423 861 451 sanctam
877 418 1132 462 Inquisitienenz
1147 417 1221 450 hae-

521 483 639 515 reticae
658 481 832 525 pravitatis
851 480 1082 524 spectantibus
1099 479 1221 512 iudices

522 548 551 577 et
579 542 730 586 officiales
753 543 859 585 =aratis
884 542 994 574 omnia
1021 541 1218 585 expediant,

523 609 551 638 et
579 604 738 637 mandata
761 605 959 637 universalis
987 603 1240 668 Inquisitionisi

522 668 688 701 Romanae
708 667 840 699 omnino
858 669 1074 709 exequantur,
1091 667 1223 709 eiusque

524 729 642 762 litteris
661 739 760 773 quam
778 729 926 772 primum
946 727 1180 771 respondeatur
1199 727 1218 759 ¹.

1060 253 1243 278 nummum
1263 252 1416 277 ROMANUM

1298 300 1313 344 g
1336 299 1367 332 li.
1391 300 1428 332 Et
1454 299 1515 332 hoe
1534 299 1715 340 decretum,
1735 304 1801 332 tam
1822 298 1882 343 ipsi
1902 309 1995 343 prae-

1253 353 1308 385 lati
1340 352 1569 385 inviolabiliter
1599 352 1791 392 observent,
1825 363 1922 396 quam
1955 352 1994 385 ab

1968 405 1974 411 .
2011 392 2050 412 viis
2063 392 2194 418 registretur.

1254 405 1323 439 aliis
1341 405 1504 439 observari
1525 411 1648 446 curent,
1664 410 1695 438 et
1714 404 1783 438 eius
1803 406 1996 449 exemplaria

1254 458 1285 491 in
1306 469 1419 492 eorum
1441 458 1642 491 cancellariis
1670 458 1762 491 affixa
1787 459 1939 498 retineri,
1962 464 1997 492 ut

1254 513 1404 546 omnibus
1428 512 1623 553 innotescat,
1652 517 1683 545 et
1709 512 1742 545 in
1767 512 1916 546 archiviis
1948 523 1998 546 re-

1255 566 1380 608 gistrari
1402 566 1530 606 saciant,
1554 566 1613 600 sub
1637 576 1742 610 poena
1768 566 1999 608 indignationis

1255 619 1452 653 Sanctissimi
1472 619 1599 653 Domini
1620 619 1743 659 nostri,
1767 625 1799 652 et
1818 619 1888 652 aliis
1913 619 2000 653 arbi-

1256 673 1318 706 trio
1335 673 1518 706 Sanctitatis
1538 673 1620 707 Suae
1638 673 1831 716 infligendis.

1301 728 1317 768 ἓ
1338 726 1368 759 5.
1389 727 1423 760 In
1437 726 1578 769 generali
1597 726 1851 769 Congregatione
1871 731 2000 760 sanctae

1238 797 1239 803 =
1256 780 1420 813 Romanae
1440 785 1472 813 et
1491 780 1680 813 universalis
1699 779 1920 824 Inquisitionis
1937 780 1997 812 ha-

524 839 540 879 ξ
562 836 591 870 1.
619 836 845 870 Sanctissimus
865 835 1020 869 Dominus
1041 840 1150 868 noster
1169 845 1223 868 vo-

478 892 546 926 lens
572 901 609 924 ac
640 890 809 924 intendens
837 889 1008 933 providere
1023 917 1030 929 ,
1054 895 1088 922 ut
1108 899 1223 922 causae

479 950 510 978 et
538 943 673 986 negocia
703 943 816 986 quovis
846 942 944 975 modo
975 942 1152 985 spectantia
1183 941 1223 974 ad

478 1003 622 1030 sanctam
651 996 898 1039 Inquisitionem
929 1000 1167 1037 cognoscantur
1194 1000 1224 1027 et

479 1050 689 1094 expediantur
709 1049 797 1082 omni
817 1059 881 1092 qua
901 1049 993 1082 decet
1016 1047 1198 1091 integritate
1213 1074 1220 1088 ,

479 1103 593 1137 amotis
614 1102 778 1146 quibusvis
802 1103 952 1135 sordibus
971 1113 1008 1135 ac
1029 1101 1223 1146 pecuniariis
1240 1119 1241 1122 =

478 1156 713 1196 solutionibus,
747 1156 859 1189 statuit
886 1162 917 1189 et
941 1155 1100 1196 decrevit,
1124 1161 1160 1188 ut
1191 1154 1222 1187 in

478 1217 643 1254 posterum
665 1220 777 1243 omnes
809 1209 1032 1253 patriarchae,
1057 1207 1220 1252 archiepi—

479 1264 592 1308 scopi,
616 1263 779 1307 episcopi,
809 1273 846 1296 ac
873 1262 977 1307 quivis
1007 1262 1221 1296 Ecclesiarum

481 1317 626 1361 praelati,
641 1327 697 1350 seu
718 1316 887 1349 inferiores
907 1315 1081 1355 Ordinarii‚
1096 1325 1224 1348 eorum-

479 1381 541 1414 que
561 1370 671 1403 vicarii
695 1375 727 1403 et
746 1369 917 1409 officiales,
943 1369 973 1401 in
992 1369 1096 1402 causis
1119 1374 1149 1402 et
1169 1379 1241 1410 ne-,

479 1424 580 1466 gociis
594 1423 699 1457 Sancti
719 1422 832 1462 Officii,
847 1432 906 1466 pro
929 1422 1074 1456 examine
1098 1421 1241 1455 testium*

479 1487 534 1510 seu
556 1476 784 1520 principalium
810 1485 960 1515 reorum,
985 1485 1043 1519 pro
1071 1475 1242 1518 sportulisr

479 1529 711 1563 sententiarum
727 1556 734 1570 ,
759 1539 817 1573 pro
850 1529 964 1572 quovis
995 1529 1125 1562 decreto
1141 1555 1148 1569 ,
1168 1539 1241 1562 seu*

479 1589 562 1623 actu,
586 1593 642 1616 seu
670 1592 876 1626 quacumque
897 1581 1122 1625 expeditione,
1144 1580 1223 1613 nihil

479 1636 612 1669 omnino
645 1635 773 1677 exigant
808 1639 840 1667 et
873 1635 1048 1678 recipiant,
1078 1634 1174 1667 etiam
1207 1644 1242 1667 a⁴

479 1695 593 1733 sponte
611 1688 773 1729 dantibus,
797 1688 852 1721 sed
873 1688 972 1730 gratis
1000 1687 1109 1721 omnia
1130 1697 1224 1731 expe-

480 1743 578 1776 diant.

524 1798 540 1839 ξ
562 1795 591 1829 ⁶2.
621 1798 665 1830 Ac
690 1806 802 1829 eorum
829 1795 1016 1836 secretarii,
1041 1794 1242 1829 cancellarii.

479 1855 510 1882 et
529 1849 645 1882 notarii
667 1859 725 1893 pro
750 1849 917 1892 scripturis
944 1859 1154 1892 processuum
1177 1848 1224 1881 in-

479 1903 742 1941 sormassmrum,
770 1913 826 1935 seu
862 1901 1065 1945 repetitionis
1095 1897 1242 1947 testiumj

479 1957 558 1997 sisci,
587 1967 666 2000 quas
688 1956 819 1989 mittunt
848 1956 887 1988 ad
919 1962 1062 1989 sanctam
1094 1961 1124 1988 ct
1151 1955 1223 1988 uni-

479 2011 635 2044 versalem
658 2009 904 2053 lnquisitionem
933 2010 1123 2048 Romanam,
1145 2009 1242 2058 ¹¹³¹¹i¹l

480 2064 607 2108 penitus
628 2063 765 2105 exigant,
789 2063 843 2095 sed
866 2063 964 2104 gratis
986 2062 1055 2094 illas
1082 2062 1220 2094 mittant.

525 2119 541 2160 Ξ
562 2117 592 2151 3.
617 2118 750 2160 Insuper
764 2116 925 2149 mandavit
941 2116 1092 2149 omnibus
1113 2125 1221 2159 supra-
1240 2108 1241 2116 ³

481 2171 573 2204 dictis
598 2181 778 2214 eorumque
799 2169 925 2202 vicariis
955 2175 985 2202 et
1012 2169 1242 2208 officialibus„

481 2231 513 2257 ut
536 2235 608 2257 (um
630 2224 751 2267 aliquid
780 2223 824 2256 eis
851 2223 1070 2262 significatur,
1094 2222 1224 2255 nomine

480 2278 683 2322 supradictae
710 2277 940 2320 inquisitionis,
965 2287 1061 2320 quam
1084 2276 1223 2320 primum

482 2332 596 2364 litteris
625 2331 825 2370 rescribant,
856 2337 885 2363 et
915 2330 1048 2372 negocia
1084 2329 1243 2377 iniuncta}

481 2385 686 2429 exequutioni
710 2384 917 2417 demandent.

1242 2440 1244 2451 i

519 2484 527 2508 1
555 2482 591 2508 De
613 2481 781 2508 institutione.
810 2481 888 2507 huius
915 2480 1139 2515 (longi-cantioni·
1161 2454 1244 2505 Uni-i

483 2527 592 2552 versalia
606 2526 797 2561 lnqniuitinnis⁴
810 2526 869 2551 iud«-
882 2526 906 2552 in
924 2526 996 2551 Pauli
1008 2525 1040 2551 ΙΙΙ
1055 2528 1224 2551 censuum:
1243 2544 1244 2566 3

484 2570 570 2600 Licet„
594 2574 646 2596 tom
666 2576 701 2601 vt,
714 2578 772 2604 pag.
785 2570 835 2595 :ms
847 2579 853 2600 ·,
866 2573 892 2595 et
907 2569 939 2595 de
955 2569 1076 2595 eius-tem
1097 2566 1226 2594 facultati·
1243 2576 1245 2602 i

483 2614 532 2640 bus
555 2614 638 2640 habes
654 2615 678 2640 in
700 2615 808 2640 constit.
829 2619 910 2646 exva,
927 2613 993 2641 Sixti
1011 2613 1046 2639 V:
1069 2613 1225 2644 Immenw,

483 2662 546 2686 torn.
564 2665 618 2692 vm,
635 2667 694 2693 pue.
711 2659 774 2685 085.

1238 833 1239 838 ’
1256 833 1322 866 bita
1339 832 1370 865 in
1392 833 1512 877 palatio
1533 833 1723 877 apostolico,
1740 833 1826 876 apud
1846 833 1998 866 Sanctum

1256 886 1386 920 Petrum
1407 897 1516 920 coram
1531 886 1737 920 Sanctissimo
1750 886 1784 920 D.
1799 897 1835 919 ac
1852 885 2000 919 illustris-

1257 939 1346 972 simis
1366 945 1398 973 et
1417 939 1694 973 reverendissimis
1712 939 1772 972 DD.
1789 938 1820 972 S.
1834 939 1870 972 R.
1884 939 1917 971 E.
1931 949 2000 972 car-

1257 992 1435 1033 dinalibus,
1460 992 1611 1026 adversus
1639 992 1836 1025 haereticam
1862 991 2000 1035 pravita-

1240 1082 1241 1092 ,
1257 1051 1321 1080 tem
1342 1047 1547 1090 generalibus
1566 1047 1826 1090 Inquisitoribus.
1843 1046 1940 1080 Nonis
1953 1046 1999 1079 ia-

1257 1101 1361 1134 nuarii
1377 1128 1384 1142 ,
1405 1111 1490 1134 anno
1517 1112 1535 1134 a
1561 1101 1731 1135 Nativitate
1750 1100 1876 1134 Domini
1899 1100 1999 1134 nostri

1239 1196 1240 1199 ¹
1257 1153 1328 1188 lesu
1348 1154 1464 1188 Christi
1485 1164 1574 1188 unci.

1477 1217 1708 1256 Quin-ruimus
1728 1218 1902 1257 Annianus,
1925 1216 1996 1250 Not.

1291 1280 1400 1307 Decret.
1416 1280 1460 1307 die
1475 1280 1491 1307 5
1506 1281 1621 1307 ianuarii
1636 1280 1718 1314 160¹,
1738 1279 1835 1315 pontis.
1852 1287 1896 1306 an.
1913 1287 1949 1306 ix.

1567 1448 1646 1482 CCL.

1259 1546 1470 1589 Confirmatio
1483 1548 1682 1578 statutorum
1692 1543 1854 1578 editorum
1870 1544 1910 1577 ab
1924 1554 1996 1578 ecce-

1302 1607 1498 1652 quutoribus
1522 1606 1775 1640 testamentariis
1798 1605 2001 1640 Catharinae

1301 1670 1435 1713 reginae
1448 1668 1676 1711 Portitqalliae
1687 1677 1783 1711 super
1795 1667 2003 1700 institutione

1303 1731 1403 1774 leynti
1427 1731 1535 1764 annui
1559 1741 1603 1764 un
1631 1733 1797 1763 scutorum
1826 1729 1867 1762 ab
1892 1728 2002 1762 eadem

1303 1794 1411 1827 relicti
1435 1804 1495 1837 pro
1525 1792 1760 1826 sustentatione
1789 1791 1910 1835 viqinti
1936 1801 2003 1824 mo-

1302 1856 1449 1889 nialium
1473 1856 1492 1888 ¹.

1470 1935 1605 1962 Clemens
1622 1934 1700 1968 Papa
1717 1933 1795 1963 vm.

1387 1992 1422 2017 ad
1439 1993 1614 2024 perpetuam
1629 1989 1672 2016 rei
1692 1989 1873 2016 memoriam.

1302 2061 1397 2094 Decet
1417 2060 1597 2093 Romanum
1617 2059 1808 2093 Pontificem
1827 2058 1895 2102 pias
1914 2056 2003 2091 insti-

1259 2114 1398 2147 tutiones
1418 2124 1435 2146 a
1464 2112 1647 2147 christianis
1679 2112 1808 2156 pietatee
1824 2110 2002 2144 illustribus

1260 2167 1378 2210 reginis
1399 2167 1507 2205 factas,
1525 2172 1555 2199 et
1572 2171 1689 2199 statuta
1709 2176 1764 2198 seu
1786 2163 2003 2198 ordinationes

1261 2232 1318 2265 pro
1345 2230 1455 2253 earum
1488 2219 1702 2263 exequutione
1733 2218 1839 2258 edita,
1863 2217 2002 2251 libenter

1259 2274 1464 2313 confirmare,
1475 2283 1548 2306 cum
1564 2271 1751 2315 praesertim
1766 2270 2002 2304 catholicorum

1260 2337 1371 2369 regum
1386 2332 1458 2359 vota
1480 2325 1509 2358 id
1530 2330 1716 2369 exposcunt,
1740 2334 1777 2356 ac
1794 2323 1872 2356 alias
1892 2322 1923 2356 in
1943 2322 2004 2356 Do-

1242 2388 1244 2431 }
1261 2380 1349 2413 mino
1374 2379 1547 2411 salubriter
1566 2377 1764 2421 conspicitur
1784 2375 1945 2420 expedire.

1296 2434 1312 2475 ξ
1329 2432 1356 2465 l.
1371 2432 1480 2475 Nuper
1493 2431 1664 2475 siquidem,
1677 2429 1856 2463 charissimi
1871 2429 1901 2462 in
1915 2427 2004 2462 Chri-

1259 2493 1308 2520 sto
1340 2484 1396 2519 tilii
1430 2485 1529 2518 nostri
1561 2484 1699 2528 Philippi
1729 2482 1942 2524 Portugalliae
1974 2486 2005 2514 et

1262 2539 1487 2581 Algarbiorum
1510 2537 1594 2580 regis
1615 2536 1764 2570 catholici
1785 2535 1927 2574 nomine,
1944 2544 2002 2567 no-

1262 2593 1308 2625 his
1329 2592 1506 2636 expositum
1529 2591 1598 2631 suit,
1627 2591 1733 2623 clarae
1754 2589 1930 2623 memoriae
1949 2587 2005 2622 Ca-

1299 2657 1306 2681 l
1331 2653 1368 2681 Ex
1386 2653 1493 2688 noge-t.
1506 2654 1532 2679 in
1548 2655 1649 2680 Secu-ot.
1664 2652 1798 2679 lli-evium.

2012 249 2062 276 Ant
2080 250 2109 277 C.
2130 249 2190 277 ¹601

2028 312 2071 333 lloc
2087 311 2194 334 decretum

2010 339 2195 359 affixumsretiuea—

2012 369 2050 388 tur.
2059 367 2079 385 et
2095 365 2114 386 in
2125 365 2195 386 archi·
2206 365 2211 368 '

2043 2061 2183 2083 Prooemium.

2054 2432 2156 2457 Lenatum
2165 2431 2213 2456 Gan

2019 2459 2116 2481 that-inu
2149 2458 2211 2489 rent·

2019 2492 2066 2508 Iust-
