2253 3195
30 219 79 246 Au.
96 217 126 245 C.
146 216 213 245 ¹600

44 544 152 566 clausulae
161 548 210 569 poe-

31 571 94 593 nates.

62 1609 180 1630 Exordium.

62 1983 124 2005 tutius
137 1984 155 2005 11
169 1984 222 2005 miti·

43 2011 95 2031 titius
105 2011 206 2032 harumm
196 2012 221 2031 ιιι-

43 2037 132 2059 hilarum
140 2044 190 2058 econ
193 2044 223 2058 es-

43 2063 69 2084 ιιι
81 2067 102 2085 ιιι.
118 2068 222 2092 proprium

44 2091 121 2113 habero
144 2100 169 2113 ac
193 2096 222 2114 tc-

43 2119 93 2139 stari
107 2122 197 2146 possent.

839 215 984 240 CLEMENS
1005 215 1061 239 VIII
1082 216 1132 239 PP.

225 265 347 305 bentes,
372 265 434 298 illis
454 265 532 298 alias
553 265 584 298 in
599 275 657 298 suo
671 265 789 298 robore
813 274 964 307 perman-

225 318 307 351 suris
326 345 332 357 ,
369 318 427 350 hac
448 318 516 351 vice
548 318 711 351 dumtaxat
733 317 915 361 specialiter
936 321 965 349 et

225 382 373 415 expresse
395 372 598 413 derogamus
621 370 819 414 caeterisque
840 375 966 403 contra-

225 424 281 457 riis
302 425 572 468 quibuscumque,

270 479 286 519 g
308 477 338 510 ὃ.
362 478 446 511 Nulli
467 488 543 519 ergo
573 477 706 510 omnino
732 476 901 509 hominum
923 476 962 508 li-

226 537 306 571 ceat‚
330 535 386 564 etc.

271 586 384 618 Datum
404 586 525 619 Romae
549 586 636 629 apud
661 585 691 618 S.
715 585 857 623 Petrum,
882 593 966 616 anuo

226 639 457 672 Incarnationis
483 639 668 672 Dominicae
700 637 871 670 millesimo
900 647 967 669 sex-

227 693 413 733 centesimo,
429 693 566 737 septimo
579 691 967 735 kalendisoctobrispou-

226 746 365 780 tificatus
385 747 486 780 nostri
507 757 591 780 anno
612 756 710 779 nono.

261 809 322 836 Dat.
344 808 387 836 die
406 808 440 836 25
460 808 624 845 septembris
644 808 729 841 1600,
751 807 839 843 pontis
867 815 910 834 an.
932 813 966 833 lx.

501 982 690 1016 CCXXXVII.

230 1081 442 1124 Confirmatio
474 1080 600 1113 indulti
628 1080 712 1113 Iulii
738 1079 779 1113 II
808 1080 970 1112 militibus

272 1144 347 1177 Iesu
369 1144 502 1184 Christi,
526 1144 639 1177 Sancti
658 1143 769 1176 Iacobi
788 1143 826 1175 de
846 1143 970 1186 Spatlza

272 1211 301 1239 et
321 1206 434 1240 Sancti
454 1206 623 1239 Benedicti
647 1206 685 1238 de
714 1206 795 1239 Avis
819 1205 967 1245 concessi,

271 1272 310 1301 ut
330 1269 503 1312 proprium
525 1269 650 1308 nabere,
682 1272 709 1301 et
730 1267 768 1300 de
786 1267 855 1300 suis
883 1266 972 1300 tonis

275 1331 387 1364 testari
404 1331 536 1364 valeant
560 1330 580 1363 ¹.

442 1419 575 1446 Clemens
592 1419 669 1453 Papa
683 1419 760 1451 VIII,

354 1475 389 1501 ad
410 1477 586 1508 perpetuam
605 1473 651 1500 rei
666 1472 846 1500 memoriam.

276 1546 425 1580 Honestis
461 1545 695 1579 catholicorum
730 1555 843 1587 regum
874 1545 970 1585 votis,

233 1607 388 1645 quantum
410 1610 482 1633 cum
506 1600 642 1633 Domino
663 1610 844 1643 possumus,
872 1599 971 1632 liben-

233 1662 280 1688 ter
300 1654 485 1693 annuimus,
509 1664 545 1686 ac
571 1664 684 1687 eorum
702 1653 818 1686 intuitu
838 1654 973 1697 praede-

234 1718 397 1742 cessorum
427 1713 614 1740 nostrorum
646 1706 892 1740 constitutiones
915 1717 974 1751 pro

233 1767 430 1805 temporum,
454 1761 600 1794 locorum
623 1766 652 1793 et
670 1770 882 1804 personarum
898 1771 976 1804 qua-

234 1815 322 1849 litate
342 1815 569 1854 moderamur,
592 1819 689 1857 prout
718 1814 749 1846 in
769 1813 906 1847 Domino
927 1825 975 1847 sa-

234 1869 371 1903 lubriter
391 1869 608 1913 conspicimus
629 1868 791 1912 expedire

281 1924 297 1965 5
315 1923 344 1956 1.
369 1923 450 1956 Sane
470 1932 528 1966 pro
542 1928 631 1966 parte
649 1921 829 1955 charissimi
844 1921 875 1954 in
889 1921 976 1956 Chri-

236 1982 285 2010 sto
310 1976 380 2009 Filii
411 1976 511 2009 nostri
543 1975 682 2019 Philippi
709 1975 925 2017 portugalliae
947 1981 975 2008 et

237 2030 461 2072 Algarbiorum
494 2029 578 2072 regis
609 2028 758 2062 catholici
787 2028 975 2062 militiarum

237 2084 365 2118 Domini
386 2083 488 2117 nostri
508 2084 577 2117 Iesu
592 2083 717 2122 Christi,
746 2083 852 2116 Sancti
871 2083 975 2116 lacobi

238 2139 277 2172 de
301 2138 420 2182 Spatha
447 2144 477 2171 et
504 2138 609 2171 Sancti
630 2137 793 2171 Benedicti
821 2137 860 2169 de
881 2137 974 2175 Avis,

238 2192 296 2226 sub
317 2192 436 2235 regulis
447 2191 552 2225 Sancti
567 2190 731 2224 Benedicti
749 2196 780 2223 et
793 2190 899 2223 Sancti
914 2191 978 2223 Au-

238 2245 356 2288 gustini
380 2245 554 2288 respective
581 2243 807 2282 militantium,
832 2242 977 2287 perpetui

238 2299 510 2333 administratoris
523 2298 699 2342 apostolica
720 2297 911 2331 auctoritate
925 2297 980 2329 de-

238 2352 351 2396 putati,
369 2363 405 2385 ac
425 2352 520 2385 etiam
542 2362 600 2395 pro
620 2356 710 2395 parte
730 2350 922 2383 dilectorum
941 2349 979 2382 fi-

239 2406 357 2439 liorum
374 2405 613 2447 magistrorum,
628 2404 772 2448 priorum
793 2403 979 2436 earumdem

241 2459 446 2498 militiarum,
478 2458 682 2501 aliorumque
712 2457 870 2500 priorum,
892 2457 977 2489 vica-

240 2512 386 2551 riorum,
413 2512 673 2555 capellanorum,
699 2516 872 2550 rectorum,
909 2521 981 2554 por-

241 2565 466 2605 tionariorum,
476 2564 753 2605 beneficiatorum,
766 2569 983 2597 caeterorum-

279 2629 287 2654 l
312 2627 348 2655 Ex
367 2627 472 2662 {teg-est.
489 2627 515 2654 ιιι
531 2628 636 2654 Secrct.
659 2626 792 2653 tii-evium.

1000 274 1062 307 que
1083 263 1310 305 religiosorum
1329 273 1385 295 seu
1398 262 1590 295 clericorum
1612 262 1643 295 in
1665 261 1740 305 ipsis

1001 314 1121 347 militiis
1141 314 1361 357 professorum
1384 313 1477 346 nobis
1495 323 1599 356 nuper
1616 312 1741 356 exposi-

1001 373 1066 400 tum
1090 367 1157 407 suit,
1172 368 1259 411 quod
1273 367 1350 400 alifis
1362 378 1434 400 cum
1457 366 1611 410 praedicti
1633 365 1739 408 magni

1001 421 1135 464 priores,
1156 421 1275 464 aliique
1296 420 1432 464 priores,
1447 420 1568 460 vicarii,
1585 425 1738 459 rectores,

1001 473 1170 517 capellani,
1196 473 1399 517 portionarii,
1426 473 1609 506 beneficiati
1632 478 1738 506 caete-

1002 527 1093 570 rique
1114 527 1221 560 clerici
1242 537 1448 570 quocumque
1469 526 1600 560 nomine
1620 537 1743 559 nuncu-

1002 580 1092 623 pati,
1123 580 1301 624 quidquam
1327 580 1495 624 proprium
1527 580 1658 620 habere,
1682 580 1742 613 nisi

1003 634 1041 666 ile
1062 644 1253 675 magnorum
1276 634 1502 675 magistrorum
1525 633 1665 672 licentia,
1690 623 1744 666 aut

1003 687 1042 720 de
1063 687 1156 719 bonis
1173 687 1238 720 suis
1254 687 1374 727 testari,
1399 692 1453 720 aut
1474 687 1582 730 aliquo
1603 686 1699 720 modo
1713 687 1744 719 in

1004 746 1107 773 morte
1125 740 1298 784 disponere
1319 751 1382 774 non
1404 746 1544 784 possent,
1559 741 1615 773 sed
1636 739 1745 773 onmia

1003 804 1115 827 eorum
1137 794 1223 826 bona
1243 804 1300 838 per
1314 800 1465 834 mortem,
1483 794 1523 826 ad
1536 799 1742 833 conventum,

1004 847 1088 880 unde
1109 848 1154 880 eis
1176 853 1401 891 provenerant,
1423 848 1636 891 pertinerent;
1657 857 1746 880 cum-

1004 911 1083 944 que,
1116 907 1151 934 ut
1174 901 1373 945 experientia
1405 900 1653 940 demonstravit,
1681 910 1745 933 non

1003 955 1108 987 solum
1129 955 1213 988 dicta
1233 955 1318 988 bona
1332 965 1350 987 a
1367 954 1616 997 consanguineis
1638 960 1668 987 et
1690 954 1746 987 do-

1006 1009 1144 1041 mesticis
1165 1009 1375 1041 morientium
1398 1008 1590 1041 clericorum
1612 1018 1748 1052 usurpa-

1005 1062 1133 1100 bantur,
1150 1063 1218 1103 sed,
1235 1063 1321 1105 quod
1343 1062 1445 1104 magis
1466 1062 1641 1095 dolendum
1665 1067 1744 1102 erat,

987 1116 1162 1160 ,praedicti
1190 1116 1298 1149 clerici
1323 1127 1395 1149 cum
1419 1126 1536 1158 magno
1566 1116 1747 1148 animarum

1005 1179 1135 1202 suarum
1146 1169 1468 1213 periculo,variisque
1480 1168 1748 1202 conscientiarum

1006 1223 1166 1266 scrupulis
1186 1233 1203 1255 e
1227 1223 1304 1255 vivis
1325 1222 1552 1262 discedebant·,
1576 1228 1750 1266 propterea

1007 1288 1025 1310 a
1039 1277 1140 1310 felicis
1155 1277 1387 1310 recordationis
1401 1276 1480 1310 lulio
1495 1277 1580 1320 Papa
1593 1276 1746 1315 secundo,

1008 1331 1256 1375 praedecessore
1284 1336 1406 1371 nostro,
1431 1329 1608 1374 apostolica
1635 1334 1748 1362 aueto-

1010 1385 1103 1418 ritate
1124 1385 1285 1418 indultum
1307 1385 1377 1425 fuit,
1401 1390 1436 1418 ut
1457 1384 1566 1418 clerici
1593 1383 1751 1428 praedicti

1009 1450 1074 1473 non
1094 1439 1199 1472 solum
1221 1439 1252 1472 in
1274 1439 1336 1472 vita
1356 1438 1526 1482 proprium
1548 1438 1679 1477 habere,
1696 1437 1752 1470 sed

1009 1495 1104 1529 etiam
1119 1495 1150 1527 in
1166 1499 1270 1527 morte
1285 1494 1324 1526 de
1344 1492 1438 1526 bonis
1455 1492 1520 1525 suis
1534 1491 1709 1525 mobilibus
1723 1497 1754 1524 et

1010 1548 1230 1582 immobilibus
1255 1553 1285 1580 et
1305 1546 1543 1580 semoventibus
1567 1546 1749 1578 undecum-

1009 1613 1082 1646 que,
1099 1601 1405 1646 quomodocumque
1418 1606 1448 1632 et
1460 1598 1750 1642 qualitercumque,

1016 1657 1101 1690 licite
1125 1661 1233 1688 tamen
1253 1653 1428 1697 acquisitis,
1450 1653 1552 1685 libere
1571 1652 1694 1692 testari,
1723 1658 1754 1684 et

1010 1711 1048 1743 ad
1070 1709 1238 1743 arbitrium
1264 1717 1358 1740 suum
1390 1707 1422 1739 in
1451 1711 1556 1739 morte
1580 1705 1753 1749 disponere

1010 1768 1151 1807 possent,
1177 1772 1214 1795 ea
1236 1766 1342 1794 tamen
1363 1759 1567 1799 conditione,
1590 1763 1625 1791 ut
1645 1759 1684 1791 de
1704 1768 1754 1791 re-

1011 1817 1130 1850 ditibus
1149 1815 1363 1859 prioratuum,
1386 1812 1634 1852 beneficiorum,
1658 1823 1753 1856 prae-

1011 1869 1229 1913 ceptoriarum
1245 1895 1251 1908 ,
1284 1866 1469 1911 portionum
1490 1876 1547 1898 seu
1564 1865 1755 1910 praestimo-

1011 1923 1139 1956 niorum
1153 1933 1171 1955 a
1189 1921 1281 1955 dictis
1295 1919 1418 1953 militiis
1438 1918 1670 1958 emanantium,
1686 1929 1753 1952 me-

1012 1976 1097 2010 diam
1126 1980 1277 2008 annatam
1306 1973 1468 2007 redituum
1497 1972 1592 2005 unius
1618 1971 1694 2004 anni
1722 1971 1754 2004 in

1013 2031 1153 2063 savorem
1176 2027 1371 2061 fabricarum
1390 2031 1606 2059 conventuum
1629 2035 1755 2057 earum-

1013 2085 1085 2118 dem
1107 2082 1284 2126 respective
1306 2080 1495 2113 militiarum
1521 2079 1751 2123 persolverent,

1014 2137 1055 2169 ita
1076 2142 1105 2169 et
1124 2135 1238 2168 eodem
1265 2134 1373 2172 modo,
1398 2143 1462 2176 quo
1484 2132 1671 2165 earumdem
1697 2131 1756 2164 mi-

1014 2190 1153 2223 litiarum
1175 2186 1452 2231 praeceptoribus,
1473 2184 1757 2218 commendatariis

1014 2249 1043 2276 et
1077 2242 1239 2285 equitibus
1270 2250 1458 2273 concessum
1488 2243 1577 2279 erat,
1612 2248 1649 2271 ac
1679 2238 1756 2271 alias

1015 2301 1111 2354 prout
1132 2295 1321 2328 ineiustlem
1340 2293 1410 2326 Iulii
1432 2292 1756 2336 praedecessorislit-

1016 2349 1090 2383 teris
1107 2348 1233 2392 plenius
1254 2346 1447 2380 continetur

1060 2403 1075 2445 ἓ
1100 2402 1129 2434 Ξ.
1164 2400 1224 2434 'wei
1228 2412 1281 2433 um
1312 2410 1384 2433 cum
1422 2404 1533 2443 postea
1566 2399 1756 2432 recolendae

1647 202 1712 236 603
1758 214 1806 239 ιιι.
1823 212 1853 238 c.
1871 210 1938 238 icoo

1799 2404 1857 2428 Οιιοιι
1873 2410 1914 2430 pru
1908 2404 1956 2424 tite-

1772 2431 1798 2457 gii
1801 2437 1827 2451 ιιιι
1850 2438 1869 2451 ιι

1886 2431 1956 2451 nlicer-

1017 2455 1193 2488 memoriae
1220 2454 1294 2487 Pius
1322 2453 1406 2496 Papa
1434 2452 1587 2492 V‚eti:1111
1614 2452 1753 2496 praede·
1772 2460 1913 2510 ¹mutam
1918 2458 1956 2478 11¹¹

1872 2487 1935 2504 trrta
1925 2490 1957 2504 ain

1017 2520 1125 2543 cessoi
1144 2514 1263 2548 nostei,
1281 2508 1420 2552 quadam
1442 2507 1510 2540 eius
1531 2512 1687 2550 pcipetuo
1706 2517 1757 2539 xa·
1773 2512 1803 2532 1''¹
1821 2511 1836 2531 ι
1857 2513 1956 2531 ντοιιιιιυ-

1019 2564 1113 2596 litura
1153 2562 1380 2595 constitutione
1417 2561 1501 2594 intei
1532 2561 1609 2593 alias
1645 2570 1758 2594 omnes

1019 2622 1045 2649 et
1089 2625 1310 2659 quascumque
1345 2614 1490 2648 licentias
1529 2620 1556 2647 et
1594 2614 1759 2647 facultates

1773 2541 1793 2559 ιι
1799 2545 1859 2559 'tlem-
