2253 3195
15 254 63 280 Αιι.
85 250 114 278 C.
132 250 200 278 1597

58 1052 196 1075 Commenda-

22 1081 62 1103 arii
76 1083 145 1101 ratam
160 1085 196 1105 pc-

23 1108 87 1130 uniae
108 1112 145 1133 pro
164 1111 197 1126 se-

23 1135 148 1156 uiuariorum
159 1132 196 1153 hu-

35 1160 103 1182 smodi

24 1187 141 1209 tentatione
150 1191 197 1212 per-

24 1214 95 1236 nix-cre
110 1213 189 1234 debent

148 1158 186 1179 sub
190 1169 197 1173 -

823 253 968 277 CLEMENS

207 311 319 333 eorum
344 301 444 345 patris
464 307 494 334 et
523 302 723 345 patriarchae
748 301 854 334 Basilii
878 312 952 345 pro-

164 366 168 370 ·
208 355 330 395 serant,
365 355 516 388 omnibus
548 361 579 387 et
613 355 746 398 singulis
780 366 948 388 commen—

208 407 338 440 datariis
359 418 640 452 quorumcumque
659 409 948 448 monasteriorum,

208 459 411 503 prioratuum
434 468 464 494 et
484 462 622 495 aliorum
647 462 844 504 regularimu
866 462 952 493 loco-

208 524 279 546 rum
300 515 377 548 dicti
398 515 525 549 Ordinis
546 516 578 548 in
599 515 720 555 Sicilia,
744 515 898 554 Calabria,
923 520 951 547 et

209 567 317 601 ltaliae
337 569 483 611 partibus
510 569 555 612 (in
580 569 697 613 quibus
723 568 876 600 nimirum
904 578 952 600 se-

210 621 344 654 minaria
364 623 576 656 ecclesiastica
599 623 696 655 latina
715 633 780 654 non
801 627 952 661 sunt,seu

209 674 333 708 etiamsi
354 681 460 709 erecta
488 676 570 715 sint,
593 676 630 708 iis
650 687 708 719 per
735 676 836 708 dictos
866 685 953 707 00111-

210 729 428 761 mendatarios
445 729 551 772 portio
572 729 679 773 aliqua
704 735 776 762 actu
797 739 860 761 non
881 739 953 772 per-

209 781 354 824 solvitur)
375 782 631 823 consistentium‚
655 783 766 826 quavis
786 782 832 814 illi
851 781 954 823 digni-

210 840 283 875 tate,
304 836 495 869 auctoritate
509 841 540 869 et
560 836 757 877 conditione,
770 835 864 869 etiam
879 845 951 867 car-

210 888 370 922 dinalatus
390 890 515 923 honore
535 890 770 933 praefulgeant,
795 890 826 922 in
839 889 954 921 virtute

209 949 338 976 sanctae
359 943 573 983 obedientiae,
590 944 705 976 harum
720 949 842 983 tenore,
864 953 955 986 prae-

211 995 349 1040 cipimus
369 1002 401 1029 et
421 997 632 1037 mandamus,
656 1003 692 1029 ut
723 1007 793 1030 eam
825 1007 954 1029 ornnem

210 1054 313 1082 ratam
345 1049 530 1093 portionem
559 1051 607 1083 vel
638 1050 831 1093 pecuniam,
859 1060 955 1093 quam

211 1102 272 1146 ipsi
292 1102 416 1136 ratione
441 1104 718 1143 commendaram,
743 1103 955 1136 monasterio—

211 1167 295 1196 rum,
315 1156 518 1200 prioratuum
540 1161 571 1189 et
589 1157 735 1189 locorum
756 1156 953 1198 huiusmodi,

212 1209 393 1243 seminariis
414 1209 639 1243 ecclesiasticis
665 1210 772 1243 latinis
798 1221 856 1254 pro
878 1222 957 1254 quo-

212 1263 291 1296 libet
311 1263 496 1297 centenario
518 1263 651 1306 singulis
671 1264 763 1297 annis
774 1265 957 1308 persolvere

212 1321 421 1357 tenerentur,
446 1322 604 1360 quatenus
633 1316 755 1350 ibidem
785 1317 957 1350 seminaria

212 1369 312 1403 latina
324 1370 511 1404 huiusmodi
531 1381 597 1404 non
617 1371 691 1411 sint,
714 1376 769 1404 aut
786 1371 845 1415 ipsi
866 1372 958 1404 dictis

213 1423 396 1456 seminariis
408 1424 515 1457 latinis
529 1425 801 1458 contributionem
817 1424 957 1468 aliquam

213 1482 287 1510 actu
306 1487 372 1510 11011
391 1478 586 1521 persolvant,
603 1479 642 1511 dc
656 1484 782 1511 caetero
795 1479 959 1522 perpetuis

214 1531 329 1564 suturis
349 1532 561 1576 temporibus,
584 1532 788 1576 procuratori
808 1543 864 1565 seu
885 1543 959 1576 pro-

214 1585 417 1618 curatoribus
446 1585 607 1619 dictorum
635 1585 882 1619 seminariorum
903 1596 959 1618 seu

214 1638 428 1671 novitiatuum
442 1649 460 1671 a
480 1638 598 1672 dilecto
618 1638 685 1671 filio
706 1639 877 1672 Theodoro
890 1649 959 1672 mo-

215 1692 327 1733 derno,
350 1703 387 1725 ac
405 1703 465 1736 pro
492 1698 639 1736 tempore
667 1692 819 1726 existente
852 1693 959 1726 abbati

214 1747 357 1788 generali
393 1747 655 1789 Congregationis
690 1747 798 1780 ltaliae
832 1746 959 1780 Ordinis

214 1800 360 1843 praefati,
383 1811 439 1833 seu
457 1811 475 1833 a
494 1800 635 1844 capitulo
656 1800 797 1843 generali
815 1799 958 1833 eiusdem

215 1852 343 1886 Ordinis
362 1864 421 1897 pro
442 1859 589 1898 tempore
614 1854 775 1898 deputatis
800 1859 831 1887 et
852 1854 955 1897 depu-

216 1905 343 1947 tandis,
363 1917 423 1950 pro
454 1907 707 1940 substentatione
734 1913 765 1940 et
789 1913 958 1940 manuten-

216 1958 304 1992 tione
331 1959 492 1992 dictorum
515 1960 766 1994 seminariorum
787 1971 842 1993 seu
863 1960 956 1993 novi-

218 2011 354 2044 tiatuum
379 2012 507 2046 Ordinis
537 2013 740 2054 huiusmodi,
764 2014 805 2046 ad
829 2024 959 2047 omnem

217 2064 304 2098 illius
314 2065 363 2098 vel
374 2065 505 2098 illorum
514 2066 769 2109 requisitionem,
779 2077 816 2099 ac
828 2067 916 2100 omni
930 2073 962 2100 et

219 2129 424 2162 quacumque
451 2119 675 2160 excusatione,
707 2130 798 2153 mora
824 2126 855 2153 et
881 2120 961 2153 dila-

219 2171 306 2205 tione
333 2172 539 2216 postpositis,
562 2173 745 2216 persolvere
773 2173 910 2206 debeant
932 2179 961 2207 et

221 2230 401 2259 teneantur.
426 2225 510 2265 Quos
528 2225 820 2259 commendatarios
840 2237 858 2258 a
878 2227 962 2259 solu-

221 2278 308 2312 tione
336 2284 423 2312 ratae
452 2289 508 2312 seu
538 2278 714 2322 portionis,
738 2279 785 2312 vel
807 2279 963 2322 pecuniae

221 2331 407 2365 huiusmodi
438 2333 560 2365 eisdem
592 2332 771 2365 seminariis
803 2332 907 2365 latinis
932 2333 964 2365 in

221 2391 387 2429 posterum
413 2386 580 2428 facienda,
608 2392 765 2430 perpetuo
794 2386 965 2419 eximimus

222 2444 254 2472 et
283 2439 468 2473 liberamus.
492 2441 556 2474 Nec
584 2451 648 2474 non
679 2440 881 2484 procuratori
910 2451 965 2474 seu

221 2493 488 2538 procuratoribus
508 2494 569 2534 sic,
593 2499 628 2527 ut
647 2493 886 2538 praemittitur,
912 2494 966 2526 de-

222 2545 352 2589 putatis,
377 2551 431 2579 aut
451 2547 642 2590 deputandis
668 2558 738 2580 eam
767 2557 896 2580 omnem
918 2558 985 2585 ra-,

223 2604 310 2640 tam,
332 2610 388 2632 seu
420 2600 625 2644 portionem,
653 2601 701 2633 vel
728 2600 899 2644 pecuniam
927 2601 967 2633 ab

988 253 1045 276 vni
1066 253 1115 276 ΡΙ).

986 301 1115 334 ctuariis
1134 301 1263 345 propria
1285 301 1474 333 auctoritate
1496 300 1654 342 exigendi,
1679 300 1726 332 le-

986 354 1091 391 vandi,
1106 366 1141 386 ac
1157 354 1187 386 iu
1209 366 1283 387 usus
1302 354 1461 387 dictorum
1480 352 1729 386 seminariorum

986 418 1041 439 seu
1069 408 1281 440 novitiatuuni
1313 407 1542 447 convertendi,
1566 406 1729 438 licentiam

986 461 1255 493 etauctoritatem
1277 472 1334 504 per
1351 466 1536 504 praesentes
1558 459 1730 492 tribuimus

986 519 1017 546 et
1043 513 1258 557 impertirmir.

1031 570 1047 608 g
1069 566 1098 599 2.
1114 567 1271 605 Quoniam
1291 578 1364 600 vero
1386 573 1492 600 extant
1505 567 1664 610 quaedam
1676 567 1730 598 be-⁴

986 619 1100 651 neticia
1126 620 1284 663 simplicia
1314 621 1539 659 ecclesiastica,
1571 619 1753 662 regulariai

986 673 1051 705 sive
1071 673 1263 713 saecularia,
1289 680 1351 706 tam
1379 674 1410 706 in
1435 674 1559 707 Siciliae
1580 685 1675 718 quam
1698 674 1750 720 in..

986 727 1150 760 Calabriae
1170 727 1354 771 provinciis,
1372 739 1455 771 quae
1475 729 1514 761 ad
1533 728 1662 771 capituli
1675 738 1729 760 seu
1747 722 1750 729 ¹
1766 742 1794 762 :p

988 787 1162 815 conventus
1184 781 1418 814 monachorum
1440 782 1515 814 dicti
1543 781 1731 814 monasterii
1747 778 1768 783 ”
1787 778 1807 782 ’“

988 835 1018 867 S.
1035 835 1207 868 Salvatoris
1219 835 1356 867 liberam
1371 835 1576 868 collationem
1591 846 1647 868 seu
1658 845 1733 878 pro·
1764 840 1765 844 ’

988 889 1143 922 visionem
1164 894 1307 932 spectant
1333 895 1362 921 et
1391 888 1569 932 pertinent,
1594 899 1732 931 quorum

989 943 1119 986 quidem
1138 943 1246 986 aliqua
1268 948 1391 975 tantum
1412 953 1498 975 nunc
1527 942 1736 985 reperiuntur

989 997 1088 1033 unita,
1112 1008 1168 1029 seu
1186 997 1346 1040 applicata
1366 996 1540 1029 seminario
1566 1007 1621 1028 seu
1639 995 1732 1028 novi-

991 1050 1080 1082 tiatui
1102 1051 1245 1083 eiusdem
1277 1050 1483 1089 monasterii,
1505 1055 1632 1082 caetera
1661 1059 1735 1082 vero

991 1114 1064 1136 cum
1085 1109 1208 1144 vacant,
1221 1115 1238 1136 a
1259 1104 1344 1136 dicto
1366 1103 1507 1146 capitulo
1526 1109 1556 1136 et
1576 1108 1736 1136 conventu

991 1157 1091 1190 libere
1112 1158 1345 1197 conseruntur,
1369 1157 1490 1189 idcirco
1521 1168 1579 1189 nos
1599 1167 1732 1189 00111111μ

991 1213 1064 1245 (10111
1085 1211 1318 1245 beneficiorum
1347 1221 1412 1243 non
1440 1211 1605 1243 unitorum
1635 1210 1736 1253 quali-

991 1271 1082 1305 tates,
1099 1264 1299 1304 situationcs,
1317 1264 1470 1303 confines,
1497 1263 1666 1303 vocabula⁷
1690 1263 1736 1295 in—

991 1317 1173 1351 vocationes
1193 1327 1349 1360 verosque
1363 1326 1487 1349 annuos
1500 1316 1623 1348 valores
1644 1326 1737 1359 prae-

991 1371 1136 1404 sentibus
1156 1382 1215 1414 pro
1236 1370 1432 1404 sufficienter
1445 1369 1602 1412 expressis
1615 1369 1737 1401 liaben-

992 1431 1048 1466 tes,
1072 1425 1126 1457 illa
1146 1425 1256 1457 onmia
1276 1429 1307 1457 et
1326 1424 1452 1465 singula
1465 1451 1472 1464 ‚
1496 1434 1568 1456 cum
1594 1423 1736 1466 primum

992 1489 1050 1522 per
1074 1489 1199 1511 cessum
1220 1478 1268 1510 vel
1289 1478 1466 1515 decessum,
1491 1482 1545 1508 aut
1563 1476 1641 1509 alias
1654 1487 1735 1520 quo-

993 1532 1037 1565 vis
1062 1533 1159 1565 modo
1185 1531 1389 1571 vacaverint,
1419 1530 1596 1563 dummodo
1628 1529 1733 1562 dicto-

993 1596 1064 1618 rum
1085 1585 1321 1618 beneficiorum
1348 1583 1477 1616 collatio
1509 1593 1565 1616 seu
1595 1582 1736 1626 provisio

993 1640 1033 1672 ad
1053 1639 1255 1683 praedictum
1270 1637 1446 1681 capitulum
1467 1647 1523 1669 seu
1541 1642 1735 1669 conventum

994 1693 1228 1726 monachornm
1250 1690 1325 1725 dicti
1346 1690 1533 1724 monasterii
1550 1689 1656 1723 Sancti
1670 1690 1737 1723 Sal-

992 1746 1111 1779 vatoris
1131 1746 1233 1779 libere
1251 1750 1371 1789 spectet
1392 1750 1423 1777 et
1441 1744 1613 1788 pertineat,
1637 1754 1732 1787 prae-

993 1800 1078 1833 dicto
1105 1799 1278 1833 seminario
1303 1809 1359 1831 seu
1385 1797 1551 1831 novitiatui
1580 1802 1736 1840 perpetuo

993 1853 1204 1893 annectimus,
1228 1851 1357 1884 [inimus
1377 1856 1408 1884 et
1428 1851 1684 1894 incorporamus.

1038 1909 1054 1949 g
1079 1907 1109 1939 3.
1134 1907 1171 1939 Et
1191 1916 1315 1945 eorum,
1344 1915 1426 1948 quae
1448 1904 1603 1936 hactenus
1624 1903 1733 1943 unita,

994 1960 1164 2004 applicata,
1176 1970 1232 1992 seu
1246 1959 1452 2001 incorporata
1469 1963 1552 1998 sunt,
1569 1957 1734 1997 unionem,

994 2013 1246 2057 applicationem
1264 2018 1294 2045 et
1306 2011 1612 2055 incorporationem,
1626 2011 1738 2043 eadem

995 2067 1184 2101 auctoritate
1196 2072 1316 2106 nostra,
1332 2065 1562 2098 confirmamus
1580 2069 1609 2097 et
1622 2074 1739 2108 appro-

995 2122 1119 2154 bamus.

1040 2175 1105 2217 §ln
1129 2175 1173 2207 Ita
1194 2174 1282 2218 quod
1310 2172 1513 2216 procuratori
1539 2171 1614 2205 dicti
1642 2171 1735 2204 novi-

997 2282 1070 2314 dem
1091 2279 1344 2319 beneficiorum,
1368 2284 1399 2312 et
1423 2279 1552 2311 illorum
1578 2278 1739 2310 bonorum

998 2344 1034 2366 ac
1066 2333 1127 2365 illis
1158 2343 1357 2366 annexorum
1393 2331 1651 2375 possessionem,

1000 2440 1190 2483 praefertur,
1206 2438 1399 2477 vacaverint⁷
1417 2437 1492 2470 dicti
1510 2436 1673 2469 seminarii
1688 2441 1742 2469 aut

1000 2491 1172 2535 novitiatus
1192 2491 1324 2524 nomine
1350 2491 1450 2524 libere
1479 2489 1739 2533 apprehendere,

1001 2552 1032 2579 et
1049 2557 1121 2579 cum
1142 2545 1255 2578 unioni
1274 2545 1364 2578 locus
1384 2544 1485 2577 sactus
1505 2543 1612 2583 suerit,
1631 2553 1743 2576 eorum

1002 2601 1133 2640 fructus,
1151 2598 1295 2632 redditus
1308 2605 1339 2632 et
1351 2602 1526 2642 proventus
1538 2596 1670 2641 propria
1686 2607 1743 2629 au-

225 2651 301 2696 ipsis
331 2653 632 2694 commendatariis,
667 2663 723 2687 seu
755 2663 868 2688 eorum
901 2652 968 2687 affi-
1002 2653 1150 2688 ctoritate
1175 2657 1331 2697 perpetuo
1357 2651 1503 2694 exigere,
1526 2650 1695 2694 percipere
1715 2655 1746 2683 et

328 2716 406 2746 Bull.
423 2716 507 2744 Rom.
528 2715 588 2744 Vol.
605 2716 639 2744 X.
854 2717 887 2745 48

1635 240 1697 274 377
1746 249 1926 277 An.c.1597

1805 1904 1935 1930 Approbatio

1753 1932 1836 1953 unionis
1857 1933 1878 1951 et
1899 1936 1935 1956 ap-

1752 1958 1872 1985 plicationis
1895 1958 1936 1978 iam

1754 1987 1829 2006 sacta«.-⁴

1780 2171 1878 2200 facultas

1753 2201 1857 2218 curatoris

996 2228 1091 2261 tiatus
1115 2227 1209 2260 liceat
1233 2226 1363 2270 propria
1389 2225 1577 2258 auctoritate
1602 2235 1735 2257 eorum-
1753 2224 1939 2272 gggsiffggffidg‘cs-igj

1754 2284 1798 2298 rum
1825 2277 1939 2298 heneti-*iu-

1887 2176 1938 2217 &2⁰21

1755 2303 1940 2330 ruiiira1iit·ii¹li,et

1684 2341 1740 2363 seu
1755 2337 1827 2361 corum
1847 2331 1939 2361 'fructus

1755 2358 1852 2382 exmondt
1893 2363 1940 2383 pro-

999 2385 1100 2430 quasi‚
1125 2397 1161 2419 ex
1192 2395 1278 2419 nunc
1302 2390 1399 2429 prout
1423 2396 1459 2417 ex
1485 2390 1570 2425 tunc,
1599 2394 1683 2423 cum,
1706 2385 1940 2418 ut.1’1'i³¹³¹¹*³20si¹³¹n
