2253 3195
39 236 88 263 An.
105 235 132 263 C.
157 235 224 263 1597

857 238 1003 262 CLEMENS
1023 238 1082 262 VIII
1101 238 1151 262 PP.

240 284 417 324 moniales,
441 284 525 317 intra
557 284 685 327 triginta
716 286 840 318 dicrum
868 286 980 319 termi-

239 347 316 370 num
338 338 501 370 transferri
523 339 661 381 possint:
686 350 750 382 quo
768 339 899 382 quidem
922 344 983 371 ter-

240 391 327 424 mino
345 396 517 429 transacto,
534 391 731 432 Ordinarius,
749 393 794 425 uti
815 398 980 436 patronus,

238 446 346 478 locum
374 457 429 479 scu
451 447 521 479 loca
543 446 764 484 vacationum,
793 446 863 479 aliis
887 446 983 487 virgi-

238 498 349 539 nibus,
373 499 437 532 sive
464 500 495 531 in
521 499 687 542 praedicto
717 499 854 540 collegio
880 499 985 531 vivant

238 551 302 584 sive
322 562 398 591 non,
415 551 454 585 ad
475 551 709 595 praescriptum
729 558 835 584 tamen
854 552 983 595 praedi-

239 604 280 636 cti
310 605 438 637 loannis
469 604 668 644 fundatoris,
697 604 798 637 libere
829 605 979 647 assignet.

239 656 357 690 Verum
378 657 418 689 ad
439 657 624 690 huiusmodi
645 657 827 690 vacationes
857 657 888 689 in
916 657 983 700 pri-

238 710 298 747 mis
327 720 364 742 ea
395 710 477 743 ratio
507 710 657 743 habenda
678 711 760 751 erit;
784 717 819 744 ut
845 711 984 754 virgines

239 763 277 796 de
295 763 460 806 parentela
482 763 582 806 ipsius
601 764 730 797 Ioannis
748 764 927 797 fundatoris
953 765 983 797 in

239 817 376 859 collegio
397 817 564 861 praedicto
592 818 765 860 degentes,
790 819 925 851 caeteris
950 829 984 851 0-

238 870 367 903 mnibus
396 870 572 913 collegiatis
600 872 843 914 praeferantur,
867 871 984 915 quibus

238 924 369 967 quidem
390 924 566 966 virginibus
591 924 630 957 de
661 925 827 967 parentela
858 925 984 957 Ioannis

239 977 419 1011 fundatoris
450 977 637 1011 huiusmodi
668 978 878 1011 existentibus
903 978 980 1011 reli-

238 1031 368 1073 gionem
399 1031 431 1064 in
462 1032 575 1064 eodem
608 1031 805 1064 monasterio
837 1031 984 1075 profiteri

238 1085 450 1118 renuentibus
465 1112 473 1126 ,
497 1085 820 1118 animadvertendum
839 1085 920 1125 erit,
944 1095 983 1117 an

239 1137 310 1171 talis
331 1137 482 1170 monialis
511 1138 662 1171 defuncta
683 1149 717 1171 ex
739 1137 980 1179 conterraneis,

238 1201 295 1224 seu
306 1191 528 1235 compatriotis
549 1191 648 1235 ipsius
661 1191 790 1224 Ioannis
803 1191 984 1224 fundatoris

239 1250 324 1285 erat,
342 1249 373 1277 et
385 1249 462 1277 tunc
475 1244 537 1277 alia
555 1250 768 1278 conterranea
788 1244 848 1278 sibi
861 1245 980 1278 subro-

239 1303 348 1340 getur3
365 1297 390 1331 si
404 1308 479 1331 vero
491 1298 559 1342 ipsa
578 1298 729 1331 defuncta
741 1309 778 1331 ex
795 1298 922 1332 civitate
935 1299 983 1332 vel

239 1351 379 1385 dioecesi
405 1351 615 1384 Tlascalensis
642 1351 802 1393 oriunda,
827 1357 881 1385 aut
906 1352 984 1386 alias

239 1405 424 1449 qualismata
441 1405 550 1445 suerit,
568 1405 630 1438 alia
642 1405 744 1448 virgo,
760 1416 844 1449 quae
857 1407 985 1439 demor-

239 1465 313 1492 tuae
337 1459 528 1503 qualitatem
556 1460 674 1493 habeat
695 1470 731 1493 ac
750 1465 981 1504 repraesentet,

238 1512 299 1545 sibi
317 1513 545 1553 substituatur,
567 1513 698 1546 reclicta
718 1518 827 1546 tamen
847 1519 984 1557 patrono

239 1566 397 1599 electione
410 1565 442 1598 in
459 1571 608 1599 eventum
623 1567 711 1610 quod
730 1566 839 1610 plures
858 1567 986 1610 puellae

210 1646 217 1649 γ
239 1625 480 1653 concurrerent.
501 1620 681 1660 Postremo,
700 1626 735 1652 ut
755 1619 842 1663 ipsae
855 1620 982 1653 monia-

17 1661 27 1665 ,
68 1674 174 1700 Suffragia
185 1679 224 1700 pro

40 1701 156 1723 fundatoris
181 1702 225 1732 ani·

40 1734 74 1749 ma
89 1734 128 1754 per
146 1735 225 1750 monia-

40 1755 70 1776 les
85 1755 194 1782 explenda.

239 1673 286 1706 les
306 1683 381 1716 erga
400 1674 580 1717 praefatum
602 1673 757 1706 Ioannem
779 1673 984 1707 fundatorem

240 1727 373 1771 eiusque
397 1727 590 1764 memoriam
610 1732 717 1770 gratas
741 1738 775 1760 se
795 1727 982 1768 exhibeant,

239 1780 405 1814 constituit
417 1781 515 1824 quod,
530 1781 615 1813 ultra
632 1780 744 1814 missas
760 1791 821 1824 pro
835 1781 903 1815 eius
916 1782 986 1815 ani-

239 1846 312 1869 mae
348 1835 516 1878 refrigerio
546 1835 672 1868 ratione
701 1835 899 1879 capellaniae
931 1842 987 1870 aut

240 1889 318 1923 alias
339 1889 559 1930 celebrandas,
581 1889 713 1922 eaedem
733 1889 889 1922 moniales
908 1900 987 1933 qua-

243 1948 315 1976 tuor
334 1942 412 1976 alias
432 1942 554 1983 missas,
578 1942 723 1986 quolibet
735 1952 832 1983 anno,
849 1943 986 1976 solemni

240 1995 317 2037 ritu,
333 1995 484 2029 adhibitis
504 1995 640 2029 diacono
661 2001 692 2029 et
710 1996 922 2037 subdiacono,
941 1996 987 2029 vi-

241 2049 357 2083 delicet
373 2060 484 2083 earum
497 2060 595 2082 unam
613 2049 731 2083 intuitu
749 2050 988 2084 denominatio-

241 2103 290 2136 nis
311 2102 498 2136 monasterii
517 2103 663 2145 erigendi
682 2103 852 2144 eiusmodi,
871 2109 902 2137 et
915 2114 985 2137 eam

242 2157 373 2201 quidem
394 2157 463 2201 ipsa
481 2156 644 2189 dominica
657 2156 739 2189 infra
756 2162 900 2190 octavam
914 2157 987 2201 Epi-

240 2210 391 2254 phaniae,
414 2221 451 2244 ac
474 2221 546 2243 cum
568 2209 735 2250 concione,
756 2210 889 2243 alteram
911 2221 986 2244 vero

241 2269 315 2307 post
333 2262 626 2306 transfigurationis
650 2262 836 2296 Dominicae
864 2263 985 2296 festivi-

243 2321 353 2357 tatem,
367 2316 496 2350 tertiam
510 2326 641 2360 quoque
653 2320 725 2359 post
737 2316 851 2348 festum
865 2316 895 2349 S.
911 2316 986 2349 Ilie-

242 2370 379 2415 ronymi,
397 2375 428 2403 et
447 2375 595 2414 quartam
614 2369 726 2402 missas
743 2369 903 2402 solemnes
922 2368 984 2402 hu-

243 2423 383 2457 iusmodi
396 2428 469 2467 post
482 2421 826 2457 commemorationem
841 2422 987 2455 omnium

244 2477 490 2517 defunctorum,
521 2481 552 2510 et
570 2477 654 2509 hanc
682 2475 813 2520 quidem
838 2476 988 2509 ultimam

243 2540 302 2574 pro
316 2530 419 2564 salute
431 2530 558 2563 animae
571 2529 716 2563 eiusdem
731 2528 860 2562 Ioannis
876 2529 987 2563 sunda-

243 2583 332 2624 toris,
346 2582 501 2617 celebrari
511 2583 626 2616 facere.
642 2582 718 2615 Illae
728 2592 804 2614 vero
818 2581 989 2616 duodecim

243 2637 411 2678 moniales,
429 2647 511 2681 quac
529 2636 568 2670 de
588 2635 682 2669 honis
703 2634 882 2669 fundatoris
903 2635 990 2670 alen-

333 2700 412 2727 Ball.
433 2701 514 2728 Rom.
539 2699 598 2727 Vol.
619 2699 654 2726 Χ.
869 2697 904 2724 42

1671 226 1734 260 3029

1021 292 1082 325 tur,
1107 286 1250 330 qualibet
1275 286 1496 324 hebdomada,
1520 285 1552 317 in
1584 286 1764 318 remedium

1019 340 1144 373 animae
1166 340 1265 383 ipsius
1297 339 1423 373 loannis
1444 339 1642 377 fundatoris,
1666 349 1761 371 coro-

1019 405 1092 426 nam
1115 395 1229 426 Beatac
1249 394 1387 433 Virginis
1407 393 1696 433 itla1·iae‚videlic‹2=t
1717 404 1764 425 se-

1019 446 1099 489 pties
1121 445 1306 479 Orationem
1329 446 1548 487 Dmninicam,
1572 457 1608 478 ac
1629 456 1762 488 sexage-·

1019 499 1079 531 sies
1100 506 1127 532 et
1152 505 1200 531 ter
1219 499 1611 541 OrationemAmpelicam
1630 499 1765 532 recitare

1020 552 1196 589 deberent:
1226 559 1252 585 et
1281 553 1360 585 haec
1381 553 1512 596 quidem
1540 553 1624 585 circa
1646 563 1762 585 mona-

1018 605 1151 637 sterium
1173 605 1362 647 erigendum
1385 611 1414 638 ct
1435 606 1590 638 moniales
1611 606 1688 639 illud
1712 606 1762 638 in-

1019 658 1276 699 g1·essuras.Quo
1296 669 1370 691 vero
1386 660 1424 691 ad
1447 659 1618 701 collegium
1640 659 1764 702 puella-

1020 722 1107 751 rum,
1139 711 1224 744 idem
1248 711 1385 744 Didacus
1411 712 1592 755 episcopus,
1620 712 1764 745 eiusdem

1019 765 1147 798 Ioannis
1167 765 1345 798 fundatoris
1365 765 1519 797 voluntati
1542 765 1762 805 inhaerendo,

1020 818 1088 857 ista,
1113 829 1194 862 quac
1214 825 1404 862 sequuntur,
1426 818 1566 862 capitula
1587 824 1617 851 et
1637 819 1766 852 ordina-

1019 871 1122 904 tiones
1142 872 1304 905 observari
1323 871 1496 904 mandavit.
1514 872 1550 904 Et
1574 872 1680 915 primo
1694 872 1765 915 qui-

1020 925 1104 965 dem,
1128 931 1163 957 ut
1188 925 1220 957 in
1242 925 1379 967 collegio
1400 925 1606 958 solummodo
1627 925 1765 967 virgines

1019 989 1177 1022 pauperes
1198 984 1228 1011 et
1245 978 1410 1022 orphanae
1431 989 1468 1011 ex
1487 979 1632 1022 patribus
1652 978 1765 1022 Hispa-

1019 1031 1068 1064 nis
1096 1037 1197 1071 ortae,
1221 1041 1286 1064 non
1315 1041 1441 1071 autem,
1465 1037 1500 1064 ut
1524 1032 1619 1073 vulgo
1640 1031 1762 1071 fertur,

1019 1084 1221 1124 Meslv'zziae,
1248 1085 1489 1124 Qucwteronae,
1513 1090 1569 1117 aut
1596 1085 1762 1124 Mulalae,

1019 1148 1123 1181 neque
1145 1137 1352 1180 coniugatae,
1374 1143 1428 1170 aut
1454 1138 1569 1170 viduae
1593 1138 1766 1170 admittan-

1021 1196 1087 1229 tur;
1112 1196 1143 1223 et
1162 1191 1293 1234 quando
1315 1191 1517 1233 contingeret
1531 1191 1616 1224 circa
1628 1202 1768 1235 pauper-

1019 1249 1117 1277 tatem
1139 1244 1274 1277 istarum
1295 1244 1455 1286 virginum
1480 1244 1643 1285 haesitari‚
1664 1245 1696 1278 id
1717 1256 1767 1278 ar-

1019 1298 1116 1331 bitrio
1136 1298 1236 1331 solius
1255 1298 1417 1332 Ordinarii
1447 1303 1574 1331 servato
1604 1298 1682 1331 iuris
1714 1309 1767 1331 or-

1019 1351 1095 1385 dine
1125 1351 1386 1395 relinqueretur,
1412 1352 1455 1384 ita
1483 1357 1591 1385 tamen
1607 1379 1614 1392 ,
1638 1357 1673 1384 ut
1697 1352 1768 1385 dili-

1020 1410 1132 1447 genter
1152 1405 1274 1438 attendi
1296 1405 1422 1446 debeat,
1446 1415 1486 1438 ne
1511 1405 1599 1449 quod
1627 1405 1659 1437 in
1687 1405 1765 1438 sub-

1019 1459 1203 1492 ventionem
1223 1469 1404 1502 pauperum
1425 1459 1620 1492 destinatum
1643 1465 1704 1499 est,
1728 1460 1768 1493 ad

1020 1512 1133 1545 divites
1153 1512 1320 1553 deveniat3
1350 1512 1512 1556 orphanas
1537 1523 1614 1545 vero
1645 1513 1769 1556 puellas

1021 1577 1073 1599 eas
1092 1566 1194 1599 voluit
1214 1566 1311 1599 etiam
1336 1566 1488 1608 intelligi,
1513 1577 1596 1610 quae
1616 1567 1685 1599 solo
1706 1577 1765 1610 pa-

1021 1626 1068 1653 tre
1088 1621 1193 1653 forent
1213 1621 1357 1660 orbatae,
1381 1620 1522 1653 subdens
1543 1631 1596 1653 eas
1614 1626 1687 1653 ante
1710 1621 1766 1653 de-

1021 1673 1171 1707 cennium
1185 1669 1366 1717 expletum,
1394 1673 1443 1706 vel
1467 1678 1540 1717 post
1560 1684 1657 1717 quam
1683 1673 1769 1706 deci-

1022 1738 1111 1760 mum
1132 1731 1285 1770 quartum
1307 1737 1419 1759 earum
1437 1726 1550 1759 aetatis
1571 1737 1691 1759 annum
1713 1726 1769 1759 ab·

1021 1782 1184 1822 solverint,
1199 1781 1299 1825 recipi
1317 1791 1382 1814 non
1404 1781 1533 1821 debere,
1555 1780 1640 1824 ipsas
1660 1785 1769 1813 autem

1022 1835 1101 1868 inibi
1119 1834 1223 1878 spatio
1244 1840 1316 1867 octo
1342 1843 1503 1867 annorum
1535 1838 1566 1866 et
1595 1843 1661 1866 non
1685 1833 1769 1865 ultra

1022 1899 1211 1929 remanere,
1245 1888 1345 1921 immo
1376 1898 1436 1921 nec
1467 1892 1541 1920 ante
1574 1886 1609 1920 id
1643 1892 1770 1930 tempus

1021 1943 1131 1985 egredi
1155 1941 1273 1981 voluit,
1297 1941 1358 1974 nisi
1384 1946 1477 1974 antea
1501 1941 1550 1974 vel
1576 1940 1769 1982 religionem

1022 1995 1147 2039 ingredi
1182 1995 1230 2028 vel
1264 1995 1386 2028 nubere
1419 1993 1638 2034 decreverint,
1674 1998 1770 2036 atque

1022 2049 1150 2083 interim
1172 2059 1236 2092 quo
1257 2047 1289 2080 in
1311 2047 1396 2081 dicto
1417 2047 1554 2089 collegio
1575 2047 1767 2080 educabun-

1021 2109 1084 2143 tur,
1109 2102 1229 2136 eisdem
1251 2102 1335 2134 ultra
1366 2101 1505 2141 victum,
1530 2101 1648 2133 lectum
1667 2106 1698 2133 et
1717 2111 1770 2133 ve-

1021 2156 1130 2189 stitum
1152 2156 1191 2189 de
1215 2155 1311 2188 bonis
1332 2154 1432 2198 ipsius
1464 2153 1592 2195 collegii
1620 2158 1767 2197 praesta—

1022 2211 1129 2251 bitur,
1158 2210 1202 2243 ita
1226 2215 1355 2250 tamen,
1379 2214 1415 2242 ut
1441 2208 1593 2241 omnibus
1618 2207 1703 2241 idem
1733 2207 1772 2240 sit

1021 2263 1176 2297 vestiendi
1201 2263 1338 2303 modus,
1361 2266 1495 2296 utentur
1519 2261 1628 2305 itaque
1649 2260 1768 2294 mulie-

1021 2317 1071 2350 bri
1092 2317 1200 2350 tunica
1220 2328 1257 2350 ex
1284 2327 1391 2360 panno
1416 2316 1465 2349 vel
1493 2325 1570 2357 sago
1592 2314 1660 2348 cius
1681 2315 1769 2348 colo-

1016 2370 1076 2411 ris,
1100 2380 1165 2413 quo
1190 2369 1348 2403 moniales
1366 2369 1409 2402 ibi
1435 2368 1640 2412 praepositae
1661 2367 1692 2400 in
1717 2378 1771 2400 ea-

1023 2433 1096 2456 rum
1125 2422 1231 2466 palliis
1257 2427 1288 2455 et
1315 2421 1522 2466 scapulariis,
1543 2432 1600 2455 seu
1625 2421 1772 2465 capistris

1023 2481 1173 2515 utentur,
1204 2476 1415 2518 deferentque
1444 2475 1577 2507 loricam
1606 2485 1643 2507 ex
1664 2485 1772 2518 panno

1024 2530 1120 2571 lineo,
1131 2540 1258 2563 necnon
1272 2529 1444 2562 reticulum
1458 2527 1662 2561 amictorium
1675 2528 1771 2561 etiam

1025 2583 1163 2623 lineum,
1188 2583 1275 2627 quod
1300 2582 1359 2615 sub
1388 2587 1496 2615 mento
1523 2582 1717 2626 applicetur,
1743 2587 1774 2615 et

1025 2637 1128 2671 donec
1149 2636 1310 2671 decimum
1338 2641 1488 2680 quartum
1515 2646 1635 2669 annum
1667 2636 1774 2680 exple-

1781 237 1830 262 An.
1851 236 1878 263 C.
1898 236 1963 264 1597

1823 669 1851 688 lh*
1876 670 1965 689 solim—*w

1780 697 1904 721 puellarum,

1802 935 1919 957 unalitate<
1931 934 1967 953 mt-

1780 961 1936 981 nnttrnslarum.

1811 1839 1911 1863 TempuS.
1928 1843 1969 1864 quo

1784 1865 1814 1885 ibi
1844 1870 1969 1890 permanere

1785 1892 1871 1912 delient.

1813 2320 1871 2343 Quae
1883 2320 1959 2340 vestes.
