2253 3195
294 254 342 280 Λη.
364 254 393 280 c.
411 253 475 281 ¹601
524 245 588 279 668

491 304 705 343 sumentibus,
722 304 818 336 etiam
839 303 1025 345 genuflexus
1043 302 1178 335 recitare
1193 307 1237 335 te-

494 363 640 389 neantur.
664 357 764 389 Curae
784 356 823 388 sit
843 355 971 399 prioris,
984 362 1017 388 ut
1035 355 1175 388 officium
1191 355 1237 388 di-

493 410 601 441 vinmu
629 409 660 440 in
692 409 792 441 choro
822 419 840 441 a
872 409 1038 441 Fratribus
1066 409 1130 441 suis
1159 408 1238 441 locis

493 462 733 495 considentibus
751 462 863 495 devote
884 473 956 495 cum
978 462 1105 506 punctis
1117 468 1148 495 et
1160 473 1239 506 pau-

493 517 534 549 sis
554 516 767 559 persolvatur,
789 522 818 549 et
839 522 873 548 ut
895 516 1009 550 missae
1035 526 1100 549 non
1121 516 1180 548 nisi
1202 526 1239 548 ex

492 569 624 602 Missalis
649 569 786 602 Romani
814 570 1037 613 praescripto,
1061 580 1120 602 nec
1140 569 1240 602 nimia

494 623 656 655 celeritate
681 623 901 663 celebrentur;
925 623 1038 666 quain
1059 633 1094 656 re
1123 623 1237 655 obser-

494 676 577 708 vabit
606 687 645 708 an
675 676 705 708 in
734 676 921 709 recitatione
953 677 1085 710 canonis
1117 682 1238 709 tantum

494 731 660 774 temporis,
685 736 841 774 quantum
876 731 915 763 ad
944 731 1028 763 illius
1059 731 1158 763 verba
1183 731 1239 763 de-

494 790 564 818 vote
582 785 793 828 exprimenda
814 784 970 825 exigitur,
994 795 1012 816 a
1032 784 1165 826 singulis
1186 784 1237 816 in-

494 844 655 878 suiuatur;
681 844 712 871 et
732 838 999 871 contrafacientes
1029 844 1175 878 moneat,
1204 849 1241 871 ac

494 891 688 924 salutaribus
702 891 908 935 poenitentiis
922 897 1078 924 coerceat.
1090 892 1136 924 Ad
1147 891 1242 925 Salve

495 945 622 988 Regina
651 951 723 989 post
743 945 995 988 Complctorium
1019 945 1214 978 cantandum
1229 973 1238 985 ,

494 1010 606 1032 omnes
635 999 780 1042 quotidie
808 999 903 1032 ctiam
933 999 1088 1032 officiales
1108 1005 1139 1032 et
1159 1009 1238 1032 con-

494 1053 575 1085 versi
602 1052 735 1085 omnino
761 1052 974 1091 convenian13
999 1058 1029 1086 et
1052 1058 1123 1096 post
1147 1051 1242 1086 Salve

494 1107 639 1149 Βεῃίηα,
663 1106 795 1139 litaniae
824 1106 938 1139 Beatae
958 1106 1076 1139 Mariae
1104 1106 1242 1149 Virginis

494 1171 553 1204 pro
575 1159 658 1193 felici
687 1165 769 1192 statu
791 1159 820 1192 S.
842 1160 877 1192 R.
901 1159 1022 1203 E.,pr0
1046 1160 1188 1203 populo,
1212 1166 1242 1193 et

496 1225 555 1258 pro
575 1213 742 1256 religionis
762 1219 959 1256 augumento
977 1214 1091 1247 devote
1107 1213 1242 1247 reciten-

497 1273 557 1300 tur.
581 1267 698 1300 Diebus
723 1278 798 1299 vero
819 1267 924 1307 sestis,
948 1273 1020 1311 post
1038 1267 1193 1311 vesperas
1213 1273 1243 1300 et

495 1321 590 1355 Salve
610 1321 744 1363 Ressina,
768 1320 875 1353 statim
897 1326 1082 1357 cantentur:
1107 1321 1161 1364 qui
1182 1321 1239 1354 dc·

497 1375 629 1415 suerint,
658 1385 712 1407 eos
744 1374 833 1418 prior
864 1374 992 1418 publice
1022 1375 1183 1417 corrigat,
1207 1385 1244 1408 ac

498 1428 593 1463 etiam
619 1427 680 1461 cibi
702 1427 921 1461 subtractione
942 1427 1070 1471 puniat;
1099 1438 1181 1471 quae
1202 1438 1240 1461 o-

497 1481 584 1514 mnia
605 1491 644 1513 an
675 1486 799 1513 servata
825 1480 954 1520 suerint,
986 1481 1192 1524 provincialis
1212 1481 1242 1513 in

496 1534 678 1566 visitatione
699 1533 872 1575 diligenter
891 1533 1043 1577 inquiret,
1061 1539 1092 1566 et
1111 1534 1136 1566 si
1157 1534 1244 1578 prio-

496 1598 563 1620 rem
585 1587 803 1630 negligentem
831 1587 1001 1627 invenerit,
1027 1587 1118 1620 illum
1137 1587 1243 1621 officio

497 1641 660 1685 prioratus
685 1641 839 1674 absolvet.

543 1696 558 1737 ξ
586 1693 638 1728 34.
662 1694 754 1727 Prior
772 1699 862 1728 curet
877 1722 884 1735 ,
909 1700 940 1727 ut
971 1695 1105 1728 ecclesia
1129 1695 1244 1729 diebus

409 1765 416 1777 ι
432 1765 480 1795 m-
499 1748 584 1782 sestis
606 1748 687 1781 bora
708 1748 916 1792 competenti,
934 1759 992 1792 pro
1007 1749 1152 1782 locorum
1168 1760 1241 1782 con-

425 1793 480 1832 ⁴4¹}ss
497 1801 682 1842 suetudine,
707 1802 876 1835 claudatur
903 1807 933 1835 et
959 1802 1145 1846 aperiatur;
1169 1814 1242 1836 cum

344 1872 356 1884 ,.
369 1846 424 1884 ,.·.’““
438 1846 449 1882 f.
460 1847 480 1885 1¹.'-¹
498 1862 602 1888 autem
623 1866 693 1888 eam
716 1861 825 1899 patere
845 1866 973 1889 necesse
994 1856 1100 1896 suerit,
1114 1856 1244 1890 sacrista

389 1898 452 1912 “W
477 1901 481 1912 ¹
498 1910 544 1941 vel
566 1909 647 1942 alius
666 1909 819 1952 probatae
838 1909 918 1942 ritae
935 1920 1064 1953 semper
1083 1910 1174 1950 adsit,
1189 1911 1244 1954 qui

498 1964 631 2005 indigna
652 1963 694 1995 ibi
710 1962 777 1995 ficri
796 1963 984 2006 probibeat:
1004 1963 1141 2006 peractis
1163 1964 1243 1996 divi-

498 2017 546 2050 nis
560 2016 684 2057 officiis,
703 2018 786 2049 l'ores
807 2016 967 2050 Ecclesiae
989 2016 1110 2049 seriatis
1131 2017 1244 2050 diebus

498 2070 631 2103 omniuo
650 2070 852 2107 claudantur,
868 2080 926 2103 nec
947 2069 1006 2103 nisi
1029 2080 1064 2102 cx
1086 2070 1243 2113 praescri-

498 2129 552 2166 pto
565 2122 829 2156 constitutionum
841 2123 1037 2166 aperiantur,
1048 2123 1134 2166 quod
1148 2123 1243 2156 etiam

498 2177 537 2209 dc
563 2175 686 2209 foribus
715 2176 899 2209 monasterii
926 2182 1055 2209 cautum
1079 2176 1240 2219 intelliga-

499 2236 559 2263 tur.
589 2230 799 2263 provincialis
829 2230 859 2262 in
893 2230 1072 2263 visitatione
1105 2241 1242 2274 poenam

499 2284 687 2328 privationis
730 2284 912 2317 officiorum
954 2285 1245 2325 transgressoribus

500 2338 653 2381 imponet.
675 2339 811 2373 Cavcaut
831 2344 937 2371 autem
963 2339 1076 2371 l'ratrcs
1096 2348 1147 2378 ne,
1164 2349 1243 2382 qua-

499 2403 636 2435 cumque
651 2392 809 2429 demulsa.
829 2398 973 2435 tempore
995 2391 1177 2424 divinorum
1200 2392 1244 2424 os-

500 2445 662 2483 ticiorum,
687 2456 840 2489 personas
865 2446 989 2489 aliquas
1022 2446 1052 2478 in
1087 2446 1241 2484 novicesia,

501 2499 546 2530 rel
578 2500 616 2531 acl
651 2499 734 2531 illius
759 2500 946 2537 sacristiae,
975 2505 1026 2531 aut
1060 2499 1242 2532 monasterii

501 2551 621 2591 immas,
646 2552 704 2585 uisi
724 2552 763 2586 dc
785 2552 913 2586 licentia
934 2553 1257 2596 prioris,alloquam-

502 2611 574 2640 mr,
606 2606 664 2637 sul»
698 2617 800 2649 poc-na
832 2606 926 2639 tinius
959 2606 1107 2651 publicae
1143 2605 1240 2638 (lisci-

501 2657 617 2702 plinae,

1079 255 1264 278 BULLARIUM
1284 255 1439 279 ROMANUM

2032 254 2079 280 An.
2102 253 2130 280 C.
2147 254 2180 282 ¹6

1317 304 1333 344 ἓ
1352 302 1404 336 35.
1422 303 1532 347 Neque
1553 303 1656 347 prior,
1675 314 1778 347 poena
1797 303 2016 348 suspensionis
2043 315 2105 346 Exitu
2120 321 2205 347 amota

1272 357 1311 389 ab
1339 356 1446 389 officio
1477 366 1515 389 eo
1547 356 1617 400 ipso
1649 356 1845 390 incurrentia
1875 368 1934 401 per
1963 344 2109 390 sexnffl's

1272 421 1399 443 menses
1418 409 1594 453 proposita,
1617 420 1779 454 quemque
1803 410 1939 443 fratrum
1958 421 2013 444 so-

1272 464 1352 503 lum,
1373 469 1425 496 aut
1445 474 1517 496 cum
1536 463 1624 496 socio
1644 469 1732 496 extra
1749 464 1898 503 claustra,
1914 463 1947 496 in
1967 463 2018 496 via

1273 523 1327 550 aut
1359 517 1493 550 aedibus
1524 517 1720 550 monasterio
1755 516 1910 560 proximis
1941 522 2018 550 tunc

1275 570 1438 615 temporis,
1454 576 1508 603 aut
1528 570 1606 603 alias
1624 570 1819 603 commorari
1840 569 2014 613 permittet.

1320 626 1335 666 ξ
1356 623 1408 657 36.
1436 625 1546 667 Neque
1570 624 1742 663 bannitos‚
1767 623 1959 656 criminosos
1987 628 2020 656 et
2072 633 2213 665 noitnquonti.

1275 678 1510 722 delinquentes,
1522 689 1579 711 seu
1599 679 1785 711 decoctores
1805 678 1837 710 in
1858 683 2018 711 conventu
2032 660 2141 713 ii'esndii‘ffn
2164 666 2214 682 ‘⁰⁰²'
2249 668 2253 680 ¹

1274 732 1409 765 retineat
1430 737 1484 765 aut
1504 732 1636 764 retineri
1656 731 1813 775 patiatur,
1835 731 1894 764 sub
1913 741 2020 774 poena

1274 785 1462 830 privationis
1475 785 1570 819 officii
1585 791 1742 829 perpetuo
1763 795 1801 818 eo
1820 785 1888 829 ipso
1909 784 2018 817 incur-

1275 840 1394 880 renda;
1418 840 1633 882 eamdemque
1660 849 1798 882 poenam
1821 838 1942 871 subeat
1963 837 2019 881 qui

1276 893 1416 936 aliquem
1446 903 1482 925 ex
1513 891 1707 935 praedictis,
1736 891 1832 924 etiam
1858 895 2019 923 annuente

1276 945 1405 989 priore,
1431 945 1461 978 in
1498 945 1578 978 cella
1613 945 1721 988 aliqua
1756 949 1932 977 conventus
1967 954 2020 977 ex·

1276 1000 1406 1044 ceperit.

1320 1054 1335 1097 ᾗ
1355 1053 1409 1087 37.
1432 1053 1659 1096 Confugientes
1679 1063 1755 1086 vero
1775 1053 1815 1086 ad
1836 1052 2016 1092 ecclesiam,
2035 1059 2215 1086 Confugientibus.

1275 1113 1306 1141 et
1331 1108 1370 1141 ad
1396 1108 1458 1140 alia
1479 1118 1591 1140 corum
1613 1107 1683 1140 loca
1708 1116 1814 1146 sacra,
1837 1105 2021 1149 superiores

1278 1168 1458 1203 teneantur,
1489 1161 1732 1205 quamprimum
1760 1159 1931 1192 commode
1961 1169 2020 1203 po-

1277 1215 1384 1254 terint,
1402 1215 1527 1248 deferre
1547 1214 1711 1258 episcopo,
1735 1223 1790 1246 seu
1815 1212 1868 1245 alii
1889 1212 1951 1245 loci
1965 1211 2021 1245 Or·

1278 1269 1414 1302 dinario.

1323 1324 1338 1365 ξ
1360 1321 1412 1355 38.
1441 1321 1552 1354 Nullus
1577 1331 1754 1365 puerorum
1782 1319 1995 1353 saecularium
2010 1347 2017 1360 ,
2037 1326 2211 1375 rorfffitwogignpgg

1278 1377 1374 1410 etiam
1396 1375 1599 1415 clericorum,
1612 1374 1754 1407 scholam
1777 1373 2018 1416 grammaticae,
2036 1380 2150 1402 mittendis·

1278 1435 1333 1462 aut
1352 1428 1585 1471 cuiuscumque
1597 1427 1674 1460 artis
1697 1426 1840 1460 liberalis
1855 1426 1938 1459 intra
1951 1436 2022 1459 mo-

1278 1482 1467 1522 nasterium,
1480 1481 1538 1514 sub
1549 1491 1654 1525 poena
1664 1479 1845 1513 amissionis
1854 1479 2023 1524 utriusque

1277 1536 1363 1570 vocis
1381 1536 1451 1580 ipso
1465 1535 1548 1568 sacto
1570 1534 1775 1574 incurrentia,
1793 1539 1949 1574 exerceat,
1966 1544 2022 1567 seu

1277 1590 1418 1634 aliquem
1439 1589 1584 1633 ipsorum
1614 1588 1739 1627 doceat,
1764 1597 1860 1631 quam
1881 1597 2022 1631 poenam

1277 1644 1374 1677 etiam
1395 1642 1496 1687 prior,
1517 1642 1572 1686 qui
1594 1641 1626 1675 id
1647 1640 1841 1685 permiserit,
1866 1640 2018 1674 incurrat.

1277 1698 1341 1731 Nec
1371 1702 1458 1731 extra
1485 1701 1700 1729 conventuum
1730 1699 1820 1738 septa
1849 1693 2022 1738 quiequam

1278 1752 1394 1785 docere
1414 1750 1520 1788 liceat,
1544 1749 1604 1782 nisi
1637 1749 1676 1782 de
1705 1747 1797 1782 Sedis
1819 1746 2023 1791 Apostolicae

1278 1804 1417 1844 licentia,
1441 1803 1553 1837 eadem
1575 1812 1679 1846 poena
1699 1801 1874 1845 proposita.

1323 1860 1338 1901 ς
1359 1858 1411 1894 39,
1430 1857 1523 1891 Prior
1543 1857 1633 1889 nullo
1654 1856 1752 1889 modo
1767 1883 1774 1896 ‚
1797 1865 1903 1898 neque
1923 1864 2019 1898 prae·
2038 1858 2208 1912 pgfltffigg'ffiseo

1279 1915 1363 1942 textu
1384 1908 1545 1943 servitutis
1565 1906 1742 1945 ecclesiae,
1773 1906 1804 1938 in
1826 1905 2023 1939 monasterio

1278 1969 1464 1997 extraneum
1503 1970 1700 2005 quemquam
1745 1959 1940 1993 commorari
1983 1959 2024 1993 ad

1278 2017 1451 2055 edendum,
1474 2015 1522 2048 vel
1548 2015 1587 2048 ad
1618 2014 1823 2050 discendum,
1851 2013 1915 2047 sive
1935 2013 2023 2047 aliud

1278 2069 1444 2114 quidpiam
1466 2068 1626 2109 agendum
1649 2067 1832 2111 permittat,
1853 2075 1957 2110 poena
1978 2065 2023 2098 illi

1277 2121 1497 2166 suspensionis
1524 2121 1563 2154 ab
1596 2120 1702 2153 officio
1734 2131 1792 2164 per
1815 2130 1868 2153 sex
1899 2129 2024 2152 menses

1280 2176 1347 2220 ipso
1370 2177 1453 2208 sacto
1472 2174 1647 2218 proposita.

1323 2232 1338 2268 ξ
1360 2228 1412 2262 40.
1439 2229 1554 2261 Verum
1578 2238 1673 2261 nemo
1694 2232 1781 2260 recte
1801 2226 1928 2269 legendi
1951 2236 2022 2259 mu·
2038 2231 2213 2279 ctiifflf‘mmffl

1280 2294 1337 2316 nus
1351 2282 1514 2326 suscipiat,
1532 2281 1592 2314 nisi
1615 2281 1639 2314 is
1659 2280 1714 2324 qui
1734 2279 1854 2324 duplici
1876 2279 2023 2313 doctrina

1279 2336 1452 2380 discipulos
1477 2335 1536 2369 sibi
1558 2335 1721 2369 subiectos
1742 2334 1898 2374 instituat,
1921 2333 2024 2367 scien-

1279 2391 1319 2424 tia
1341 2400 1458 2434 nempe
1479 2395 1510 2423 et
1539 2389 1743 2422 innocentiae
1764 2387 2019 2421 conservatione.

1279 2444 1402 2478 ldcirco
1427 2443 1578 2486 deinceps
1602 2442 1676 2475 lmic
1702 2441 1828 2474 muneri
1856 2440 2024 2485 praelicia-

1281 2505 1330 2531 tur
1349 2499 1384 2537 is,
1405 2497 1495 2530 cuius
1516 2496 1658 2541 probitas
1681 2506 1716 2528 ac
1735 2505 1841 2528 mores
1859 2494 2023 2527 seniorum

1280 2557 1405 2596 patrum
1440 2549 1624 2584 testimonio
1657 2548 1928 2581 commendentur
1945 2574 1952 2587 ,
1986 2557 2024 2580 ac

1280 2604 1425 2647 diligenti
1451 2603 1597 2636 adbibito
1618 2602 1763 2635 examine
1793 2602 1832 2635 de
1860 2600 1942 2634 vitae
1969 2599 2020 2632 in-

1280 2658 1428 2692 nocentia
1456 2663 1485 2692 ct
1511 2657 1673 2696 doctrina,
1704 2667 1721 2689 a
1747 2654 1848 2701 priori
1880 2653 2022 2697 generali
