2253 3195
245 215 296 242 An.
317 214 346 243 c,
363 215 432 243 ¹596
476 204 542 240 300

288 2170 317 2191 De·
342 2172 428 2192 notitiis

243 2198 378 2223 recipiendi».

245 2435 275 2456 Do
289 2438 429 2457 munau-nh.

293 2584 322 2605 n·
344 2585 430 2606 rentiu-

246 2614 365 2632 [coenatu.

447 264 562 302 tertio,
585 262 712 307 plenius
740 261 932 296 continetur.
956 261 1101 303 Cumque
1130 270 1188 303 pro

444 316 528 349 felici
546 322 629 349 statu
646 321 678 348 et
696 314 853 357 gubernio
865 314 1025 347 dictorum
1039 313 1187 346 Fratrum

444 369 701 403 Reformatorum
716 367 874 410 expediat,
888 366 1102 410 praeinsertas
1112 365 1189 399 Gre-

443 421 524 464 gorii
538 420 794 465 praedecessoris
810 419 932 452 litteras
951 424 982 452 et
1002 419 1033 451 in
1054 418 1099 451 eis
1112 428 1188 451 con-

443 479 539 513 tenta,
563 472 703 515 exceptis
723 471 943 515 infrascriptis,
964 481 1022 514 per
1040 481 1099 503 nos
1112 481 1188 504 con-

443 526 584 565 firmari,
612 531 643 558 et
669 535 686 557 a
713 525 864 558 fratribus
884 523 1057 568 praedictis
1077 524 1188 557 obser-

442 578 527 618 vari;
550 588 608 611 nos
632 577 872 622 praedictarum
894 583 1076 610 nostrarum
1097 576 1184 610 litte-

443 642 553 664 rarum
572 637 717 664 tenorem
731 630 952 674 praesentibus
965 641 1024 674 pro
1037 640 1186 674 expresso

443 685 614 724 habentes,
638 694 675 717 ac
695 683 874 726 singulares
893 684 1006 716 fratres
1027 683 1102 716 dicti
1123 683 1183 716 Or-

443 738 526 771 dinis
547 737 806 771 Rel'ormatorum
828 747 845 769 a
865 736 983 780 quibus
1003 747 1187 769 excommu-

442 791 622 830 nicationis,
634 789 853 834 suspensionis
864 796 895 822 et
909 789 1082 828 interdicti,
1099 789 1186 822 aliis-

443 854 506 888 que
534 843 757 877 ecclesiasticis
776 842 961 883 sententiis,
985 843 1130 876 censuris
1157 849 1185 875 et

442 897 566 940 poenis,
587 907 605 929 a
625 896 696 929 iure
716 896 764 928 vel
785 896 824 928 ab
845 895 988 936 homine,
1005 895 1115 939 quavis
1136 906 1189 928 oc-

443 950 571 983 casione
581 949 628 982 vel
638 959 734 982 causa
747 948 828 988 latis,
843 948 997 992 siquibus
1008 949 1189 992 quomodo-

443 1004 521 1036 libet
541 1003 686 1037 innodati
707 1003 856 1044 existunt,
873 1003 913 1036 ad
933 1003 1082 1036 effectum
1096 1013 1190 1047 prae-

442 1057 580 1090 sentium
599 1057 766 1090 dumtaxat
780 1056 1056 1100 consequendum,
1074 1056 1188 1090 harum

442 1110 526 1144 serie
543 1110 760 1151 absolventes,
790 1115 821 1142 et
845 1109 1008 1143 absolutos
1029 1110 1097 1143 sore
1117 1120 1191 1143 cen-

442 1169 565 1203 sentes,
589 1163 629 1196 de
648 1162 880 1196 venerabilium
906 1163 1041 1196 fratrum
1062 1168 1189 1196 nostro-

443 1226 516 1249 rum
546 1215 577 1250 S.
601 1216 636 1249 R.
669 1215 828 1249 Ecclesiae
853 1215 1066 1249 cardinalium
1092 1227 1190 1260 super

443 1268 736 1302 consultationibus
754 1274 785 1301 et
805 1268 949 1311 negociis
963 1269 1188 1313 episcoporum

443 1328 473 1356 et
494 1322 710 1365 regularium,
731 1323 993 1366 praepositorum
1016 1323 1185 1363 sententia,

442 1376 656 1420 praeinsertas
668 1376 815 1419 Gregorii
828 1377 1086 1420 praedecessoris
1106 1377 1190 1411 litte-

442 1439 504 1467 ras,
525 1440 561 1462 ac
581 1429 690 1462 omnia
712 1429 743 1462 in
771 1429 815 1462 eis
836 1435 1007 1469 contenta,
1030 1429 1124 1463 salvis
1144 1429 1185 1463 li-

442 1482 664 1516 mitationibus
676 1482 899 1527 infrascriptis,
910 1483 1098 1517 auctoritate
1112 1493 1189 1526 apo-

440 1536 564 1576 stolica,
578 1541 689 1570 tenore
706 1536 937 1580 praesentium,
954 1536 1061 1580 quoad
1076 1536 1188 1570 fratres

441 1589 516 1622 dicti
537 1589 665 1622 Ordinis
683 1589 942 1623 Reformatorum
964 1589 995 1622 in
1016 1589 1105 1623 ltalia
1125 1590 1206 1623 exis

440 1647 559 1675 stentes
580 1647 716 1682 tantum,
733 1649 891 1686 perpetuo
912 1642 1145 1677 confirmamus
1157 1649 1186 1676 et

441 1695 671 1738 approbamus,
693 1695 820 1738 illisque
842 1701 1016 1739 perpetuae
1037 1701 1067 1729 et
1087 1695 1188 1730 invio-

441 1747 546 1780 labilis
565 1747 761 1790 apostolicae
783 1748 945 1782 firmitatis
976 1748 1078 1782 robur
1108 1749 1188 1782 adii-

441 1800 555 1840 cimus,
579 1811 757 1844 omnesque
783 1807 813 1834 et
843 1801 998 1843 singulos,
1020 1808 1083 1835 tam
1110 1802 1188 1835 iuris

441 1864 538 1898 quam
560 1853 631 1887 sacti
654 1854 808 1894 defectus,
822 1854 848 1887 si
869 1855 923 1898 qui
946 1855 977 1887 in
998 1855 1119 1889 eisdem
1140 1856 1188 1889 in—

442 1906 658 1946 tervenerint,
691 1908 888 1951 supplemus.
914 1908 950 1940 tit
980 1919 1039 1951 pro
1071 1908 1186 1942 maiori

442 1959 692 2003 praemissorum
732 1959 884 1994 firmitate
923 1960 1036 1994 litteris
1072 1962 1188 1996 nostris

442 2013 625 2056 praedictis,
650 2019 807 2056 quatenus
835 2013 865 2046 in
895 2013 1004 2058 aliquo
1035 2015 1184 2055 obstent,

442 2065 624 2110 specialiter
643 2073 673 2099 et
693 2077 841 2110 expresse
863 2067 1066 2109 derogamus.

488 2119 553 2161 53.
582 2119 692 2158 Quoad
726 2125 819 2163 caput
852 2120 936 2154 circa
967 2121 1186 2165 receptionem

444 2172 638 2206 novitiorum
661 2184 718 2216 per
737 2174 902 2207 custodem
918 2174 1108 2215 faciendam,
1122 2187 1187 2209 ser-

445 2231 535 2258 vetur
558 2225 654 2258 ctiam
683 2227 785 2259 l'orma
819 2226 1056 2261 constitutionis
1087 2228 1187 2262 felicis

444 2278 676 2312 recordationis
696 2279 772 2313 Sixti
791 2280 894 2323 Papae
907 2280 939 2317 V,
956 2281 1183 2324 praedeeesso-

443 2333 486 2365 ris
507 2333 602 2366 etiam
625 2333 736 2373 nostri,
763 2344 861 2377 super
882 2333 942 2367 lioc
962 2334 1076 2368 etlitae.

488 2387 502 2426 ,ξ
521 2385 550 2418 fa.
575 2386 685 2424 Quoad
708 2385 902 2419 monasteria
923 2385 998 2430 ipsis
1017 2387 1183 2420 tta-torma-

446 2437 483 2470 tis
501 2439 718 2477 concedenda,
744 2439 891 2473 volumus
912 2445 945 2471 ut
963 2439 1025 2472 sint
1049 2446 1122 2484 apta
1147 2441 1185 2473 ad

445 2489 615 2521 ‹lumlerim
649 2491 760 2522 saltem
792 2491 903 2523 lratres
934 2491 1136 2535 recipiendos
1157 2497 1187 2524 et

445 2542 640 2574 retinendos.

491 2598 507 2637 ἦ
529 2594 558 2627 Γ».
582 2596 670 2629 Circa
688 2597 936 2648 reservationem
958 2608 1090 2632 casuum
1115 2608 1184 2631 ser-

1029 212 1215 238 BULLAmUu
1233 211 1388 237 Romanu

1203 677 1205 712 ἷ
1221 693 1272 716 me
1290 684 1511 716 adversentur.

1204 788 1286 821 'rios
1309 789 1539 822 examinandos
1559 795 1589 822 et
1607 789 1846 833 approbandos,
1869 790 1962 823 volu-
1979 801 2133 828 promovenda.
2156 798 2160 800 ’

1204 850 1206 880 ,ξ
1223 852 1293 875 mus
1312 848 1347 875 ut
1361 842 1393 875 in
1411 842 1545 885 singulis
1558 842 1707 886 capitulis
1720 843 1962 884 custodiattbus,

1979 209 2030 237 An.
2047 209 2076 238 C.
2093 211 2164 240 1598·
2186 244 2187 247 Ἴ
2227 237 2237 253 ἱ,
2252 223 2253 250 j

1223 264 1316 292 vetur
1327 259 1493 293 decretum
1507 269 1526 291 a
1535 258 1629 291 nobis
1638 269 1736 302 super
1751 259 1814 293 hoc
1827 258 1960 292 editum.
2234 263 2237 270 ¹

1268 313 1284 354 5
1305 311 1335 344 6.
1357 311 1469 350 Quoad
1493 317 1611 344 statuta
1631 317 1663 344 et
1680 311 1901 345 ordinationes
1925 311 1965 345 de

1222 370 1350 397 caetero
1370 364 1542 403 faciendas,
1562 364 1646 398 ultra
1662 374 1700 396 ea
1718 374 1801 407 quae
1820 364 1852 396 in
1872 374 1965 408 prae-

1222 417 1315 450 dictis
1334 417 1481 459 Gregorii
1501 417 1616 450 litteris
1633 417 1860 460 disponuntur,
1875 418 1965 451 volu-

1222 481 1293 504 mus
1317 477 1351 504 ut
1371 471 1462 503 nullo
1482 470 1580 503 modo
1601 469 1738 503 decretis
1766 480 1825 514 per
1853 481 1912 504 nos
1931 471 1964 503 in

1220 530 1331 557 nostra
1347 523 1528 557 visitatione
1539 523 1634 557 Urbis
1647 523 1751 562 editis,
1765 533 1870 567 neque
1887 523 1966 557 alio-

1221 587 1292 610 rum
1312 577 1520 611 Summorum
1550 576 1743 610 Pontificum
1774 577 1965 620 praedeces-

1220 641 1330 664 sorum
1351 626 1536 664 nostrorum
1557 630 1844 664 constitutionibus
1863 630 1962 663 mini-

2004 323 2035 345 De
2050 325 2138 346 statutis.
2172 318 2173 321 ’
2215 319 2217 322 “
2231 333 2236 357 3
2251 307 2253 313 Ι

1265 736 1280 779 ἓ
1305 735 1334 768 7.
1358 735 1470 775 Quoad
1490 736 1730 780 praedicatores
1749 742 1780 770 et
1800 736 1964 770 confessa·
1980 748 2163 798 1....¹?1'}„¹3‘2t‘¹}‚

1223 895 1345 939 aliquot
1365 906 1477 938 graves
1497 901 1528 929 et
1551 895 1647 939 periti
1666 895 1738 935 viri,
1761 907 1798 930 ex
1816 896 1968 929 fratribus

1223 948 1455 992 cuiuscumque
1476 949 1640 982 custodiae
1664 949 1777 982 saltem
1805 954 1889 990 tres,
1911 949 1968 993 qui

1223 1012 1287 1035 una
1307 1012 1380 1035 cum
1399 1003 1531 1035 custode
1551 1002 1767 1036 admittendos
1797 1003 1838 1036 ad
1867 1013 1964 1046 prae-

1224 1055 1418 1089 dicationem
1439 1055 1526 1089 verbi
1547 1056 1613 1095 Dei,
1635 1056 1682 1088 vel
1703 1055 1880 1089 audiendas
1892 1066 1969 1089 con-

1224 1109 1388 1149 sessiones,
1412 1109 1508 1142 etiam
1529 1109 1743 1152 ipsorummet
1761 1109 1908 1150 fratrum,
1931 1119 1968 1143 ac

1225 1162 1359 1195 lectores
1379 1162 1527 1205 publicos
1537 1161 1633 1195 simul
1653 1161 1846 1202 examinent,
1862 1173 1968 1209 neque

1223 1220 1317 1248 antea
1330 1215 1370 1248 ad
1383 1215 1569 1248 huiusmodi
1591 1214 1770 1248 ministeria
1790 1215 1969 1249 exercenda

1223 1268 1263 1300 ab
1280 1268 1389 1311 aliquo
1408 1268 1588 1311 probentur
1605 1273 1660 1301 aut
1672 1267 1894 1302 admittantur.
1905 1269 1968 1302 Ho-

1222 1331 1294 1354 rum
1308 1321 1405 1354 etiam
1423 1331 1500 1354 eura
1517 1321 1557 1354 sit
1576 1321 1803 1355 examinareet
1815 1321 1966 1365 probare,

1223 1380 1287 1408 tam
1312 1375 1419 1418 quoad
1439 1375 1621 1408 doctrinam
1643 1386 1741 1420 quam
1762 1376 1870 1420 quoad
1891 1386 1965 1410 mo-

1222 1438 1284 1468 res,
1300 1429 1541 1472 promovendos
1561 1429 1602 1462 ad
1622 1439 1845 1473 quoscumque
1865 1429 1968 1464 eccle-

1221 1481 1366 1515 siasticos
1385 1481 1533 1522 ordines;
1554 1493 1617 1526 qua
1634 1482 1666 1515 in
1690 1493 1724 1516 re
1743 1488 1887 1516 servetur
1907 1483 1966 1519 de-

1222 1541 1346 1568 cretum
1367 1535 1627 1577 congregationis
1653 1535 1866 1580 interpretum
1886 1536 1969 1570 sacri

1222 1588 1354 1622 Concilii
1371 1588 1550 1622 Tridentini
1571 1599 1674 1632 nuper
1695 1589 1817 1623 editum
1837 1595 1869 1622 et
1887 1599 1966 1634 pro-

1223 1642 1413 1683 mulgatum.
1438 1641 1475 1675 tti
1496 1652 1570 1675 vero
1591 1642 1826 1676 examinatores
1846 1643 1878 1676 in
1907 1642 1968 1676 hu-

1222 1695 1360 1728 iusmodi
1396 1694 1502 1728 officio
1539 1695 1725 1729 confirmari
1761 1706 1968 1740 nequaquam

1222 1747 1354 1791 possint,
1377 1749 1433 1782 sed
1454 1748 1486 1781 in
1511 1748 1645 1791 singulis
1674 1749 1822 1793 capitulis
1853 1755 1965 1783 custo—

1222 1801 1360 1834 dialibus
1377 1801 1430 1834 alii
1444 1811 1572 1846 semper
1592 1802 1632 1834 de
1651 1812 1735 1836 novo
1755 1802 1796 1836 ad
1815 1801 1877 1836 hoc
1898 1812 1968 1835 mu-

1222 1865 1282 1887 nus
1302 1854 1489 1888 obeundum
1515 1855 1685 1896 eligantur.

1267 1907 1330 1950 58.
1353 1907 1384 1940 Si
1405 1908 1536 1951 quando
1560 1914 1667 1941 autem
1694 1907 1877 1952 praedictos
1908 1909 1967 1943 Re·
1981 1910 2158 1962 Rossssmffgt’

1223 1961 1376 1994 formatos
1395 1961 1550 1994 accedere
1570 1961 1740 2003 eontigerit
1757 1961 1797 1995 ad
1822 1961 1893 1995 loca
1912 1961 1967 1996 ubi

1223 2013 1369 2057 proprias
1393 2014 1512 2047 liabent
1543 2014 1658 2047 doinus
1683 2025 1740 2048 seu
1770 2020 1964 2055 conventus,

1223 2067 1370 2099 volumus
1390 2071 1419 2100 et
1434 2067 1651 2111 praecipimus
1675 2074 1708 2100 ut
1730 2068 1771 2101 ad
1791 2073 1968 2102 conventus

1222 2126 1251 2153 et
1266 2121 1380 2153 domus
1399 2120 1527 2154 illorum
1548 2121 1586 2154 de
1602 2120 1733 2161 familia,
1754 2123 1836 2165 quae
1857 2121 1889 2155 in
1907 2121 1967 2155 eis-

1222 2174 1294 2207 dem
1317 2173 1395 2207 locis
1415 2179 1519 2213 erunt,
1545 2174 1715 2214 divertere,
1737 2180 1793 2208 aut
1812 2174 1965 2219 hospitari

1222 2227 1311 2261 nullo
1330 2227 1427 2260 modo
1447 2226 1581 2271 possint.

1265 2284 1281 2323 g
1307 2282 1336 2313 9.
1358 2281 1571 2315 Decernentes
1595 2281 1770 2325 praemissa
1801 2281 1910 2315 omnia
1934 2287 1966 2316 et
1978 2284 2115 2334 'Cxffitffin

1221 2333 1346 2375 singula
1359 2340 1514 2378 perpetuo
1532 2334 1646 2373 valida,
1664 2335 1756 2367 lirma
1773 2340 1803 2368 et
1823 2334 1965 2369 efficacia
2101 2326 2106 2334 ¹

1221 2399 1288 2421 esse
1309 2394 1339 2421 ct
1365 2389 1442 2427 l'ore,
1466 2393 1496 2421 et
1514 2399 1571 2432 per
1588 2389 1745 2432 prat-latos
1767 2389 1879 2422 l'ratres
1899 2389 1962 2423 Re·

1222 2441 1373 2473 formatos
1383 2446 1538 2484 perpetuo
1550 2440 1712 2473 observari
1725 2441 1858 2481 deliere;
1873 2451 1965 2485 prae-

1220 2499 1325 2526 sentes
1345 2504 1475 2537 qttoqtte
1496 2493 1616 2526 lita-ras
1637 2494 1725 2527 nullo
1757 2500 1900 2538 tempore
1925 2494 1964 2528 de

1221 2547 1459 2590 subreptionis,
1490 2547 1535 2579 vel
1561 2547 1760 2590 obreptionis
1785 2547 1882 2586 vitio,
1909 2552 1965 2581 aut

1223 2598 1408 2633 intentionis
1429 2605 1557 2633 nostrae
1575 2600 1700 2633 dol'eetu
1721 2599 1838 2640 notari,
1857 2598 1959 2642 argui,
