2253 3195
316 258 363 284 An,
383 259 411 284 C.
432 258 498 286 1600

312 2028 425 2048 ‘Itan-ulae
436 2033 498 2052 prae-

312 2058 440 2075 ΙΩΓῚΆΙΙΜΊΙ,

543 248 606 282 590

1094 260 1275 284 BULLARIUM
1296 260 1447 285 ROMANUM

513 311 714 351 eupatorum‚
736 306 852 350 quibus
870 307 930 339 hoc
950 306 1116 349 negotium
1135 306 1248 341 viden·
1286 308 1424 342 scienter
1452 309 1500 342 vel
1531 309 1738 352 ignoranter,
1773 310 1944 354 contigerit
1974 316 2022 345 at«

513 361 589 394 dum
610 366 642 394 et
661 360 921 401 examinandum,
942 371 978 394 ac
998 361 1091 394 nohis
1111 361 1252 394 reseren-
1286 361 1414 395 tentari.

513 415 588 447 dum
614 413 855 453 commisimus,
879 419 1031 447 statutum
1047 442 1054 455 ,
1077 414 1252 448 ordinatio-

512 478 584 500 nem
611 467 818 507 huiusmodi,
841 478 877 500 ac
895 468 1003 501 omnia
1024 473 1054 501 et
1074 468 1199 511 singula
1220 468 1251 501 in

513 520 604 553 dictis
624 519 736 554 litteris
756 531 793 553 ac
812 526 931 554 statuto
951 527 1045 555 antea
1064 522 1157 562 tacto,
1173 533 1253 566 quo-

513 584 583 606 rum
605 573 749 606 omnium
772 580 916 615 tenores,
939 575 1075 619 perinde
1099 586 1135 608 ac
1163 575 1188 609 si
1214 576 1253 609 de

512 627 610 660 verbo
634 627 674 660 ad
694 627 827 661 verbum
848 629 1081 670 insererentur,
1105 629 1250 663 habean-

512 686 563 713 tur
581 691 641 724 pro
666 681 841 725 expressis,
866 687 1034 723 contenta,
1059 687 1088 716 et
1109 682 1183 716 inde
1202 693 1252 716 se-

511 739 610 777 quuta
630 744 870 778 quaecumque,
901 734 1076 779 apostolica
1107 735 1250 769 auctori-

511 792 585 827 tate,
603 793 714 821 tenore
734 788 963 832 praesentium,
986 789 1202 833 approbamus
1223 795 1253 822 et

511 840 753 881 confirmamus,
769 852 806 875 ac
831 842 871 875 de
891 853 974 875 novo
994 843 1203 876 concedimus
1223 848 1253 876 et

510 895 696 936 statuimus,
717 896 902 940 supplentes
923 906 1034 930 omnes
1055 902 1086 930 et
1109 897 1252 940 singulos

511 955 575 982 tam
597 949 674 983 iuris
695 960 792 994 quam
814 950 885 984 sacti
905 951 1058 991 desectus,
1081 951 1106 984 si
1127 951 1182 995 qui
1203 951 1252 984 in-

511 1009 715 1037 tervenerunt
745 1004 776 1037 in
808 1004 947 1045 eisdem;
982 1014 1108 1038 necnon
1140 1004 1251 1038 decer-

510 1063 622 1091 nentes
643 1058 697 1091 illa
717 1069 775 1102 per
802 1059 904 1092 dictos
931 1059 1105 1092 modernos
1134 1065 1163 1092 et
1192 1069 1252 1103 pro

510 1116 657 1155 tempore
670 1111 839 1145 existentes
850 1112 925 1146 dicti
939 1113 1065 1155 collegii
1078 1118 1248 1153 rectorem,

510 1164 693 1207 collegiales
711 1171 742 1198 et
762 1166 946 1209 capellanos
966 1165 1151 1199 huiusmodi
1172 1176 1248 1209 per-

510 1224 606 1262 petuo
625 1225 656 1252 et
679 1218 905 1253 inviolabiliter
925 1220 1088 1254 observari
1108 1220 1227 1253 dehere
1241 1247 1248 1260 ‚

510 1282 547 1305 ac
567 1282 800 1316 quoscumque,
812 1283 1015 1316 quacumque
1033 1273 1096 1306 sint
1115 1273 1251 1317 praediti

510 1324 675 1367 dignitate,
692 1325 731 1358 ad
749 1325 984 1359 subiiciendum
1005 1336 1038 1359 sc
1056 1325 1204 1367 examini,
1221 1331 1252 1360 et

511 1388 570 1421 pro
602 1377 733 1410 veritate
763 1378 1000 1422 perhibendum
1032 1379 1251 1412 testimonium

510 1440 607 1475 super
630 1430 821 1473 probatione
849 1431 996 1474 puritatis
1024 1432 1200 1474 sanguinis,
1224 1438 1254 1466 et

511 1482 649 1515 aliorum
683 1483 921 1527 praedictorum
951 1495 1009 1528 per
1040 1495 1192 1518 censuras
1222 1491 1254 1519 et

510 1547 630 1580 poenas
650 1538 890 1579 ecclesiasticas,
914 1550 951 1571 ac
979 1539 1072 1572 ctiam
1094 1539 1249 1583 pecunia-

512 1590 574 1623 rias
602 1591 764 1633 cogendos
790 1597 820 1625 et
847 1592 1089 1636 compellendos
1110 1593 1189 1633 sore,
1217 1603 1253 1626 ac

510 1654 569 1688 pro
590 1650 735 1689 tempore
767 1646 806 1678 ad
838 1646 1019 1690 praedictas
1047 1647 1253 1690 probationes

511 1698 747 1732 conficiendum
760 1705 790 1732 et
799 1699 1022 1744 accipiendum
1033 1701 1253 1745 deputandum

511 1751 580 1793 cogi
602 1757 628 1785 et
651 1752 801 1796 compelli
822 1763 926 1796 posse,
951 1763 1102 1786 censuras
1123 1760 1151 1787 et
1178 1765 1254 1798 poe-

511 1815 567 1837 nas
593 1804 676 1848 ipsas
707 1805 802 1839 ctiam
829 1806 950 1839 iteratis
983 1806 1104 1839 vicibus
1132 1818 1251 1849 aggra-

512 1858 605 1891 vandi
620 1865 647 1892 et
663 1860 949 1902 rcagg1·avandi,ar
965 1860 1118 1893 auxilium
1130 1860 1253 1894 brachii

511 1912 696 1953 saecularis,
711 1919 869 1957 quatenus
886 1924 967 1957 opus
983 1913 1054 1953 crit,
1071 1913 1250 1947 invocandi.

557 1968 574 2008 5
594 1966 624 1998 [ι.
646 1966 895 2010 praesentesque
909 1968 948 2000 de
962 1967 1190 2010 subreptionis,
1207 1969 1254 2002 vel

513 2019 722 2063 obreptionis,
746 2026 801 2053 aut
833 2020 1017 2053 intentionis
1050 2026 1176 2054 nostrae
1207 2022 1254 2054 vel

513 2073 664 2118 quopiam
680 2073 742 2106 alio
757 2074 882 2107 dcscctu
905 2074 1038 2107 minime
1057 2074 1251 2118 impugnari,

513 2128 559 2159 vel
583 2127 612 2159 in
635 2127 886 2160 controversiain
908 2133 962 2160 aut
980 2128 1017 2159 ad
1042 2127 1195 2160 terminos
1209 2128 1255 2160 iu-

513 2181 554 2213 ris
575 2180 684 2213 reduci
703 2190 810 2224 posse,
831 2180 939 2224 sicque
960 2191 1017 2224 per
1034 2191 1254 2224 quoscumque

514 2234 634 2267 iudices
655 2240 683 2267 et
705 2233 954 2272 romulissarios,
975 2233 1086 2277 quavis
1107 2234 1255 2266 auctori-

513 2294 574 2321 tate
604 2290 789 2330 iungentes,
814 2287 908 2320 cuam
933 2289 1066 2321 Sancum
1092 2289 1254 2321 Romanae

513 2341 670 2374 Ecclesiae
685 2341 876 2380 cardinales,
900 2347 926 2373 vt
949 2341 1030 2373 sarri
1054 2341 1160 2384 palatii
1179 2352 1255 2385 apo—

511 2394 625 2433 stolic-i,
649 2400 676 2427 ct
700 2405 868 2427 musarum
889 2395 985 2427 ttotao
1007 2394 1180 2434 auditores,
1204 2405 1255 2426 su-

513 2448 596 2479 blata
618 2448 662 2480 eis
683 2454 710 2481 et
736 2458 847 2481 eorum
871 2447 998 2480 cuilibet
1025 2447 1135 2491 qtizivis
1163 2447 1255 2480 aliter

515 2501 674 2533 iudicandi
707 2507 735 2533 ot
774 2501 1005 2545 interpretandi
1044 2501 1193 2533 facultate
1225 2506 1252 2533 ct

515 2555 723 2593 auctoritato,
753 2555 871 2599 ubique
905 2554 1038 2587 iudicari
1072 2561 1097 2586 ot
1127 2555 1253 2587 deliniri

514 2608 647 2645 «laborm
666 2619 788 2641 necnon
810 2609 932 2641 irritum
955 2614 982 2641 ct
1006 2608 1144 2647 inan0‚si
1163 2618 1253 2640 serus

515 2672 611 2704 >uper
632 2661 678 2693 liis
700 2674 715 2693 :i
737 2673 911 2705 quoquam,
927 2661 1250 2705 quavisauctoritato,

1330 414 1388 458 55.
1403 414 1559 454 Quocirca
1571 415 1744 449 venerabili
1766 415 1855 449 fratri
1875 416 2026 461 episcopo

1287 468 1438 501 Abulensi
1471 474 1502 501 et
1534 468 1657 502 dilectis
1685 468 1760 502 filiis
1791 469 1898 502 abbati
1923 470 2023 503 colle-

1286 521 1389 564 giatae
1409 521 1561 555 ecclesiae
1581 527 1765 556 sanctorum
1778 523 1854 556 Iusti
1873 528 1904 556 et
1919 523 2027 557 Pasto-

1287 575 1330 609 ris
1351 575 1426 609 dicti
1447 575 1557 620 oppidi
1575 576 1614 609 de
1634 576 1742 609 Alcala
1763 576 1802 609 de
1818 576 1972 617 Henares,
1992 587 2028 610 ac

1286 629 1444 673 superiori
1465 640 1519 663 seu
1540 629 1642 674 priori
1656 630 1933 664 commendatario
1947 641 2028 664 nun-

1287 689 1403 727 cupato
1424 684 1539 717 domus
1555 689 1685 717 sanctae
1703 684 1820 718 Mariae
1832 684 1871 717 de
1884 684 2029 718 Mercede

1286 738 1528 782 Redemptionis
1535 738 1738 783 Captivorum
1748 738 1891 772 ciusdem
1901 738 2025 783 oppidi,

1286 801 1322 824 ac
1343 801 1455 824 eorum
1480 791 1611 825 cuilibet
1629 791 1862 826 committimus
1886 797 1917 825 et
1936 801 2028 824 man-

1287 844 1411 886 damus,
1435 850 1593 889 quatenus
1609 845 1681 889 ipsi,
1702 846 1750 878 vel
1775 846 1851 886 duo,
1874 850 1927 878 aut
1946 855 2029 878 unus

1287 907 1399 931 eorum
1420 909 1478 942 per
1497 909 1541 939 se,
1564 899 1613 932 vel
1634 898 1743 939 alium,
1764 909 1820 932 seu
1834 898 1913 932 alios
1933 908 2027 942 prae-

1286 957 1390 985 sentes
1407 951 1529 985 litteras
1559 958 1589 985 et
1620 952 1652 985 in
1680 952 1724 985 eis
1753 957 1903 986 contenta
1929 962 2029 996 quae-

1287 1016 1426 1049 cumque
1439 1033 1447 1046 ,
1470 1005 1526 1039 ubi
1546 1011 1577 1039 et
1596 1005 1727 1049 quando
1747 1015 1828 1049 opus
1859 1004 1973 1045 suerit,
1999 1010 2029 1038 et

1287 1059 1412 1102 quoties
1424 1069 1483 1102 pro
1501 1064 1590 1102 parte
1612 1058 1747 1092 rectoris
1765 1064 1796 1092 et
1813 1057 2028 1101 collegialium

1286 1111 1362 1145 dicti
1383 1112 1510 1155 collegii
1535 1111 1654 1145 suerint
1671 1111 1827 1155 requisiti,
1844 1110 2031 1145 solemniter

1287 1165 1486 1209 publicantes
1499 1193 1506 1206 ,
1529 1166 1639 1209 eisque
1659 1165 1692 1198 in
1712 1165 1897 1210 praemissis
1917 1164 2027 1198 effica-

1287 1219 1331 1252 cis
1348 1219 1541 1253 defensionis
1565 1219 1726 1263 praesidio
1750 1218 1954 1260 assistentes,
1978 1220 2026 1252 sa-

1287 1272 1371 1305 ciant
1389 1272 1578 1306 auctoritate
1595 1277 1705 1306 nostra
1724 1271 1901 1316 praemissa
1921 1272 2030 1305 omnia

1287 1331 1317 1359 et
1330 1326 1456 1369 singula
1469 1326 1630 1359 observari
1642 1337 1649 1366 ·,
1664 1325 1918 1359 contradictores
1932 1335 2029 1369 quos-

1287 1379 1365 1413 libet
1395 1385 1425 1414 et
1453 1379 1608 1419 rebelles,
1630 1385 1661 1412 et
1680 1378 1864 1423 praemissis
1885 1389 1949 1412 non
1973 1388 2030 1422 pa-

1288 1439 1393 1466 rentes
1412 1443 1470 1477 per
1496 1443 1647 1466 censuras
1673 1438 1703 1465 et
1726 1442 1847 1476 poenas
1874 1431 2026 1465 ecclesia-

1287 1486 1392 1527 sticas,
1407 1486 1533 1530 aliaque
1553 1491 1735 1530 opportuna
1755 1485 1832 1519 iuris
1850 1490 1880 1518 et
1893 1484 1966 1519 facti
1980 1495 2030 1518 re-

1288 1540 1413 1580 media,
1446 1539 1661 1583 appellatione
1688 1538 1868 1583 posposita,
1893 1548 2027 1583 compe-

1287 1594 1418 1634 scendo,
1430 1593 1578 1637 ipsasque
1589 1603 1741 1626 censuras
1758 1597 1789 1626 et
1801 1602 1921 1637 poenas
1933 1592 2029 1626 ctiam

1288 1647 1408 1680 iteratis
1432 1647 1554 1680 vicibus
1579 1646 1783 1689 aggravando
1815 1650 1846 1678 et
1876 1655 2028 1688 reaggra-

1287 1701 1401 1740 vando,
1415 1700 1561 1733 invocato
1573 1699 1670 1732 etiam
1684 1699 1723 1732 ad
1738 1698 1810 1738 hoc,
1825 1698 1850 1731 si
1865 1708 1946 1742 opus
1960 1698 2028 1732 sue-

1288 1753 1339 1793 rit,
1363 1753 1481 1785 auxilio
1502 1752 1625 1786 brachii
1647 1751 1830 1785 saecularis.

1334 1808 1350 1849 ξ
1371 1806 1401 1840 6.
1426 1806 1494 1840 Non
1520 1805 1721 1839 obstantibus
1748 1804 1847 1838 felicis
1872 1805 2025 1838 recorda-

1290 1859 1385 1893 tionis
1406 1858 1558 1892 Bonisacii
1573 1859 1677 1902 Papae
1690 1858 1753 1891 VlII
1775 1857 2029 1901 praedecessoris

1290 1913 1405 1950 nostri,
1429 1913 1468 1945 de
1493 1922 1556 1945 una
1571 1939 1578 1950 ,
1602 1917 1633 1944 ct
1656 1910 1783 1944 concilii
1810 1910 1970 1953 generalis
1990 1910 2029 1943 de

1290 1966 1414 1998 duabus
1445 1965 1578 2005 diaetis,
1609 1963 1787 1997 dummodo
1817 1964 1889 2007 quis
1920 1964 2031 2006 vigore

1290 2018 1504 2063 praesentium
1519 2018 1558 2051 ad
1572 2017 1725 2051 iudicium
1741 2017 1823 2050 ultra
1836 2022 1898 2050 tres
1910 2016 2032 2051 diaetas

1290 2084 1353 2107 non
1376 2073 1530 2114 trabatur,
1548 2072 1683 2116 aliisque
1704 2071 1987 2106 constitutionibus
2000 2078 2031 2106 et,

1289 2126 1547 2160 ordinationibus
1575 2125 1769 2169 apostolicis
1794 2135 1851 2158 nee
1871 2135 1935 2158 non
1961 2125 2031 2159 aliis

1290 2180 1365 2214 dieti
1398 2179 1522 2221 collegii
1551 2179 1647 2212 etiam
1680 2180 1884 2219 iuramento,
1911 2178 2031 2212 confir-

1291 2234 1430 2267 matione
1455 2232 1648 2277 apostoliea,
1672 2232 1718 2264 vel
1744 2231 1855 2275 quavis
1880 2231 2031 2264 firmitate

1290 2287 1350 2320 alia
1371 2287 1529 2321 roboratis
1542 2286 1668 2319 statutis
1685 2291 1713 2318 et
1730 2284 2028 2325 consuetudinibus,

1291 2340 1462 2385 privilegiis
1475 2350 1617 2384 quoquo,
1635 2338 1766 2371 indultis
1783 2343 1813 2371 et
1828 2337 1941 2371 litteris
1954 2347 2031 2382 apo-

1289 2394 1408 2427 stolicis
1439 2393 1497 2426 sub
1530 2392 1789 2436 quibuscumque
1817 2391 1982 2424 tenoribus
2001 2396 2033 2424 ct

1291 2448 1411 2488 termis,
1429 2458 1465 2480 ac
1482 2457 1555 2480 rum
1576 2445 1741 2490 quibusvis
1762 2445 1913 2478 clausulis
1934 2450 1964 2478 et
1975 2445 2030 2478 de-

1289 2501 1394 2540 crctis,
1417 2501 1447 2533 iu
1474 2510 1590 2541 genere
1617 2499 1662 2531 vrl
1686 2499 1716 2531 iu
1746 2499 1872 2542 sperio,
1896 2509 1933 2532 ac
1953 2497 2031 2531 alias

1289 2554 1319 2586 in
1345 2553 1543 2586 contrarium
1573 2551 1815 2596 quomodolibet
1846 2551 2026 2590 concessis,

1289 2606 1474 2651 approbatis
1495 2612 1524 2638 rt
1546 2605 1713 2638 innovatis.
1727 2604 1848 2644 Quibus
1865 2603 2026 2640 omnibus,

1288 2671 1400 2694 eorum
1423 2666 1549 2692 tenores
1569 2658 1790 2703 praesentibus
1804 2667 1861 2701 pro
1875 2655 2029 2700 expressis

2044 262 2091 289 An,
2111 265 2138 290 t).
2159 264 2222 293 ¹600

2081 432 2224 460 Exequutom

2041 459 2129 480 huiusce
2146 459 2223 482 decreti

2041 486 2154 513 designati.

2058 1806 2173 1837 Dei-ugano
2181 1811 2228 1827 eon-

2045 1836 2164 1855 tranei-um.
