2253 3195
1040 254 1223 279 BULLARmn
1243 253 1396 278 Romnum

1239 301 1422 345 apostolicis
1443 300 1607 344 quibusvis
1638 300 1784 344 personis
1814 301 1872 334 sub
1900 300 1974 345 qui-

1239 355 1440 398 buscumque
1460 354 1627 388 tenoribus
1652 360 1682 387 et
1702 355 1824 396 formis,
1848 366 1884 388 ac
1904 366 1977 388 cum

265 258 314 286 An.
331 257 358 285 c.
382 258 449 286 ¹599
495 247 559 282 546

508 307 522 350 ξ
542 306 573 339 3.
591 306 653 340 Nos
674 305 770 347 igitur
790 303 976 337 huiusmodi
994 302 1223 350 supplicatio-g

292 373 448 394 eonceducie·
463 361 557 393 nibus
573 358 726 397 inclinati,
757 357 814 390 tihi
840 362 869 390 et
889 366 949 400 pro
970 361 1116 399 tempore
1142 355 1222 407 exi-¹¹

1992 251 2041 291 4¹¹·
2057 252 2086 279 C.
2109 252 2175 281 ¹59⁹

303 1645 421 1667 clausulae.

265 406 331 421 men&
463 413 557 446 stenti
582 412 613 444 in
631 411 724 444 dictis
744 409 850 452 regnis
864 408 1045 453 inquisitori
1063 408 1204 451 generali

463 466 642 499 haereticae
673 470 703 497 et
737 463 931 507 apostaticae
953 462 1138 506 pravitatis,
1170 467 1204 494 ut

463 519 593 562 quando
607 523 635 550 et
650 517 775 560 quoties
786 517 936 550 eumdem
954 515 1139 559 Philippum
1155 525 1204 548 re-

463 583 535 614 gem
560 571 700 615 aliquam
723 571 856 604 classem
882 580 1007 614 parare,
1028 575 1058 603 et
1078 580 1134 602 seu
1154 569 1203 601 in-

462 631 618 665 staurare,
631 625 678 657 vel
687 624 813 657 mittere
822 623 1010 667 etexpedire
1019 622 1200 665 contigerit,

463 678 604 721 aliquem
625 678 730 710 virum
745 676 1158 710 ecclesiasticumidoneurn
1173 681 1203 708 et
1219 699 1220 705 ,

462 731 675 765 sufficientem
692 742 750 775 per
771 737 799 764 tc
813 731 996 773 eligendum
1018 730 1049 762 in
1070 729 1204 773 inquisi-

463 791 577 825 torem,
593 785 632 818 ad
644 785 791 818 effectum
805 784 1017 828 praedictum,
1035 784 1200 827 deputare,

463 839 595 883 ipseque
613 839 658 872 sic
676 839 857 882 deputatus,
881 843 915 870 ut
929 843 993 870 tam
1019 837 1058 870 de
1078 836 1203 869 haeresi

463 898 492 925 et
507 892 666 936 apostasia
684 919 691 933 ‚
716 902 812 936 quam
842 891 993 924 omnibus
1020 896 1050 924 et
1070 890 1204 932 singulis

463 945 533 978 aliis
556 945 715 978 haeresim
748 945 947 989 sapientibus
978 945 1009 977 in
1035 950 1100 977 tota
1121 944 1204 977 dicta

464 1000 563 1032 classe
583 1009 796 1041 cognoscere,
824 1004 855 1031 et
879 999 1010 1031 demum
1036 998 1143 1031 omnia
1174 1004 1203 1031 et

463 1053 610 1095 singula,
635 1063 716 1096 quae
737 1052 776 1085 ad
799 1051 999 1095 inquisitoris
1019 1051 1203 1085 huiusmodi

463 1105 618 1145 officium,
647 1116 770 1146 curam,
796 1111 825 1138 et
850 1105 994 1147 regimen
1026 1105 1200 1148 pertinent,

463 1159 579 1199 facere,
600 1170 724 1201 gerere,
741 1169 891 1192 exercere
911 1164 939 1191 et
953 1158 1065 1202 exequi
1079 1158 1204 1191 inmari

465 1213 510 1245 vel
533 1213 563 1245 in
582 1212 754 1256 praedictis
773 1211 927 1245 classibus
947 1217 1083 1251 tantum,
1107 1217 1136 1244 et
1154 1222 1204 1244 ex-

464 1272 512 1299 tra
535 1272 635 1299 terras
655 1272 685 1299 et
711 1271 840 1310 portus,
864 1265 963 1299 libere
989 1270 1019 1298 et
1046 1265 1130 1298 licite
1151 1276 1204 1298 va-

463 1320 554 1353 leatis
572 1319 762 1363 respective,
787 1319 962 1362 apostolica
989 1319 1179 1352 auctoritate
1194 1346 1201 1359 ,

465 1380 575 1406 tenore
593 1373 820 1417 praesentium,
845 1373 972 1416 plenam
994 1378 1025 1405 et
1045 1373 1205 1406 omnimo-

464 1428 537 1460 dam
570 1427 743 1466 licentiam,
780 1426 964 1459 facultatem
981 1454 988 1466 ,
1012 1431 1203 1470 potestatem

463 1487 494 1514 et
513 1481 736 1514 auctoritatem
757 1481 796 1513 ad
817 1480 1076 1524 quinquennium
1099 1481 1205 1525 proxi-

463 1545 551 1567 mum
573 1534 782 1567 concedimus
802 1539 833 1567 et
854 1534 1068 1577 impertimur⁴

508 1590 524 1630 ξ
544 1587 574 1621 li.
600 1588 812 1621 Dccernentes
830 1587 938 1621 onmia
959 1593 990 1621 et
1003 1588 1129 1630 singula
1149 1598 1206 1632 per

462 1642 661 1686 praedictum
684 1652 742 1685 pro
757 1647 901 1685 tempore
916 1641 1137 1685 inquisitorem
1151 1642 1206 1675 de-

462 1695 639 1739 putandum
656 1694 811 1734 facienda,
823 1695 965 1737 gerenda
979 1700 1007 1728 et
1017 1695 1204 1738 exequenda

462 1749 566 1781 valida
586 1754 616 1781 et
636 1748 777 1781 efficacia
798 1748 943 1788 existere,
964 1758 1000 1781 ac
1022 1748 1109 1781 totali
1131 1759 1203 1782 exe-

462 1802 609 1845 quutioni
631 1802 856 1835 demandanda
877 1812 944 1835 esse
960 1802 989 1834 in
1011 1802 1162 1835 omnibus
1174 1808 1200 1835 et

462 1866 520 1898 per
539 1855 665 1894 omnia,
701 1855 834 1898 perinde
855 1866 891 1887 ac
915 1855 940 1887 si
966 1866 983 1887 a
1009 1860 1050 1894 te,
1079 1855 1125 1888 vel
1149 1860 1203 1888 tuo

463 1909 614 1941 mandato
635 1909 726 1948 sucta,
748 1915 834 1949 gesta
848 1914 875 1941 et
890 1908 1036 1941 ordinata
1058 1908 1199 1949 fuissent,

461 1962 571 2005 siu-que
589 1972 647 2005 per
666 1968 739 1995 teet
757 1962 836 1994 alios
846 1961 1005 1995 dictorum
1027 1973 1201 2003 regnorum

463 2015 669 2058 inquisitores
691 2014 824 2047 iudicari
846 2021 875 2047 et
900 2014 1028 2047 deliniri
1061 2015 1198 2047 debere:

463 2068 588 2100 irrituni
608 2079 737 2112 quoque
758 2074 787 2100 ct
814 2068 908 2100 inane
929 2067 1088 2117 quidquid
1112 2078 1202 2100 secus

462 2132 560 2165 snper
580 2122 627 2154 his
640 2132 844 2165 aquoquam,
868 2120 978 2165 quavis
998 2121 1199 2160 atu-toritutc,

462 2176 601 2208 scienter
622 2176 667 2208 vvt
691 2176 888 2216 ignoranter,
912 2173 1081 2215 contigerit
1102 2180 1202 2207 atten-

465 2229 534 2260 tari.

509 2282 572 2324 §Tr
602 2283 670 2315 Non
692 2281 891 2314 obstantibus
927 2281 1092 2324 quibusvis
1119 2291 1200 2324 apo-

339 2341 387 2358 ’ω’
417 2346 448 2359 *¹¹¹*
464 2336 594 2373 stolicis,
617 2347 653 2368 ac
675 2336 703 2368 in
727 2335 976 2379 provincizititms
991 2341 1020 2367 et
1041 2335 1203 2378 synodali-

465 2390 522 2421 bus
543 2389 685 2421 vom-iliis
706 2389 799 2421 editis
820 2388 1014 2431 specialibus
1040 2388 1084 2419 vel
1108 2398 1202 2427 gene-

464 2444 584 2475 ralibus
597 2442 879 2475 constitutinnilms
893 2447 920 2473 et
930 2441 1200 2480 ordinationilnts,

465 2507 498 2527 av
520 2496 705 2539 quibimus,
729 2496 823 2527 ctiam
856 2496 1052 2533 iuramento,
1086 2496 1203 2526 cunlir-

466 2551 605 2582 niutioni·
627 2550 812 2593 apostolia-a,
837 2549 883 2580 vot
911 2548 1022 2592 quavis
1052 2548 1203 2580 Iiruiilate

465 2603 524 2633 ulia
557 2603 725 2640 roboratis,
750 2602 874 2635 statutis
906 2608 935 2634 ct
960 2601 1202 2634 consuetudini-

466 2655 534 2694 bus,
553 2655 725 2698 prixibssiis
742 2664 882 2698 quoque,
902 2655 1033 2688 indultis
1047 2661 1073 2686 vt
1092 2654 1203 2687 litteris

1238 408 1403 453 quibusvis
1423 407 1519 441 etiam
1541 408 1820 450 derogatoriarum
1843 409 1978 451 deroga-

1240 461 1341 501 toriis,
1366 461 1501 504 aliisque
1526 460 1761 494 efficacioribus
1785 467 1817 494 et
1841 461 1977 494 insolitis

1238 514 1399 553 clausulis,
1416 514 1679 558 irritantibusque
1701 519 1730 548 et
1750 514 1820 548 aliis
1840 515 1977 548 decretis

1237 568 1269 600 in
1289 579 1406 610 genere
1426 568 1474 601 vel
1494 568 1525 600 in
1550 568 1667 611 speeie,
1689 578 1724 601 ac
1742 568 1819 601 alias
1839 578 1976 611 quomo-

1238 623 1359 656 dolibet
1379 621 1549 663 concessis,
1566 622 1775 662 confirmatis,
1792 622 1977 666 approbatis

1238 681 1268 709 et
1288 675 1454 709 innovatis.
1474 675 1595 715 Quibus
1615 676 1776 716 omnibus,
1801 675 1925 708 etiamsi
1938 675 1978 708 de

1238 729 1300 762 illis
1324 739 1503 773 eorumque
1525 729 1599 762 totis
1626 729 1792 762 tenoribus
1816 729 1974 773 specialis,

1237 782 1387 826 specifica
1419 788 1449 815 ct.
1479 793 1628 826 expressa
1661 782 1781 816 mentio
1814 782 1974 822 habenda,

1238 845 1295 868 seu
1315 835 1423 879 aliqua
1452 835 1515 869 alia
1535 836 1691 879 exquisita
1720 836 1824 869 forma
1851 836 1891 869 ad
1916 836 1978 869 hoc

1238 888 1393 922 servanda
1425 889 1518 929 soret,
1542 889 1670 922 illorum
1692 889 1836 922 omnium
1859 895 1886 922 ct
1912 889 1977 922 sin-

1238 942 1389 984 gulorum
1418 948 1548 976 tenores
1578 942 1799 986 praesentibus
1831 953 1890 986 pro
1919 953 1975 975 ex-

1238 995 1356 1039 pressis
1375 996 1541 1036 habentes,
1570 995 1631 1029 illis
1648 996 1726 1030 alias
1745 996 1777 1029 in
1791 1007 1849 1030 suo
1861 996 1979 1030 robore

1238 1049 1471 1092 permansuris,
1495 1050 1555 1083 hac
1575 1050 1642 1084 vice
1665 1050 1830 1084 dumtaxat
1858 1050 1980 1094 spec-ia-

1239 1101 1312 1135 liter
1332 1107 1363 1134 et
1384 1113 1531 1146 expresse
1552 1103 1756 1146 derogamus,
1780 1103 1979 1146 caeterisque

1239 1156 1409 1189 contrariis
1429 1156 1698 1201 quibuscumque.

1282 1209 1394 1242 Datum
1415 1210 1536 1242 Romae
1556 1210 1641 1253 apud
1655 1209 1684 1243 S.
1705 1210 1833 1243 Petrum
1847 1210 1907 1243 sub
1921 1220 1979 1243 an-

1239 1261 1316 1295 nulo
1330 1262 1510 1303 piscatoris,
1525 1262 1576 1296 die
1593 1273 1668 1296 xxlx
1688 1262 1829 1296 octobris
1845 1272 1976 1304 nnxmx,

1239 1315 1444 1358 pontificatus
1462 1316 1561 1349 nostri
1583 1327 1668 1350 anno
1689 1322 1813 1350 octavo.

1276 1378 1333 1405 Dat.
1345 1378 1389 1406 die
1408 1379 1442 1406 ‘29
1458 1379 1577 1407 octobris
1595 1380 1778 1416 1599,1=0ntir.
1796 1387 1840 1407 an.
1857 1387 1916 1408 vni.

1538 1532 1686 1566 CCXVIII.

1238 1638 1367 1672 Similis
1391 1638 1548 1671 concessio
1571 1638 1741 1681 facultatis
1761 1639 1882 1672 nuncio
1904 1649 1981 1683 apo-

1282 1700 1392 1733 stolico
1412 1700 1501 1744 apud
1533 1711 1635 1743 regycm
1658 1700 1901 1744 Hispaniarum
1925 1701 1979 1734 dc-

1279 1762 1424 1806 pulandi
1453 1763 1604 1806 aliquam
1630 1773 1804 1806 personam
1827 1763 1977 1796 ecclesia-

1281 1825 1407 1864 sticam,
1435 1835 1518 1868 quac
1542 1825 1579 1857 in
1604 1824 1723 1858 eisdem
1750 1824 1905 1857 classibus
1929 1825 1981 1857 iu-

1282 1887 1504 1919 risdictionem
1527 1887 1776 1920 ecclesiasticam·
1795 1891 1939 1920 exerceat
1955 1887 1975 1920 ¹.

1237 1976 1351 2004 Dilecto
1371 1976 1431 2003 fllio
1455 1976 1607 2008 moderno,
1633 1980 1664 2003 et
1684 1983 1736 2010 pro
1760 1980 1893 2010 tempore
1917 1976 1980 2004 exi-

1272 2030 1367 2057 stenti
1387 2033 1490 2057 nostro
1510 2033 1540 2058 et
1560 2030 1750 2063 Apostolicae
1767 2030 1852 2058 sodis
1882 2031 1913 2058 in
1933 2037 1980 2058 re-

1272 2084 1338 2119 gnis
1350 2083 1561 2118 Hispaniarum
1578 2084 1688 2112 nuncio

1427 2140 1581 2171 Clemens
1595 2141 1688 2182 Papa
1696 2141 1788 2172 vul.

1514 2209 1625 2236 Dilecto
1645 2210 1698 2242 mi,

1273 2263 1403 2289 salutem
1426 2265 1457 2289 ot.
1477 2263 1673 2296 apostolicam
1693 2263 1943 2291 benedIctiwem.

1283 2336 1299 2376 ᾖ
1326 2336 1350 2367 l.
1376 2334 1495 2378 I⁴pr0ui
1513 2334 1672 2378 siquidem
1686 2334 1778 2367 nobis
1792 2334 1979 2378 nupersecit

1238 2387 1444 2420 charissimus
1462 2387 1492 2419 iu
1514 2387 1637 2421 Christo
1650 2387 1748 2420 Filius
1769 2393 1878 2421 noster
1899 2387 1974 2420 l‘lni-

1240 2441 1344 2484 lippus
1366 2441 1590 2484 Hispaniarum
1613 2452 1665 2473 rex
1681 2441 1869 2479 catholicus,
1890 2441 1977 2484 qumi

1239 2505 1310 2526 rum
1334 2494 1362 2526 in
1385 2494 1554 2532 classibus,
1579 2505 1657 2538 quas
1679 2494 1708 2527 iu
1738 2495 1817 2527 muri
1849 2494 1976 2527 Oct-nno

1239 2559 1296 2590 pru
1318 2547 1390 2580 {idei
1410 2548 1584 2580 catholicae
1605 2559 1640 2580 uc
1666 2559 1839 2589 regnorum
1866 2554 1895 2580 et
1917 2547 1976 2581 do-

1240 2600 1411 2633 miniorum
1430 2612 1562 2633 suortun
1583 2601 1716 2633 tuitione
1734 2606 1763 2633 et
1793 2599 1974 2634 comniodi-

1277 2665 1284 2688 l
1310 2663 1344 2689 le
1368 2663 1472 2697 ltegest.
1496 2664 1521 2689 iu
1542 2664 1643 2690 Serrai.
1668 2662 1800 2690 llreviutn.

2013 2337 2095 2358 thum
2103 2341 2177 2358 canu·

1993 2363 2076 2384 nondam
2092 2363 2177 2384 muitu-

1994 2393 2031 2414 uu,
2046 2390 2072 2411 ilo
2094 2396 2136 2417 qua
2156 2389 2176 2410 In

1993 2417 2083 2438 rutil-ten.
