2253 3195
226 243 277 269 An.
292 242 322 269 C.
344 242 414 269 ¹595

247 515 268 535 ln
276 513 414 534 universitate

231 542 341 562 Mencana
365 546 415 560 non·

230 568 280 588 nulli
287 567 362 591 mdus
372 567 415 586 lau-

230 599 330 620 reamque
345 598 414 613 §usce-

230 624 312 647 perant.

276 1576 333 1597 ttvc
349 1579 419 1597 autem

236 1606 363 1624 unu-:ruins

236 1630 348 1657 paaandae

235 1657 354 1677 catholicae
371 1662 421 1676 non-

236 1684 287 1704 nihit
294 1683 421 1703 conferebat.

389 1610 420 1622 ro-

372 1609 420 1650 ΕιῘιιΙ

271 2375 364 2396 cumr-n-
381 2381 425 2399 rra>

244 2403 281 2422 tlnx
293 2404 379 2421 νυίΙ.ιΙιιι
396 2409 426 2421 ω-

243 2432 274 2449 tu-
282 2430 344 2449 hstirl
354 2433 372 2446 vt
381 2429 422 2448 Ιμμι

244 2459 427 2475 uniter-:tatinum

244 2511 330 2529 nutum

458 231 522 266 226

1009 238 1195 263 autunum
1214 237 1370 262 nominum
1423 222 1428 226 ’

426 289 595 335 pastoralis
622 288 719 322 officii
738 293 846 332 partes
866 287 1018 331 (maxime
1038 287 1115 320 dum
1137 286 1170 319 id
1203 285 1300 319 etiam
1314 285 1378 319 iam
1396 284 1570 328 graduatis‚
1591 295 1628 318 ac
1640 295 1727 319 nunc
1739 290 1771 319 et
1780 295 1840 330 pro
1859 291 1944 319 tem·
1962 302 2014 323 num
2035 287 2170 328 privilegia?
2209 281 2233 310 -'

428 343 660 377 catholicorum
680 351 794 384 regum
814 346 887 373 vota
907 339 1098 384 exposcunt)
1118 339 1168 372 fa·
1203 350 1283 383 pore
1300 339 1520 379 existentibus,
1539 338 1628 382 quod
1647 349 1760 372 omnes
1779 344 1811 372 et
1829 338 1948 382 singuli

427 396 614 430 vorabiliter
632 395 860 439 impendimus.

473 451 488 493 ἓ
509 450 538 482 l.
562 449 683 492 Exponi
703 448 863 492 siquidem
883 447 977 480 nobis
996 457 1100 491 nuper
1119 446 1168 479 se-

430 504 471 537 cit
491 502 700 536 charissimus
730 501 762 534 in
793 501 918 535 Christo
949 500 1034 533 tilius
1064 505 1174 533 noster

429 556 597 599 Philippus
628 555 856 599 Hispaniarum
888 565 943 587 rex
972 553 1170 593 catholicus,

430 609 517 653 quod
535 609 597 641 iam
618 619 636 641 a
656 608 804 652 pluribus
817 607 909 641 annis
922 607 954 640 in
972 606 1099 640 civitate
1112 607 1175 639 Me-

430 661 591 706 xica-nensi
619 672 721 694 novae
741 661 913 705 Hispaniae
933 661 965 693 in
991 660 1090 694 Indiis
1109 659 1172 693 Oc-

429 715 643 748 cidentalibus
659 725 724 748 una
743 714 841 748 studii
860 714 1020 757 generalis
1040 713 1172 747 univer-

428 769 515 809 sitas,
531 768 562 801 in
582 779 647 812 qua
667 768 849 811 theologiae
869 773 899 801 et
917 768 1088 800 doctorum
1101 767 1122 807 ¹,
1139 777 1175 799 ac

429 822 535 855 forsan
553 822 691 855 aliarum
705 821 894 854 facultatum
917 826 947 854 et
966 820 1173 854 scientiarum

428 875 583 908 lectiones
599 875 762 908 habentur
787 875 825 908 de
851 884 1010 908 consensu
1041 873 1175 918 praefati

429 928 568 972 Philippi
591 928 687 970 regis,
707 927 762 971 qui
783 938 895 961 earum
915 927 1057 971 partium
1079 926 1175 960 etiam

431 981 581 1014 dominus
618 981 808 1025 temporalis
844 981 958 1022 existit,
993 981 1176 1014 introducta

432 1046 468 1068 ac
493 1046 553 1068 usu
572 1041 703 1079 recepta
735 1035 861 1076 existit,
884 1035 1057 1079 pluresque
1082 1033 1176 1067 scho-

430 1089 524 1129 lares,
552 1089 700 1122 absoluto
732 1089 851 1122 ibidem
883 1088 1063 1122 studiorum
1096 1098 1174 1121 suo-

431 1152 503 1175 rum
521 1153 627 1182 cursu,
644 1142 697 1175 alii
715 1141 846 1186 quidem
868 1141 1011 1184 magistri
1032 1141 1064 1173 in
1086 1140 1176 1174 theo—

432 1195 538 1237 logia,
567 1195 621 1228 alii
646 1206 720 1229 vero
750 1195 934 1229 doctoratus
959 1194 990 1227 in
1017 1194 1174 1233 decretis,

433 1259 469 1281 ac
495 1249 736 1288 licentiaturae,
764 1254 795 1282 et
825 1249 931 1281 forsan
957 1248 1036 1281 alios
1060 1247 1178 1290 gradus

434 1312 452 1334 a
473 1302 604 1341 lectore,
629 1307 659 1335 et
678 1302 918 1346 professoribus
938 1301 1083 1335 eiusdem
1100 1301 1175 1334 uni-

433 1355 591 1388 versitatis
623 1365 680 1399 pro
707 1361 854 1399 tempore
885 1354 1114 1393 existentibus,
1148 1360 1176 1387 et

434 1409 539 1441 forsan
562 1408 632 1441 aliis
652 1408 737 1441 bona
750 1408 814 1441 fido
832 1413 1053 1452 susceperunt,
1068 1408 1178 1451 eisque

434 1461 476 1495 ita
496 1461 663 1505 susceptis,
680 1467 711 1494 et
730 1472 843 1495 eorum
865 1461 1038 1505 privilegiis
1052 1461 1100 1494 usi
1114 1461 1178 1494 fue-

435 1521 519 1548 runt.
544 1515 578 1548 Et
597 1515 679 1548 sieut
699 1515 812 1548 eadem
831 1515 988 1558 expositio
1005 1515 1180 1557 subiunge-

434 1567 498 1608 bat,
514 1574 547 1601 ut
567 1568 591 1602 si
613 1568 731 1610 gradus
750 1568 900 1612 suscepti,
917 1574 947 1601 et
968 1568 1178 1612 imposterum

436 1621 555 1654 ibidem
587 1621 805 1665 suscipiendi,
826 1628 921 1666 atquc
946 1622 1027 1655 adeo
1051 1621 1179 1655 univer-

435 1685 506 1707 sum
534 1675 629 1707 studii
655 1674 813 1717 generalis
844 1674 1029 1708 huiusmodi
1061 1675 1181 1708 exerci-

438 1728 516 1761 tium
535 1740 607 1761 cum
630 1729 743 1761 maiori
764 1728 818 1762 Dei
840 1729 952 1771 gloria,
968 1734 998 1761 et
1017 1728 1085 1761 eius
1101 1739 1177 1761 san-

437 1788 506 1815 ctae
527 1781 601 1815 fidei
623 1782 816 1815 exaltatione
841 1782 994 1826 deinceps
1017 1781 1177 1826 proceda-

439 1841 490 1868 tur
514 1835 598 1868 idem
626 1835 793 1879 Philippus
821 1846 874 1868 rex
901 1835 953 1879 pia
974 1835 1181 1869 meditatione

437 1892 552 1925 ductus
565 1892 586 1932 ¹,
599 1898 629 1925 et
643 1892 705 1925 iam
725 1892 921 1936 experientia
934 1892 1179 1936 comprobatum

438 1945 559 1979 habens
592 1953 748 1990 quantum
788 1946 954 1979 universae
997 1945 1181 1990 republicae

438 1999 644 2039 christianae,
668 1999 855 2044 pracsertim
885 1999 969 2043 apud
991 1999 1061 2032 illos
1083 2009 1182 2031 novos

439 2054 512 2087 fidei
539 2053 715 2086 catholicae
743 2053 882 2086 cultores
903 2052 972 2085 talis
993 2052 1183 2085 universitas

439 2107 469 2140 in
489 2108 573 2140 dicia
594 2107 731 2146 (civitate,
749 2106 1027 2150 quamadmodum
1051 2105 1183 2146 insignis

439 2167 468 2193 et
492 2161 641 2204 fra-quens
667 2159 782 2199 existit,
808 2159 954 2192 utilitatis
974 2159 1096 2197 afferat,
1113 2159 1183 2202 plu-

440 2214 558 2247 rimum
580 2214 665 2258 «rupit
688 2213 791 2247 dictae
812 2212 1008 2246 universitati
1030 2223 1087 2256 per
1112 2222 1180 2251 nos,

440 2273 474 2300 ut
495 2268 593 2306 infra,
623 2267 794 2308 indulgeri.

486 2322 500 2362 ᾗ
518 2321 547 2353 2.
573 2321 634 2354 Nos
656 2321 752 2361 igitur
772 2319 1030 2353 consideratione
1051 2318 1183 2363 praefati

442 2374 578 2418 Philippi
602 2375 684 2414 regis
710 2385 806 2418 super
832 2374 891 2407 bot:
917 2373 1083 2406 humiliter
1108 2383 1184 2416 sup-

444 2428 601 2472 plic-antis,
625 2429 727 2461 ‹tis-tm·
748 2427 944 2461 universitati
968 2427 1116 2471 illiusque
1137 2438 1186 2459 rc-

268 2489 275 2501 '
293 2489 427 2528 ''¹''·¹·¹·2¹'¹·¹·J·j
444 2482 606 2533 vnn-ibus,
643 2482 878 2525 professoribus
916 2486 945 2514 et
983 2492 1005 2513 s«
1019 2480 1185 2513 bolaribus

482 2546 489 2571 t
515 2543 552 2571 lta
576 2553 601 2570 in
626 2544 743 2571 editione
767 2552 895 2574 romana:
917 2543 964 2570 scd
985 2543 1073 2570 formu
1094 2542 1185 2576 legen-

444 2579 506 2606 dum
530 2581 722 2612 merciorum,
739 2584 767 2606 ut
786 2589 816 2607 cx
833 2579 1009 2616 sequentibus
1027 2582 1149 2649 apparet.

1071 2621 1096 2640 n.
1114 2614 1152 2649 τ.)

479 2651 495 2677 2
515 2650 567 2677 Sic.

1204 392 1381 436 magisterii
1404 392 1436 425 in
1456 392 1630 435 theologia,
1653 402 1693 425 ac
1713 392 1897 426 doctoratus
1916 392 1949 425 in

1205 446 1342 481 decretis
1369 447 1419 480 vel
1445 446 1515 479 aliis
1544 445 1765 487 facultatibus,
1789 456 1845 479 seu
1871 446 1951 479 alios

1206 501 1326 543 gradus
1341 500 1496 533 hactenus
1513 504 1735 543 susceperunt,
1747 499 1867 532 eisdem
1879 509 1952 542 gra-

1207 553 1313 594 dibus,
1336 563 1515 596 eorumque
1535 552 1722 596 privilegiis,
1745 552 1952 586 facultatibus

1209 612 1239 640 et
1254 607 1487 651 praerogativis
1506 606 1574 644 uti;
1597 617 1656 640 nec
1676 616 1742 639 non
1761 606 1850 650 quod
1863 606 1953 639 dein-

1209 671 1283 705 ceps
1307 666 1432 700 rector,
1454 665 1486 693 et
1505 671 1561 693 seu
1586 659 1641 693 alii
1666 660 1826 700 doctores,
1854 659 1953 693 lecto-

1210 724 1271 751 res,
1295 718 1326 746 et
1352 713 1551 757 professores
1584 713 1728 746 eiusdem
1757 713 1950 746 universita-

1210 766 1248 799 tis
1272 772 1457 810 praesentes
1485 771 1516 799 et
1536 766 1647 806 futuri,
1679 765 1866 808 magisterii,
1890 767 1950 800 do-

1210 824 1353 852 ctoratus
1386 825 1418 853 et
1448 819 1686 860 licentiaturae,
1717 830 1754 852 ac
1783 819 1954 853 baccalau-

1209 879 1316 906 reatus
1333 872 1477 916 aliosque
1494 873 1624 915 gradus,
1654 878 1718 905 tam
1736 872 1769 905 in
1788 873 1951 916 praefatis,
1988 877 1992 880 '

1211 937 1308 970 quam
1328 927 1424 959 etiam
1441 926 1677 970 philosophiae,
1694 932 1725 959 et
1742 926 1820 960 iuris
1840 926 1952 968 civilis,

1210 979 1345 1023 aliisque
1366 980 1569 1013 facultatibus
1582 985 1679 1023 atque
1699 979 1841 1013 scientiis
1860 980 1954 1013 scho-

1212 1033 1332 1066 laribus
1345 1033 1422 1077 ipsis
1435 1033 1500 1067 suis
1516 1033 1588 1066 loco
1609 1038 1641 1066 et
1659 1035 1816 1077 tempore,
1831 1044 1869 1067 ac
1881 1044 1955 1067 cum

1212 1087 1391 1130 insignibus
1410 1087 1522 1128 solitis,
1537 1087 1667 1131 praevio
1688 1087 1834 1130 diligenti
1855 1098 1892 1121 ac
1910 1087 1956 1120 ri-

1212 1141 1358 1183 rigoroso
1379 1141 1540 1181 examine,
1564 1151 1601 1173 ac
1631 1140 1763 1174 servatis
1792 1141 1957 1175 servandis

1213 1194 1378 1234 conferre3
1402 1193 1528 1238 ipsique
1549 1193 1712 1227 scholares
1735 1193 1807 1227 illos
1827 1199 1858 1227 et
1877 1193 1957 1228 alios
2005 1231 2009 1234 ,

1212 1252 1302 1281 actus
1322 1247 1484 1291 suscipere
1504 1253 1536 1280 et
1556 1257 1715 1287 exercere,
1739 1257 1777 1281 ac
1796 1252 1860 1280 tam
1882 1247 1953 1291 ipsi,

1213 1311 1309 1344 quam
1336 1301 1484 1334 doctores
1514 1307 1545 1334 et
1575 1301 1795 1344 professores,
1823 1301 1956 1345 ipsaque

1213 1360 1277 1387 tota
1294 1355 1484 1388 universitas
1503 1360 1535 1388 et
1554 1355 1694 1388 studium
1709 1355 1860 1398 generale
1873 1355 1957 1389 eius-

1213 1409 1285 1441 dem
1307 1408 1441 1442 civitatis
1465 1408 1616 1442 omnibus
1636 1414 1667 1442 et
1695 1408 1830 1451 singulis
1854 1408 1954 1453 privi-

1213 1462 1314 1505 legiis,
1338 1462 1606 1503 immunitatibus,
1628 1463 1842 1504 facultatibus,
1862 1473 1957 1507 prae-

1214 1515 1380 1558 rogativis,
1408 1516 1562 1557 indultis,
1592 1515 1756 1549 favoribus
1784 1521 1815 1550 et
1846 1516 1957 1559 gratiis

1214 1568 1332 1612 quibus
1344 1568 1628 1602 Salamantinensis
1645 1574 1675 1603 et
1694 1569 1958 1613 Compostellate-

1215 1622 1322 1655 nensis
1333 1621 1479 1666 aliaeque
1490 1622 1669 1656 studiorum
1680 1622 1878 1665 generalium
1888 1623 1960 1656 uni-

1215 1676 1376 1709 versitates
1396 1686 1570 1719 regnorum
1591 1676 1829 1720 Hispaniarum,
1852 1687 1888 1710 ac
1907 1677 1956 1710 ci-

1215 1729 1318 1763 vitatis
1338 1729 1446 1762 Limae
1466 1729 1498 1762 in
1517 1730 1614 1763 lndiis
1634 1730 1686 1763 del
1705 1730 1854 1771 Perti,de
1876 1730 1956 1771 iure,

1215 1794 1286 1823 usu,
1310 1782 1554 1823 consuetudine,
1571 1783 1618 1816 vel
1641 1783 1808 1828 privilegio
1830 1789 1862 1817 et
1881 1783 1960 1818 alias

1216 1836 1461 1879 quomodolibet
1483 1842 1629 1875 utuntur,
1647 1837 1807 1877 fruuntur,
1831 1837 1960 1881 potiun-

1217 1896 1267 1922 tur
1287 1895 1317 1923 et
1337 1890 1488 1932 gaudent,
1509 1900 1545 1923 ac
1563 1889 1620 1929 uti,
1642 1890 1715 1931 frui,
1730 1890 1825 1934 potiri
1839 1895 1961 1933 etgau-

1217 1943 1292 1976 dere
1320 1949 1454 1987 possunt
1478 1949 1508 1976 et
1534 1949 1687 1987 poterunt
1716 1943 1962 1987 quomodolibet

1217 1997 1247 2029 in
1269 1997 1423 2037 futurum,
1447 1996 1666 2040 pariformiter
1690 2003 1720 2030 et
1745 2007 1846 2041 aeque
1870 1997 1960 2041 prin-

1217 2050 1381 2094 cipaliter,
1406 2062 1442 2084 ac
1463 2051 1585 2094 absque
1614 2051 1680 2084 ulla
1710 2061 1841 2095 prorsus
1868 2051 1961 2085 diffe-

1219 2104 1320 2137 rentia
1341 2104 1398 2143 uti,
1422 2104 1494 2143 frui,
1511 2104 1607 2148 potiri
1629 2110 1659 2138 et
1678 2105 1830 2147 gaudere,
1844 2105 1962 2149 ipsam-

1217 2169 1279 2201 que
1301 2157 1540 2190 universitatem
1561 2157 1658 2191 studii
1689 2158 1849 2200 generalis
1879 2157 1959 2195 civi,

1219 2211 1289 2244 tatis
1303 2210 1528 2244 Mexicancnsis
1549 2211 1588 2244 ad
1607 2210 1716 2249 instar,
1733 2217 1763 2244 ct
1783 2210 1961 2244 secundum

1218 2270 1335 2298 statuta
1350 2291 1357 2305 ‚
1383 2263 1633 2297 consuetudines
1647 2291 1654 2303 ,
1678 2263 1845 2308 privilegia
1865 2269 1896 2298 ct
1916 2265 1961 2298 fa-

1218 2319 1352 2351 cultates
1372 2317 1656 2352 Salamantiucnsis
1676 2323 1704 2351 et
1725 2318 1958 2362 Compostella-

1221 2372 1370 2411 tenensis,
1380 2382 1416 2404 ae
1430 2371 1628 2405 Limancnsis
1642 2371 1843 2415 aliarumque
1853 2370 1963 2405 huius-

1221 2425 1306 2458 modi
1333 2425 1574 2458 universitattun
1602 2435 1713 2465 regere
1729 2452 1736 2465 ‚
1759 2436 1909 2459 exercere
1933 2430 1965 2459 et

1219 2478 1445 2512 administrare
1467 2477 1566 2510 libere
1587 2483 1617 2510 ct
1636 2477 1720 2511 licite
1741 2478 1877 2518 valcant,
1900 2489 1960 2512 au-

1219 2532 1364 2565 ctoritate
1393 2531 1567 2576 apostolica
1589 2537 1699 2564 tenore
1720 2531 1935 2576 praesentium
1953 2558 1960 2573 ,

1220 2586 1429 2619 concedimus
1450 2591 1480 2619 et
1505 2585 1720 2627 indulgemus,
1743 2596 1780 2619 ac
1801 2585 1962 2620 licentiam

1200 2671 1203 2679 ,
1220 2645 1249 2672 ct
1270 2639 1452 2673 facultatem
1472 2638 1686 2683 impertimur.

1961 236 2012 264 An.
2032 237 2061 265 c.
2078 210 2166 267 15⁹5ae
2180 233 2183 236 ’

1963 329 2067 351 concedit.
