2253 3195
270 266 320 292 Αη.
337 265 366 292 C.
393 264 452 293 ¹60¹

284 594 385 615 Ctrwna
396 598 452 612 inm-

272 622 318 639 iata
342 621 452 644 prandit-ta

271 647 323 665 sixti
354 646 453 665 munitu-

321 678 327 685 2

504 256 567 289 71⁴2

469 315 652 359 specificam
671 314 867 347 mentionem
885 322 950 346 non
971 312 1058 351 fecit,
1074 312 1127 345 sed
1143 312 1214 345 illas

469 375 499 401 et
524 368 595 401 illos
619 368 651 400 in
677 367 762 400 dicta
795 366 1006 409 permissione
1036 376 1101 399 non
1121 376 1211 398 com—

469 422 641 464 prehensas
655 429 760 463 neque
786 420 1035 463 comprehensos
1051 429 1117 452 esse
1143 430 1215 453 cen-

469 473 529 507 seri
558 473 666 506 voluit.

515 527 529 567 ‚S
554 526 585 559 3.
603 527 677 568 Nos,
700 527 739 559 ad
765 536 846 570 quos
871 526 1072 570 potissimum
1094 531 1213 571 spectat

470 579 751 622 praedecessorum
767 585 952 613 nostrorum
970 579 1215 612 constitutiones

468 643 532 666 non
558 634 661 666 solum
687 632 861 673 innovare,
890 632 944 665 sed
979 633 1074 666 etiam
1104 632 1214 672 dubia,

469 697 551 730 quae
575 697 672 730 super
691 685 753 719 illis
779 692 968 730 emergunt,
991 687 1164 724 declarare,
1187 692 1218 719 et

471 739 638 773 bominum
650 739 785 773 malitiis
796 751 833 773 ac
851 739 1018 773 fraudibus
1034 749 1215 779 occurrere,

469 793 672 826 attendentes
707 794 747 826 ad
779 798 966 826 nostrorum
1002 798 1033 826 et
1072 791 1238 826 eiusdem'

470 845 558 879 Sedis
582 845 787 879 subditorum
813 845 952 889 quietem
979 852 1005 879 et
1033 845 1215 889 tranquilli-

472 905 580 941 tatem,
608 906 638 933 et
658 900 697 933 ad
720 900 876 933 bonorum
894 899 1081 933 eorumdem
1103 899 1220 933 subdi—

471 959 575 986 torum
608 963 705 996 penes
745 954 831 998 ipsos
870 952 1146 987 conservationem
1186 952 1219 985 id

470 1006 571 1050 magis
609 1007 794 1050 pertinere;
827 1017 884 1040 nec
907 1017 971 1040 non
997 1007 1094 1040 etiam
1119 1006 1218 1050 ipsius

470 1058 575 1092 Status
595 1059 695 1092 nostri
709 1059 922 1093 Ecclesiastiei
947 1059 1078 1093 utilitati
1092 1065 1119 1092 et
1131 1069 1219 1092 com-

471 1111 578 1152 modo,
607 1122 643 1144 ac
667 1112 765 1146 etiam
787 1112 950 1146 securitati
975 1112 1113 1146 maxime
1136 1123 1215 1145 eon—

472 1165 591 1205 venire,
616 1166 734 1209 quibus
750 1166 923 1209 praecipue
937 1166 1115 1200 rationibus
1133 1165 1217 1199 idem

469 1218 574 1253 Sixtus
595 1219 833 1263 praedecessor,
849 1225 883 1252 ut.
903 1230 1000 1264 supra
1019 1219 1138 1253 dictum
1158 1225 1215 1259 est,
1234 1210 1237 1230 ³

471 1273 509 1305 ad
528 1273 702 1316 praemissa
720 1273 888 1306 statuenda
909 1279 1015 1306 motus
1034 1272 1105 1312 suit,
1124 1278 1157 1306 ut
1179 1272 1218 1305 ad

471 1336 599 1359 omnem
626 1326 867 1370 ambiguitatem
893 1326 1081 1365 tollendam,
1100 1326 1218 1359 dictam

452 1379 547 1412 ·Sixti
573 1379 831 1423 praedecessoris
845 1379 1108 1413 constitutionem
1127 1379 1219 1412 inno-

472 1443 593 1469 vemus,
620 1432 832 1473 declaremus,
853 1439 948 1476 atquc
969 1432 1178 1467 extendamus
1189 1439 1220 1467 et

470 1485 670 1530 ampliemus,
690 1496 725 1518 ac
751 1487 811 1519 alia
836 1485 1042 1530 infrascripta
1057 1485 1095 1518 ad
1113 1485 1219 1519 Status

472 1538 573 1571 nostri
602 1538 827 1579 Ecclesiastici,
854 1544 1104 1582 nostrorumque
1128 1544 1157 1571 et
1178 1538 1218 1571 Λ-

472 1591 646 1633 postolieae
670 1591 759 1625 Sedis
779 1591 981 1625 subditorum
997 1591 1216 1632 commodum,

473 1645 641 1678 utilitatem
657 1651 685 1678 et
712 1645 915 1678 securitatem
941 1644 1131 1691 spectantia,
1158 1656 1216 1678 ne-

471 1699 608 1731 cessaria
633 1704 662 1732 ct
688 1705 867 1743 opportuna
891 1703 1080 1732 statuamus.
1110 1699 1163 1731 llis
1184 1709 1219 1732 ac

472 1752 545 1786 aliis
570 1753 660 1786 iustis
685 1758 716 1785 et
740 1750 983 1786 rationabilibus
1003 1753 1106 1785 causis
1120 1751 1220 1785 addu-

471 1806 527 1841 cti.
550 1815 646 1849 super
660 1805 841 1850 praemissis
858 1811 1038 1849 opportune
1052 1804 1219 1849 providere

472 1859 630 1899 volentes,
658 1865 689 1892 et
712 1858 856 1892 eiusslem
883 1859 1124 1893 constitutionis
1142 1858 1219 1892 Sixti

474 1913 730 1955 praedecessoris
752 1918 895 1946 tenorem
909 1940 917 1953 ,
945 1912 1007 1945 acsi
1027 1913 1065 1945 ad
1087 1913 1219 1945 verbum

472 1965 910 2010 insereretur,praesentibus
928 1975 985 2008 pro
1003 1975 1151 2009 expresso
1168 1965 1221 1998 lia-

473 2019 600 2060 bentes,
628 2019 735 2052 liabita
756 2030 853 2063 super
877 2018 926 2051 liis
952 2029 1024 2052 cum
1050 2017 1217 2052 venorabi-

473 2072 555 2106 libus
580 2072 731 2106 fratribus
759 2072 878 2106 nostris
901 2073 1035 2106 Sanctae
1060 2072 1221 2106 Romanae

474 2125 632 2159 Ecclesiae
653 2125 868 2159 cardinalibus
890 2126 919 2158 iu
941 2126 1132 2159 consistorio
1156 2137 1217 2159 no—

473 2184 537 2212 stro
564 2185 687 2211 secreto
704 2178 934 2212 deliberatione
961 2185 1100 2217 matura,
1124 2179 1163 2213 de
1184 2180 1222 2212 il—

475 2234 577 2265 lorum
603 2232 735 2266 consilio
754 2238 782 2266 et
809 2243 952 2269 assensu,
981 2243 1015 2265 ar
1033 2239 1122 2266 motu
1142 2244 1221 2276 pro-

476 2286 568 2329 prio,
597 2297 659 2319 non
685 2287 723 2320 ad
753 2287 891 2320 alicuius
911 2286 1005 2320 nobis
1029 2298 1125 2330 super
1161 2289 1220 2321 lior

475 2340 598 2373 oblatae
621 2340 785 2383 petitionis
801 2340 1069 2378 instantiauused
1089 2352 1123 2374 ex
1138 2346 1220 2374 certa

474 2393 609 2426 scientia
634 2400 660 2426 et
690 2399 811 2426 matura
838 2393 1065 2427 deliberatione
1091 2394 1219 2432 nostris,

475 2457 510 2477 ae
532 2446 570 2478 de
598 2447 791 2490 apostolicas·
824 2447 989 2491 potestatis
1019 2446 1220 2489 plenitudiue

475 2499 740 2533 Constitutioncm
759 2500 833 2532 dirti
853 2500 928 2532 Sixti
953 2499 1218 2542 praedecessoris,

476 2553 662 2585 :uu-toritatt¹
673 2553 861 2596 apostolica,
876 2560 985 2587 tenore
995 2553 1220 2597 praesentium,

477 2605 676 2645 innovaturus,
699 2618 733 2639 ac
749 2606 787 2639 de
806 2613 931 2641 caetero
951 2607 991 2639 ab
1005 2606 1163 2646 omuibus,
1181 2606 1218 2639 ad

477 2669 556 2702 quos
581 2665 712 2702 spectat,
726 2659 1043 2693 imintuentum-vari
1061 2659 1215 2693 volumus.

1055 263 1240 288 BULLARIUM
1255 263 1410 288 ROMANUM

1293 313 1308 353 ξ
1334 312 1366 345 4.
1403 312 1534 356 Insuper
1562 311 1601 345 de
1626 311 1761 345 consilio
1785 317 1814 345 et
1839 322 1988 351 assensu,

1249 579 1465 613 ecelesiastica
1483 589 1548 613 uon
1561 585 1646 620 sunt,
1666 589 1792 612 necnon
1807 579 1902 612 etiam
1915 589 1996 622 quo-

1251 633 1295 666 vis
1320 632 1482 676 principes
1499 637 1666 666 extraneos
1678 660 1686 673 ,
1705 633 1801 666 etiam
1821 631 1992 676 imperiali,

1251 685 1364 729 regali,
1401 682 1520 724 ducali,
1553 685 1600 719 vel
1617 685 1678 718 alia
1717 695 1921 729 quacumque
1940 696 1996 718 au-

1252 739 1399 772 ctoritate
1425 745 1455 772 ct
1476 739 1648 782 dignitate,
1671 749 1753 783 quae
1779 738 1950 783 specialem
1964 744 1996 772 et

1252 792 1451 826 individuam
1469 792 1665 826 mentionem
1680 791 1879 836 requireret,
1895 802 1991 835 prae-

1253 845 1348 885 ditos,
1366 845 1489 878 etiamsi
1515 845 1559 878 illi
1591 845 1668 878 alias
1691 845 1806 885 nobis,
1833 851 1864 878 et
1892 844 1996 878 dictae

1253 898 1325 932 Sedi
1342 899 1464 933 ratione
1479 898 1576 939 feudi,
1597 904 1651 932 aut
1663 908 1699 932 ex
1717 898 1780 932 alia
1798 908 1892 932 eausa
1912 898 1991 931 suh-

1253 953 1320 987 diti
1338 953 1401 986 sint
1437 953 1513 995 (qui
1547 951 1700 984 nimirum
1735 953 1766 985 in
1789 951 1926 996 propriis
1949 951 1996 984 di-
2014 956 2021 965 ·

1253 1006 1412 1046 tionibus,
1433 1006 1480 1039 vel
1505 1005 1579 1039 alibi
1609 1005 1760 1049 degentes
1788 1005 1820 1039 iu
1845 1004 1996 1039 eumdem

1253 1059 1377 1093 Statum
1394 1059 1664 1101 Ecclesiasticum,
1683 1059 1731 1093 vel
1751 1058 1930 1092 habitatum
1946 1069 1998 1092 ve-

1252 1113 1320 1147 nire
1337 1123 1400 1146 non
1421 1118 1567 1157 possunt,
1587 1113 1634 1146 vel
1648 1113 1860 1147 verisimiliter
1872 1113 1998 1147 venturi

1252 1177 1317 1201 non
1341 1173 1427 1206 sunt,
1447 1173 1502 1200 aut
1525 1167 1550 1200 si
1571 1165 1743 1210 aliquando
1771 1172 1928 1200 venerunt
1948 1165 1997 1200 vel

1252 1220 1388 1259 venient,
1413 1219 1561 1253 recedere
1579 1226 1685 1253 tamen
1710 1220 1824 1261 solent,
1841 1225 1871 1253 et
1887 1225 1997 1263 postea

1252 1273 1347 1306 etiam
1387 1273 1601 1307 verisimiliter
1636 1283 1700 1307 non
1740 1273 1900 1307 reversuri
1924 1272 1998 1306 inde

1252 1331 1476 1365 recesserunt,
1503 1332 1555 1360 aut
1578 1326 1751 1369 recedent)
1782 1326 1867 1360 bona
1892 1325 1999 1370 aliqua

1253 1379 1377 1413 stabilia
1395 1406 1402 1419 ,
1428 1389 1492 1413 non
1522 1379 1625 1413 solum
1651 1379 1683 1412 in
1709 1378 1827 1412 finibus
1855 1379 1998 1413 eiusdem

1253 1432 1361 1467 Status
1385 1432 1622 1474 Ecelesiasdci,
1646 1439 1677 1466 et
1708 1432 1795 1466 iuxta
1826 1433 1998 1473 terminos,

1253 1495 1288 1518 ac
1305 1485 1421 1519 limites
1431 1484 1590 1520 ditionum
1600 1485 1788 1519 eorumdem
1798 1485 1997 1529 Principum,

1253 1538 1307 1572 sed
1339 1539 1434 1573 etiam
1465 1539 1496 1572 in
1529 1548 1734 1584 quacumque
1765 1539 1826 1573 alia
1857 1539 2000 1573 eiusdem

1253 1593 1362 1627 Status
1381 1593 1594 1627 Ecclesiastiei
1614 1599 1718 1637 parte,
1735 1599 1766 1627 et
1782 1593 1815 1627 in
1836 1593 1904 1637 ipsa
1921 1593 2000 1626 urbe

1253 1646 1429 1687 existentia,
1455 1657 1578 1680 necnon
1603 1656 1734 1687 census,
1760 1646 1867 1691 aliqua
1894 1646 1999 1686 bona,

1254 1711 1289 1733 ac
1314 1700 1384 1734 iura
1405 1711 1487 1744 quae
1500 1711 1558 1744 pro
1575 1700 1743 1735 stabilibus
1756 1701 2000 1744 habentur(non

1255 1760 1359 1788 tamen
1385 1754 1490 1789 officia
1515 1755 1678 1788 Romanae
1696 1755 1818 1794 Curiae,
1844 1764 1903 1788 nec
1920 1764 1997 1798 por-

1255 1807 1370 1848 tiones,
1389 1813 1419 1841 ct
1434 1809 1503 1841 loca
1512 1807 1682 1850 Montium)
1697 1807 1930 1850 cuiuscumque
1948 1806 2001 1840 illa

1254 1861 1452 1904 quantitatis,
1471 1860 1636 1905 qualitatis
1649 1867 1678 1895 et
1690 1861 1804 1894 valoris
1820 1861 1894 1901 sint,
1911 1859 2002 1894 nullo

1255 1913 1470 1953 venditionis,
1504 1913 1770 1957 permutationis,
1797 1913 1998 1955 donationis,

1255 1972 1309 2001 aut
1328 1967 1459 2001 alterius
1483 1974 1680 2007 contractus,
1712 1973 1939 2013 praeterquam
1965 1979 2001 2002 ex

1255 2031 1351 2054 causa
1369 2019 1452 2055 dotis
1477 2022 1561 2055 inter
1580 2022 1667 2056 rivos
1684 2021 1790 2062 titulo,
1817 2032 1855 2055 ac
1877 2032 1917 2056 ne
1931 2022 2002 2066 qui-

1255 2074 1327 2107 dem
1353 2085 1389 2107 cx
1408 2080 1610 2116 testamento,
1638 2075 1806 2116 codicillis,
1826 2076 1941 2119 legato,
1958 2075 2003 2108 n-

1255 2127 1492 2168 deieommisso,
1508 2129 1681 2163 donatione
1698 2139 1734 2162 ex
1761 2139 1856 2163 causa
1877 2129 2000 2170 mortis,

1256 2187 1310 2214 aut
1327 2192 1363 2215 ex
1381 2182 1442 2215 alia
1466 2181 1675 2225 dispositione
1701 2182 1731 2216 in
1751 2182 1863 2216 ultima
1890 2182 2003 2216 volun-

1257 2240 1319 2267 tate
1340 2245 1622 2280 quorumcumque
1651 2243 1840 2270 testatorum
1858 2263 1865 2277 ,
1886 2241 1940 2270 aut.
1964 2236 2003 2270 de

1257 2286 1348 2319 bonis
1374 2286 1554 2327 stabilibus,
1581 2293 1608 2320 et
1635 2287 1704 2321 aliis
1725 2288 2003 2332 supradictiscon·

1256 2346 1303 2373 tra
1329 2339 1502 2383 praemissa
1528 2341 1559 2374 in
1586 2341 1729 2384 ipsorum
1757 2341 1895 2375 savorem
1925 2340 2003 2374 alias

1255 2393 1496 2436 disponentium
1508 2395 1588 2427 saeta
1597 2395 1643 2428 vel
1653 2394 1810 2434 sarienda,
1822 2394 2000 2438 acquirere,

1256 2446 1374 2490 illaque
1400 2446 1528 2486 babere,
1557 2447 1693 2481 retinere
1711 2453 1741 2481 et
1761 2446 2003 2491 apprehendere

1256 2500 1409 2532 hactenus
1424 2501 1578 2544 potuisse,
1594 2511 1698 2545 neque
1719 2500 1872 2544 deinceps
1895 2509 1998 2543 posse.

1300 2554 1315 2594 g
1330 2552 1359 2585 ἦ.
1378 2553 1632 2588 Etniliilominus
1646 2553 1910 2587 constitutionem
1920 2552 2002 2586 eius·
2016 2554 2174 2609 ‘ffffilgsso‘gv
2202 2591 2203 2594 Ἴ

2053 2614 2073 2633 ι,
2088 2610 2164 2630 touton
2176 2614 2177 2622 ¹

2017 2636 2157 2661 tamtam·
2169 2645 2171 2649 ·
2184 2643 2185 2651 ¹
2200 2646 2202 2648 ·

1255 2606 1328 2640 dem
1347 2606 1425 2640 Sixti
1451 2607 1704 2651 praedecessoris
1723 2607 1761 2641 ad
1780 2616 2002 2651 quaecumque

1254 2660 1349 2694 etiam
1375 2671 1490 2703 gottern
1518 2666 1754 2699 contractuum,
1777 2665 2000 2705 praeterquam

2006 261 2102 289 An.C.
2123 262 2200 290 1ι«’Α
2252 273 2253 280 1

2051 324 2151 346 noctarat
2178 329 2188 343 ἱ

1249 371 1350 404 motu,
1372 365 1508 399 seientia
1525 393 1532 405 ,
1554 376 1588 398 ac
1610 365 1772 409 potestatis
1791 365 1991 410 plenitudine
2005 351 2175 407 'fississfffiiss

1248 418 1420 459 similibus,
1440 419 1882 462 declaramus‚quaseumque
1905 430 1991 453 com·
2006 405 2173 460 ῗὲῖᾒῖἶζῗωῖο
2217 422 2220 440 ³

1249 473 1433 513 munitates,
1458 472 1678 506 universitates
1698 478 1727 505 et
1746 472 1891 516 collegia,
1911 483 1992 516 quae
2006 456 2176 520 2Βῖὴὲῗῖῧὲ

1249 532 1335 560 extra
1353 526 1477 559 Statum
1497 526 1755 560 Ecclesiasticum
1783 526 1921 559 existunt
1937 553 1944 566 ‚
1963 531 1995 559 et
2007 511 2170 562 {lssl'issii-tssssfi'*
