2253 3195
238 208 286 233 An.
305 208 332 233 c.
354 206 423 234 1596
469 196 533 230 284

437 255 514 287 dere
534 260 563 287 et
592 254 655 286 fine
682 253 791 286 debito
818 251 1003 285 terminare.
1031 250 1095 283 Nec
1114 259 1179 282 non

438 309 476 340 de
497 307 648 340 ominibus
665 311 694 339 et
715 305 848 347 singulis
868 304 1138 348 quibuscumque,
1150 308 1182 335 et

438 367 737 404 quantumcumque
763 358 951 391 enormibus
975 356 1178 396 criminibus,

438 413 560 446 delictis
581 419 608 445 et
631 411 810 444 excessibus
833 416 895 443 tam
916 410 949 443 in
968 410 1054 443 Urbe
1074 415 1105 443 et
1123 409 1183 443 Cu-

439 467 485 499 ria
510 465 693 509 praedictis,
709 475 806 508 quam
827 470 915 497 extra
935 474 989 497 eas
1008 474 1067 507 per
1086 473 1182 507 quos-

439 530 576 562 cumque
606 524 669 551 tam
694 518 838 551 eiusdem
867 517 979 551 Curiae
1009 522 1105 560 atque
1125 517 1182 550 Se-

440 573 486 605 dis
516 571 691 610 officiales,
716 581 814 614 quam
839 571 958 604 dictam
987 571 1103 604 Sedem
1135 580 1184 602 se-

440 631 584 669 quentes,
601 631 629 658 et
644 625 724 658 alios
737 625 832 658 etiam
855 635 872 657 a
892 624 1116 657 iurisdictione
1127 623 1184 657 Or-

440 679 639 712 dinariorum
657 685 832 722 exemptos,
846 690 882 711 ac
904 678 1007 711 dictae
1027 677 1102 711 Sedi
1122 677 1183 710 im-

440 732 577 765 mediate
591 732 764 772 subiectos,
782 731 1015 775 cuiuscumque
1035 730 1185 764 ecclesia-

439 786 536 819 sticae
570 786 618 818 vel
652 786 836 818 mundanae
876 784 1059 827 dignitatis,
1087 784 1184 817 etiarn

440 839 641 883 episcopalis,
658 840 706 872 vel
728 839 870 879 maioris,
887 844 917 872 et
937 849 995 883 per
1014 849 1186 882 quoscum-

441 903 502 936 que
518 893 598 925 alios
609 893 842 936 cuiuscumque
860 898 971 933 status,
987 892 1117 935 gradus,
1134 902 1187 925 or-

441 946 534 985 dinis,
551 946 600 979 vel
620 946 815 979 conditionis
835 946 964 986 suerint,
981 945 1183 989 perpetratis,

442 1000 488 1032 vel
523 999 768 1044 perpetrandis,
799 1006 862 1031 tam
899 1000 939 1032 ad
967 999 1188 1043 procuratoris

442 1053 558 1086 fiscalis
579 1053 861 1086 denunciationem
882 1058 912 1086 et
932 1053 1184 1097 promotionem,

442 1117 538 1151 quam
566 1107 662 1139 etiam
689 1106 828 1150 partium
855 1106 1092 1140 accusationem
1108 1133 1116 1147 ,
1139 1107 1188 1139 vel

443 1160 538 1193 ctiam
558 1160 809 1202 instigationem,
826 1170 880 1192 scu
903 1170 939 1193 ex
960 1169 1050 1193 mero
1067 1159 1185 1201 officio,

443 1219 472 1246 et
493 1213 599 1256 quoad
621 1223 733 1246 omnes
750 1212 905 1256 privative
925 1213 1119 1257 perpetratis
1132 1223 1190 1257 per

445 1267 588 1299 notarios
610 1272 692 1307 tuos,
720 1271 749 1298 et
769 1266 969 1305 substitutos,
993 1266 1142 1310 interque
1160 1272 1190 1300 et

445 1326 558 1353 contra
577 1330 643 1359 eos,
667 1331 703 1352 ac
728 1319 807 1353 alios
828 1319 859 1351 in
883 1330 996 1353 eorum
1018 1316 1142 1360 officiis,
1159 1325 1190 1353 et

446 1374 531 1406 intus
556 1383 592 1405 ca
621 1373 724 1405 solum
748 1372 911 1416 inquirere
926 1400 933 1411 ,
958 1379 987 1406 et
1008 1383 1105 1417 super
1128 1373 1191 1406 illis

447 1434 509 1460 tam
532 1438 589 1471 per
609 1428 692 1460 viam
714 1427 952 1471 inquisitionis,
977 1438 1074 1472 quam
1095 1438 1190 1461 accu-

445 1473 596 1521 sationis,
624 1492 680 1513 seu
709 1480 982 1514 denominationis
1003 1487 1033 1514 et
1054 1481 1188 1523 instiga-

447 1535 543 1568 tionis
564 1534 751 1567 lmiusmodi
770 1535 957 1578 procedere,
973 1540 1003 1568 et
1016 1535 1193 1578 culpabiles

446 1594 602 1632 repertos,
620 1588 705 1621 iuxta
718 1599 850 1621 suorum
866 1599 1052 1622 excessuum
1065 1589 1193 1631 exigen-

448 1641 522 1674 tiam
545 1647 573 1674 et
592 1641 790 1685 qualitatem,
814 1642 926 1686 quovis
947 1643 1043 1675 modo
1064 1643 1189 1686 punire.

284 1706 310 1741 ,χ’
335 1705 432 1745 ','.'vs¹'*[[',¹,'.
448 1696 629 1728 Dummodo
658 1695 832 1728 monitoria
862 1701 975 1729 contra
1001 1696 1190 1740 episcopos,

304 1784 313 1796 ,Α
354 1786 364 1797 ,,
396 1749 495 1797 ,,,·.ζῑ’·.·1
522 1759 633 1781 corum
660 1749 844 1792 superiores
873 1749 913 1782 ad
938 1750 1193 1793 comparendum

275 1810 280 1821 ¹
312 1802 679 1845 ''¹¹¹''⁴··'·personaliter,
714 1802 773 1834 nisi
807 1802 935 1845 praevia
967 1803 1195 1836 commissione

451 1866 546 1888 manu
569 1862 677 1888 nostra
697 1855 831 1894 simiata.
856 1866 919 1888 non
941 1856 1104 1889 flers-ruas.
1132 1856 1195 1890 Nec

451 1920 513 1942 non
537 1921 757 1953 quas‹·ttiiupu.=
781 1910 899 1942 litteras
923 1911 1115 1954 apostolicas
1135 1922 1192 1951 {se-

451 1963 576 1995 nei-ales
597 1969 624 1994 et
649 1962 859 2006 particulares
881 1968 943 1995 tam
965 1963 1025 1995 sul»
1048 1964 1192 2006 plumbo,

451 2016 545 2048 etiam
568 2028 625 2060 per
649 2016 790 2048 ollis-ium
813 2016 995 2049 :uidit-ntiae
1013 2022 1194 2049 nostrarum

452 2123 592 2155 ollis-ium
617 2123 750 2155 minoris
769 2123 889 2163 gratiat-
908 2122 1084 2166 expeditas,
1100 2134 1195 2166 quam

455 2178 483 2208 iu
507 2179 609 2208 t'urma
632 2176 745 2211 lira-vis,
761 2183 788 2207 et
810 2188 947 2220 «piarum
970 2177 1069 2209 solam
1092 2177 1197 2216 sigua-

455 2238 556 2262 tuiam
579 2230 724 2262 >atti-vra·
743 2241 930 2262 murt->sum
951 2230 1059 2267 fucrit,
1076 2229 1198 2273 suppli-

454 2283 595 2315 catione-s
611 2296 666 2327 per
685 2295 752 2319 nus,
769 2290 795 2314 vt
820 2294 878 2326 pro
900 2289 1044 2327 tempore
1062 2283 1197 2315 existeti-

456 2343 498 2368 tes
515 2338 674 2369 lloiuanos
690 2337 870 2375 tumtun-vs,
885 2343 934 2369 aut
962 2337 990 2369 in
1010 2348 1120 2369 vmauu
1142 2348 1196 2369 seu

457 2397 561 2422 nostra
590 2390 766 2434 praa-sentia
788 2391 948 2429 simiatas.
971 2401 1094 2422 niwnun
1118 2390 1199 2423 litte-

458 2455 505 2474 ras
528 2455 584 2486 pro
607 2451 750 2487 tempora·
776 2443 937 2476 existentis
965 2443 1132 2476 rauwt·.'u·ii
1163 2455 1198 2475 ai·

459 2497 694 2538 p‹›··uit‹·nti:u·ii
719 2497 848 2529 maioris
879 2503 1061 2529 nostrorum
1089 2497 1200 2539 (ilum-

460 2551 556 2581 nuuln
579 2550 607 2582 in
631 2551 701 2587 illis,
719 2558 746 2582 vt
772 2551 883 2583 litteris
905 2550 1088 2594 apostolicis
1110 2561 1200 2594 prae-

460 2603 551 2634 «tirus
570 2604 639 2634 aliis
665 2610 876 2647 cxvqtuitorcs
897 2603 1037 2647 ‹lc-putati
1061 2603 1202 2636 110111118-

1020 202 1203 226 BULLARIUM
1223 201 1377 225 ROMANUM

1214 248 1296 291 rint)
1307 248 1409 288 solus;
1425 248 1459 280 in
1472 247 1590 292 quibus
1601 257 1676 281 vero
1689 248 1832 292 deputati
1845 252 1952 288 erunt,

1215 301 1409 334 cumulative
1429 311 1502 334 cum
1522 300 1586 334 illis
1605 301 1731 345 exequi,
1751 306 1783 334 et
1800 312 1898 345 super
1917 301 1956 334 il-

1215 356 1253 389 lis
1287 365 1457 399 processus
1487 354 1613 388 debitos
1641 354 1674 387 in
1705 355 1810 387 forma
1839 355 1933 388 solita
1946 382 1954 395 ,

1216 409 1312 442 etiam
1332 419 1406 442 eum
1426 407 1689 452 promulgatione
1705 418 1914 442 censurarum
1926 408 1958 441 in

1216 462 1374 495 similibus
1386 461 1587 506 promulgari
1595 461 1763 494 solitarum
1773 461 1957 495 decernere.

1215 516 1258 548 Ac
1277 522 1404 548 tuarum
1424 525 1483 558 per
1502 519 1544 555 te,
1572 520 1708 557 tuosque
1726 514 1957 547 locumtenen-

1217 574 1274 609 teS,
1294 579 1350 602 seu
1367 567 1496 612 quosvis
1509 567 1590 600 alios
1608 573 1672 600 tam
1686 566 1920 601 ecclesiasticos
1932 572 1964 600 et

1217 624 1398 656 saeculares
1411 623 1544 663 iudices,
1560 627 1591 655 et
1609 628 1673 655 tam
1687 622 1852 664 delegatos
1865 632 1962 665 quam

1217 677 1456 719 subdelegatos,
1479 686 1516 709 ac
1529 675 1625 709 etiam
1638 685 1806 708 causarum
1820 673 1897 708 dicti
1908 685 1965 718 pa-

1218 731 1287 763 latii
1314 730 1479 764 auditores
1493 757 1501 770 ,
1533 729 1582 762 vel
1608 739 1668 762 nos
1682 756 1689 770 ‚
1719 734 1774 762 aut
1802 729 1965 762 Romanos

1218 784 1391 818 Pontifices
1407 794 1467 828 pro
1485 790 1630 827 tempore
1649 783 1831 824 existentes,
1849 788 1914 816 tam
1931 782 1964 815 in

1219 838 1326 882 specie
1347 848 1444 882 quarn
1462 837 1496 870 in
1516 847 1647 880 genere,
1674 847 1711 870 ac
1731 836 1809 869 alias
1829 846 1967 880 quomo-

1221 892 1344 925 dolibet
1355 891 1387 924 in
1400 891 1514 924 eadem
1530 890 1635 930 Curia,
1651 895 1683 923 et
1702 894 1792 923 extra
1809 899 1869 933 pro
1888 895 1968 930 tem-7

1220 955 1300 989 pore
1319 944 1459 978 latarum
1479 942 1724 983 sententiarum,
1740 952 1868 976 necnon
1886 946 1983 987 quo-'

1220 1007 1436 1041 rumcumque
1454 1006 1665 1041 processuum
1686 995 1898 1038 generalium,
1918 996 1968 1029 vel

1221 1051 1410 1096 specialium
1424 1078 1431 1091 ,
1452 1056 1518 1084 tam
1538 1049 1570 1082 in
1591 1049 1643 1083 die
1666 1048 1790 1083 Coenae
1814 1048 1965 1089 Domini,

1222 1115 1320 1149 quam
1338 1105 1417 1138 alias
1430 1114 1503 1138 cum
1520 1113 1732 1138 censurarum
1745 1109 1777 1136 et
1788 1113 1967 1147 poenarum

1223 1158 1512 1192 ecclesiasticarum
1539 1156 1764 1191 fulminatione
1797 1155 1867 1190 fieri
1887 1155 1967 1189 soli-

1224 1218 1329 1246 torum
1351 1210 1612 1254 exequutionem,
1636 1220 1716 1253 quas
1736 1208 1862 1242 etiamsi
1883 1208 1970 1242 dele-

1223 1265 1304 1308 gatis
1323 1265 1371 1298 vel
1392 1263 1609 1306 subdelegatis
1625 1261 1810 1306 praedictis,
1827 1267 1883 1295 aut
1900 1261 1970 1306 qui-

1223 1319 1331 1352 busvis
1351 1318 1431 1359 aliis,
1455 1317 1550 1351 etiam
1569 1316 1750 1361 specialiter
1768 1325 1828 1360 per
1846 1325 1916 1356 nos,
1939 1321 1971 1349 et

1224 1373 1339 1407 Sedem
1360 1371 1559 1416 praedictam
1578 1369 1750 1404 commissa
1766 1369 1896 1410 suerint,
1914 1369 1970 1402 tibi

1225 1426 1436 1467 cumulatim,
1460 1431 1490 1458 et
1509 1435 1574 1458 non
1592 1423 1758 1468 privative,
1782 1422 1971 1456 commissas

1226 1491 1294 1514 esse
1314 1480 1464 1513 volumus
1485 1484 1581 1522 atque
1599 1477 1816 1518 decernimus,
1840 1475 1972 1510 servatis

1228 1533 1373 1567 terminis
1398 1533 1430 1565 in
1448 1531 1603 1565 tribunali
1626 1536 1680 1564 tuo
1700 1529 1886 1564 huiusmodi
1907 1540 1973 1563 ser-

1228 1588 1293 1621 vari
1313 1586 1428 1626 solitis,
1456 1585 1552 1619 etiam
1573 1584 1708 1627 singulis
1728 1583 1842 1617 diebus
1859 1588 1890 1616 et
1908 1583 1971 1616 ho-

1229 1642 1282 1682 ris,
1306 1646 1403 1686 prout
1420 1640 1451 1673 in
1472 1638 1644 1673 ordinariis
1661 1643 1851 1672 consuetum
1872 1642 1919 1671 est
1931 1637 1976 1670 sa-

1229 1706 1312 1734 cere,
1329 1694 1463 1737 illasque
1477 1698 1509 1726 et
1521 1693 1592 1726 illos
1606 1691 1733 1725 debitae
1752 1689 1972 1735 exequutioni,

1229 1749 1325 1782 etiam
1346 1747 1370 1780 si
1393 1757 1474 1791 opus
1499 1745 1606 1786 suerit,
1630 1755 1703 1779 cum
1724 1743 1833 1778 auxilii
1850 1743 1975 1777 brachii

1212 1800 1402 1846 ¹saecularis
1436 1799 1658 1839 invocatione,
1693 1797 1903 1831 demandare.
1938 1796 1977 1830 Et

1229 1864 1450 1899 quascumque
1463 1851 1724 1892 communitates,
1738 1849 1973 1891 universitates,

1230 1908 1376 1950 collegia,
1395 1906 1546 1950 capitula,
1563 1915 1691 1939 necnon
1708 1905 1805 1938 etiam
1825 1909 1913 1938 extra
1929 1903 1977 1938 di-

1213 1969 1312 1996 ,›‹:tam
1337 1960 1465 1994 Curiam
1489 1960 1641 2002 degentes
1662 1968 1816 2003 personas
1835 1967 1895 2002 pro
1915 1958 1974 1992 de-

1214 2016 1304 2055 ¹bitis
1325 2026 1382 2058 per
1402 2025 1457 2048 eos
1478 2013 1509 2046 in
1535 2014 1647 2047 eadem
1668 2012 1762 2047 Curia
1778 2011 1952 2045 contractis
1966 2038 1974 2052 ,

452 2069 629 2102 lius—rarum
652 2070 936 2105 contraduturum,
957 2080 993 2102 ac
1022 2069 1117 2102 etiam
1140 2057 1215 2113 per¹¹

1230 2075 1285 2102 aut
1304 2068 1434 2106 salarie,
1458 2078 1514 2100 seu
1535 2071 1701 2100 contractu
1723 2065 1754 2098 in
1780 2064 1865 2099 dicta
1884 2063 1978 2098 Curia

1232 2122 1328 2161 iuit0;
1353 2121 1506 2163 degentes
1522 2129 1598 2153 vero
1619 2119 1651 2152 in
1672 2118 1785 2152 eadem
1804 2117 1908 2159 Curia,
1922 2128 1978 2151 seu

1231 2176 1368 2209 curiales
1386 2173 1633 2213 ecclesiasticos,
1656 2172 1837 2206 saeculares
1861 2171 1909 2204 vel
1929 2180 1978 2204 re-

1232 2230 1371 2270 gulares,
1393 2227 1489 2260 ctiam
1518 2227 1558 2260 ab
1588 2226 1656 2270 ipsa
1685 2225 1781 2260 Curia
1805 2224 1975 2265 absentes,

1232 2283 1464 2325 ‹niusteunupw
1484 2286 1596 2327 status,
1619 2279 1749 2321 gradus,
1773 2277 1908 2318 ordinis,
1931 2277 1979 2311 di-

1233 2336 1384 2377 gnitatis,
1406 2335 1501 2368 etiam
1538 2332 1733 2378 pontificalis
1763 2331 1976 2373 conditionis,

1233 2390 1279 2422 vel
1301 2387 1573 2434 praeeminentiae
1594 2386 1764 2428 existentes
1776 2395 1834 2429 pro
1847 2383 1980 2429 quibus-

1234 2444 1278 2476 vis
1296 2444 1402 2482 rebus,
1417 2449 1444 2476 et
1465 2441 1675 2486 pecuniarum
1693 2439 1829 2474 summis
1845 2439 1885 2473 ad
1899 2449 1980 2483 quo-

1235 2496 1353 2528 riuuvis
1373 2495 1471 2528 etiam
1491 2493 1684 2532 absentium,
1701 2503 1839 2538 quorum
1861 2491 1979 2526 intere-

1236 2549 1285 2589 rit,
1303 2560 1360 2593 pro
1376 2555 1520 2592 tempore
1535 2546 1731 2585 instantiam,
1747 2545 1873 2590 quoties
1886 2555 1979 2590 expe-

1236 2601 1342 2642 dierit,
1367 2602 1461 2635 etiam
1481 2611 1538 2645 per
1558 2600 1698 2634 edictum
1719 2599 1884 2644 publicum
1902 2607 1979 2631 con-

1926 229 1929 235 Κ
1969 198 2145 230 An.c.15·,
2167 219 2170 221 >
