2253 3195
259 250 308 276 An.
331 250 358 277 C.
378 250 444 278 1597

297 1984 359 2004 salle·

258 2014 347 2029 nntium
385 2013 439 2029 Ιωῐι·

258 2039 344 2061 ιιιιιιςιῐιι
355 2036 430 2056 rlawlm

381 1989 441 2009 prac-

490 240 554 274 408

459 310 530 332 rum
573 298 701 332 monitis
748 296 946 341 primodictis
982 297 1219 349 praefixorumss

1009 261 1013 264 -
1041 246 1224 274 nurmmun
1243 241 1397 273 Romnum

1279 297 1293 340 ξ
1317 296 1370 329 33.
1391 297 1430 330 Et
1452 297 1671 338 nihilominus,
1691 308 1731 330 ne
1747 298 1817 342 quis
1832 299 1972 342 aliquam

1989 248 2038 276 An.
2061 248 2088 275 C.
2106 247 2173 277 159⁷

2055 309 2172 340 rusticano
2208 303 2210 305 ’

1987 338 2108 362 praesentis
2121 342 2171 358 cou-

458 352 560 395 spatio
584 351 688 384 adhuc
707 350 854 390 durante,
874 349 944 393 ipso
967 350 1121 383 nimirum
1145 350 1196 383 in·
1216 350 1481 395 {praemissorum
1504 350 1719 393 ignorantiam
1743 351 1947 393 praetendere
1962 378 1970 391 ,
1988 362 2112 383 stitutionis,

458 404 613 438 termedio
637 409 796 446 tempore,
824 409 997 446 antequam
1021 413 1218 454 &commu-5

458 456 625 490 nicationis
649 467 784 500 poenam
810 456 851 490 ob
876 456 1126 490 inobedientiam
1152 457 1200 490 in-

457 515 599 548 currant,
619 508 756 541 assiduis
779 509 979 542 orationibus
996 519 1122 543 summo
1139 509 1200 553 spi·
1216 518 1217 523 ¹

458 561 537 594 ritus
560 562 682 594 fervore
715 556 855 595 clament
879 562 919 595 ad
943 562 1133 602 Dominum,
1160 550 1218 596 nef

1216 606 1218 621 l

456 614 596 657 patiatur
620 614 740 648 dictum
768 614 953 655 Caesarem,
981 621 1012 648 et
1043 615 1098 658 qui
1127 626 1218 662 eum}

457 672 655 710 sequuntur,
683 667 715 700 in
747 667 943 711 profundum
967 669 1125 701 malorum
1151 665 1218 723 νεὶ-ξ

457 720 536 760 nire,
563 725 592 752 et
615 721 721 763 ipsum
745 720 907 753 ultionum
930 721 1101 754 Dominum
1126 731 1218 762 con—,

459 780 610 811 temnere,
637 774 670 806 in
696 775 787 807 cuius
812 784 927 807 manus
959 774 1100 807 incidere
1124 775 1218 817 hor-4

458 826 548 860 ribile
580 833 644 867 est,
671 827 727 860 sed
759 827 915 861 illuminet
946 828 1056 860 oculos
1088 838 1219 883 eorum}

457 890 495 913 ne
527 879 732 913 obdormiant
762 880 795 913 in
832 886 952 920 morte;
987 887 1054 914 tum
1089 890 1200 914 omnes

458 933 604 977 privatim
618 938 649 966 et
664 933 791 977 publice
804 934 1010 974 admoneant,
1023 944 1120 977 quam
1136 927 1200 966 me-
1217 926 1218 941 ¹

458 985 577 1018 tuenda
603 995 652 1018 res
677 986 717 1018 sit
741 986 1043 1025 excommunicatio,
1063 997 1127 1029 qua
1142 986 1219 1034 im-l

458 1037 499 1079 pii
525 1043 556 1071 et
579 1037 748 1079 obdurati,
775 1049 810 1071 ac
836 1038 1052 1071 inobedientes
1083 1039 1123 1071 ab
1152 1048 1201 1071 ec-

458 1089 551 1122 clesia
576 1091 744 1131 catholiea,
764 1101 845 1134 quae
863 1096 909 1124 est
926 1101 1042 1135 corpus
1067 1091 1197 1131 Christi,

450 1148 664 1186 separantur,
691 1149 721 1177 et
745 1155 763 1176 a
787 1143 930 1177 fidelium
961 1144 1144 1184 consortio,
1170 1151 1202 1178 et

456 1202 642 1229 sanctorum
667 1197 896 1230 communione
913 1201 1063 1230 arcentur
1080 1197 1201 1240 longis-

457 1248 546 1289 sime,
566 1260 600 1282 ac
626 1256 794 1294 propterea
817 1255 950 1293 pareant
973 1250 1131 1283 mandatis
1144 1250 1201 1283 Ec-

456 1302 570 1334 clesiae
602 1312 681 1335 neve
715 1302 788 1335 ullis
820 1302 967 1337 humanis
1000 1303 1197 1344 rationibus,

457 1359 576 1387 tantam
593 1355 774 1387 animarum
799 1365 930 1388 suarum
947 1355 1122 1399 perniciem
1147 1366 1200 1399 pa-

458 1406 587 1439 tiantur.
605 1406 692 1446 Quid
705 1408 793 1440 enim
803 1407 933 1450 prodest
945 1408 1073 1441 homini
1084 1409 1114 1440 si
1125 1409 1201 1440 uni-
1216 1399 1218 1427 ¹

455 1468 580 1491 versum
602 1459 764 1492 mundum
792 1460 953 1499 lucretur,
978 1461 1110 1493 animae
1129 1471 1221 1497 veroy

455 1521 534 1543 suae
558 1511 790 1544 detrimentum
807 1513 988 1556 patiatur?
1012 1513 1080 1546 Aue
1100 1524 1218 1572 quam⁴

456 1563 547 1596 dabie
569 1564 663 1596 homo
690 1566 973 1598 commutationem
1001 1576 1062 1608 pro
1086 1566 1218 1603 anima}

455 1617 535 1648 ειια·
552 1617 567 1648 ἔ)
586 1617 738 1660 Alioquin
762 1628 838 1657 eos,
867 1619 921 1661 qui
946 1618 978 1651 in
1004 1618 1111 1651 cordis
1135 1618 1197 1651 du-

455 1669 526 1702 ritia
544 1675 574 1702 et
592 1669 809 1703 inobedientia
828 1671 1073 1714 permanserint,
1097 1672 1197 1703 male-

456 1722 557 1755 dictos
581 1727 611 1754 et
634 1722 829 1757 execrabiles
853 1724 919 1756 sore
944 1724 1197 1764 comminentur,

455 1779 485 1806 et
510 1784 582 1807 eum
604 1771 687 1807 luda
712 1774 887 1818 proditore.
915 1781 946 1808 et
974 1786 1046 1809 cum
1073 1775 1200 1809 diabolo

455 1832 485 1858 et
509 1826 628 1869 angelis
651 1826 719 1858 eius
745 1826 915 1860 rebellibus
932 1834 1054 1872 partem
1072 1829 1199 1862 babitu-

457 1888 508 1911 ros
533 1878 564 1910 in
589 1879 660 1921 igne
684 1885 714 1911 et
739 1880 931 1912 cruciatibus
956 1881 1166 1924 sempiternis

505 1930 597 1971 §3-2.
635 1932 816 1968 Postremo,
849 1932 924 1975 quia
957 1933 1087 1965 difficile
1120 1933 1200 1966 soret

458 1990 637 2026 praesentes
670 1984 785 2016 litteras·
823 1985 861 2016 ad
894 1984 1018 2027 singula
1054 1995 1199 2028 quaeque

459 2036 526 2068 loca
551 2036 678 2075 deferri,
700 2036 732 2068 in
751 2036 867 2079 quibus
892 2046 1001 2068 earum
1026 2036 1198 2080 publicatio

457 2089 632 2121 necessaria
665 2091 762 2129 leret,
792 2088 937 2121 volumus
968 2093 1009 2128 et,
1038 2089 1198 2132 praedicta

455 2142 655 2179 auctoritate,
677 2141 890 2179 decerninms,
919 2147 952 2174 ut
977 2152 1086 2174 earum
1114 2147 1198 2174 tran-

456 2195 599 2238 sumptis,
625 2194 718 2226 eliam
744 2194 915 2237 impressis,
944 2200 973 2227 ct
1000 2194 1030 2226 in
1057 2194 1197 2227 italicum

456 2255 508 2278 seu
518 2246 743 2289 quodvisaliud
751 2246 869 2279 idioma
880 2246 1015 2278 fideliler
1024 2246 1195 2284 conversis,

456 2309 550 2331 manu
570 2298 704 2331 alicuius
729 2298 843 2330 notarii
862 2297 978 2341 publici
997 2298 1195 2340 subscriptis,

455 2355 483 2381 vt
508 2351 613 2393 sigillo
637 2351 772 2384 alicuius
801 2361 953 2394 personae
982 2351 1013 2383 in
1046 2351 1198 2393 dignitate

456 2402 669 2435 ceclesiastisa
694 2402 884 2435 constitutae
910 2403 1051 2442 munitis,
1081 2402 1198 2446 ubiqm,¹

457 2455 599 2487 los-orum
625 2460 655 2487 ct
674 2456 814 2498 gentium
837 2455 946 2488 emicui
965 2455 1096 2488 omnino
1121 2455 1198 2487 tides

457 2507 626 2546 habemur,
655 2517 736 2550 quae
760 2508 978 2552 praesentibus
995 2508 1084 2551 ipsis,
1103 2508 1128 2540 si
1146 2511 1193 2541 l'o-

458 2565 525 2591 rent
543 2560 698 2592 exhibitae
717 2561 762 2593 vel
780 2567 934 2600 ostensae,
953 2560 1132 2594 baberetur.

494 2622 502 2645 ¹
529 2621 630 2648 Alaun.
648 2627 702 2653 avt,
723 2623 766 2648 20.
787 2623 871 2656 (ns.)

1233 409 1288 436 aut
1303 403 1370 436 ullo
1386 413 1530 446 unquam
1547 408 1689 447 tempore
1712 403 1798 435 illam
1824 403 1970 446 allegare,

1233 464 1288 488 seu
1313 466 1346 488 se
1369 466 1521 489 excusare
1546 455 1657 498 possit,
1677 455 1804 488 easdem
1828 466 1976 499 praesen·

1235 512 1281 541 tes
1306 508 1427 541 litteras
1451 509 1483 541 in
1506 509 1578 542 loco
1611 509 1704 542 solito
1735 508 1843 552 palatii
1875 508 1975 542 nostri

1234 561 1399 602 apostolici
1420 560 1505 604 apud
1522 560 1673 594 Sanctum
1691 561 1831 602 Petrum,
1848 560 1903 593 ubi
1918 561 1972 594 lit-

1236 618 1321 646 terae
1354 624 1522 657 processus
1546 614 1763 647 Romanorum
1787 613 1976 647 Pontificum

1234 665 1283 698 die
1302 666 1422 700 Coenae
1439 666 1575 710 Domini
1589 666 1744 710 publicari
1761 667 1876 706 solent,
1887 677 1976 710 prae-

1234 719 1377 752 sentibus
1401 719 1435 753 S.
1461 720 1497 752 R.
1522 720 1557 752 E.
1587 719 1816 761 cardinalibus,
1835 731 1874 753 ac
1899 720 1976 753 alio-

1234 782 1306 805 rum
1330 771 1470 805 fidelium
1494 772 1697 805 multitudine
1720 773 1866 816 copiosa,
1896 773 1973 806 seci-

1232 834 1305 857 mus
1328 824 1497 868 publicari,
1515 830 1546 858 et
1570 830 1730 868 praeterea
1754 831 1817 859 tam
1840 825 1874 858 in
1891 825 1976 860 Urbe

1234 883 1353 918 nostra,
1373 878 1406 911 in
1431 878 1633 911 Lateranensi
1659 884 1690 912 et
1713 878 1870 921 Principis
1893 879 1976 922 Apo-

1235 933 1389 965 stolorum
1413 931 1452 963 de
1475 932 1557 965 Urbe
1581 930 1838 972 basilicarum,et
1851 932 1883 965 in
1897 932 1976 966 Can-

1235 984 1380 1018 cellariae
1397 989 1525 1017 nostrae
1549 983 1749 1027 Apostolicae
1766 984 1873 1025 valvis,
1889 995 1926 1018 ac
1943 985 1976 1018 in

1217 1037 1301 1069 'acie
1326 1036 1434 1080 Campi
1457 1037 1580 1078 Florae,
1600 1047 1657 1081 per
1681 1037 1820 1080 aliquem
1844 1048 1881 1070 ex
1905 1048 1976 1071 cur-

1235 1089 1361 1123 soribus
1402 1090 1539 1129 nostris,
1576 1100 1673 1132 quam
1708 1090 1803 1122 etiam
1840 1089 1873 1122 in
1903 1100 1974 1123 me-

1235 1143 1447 1185 tropolitanae
1482 1142 1678 1176 Bononiensi
1719 1147 1749 1175 et
1786 1143 1976 1176 cathedralis

1234 1195 1410 1229 Cervicnsis
1433 1195 1641 1229 ecclesiarum
1665 1195 1779 1236 valvis,
1806 1206 1895 1229 more
1919 1206 1977 1229 so-

1234 1247 1289 1280 lito
1320 1248 1382 1290 legi
1413 1254 1443 1280 et
1474 1244 1650 1291 publicari,
1678 1258 1714 1280 ac
1738 1247 1782 1280 ibi
1814 1247 1920 1291 affigi,
1946 1254 1977 1281 et

1234 1311 1291 1344 per
1315 1301 1444 1344 aliquod
1467 1301 1619 1344 temporis
1643 1301 1781 1344 spatium
1806 1300 1916 1334 affixas
1931 1300 1976 1334 di-

1235 1351 1328 1390 mitti,
1347 1351 1458 1394 eisque
1473 1356 1582 1394 postea
1599 1350 1673 1384 inde
1690 1351 1852 1391 detractis,
1865 1361 1975 1384 earum

1234 1405 1378 1447 exempla
1408 1404 1441 1436 in
1473 1403 1593 1437 eisdem
1626 1403 1704 1437 locis
1735 1403 1854 1446 pariter
1882 1403 1976 1438 affixa

1234 1457 1372 1500 relinqui
1397 1458 1543 1490 volumus
1567 1462 1598 1489 et
1629 1457 1828 1490 mandamus
1853 1457 1976 1490 Decer-

1234 1515 1345 1543 nentes
1370 1509 1621 1553 publicationem
1646 1514 1677 1542 et
1701 1509 1885 1542 affixionem
1916 1509 1975 1543 liu-

1235 1562 1374 1595 iusinodi
1399 1562 1566 1597 Caesarem
1590 1568 1621 1596 et
1645 1561 1723 1595 alios
1748 1561 1896 1602 monitos,
1923 1572 1975 1595 ex-

1216 1626 1218 1645 1
1234 1616 1498 1657 communicatos,
1526 1621 1721 1659 aggravat03‚
1738 1621 1972 1658 reaggravatOS,

1234 1668 1528 1710 anathematizatos,
1556 1668 1755 1709 maledictos,
1781 1668 1921 1712 privatos
1945 1674 1976 1701 et

1234 1721 1470 1761 inliahilitatos,
1504 1731 1541 1754 ac
1576 1726 1720 1754 caeteros
1754 1730 1976 1765 quoscumque

1234 1773 1266 1806 in
1290 1774 1410 1807 eisdem
1441 1773 1665 1818 praesentibus
1696 1772 1810 1806 litteris
1834 1783 1972 1817 quomo-

1233 1826 1354 1859 dolibet
1376 1826 1644 1869 compraehensos
1661 1825 1791 1868 perinde
1808 1830 1929 1859 arctare
1945 1831 1976 1859 et

1234 1879 1379 1919 allicere,
1414 1889 1450 1911 ac
1481 1879 1507 1912 si
1542 1878 1664 1911 litterae
1695 1878 1875 1922 praedictae
1914 1877 1975 1912 illis

1233 1938 1264 1964 et
1287 1931 1420 1972 singulis
1450 1941 1562 1964 eorum
1587 1931 1797 1974 personaliter
1820 1930 1970 1965 notifica-

1233 1989 1293 2019 tae.
1308 1982 1466 2016 exhibitae
1492 1989 1523 2016 ct
1546 1983 1709 2016 intimatae
1734 1984 1875 2016 fuissent.

1277 2037 1292 2077 g
1317 2035 1370 2068 34.
1400 2035 1469 2068 Non
1494 2035 1695 2069 obstantibus
1719 2036 1918 2079 praemissis,
1944 2040 1974 2069 et

1233 2088 1489 2132 quibuscumque
1507 2089 1701 2132 apostolicis,
1716 2099 1840 2122 necnon
1856 2089 1889 2122 in
1903 2099 1972 2122 uni-

1233 2141 1417 2181 versalibus,
1439 2141 1686 2184 provincialibus
1712 2147 1741 2174 et
1766 2141 1974 2186 synodalibus

1233 2194 1375 2226 conciliis
1393 2194 1484 2227 editis
1496 2194 1699 2236 generalibus
1711 2205 1767 2227 seu
1782 2194 1973 2239 specialibus

1232 2245 1514 2278 constitutionibus
1527 2251 1555 2278 el
1571 2245 1840 2286 ordinationibus,
1855 2257 1892 2280 ac
1904 2247 1974 2290 qui-

1233 2299 1337 2331 busvis
1355 2298 1538 2342 privilegiis,
1558 2298 1689 2332 indultis
1713 2305 1743 2332 ct
1768 2299 1882 2341 litteris
1899 2310 1972 2344 apo-

1232 2350 1350 2383 stolicis
1367 2350 1559 2394 cuicumque
1577 2351 1813 2394 praedictorum
1832 2351 1863 2384 in
1882 2362 1972 2394 prae-

1232 2403 1375 2436 sentibus
1408 2403 1522 2436 litteris
1547 2404 1889 2446 coinpi·.·iebensorum,
1914 2414 1972 2437 nec

1233 2465 1295 2487 non
1315 2455 1576 2494 lllemlicantium,
1595 2466 1632 2488 ac
1656 2455 1883 2497 cisterciensis,
1903 2456 1972 2490 ctu-

1232 2507 1398 2547 nim-ensis,
1426 2507 1764 2545 praemonstratensis,
1780 2513 1811 2541 et
1827 2508 1898 2542 aliis
1914 2520 1971 2542 cu-

1232 2559 1327 2593 iusvis
1360 2559 1486 2593 Ordinis
1518 2565 1547 2592 ct
1578 2559 1713 2594 instituti
1747 2561 1970 2603 regularibus,

1230 2612 1326 2646 etiam
1358 2613 1608 2656 illaremaymcm
1643 2619 1674 2647 et
1706 2612 1807 2646 Bulla
1835 2613 1968 2653 Aurea,

2014 2042 2171 2066 Contrariorum

1950 2088 1955 2094 .
1987 2070 2104 2098 derogatio.
