2253 3195
846 217 992 241 CLEMENS
1012 216 1070 240 vm
1091 216 1141 239 pp.
1656 197 1721 232 293
1768 208 1818 233 An.
1840 207 1867 233 C.
1886 206 1954 234 1595

229 280 313 308 rum,
337 268 463 308 domui,
484 279 539 301 seu
561 267 696 309 collegio
718 266 915 306 huiusmodi,
937 276 972 298 ac
1052 263 1120 306 54.
1144 263 1221 297 Cum
1243 262 1349 306 plena,
1377 260 1484 304 ampla
1516 264 1546 291 et
1570 258 1671 291 libera
1701 257 1748 289 sa·
1782 268 1908 299 >emmam
1924 269 1955 288 iu-

229 322 375 367 personis
395 333 454 366 pro
485 328 631 365 tempore
660 321 691 353 in
719 331 756 353 eo
784 319 973 362 degentibus
1769 296 1954 316 ‘fflwffln'wm'

33 226 81 253 ΑΒ.
99 225 128 251 C.
150 221 219 250 1595

65 1447 179 1474 Deputatio
193 1447 225 1467 iu-

41 1474 94 1496 dicis
113 1479 225 1495 causarum

41 1501 92 1524 dicti
102 1500 225 1522 monasterii

41 1530 64 1550 et
84 1528 129 1549 eius
152 1532 225 1554 perso-

41 1561 122 1576 narum.

1009 318 1136 356 cultate,
1158 316 1348 350 auctoritate
1372 320 1402 347 et
1422 318 1576 358 potestate
1597 323 1633 344 ac
1654 310 1750 343 iuris·
1770 324 1888 348 passima,

230 377 430 416 debitarum,
455 375 764 417 manutentioneque
789 379 818 407 et
839 383 971 406 conser-
1010 371 1167 407 dictione,
1193 380 1305 402 omnes
1326 374 1356 401 et
1376 367 1518 410 singulas
1538 366 1609 398 lites
1631 370 1661 398 et
1681 375 1755 397 cau-

1010 435 1058 457 sas
1077 435 1113 457 ac
1138 423 1344 462 differentias,
1362 428 1425 454 tam
1445 421 1553 453 civiles
1573 429 1670 463 quam
1696 417 1756 450 cri-

1012 477 1146 509 minales
1166 482 1197 508 et
1222 476 1345 513 mixtas,
1375 481 1438 507 tam
1468 484 1565 517 super
1591 471 1756 505 exactione

1012 530 1169 562 dictarum
1191 529 1401 572 pecuniarum
1424 528 1629 565 donatarum,
1647 535 1684 557 ac
1705 534 1757 556 ra-

1014 583 1098 615 tione
1120 583 1244 621 domus,
1273 592 1327 614 seu
1350 580 1475 623 collegii
1503 577 1704 617 huiusmodi,
1729 582 1759 610 et

1012 646 1223 680 personarum
1254 634 1513 678 praedictarum,
1539 643 1635 676 quam
1662 631 1757 663 etiam

1013 701 1123 723 eorum
1146 690 1320 729 bonorum,
1337 698 1458 727 rerum,
1476 687 1595 720 iurium
1615 692 1642 718 et
1658 685 1758 718 aetio-

1014 754 1102 783 num,
1125 753 1184 776 nec
1210 752 1275 775 non
1305 741 1446 786 aliorum
1477 748 1760 783 quorumcumque

1014 797 1096 830 inter
1109 797 1206 835 vivos,
1221 801 1250 828 et
1263 805 1360 828 causa
1373 793 1497 833 mortis,
1514 792 1563 825 vel
1577 792 1667 835 quasi
1681 801 1759 824 con-

1016 856 1151 883 tractum
1173 849 1269 882 etiam
1291 848 1374 880 inter
1402 857 1446 886 se,
1473 845 1648 879 ramerales
1672 844 1757 877 obli-

1015 904 1169 946 gationes,
1180 909 1211 936 et
1222 913 1278 935 seu
1292 902 1376 934 illius
1397 901 1459 933 vim
1473 900 1644 937 habentes,
1659 898 1760 931 active

1016 964 1046 991 et
1058 957 1192 1001 passive,
1202 957 1287 989 ultra
1301 956 1457 998 citroque,
1473 954 1568 986 etiam
1582 963 1640 996 per
1652 952 1762 996 appel-

1016 1011 1180 1051 lationem,
1193 1016 1223 1043 et
1236 1009 1268 1042 in
1287 1018 1491 1053 quacumque
1509 1006 1669 1046 instantia,
1684 1015 1762 1049 qua-

1016 1065 1060 1097 vis
1080 1064 1261 1103 occasione,
1285 1062 1523 1106 praetensione‚
1544 1060 1592 1093 vel
1615 1070 1711 1092 causa
1732 1064 1763 1091 et

1017 1125 1201 1163 praetextu,
1227 1117 1537 1161 quomodocumque
1557 1120 1588 1147 et
1608 1113 1762 1157 qualiter-

1017 1183 1155 1216 cumque
1176 1177 1280 1204 motas
1312 1176 1343 1203 et
1362 1169 1548 1208 movendas,
1572 1166 1760 1207 summarie,

1017 1226 1206 1271 simpliciter
1225 1231 1256 1259 et
1276 1226 1315 1258 de
1335 1225 1444 1269 plano,
1461 1224 1528 1256 sola
1542 1221 1615 1255 facti
1635 1221 1764 1254 veritate

1018 1281 1170 1325 inspecta,
1192 1290 1228 1313 ac
1249 1279 1345 1312 etiam
1367 1288 1465 1310 manu
1482 1276 1624 1319 regia,et
1644 1274 1765 1318 absque

1019 1334 1127 1378 aliqua
1151 1331 1431 1372 substantialium,
1455 1335 1510 1363 aut
1537 1329 1674 1362 aliorum
1697 1334 1762 1361 ter-

1020 1388 1182 1420 minorum
1207 1384 1454 1425 observatione,
1477 1389 1531 1416 aut
1551 1382 1615 1415 alia
1635 1382 1698 1415 tela
1718 1381 1766 1414 iu-

1020 1441 1171 1481 diciaria,
1204 1440 1401 1482 ubicumque
1433 1443 1463 1471 et
1494 1437 1768 1481 quandocumque

1020 1493 1259 1538 principaliter,
1284 1492 1332 1525 vel
1362 1490 1542 1524 incidenter
1576 1488 1767 1522 tractabitur

1020 1553 1074 1581 aut
1093 1552 1206 1590 agetur
1219 1546 1258 1579 de
1278 1545 1386 1588 aliquo
1408 1544 1504 1577 etiam
1526 1542 1661 1575 minimo
1683 1541 1763 1582 iure,

1021 1607 1075 1634 aut
1106 1600 1260 1633 interesse
1290 1598 1420 1638 domus,
1451 1607 1507 1629 seu
1535 1594 1678 1637 collegii,
1715 1599 1769 1627 aut

1021 1663 1234 1698 personarum
1252 1651 1503 1696 praedictarum,
1520 1660 1577 1682 seu
1597 1647 1769 1681 cuiuslibet

1022 1717 1131 1744 earum
1153 1713 1218 1739 tam
1236 1704 1337 1738 active
1350 1714 1447 1748 quam
1461 1702 1597 1747 passive,
1611 1712 1647 1734 ac
1659 1700 1767 1744 priva-

1021 1762 1082 1795 tive
1103 1761 1143 1794 ad
1163 1770 1276 1793 omnes
1297 1765 1325 1792 et
1347 1758 1491 1801 singulos
1511 1756 1603 1795 alios,
1627 1761 1692 1788 tam
1715 1764 1768 1787 or-

1022 1815 1164 1849 dinarios
1186 1824 1284 1858 quam
1305 1812 1479 1854 delegatos,
1503 1809 1626 1843 iudices
1644 1814 1674 1841 et
1695 1817 1771 1841 con-

1022 1875 1211 1908 servatores,
1235 1878 1271 1901 ae
1292 1871 1507 1910 exequutores
1522 1892 1529 1905 ,
1553 1862 1693 1897 cuiusvis
1712 1872 1768 1895 or-

1023 1923 1121 1963 dinis,
1145 1928 1264 1962 statuS,
1288 1920 1408 1964 gradus
1432 1925 1461 1952 et
1488 1916 1685 1952 conditionis
1706 1915 1771 1949 exi-

1022 1982 1151 2016 stentes,
1173 1981 1204 2008 et
1224 1974 1335 2018 quavis
1355 1972 1556 2010 auctoritate,
1577 1969 1746 2014 privilegio
1761 1995 1768 2009 ‚

1025 2031 1149 2064 indulto
1166 2035 1197 2063 et
1213 2028 1436 2062 iurisdictione
1457 2025 1615 2063 suffultos,
1640 2033 1770 2056 eorum-

1024 2096 1086 2129 que
1107 2084 1212 2117 curias
1233 2088 1263 2115 et
1288 2080 1478 2120 tribunalia,
1507 2076 1722 2111 ecclesiastica
1742 2080 1772 2109 et

1024 2137 1214 2177 saecularia,
1229 2135 1362 2178 singulis
1378 2133 1491 2167 diebus
1511 2137 1540 2164 et
1562 2130 1661 2170 horis,
1678 2139 1773 2173 prae-

1026 2198 1173 2235 terquam
1195 2190 1227 2222 in
1251 2189 1411 2222 honorem
1436 2185 1491 2220 Dei
1520 2183 1657 2223 feriatis,
1683 2181 1772 2215 omni

1026 2252 1057 2279 et
1075 2253 1280 2289 quacumque
1308 2240 1525 2286 appellatione
1546 2242 1688 2275 remota,
1711 2246 1771 2269 au-

1027 2299 1147 2338 diendi,
1170 2296 1312 2336 videndi,
1336 2292 1564 2337 cognoscendi,
1589 2289 1771 2329 decidendi,

1027 2363 1063 2385 ac
1084 2352 1148 2384 fine
1166 2350 1274 2384 debito
1288 2346 1495 2386 terminandi,
1512 2357 1547 2378 ac
1561 2344 1688 2378 debitae
1702 2353 1774 2376 exe-

1028 2403 1176 2449 quutioni
1203 2401 1421 2436 demandandi
1451 2405 1481 2432 et
1510 2396 1700 2432 demandari
1732 2396 1776 2428 fa-

1028 2457 1144 2497 ciendi,
1169 2456 1304 2499 illasque
1325 2460 1353 2488 et
1370 2463 1480 2486 earum
1501 2451 1644 2494 singulas
1667 2460 1684 2482 a
1704 2448 1776 2493 qui-

1029 2502 1229 2552 buscumque
1249 2506 1463 2541 tribunalibus
1490 2510 1519 2538 et
1540 2503 1702 2537 iudicibus
1723 2512 1776 2536 or-

1031 2563 1164 2597 dinariis
1184 2568 1215 2595 et
1235 2559 1476 2600 commissariis‚
1501 2563 1531 2591 et
1551 2557 1622 2590 aliis
1647 2555 1777 2600 praedi-

1031 2618 1099 2658 ctis,
1114 2627 1239 2651 necnon
1249 2614 1514 2654 Convertitarum,
1529 2610 1774 2656 Neophstorum,

230 429 356 462 vatione
386 428 530 461 omnium
561 428 721 460 bonorum
752 436 901 465 suorum,
926 425 974 457 iu-

231 483 315 515 rium
342 489 372 515 et
397 482 571 521 actionum,
596 491 681 512 nune
701 485 732 512 et
752 489 809 522 pro
832 484 975 521 tempore

231 541 295 568 tam
318 536 358 568 ad
379 536 511 568 domum
530 540 562 567 et
582 533 753 575 collegium
776 530 972 567 huiusmodi,

231 599 328 633 quam
354 588 450 621 etiam
468 587 611 630 singulas
631 596 785 630 personas
803 585 833 617 in
855 595 893 617 eo
915 585 973 616 de-

231 648 351 685 gentes,
376 642 526 684 illiusque
550 640 713 679 officiales,
738 639 977 672 administrato-

232 708 282 731 res
302 703 333 730 et
353 697 398 729 illi
419 696 644 735 deservientes,
662 705 698 727 ac
718 693 822 726 litium
846 698 873 725 et
896 703 973 725 cau-

233 761 340 784 sarum
365 750 503 793 desuper
523 755 587 782 tam
608 747 710 780 active
734 757 831 790 quam
854 745 977 789 passive

234 804 297 837 iam
322 804 428 837 forsan
454 809 619 841 ortarum,
642 808 672 834 et
701 811 782 844 quae
803 800 882 832 oriri
903 809 979 832 con-

234 857 336 900 tinget
361 857 393 889 in
416 857 559 890 futurum
580 856 612 888 in
637 854 771 887 diversis
797 854 901 886 almae
921 853 979 886 Ur-

234 910 284 944 bis
313 910 539 947 tribunatibus,
565 914 597 942 et
627 918 735 941 coram
768 906 902 940 diversis
930 906 979 938 iu-

236 964 361 997 dicibus
379 974 484 1006 agere,
507 974 563 996 seu
584 962 685 1001 trahi,
708 967 738 994 et
758 971 790 994 se
811 971 848 993 ac
867 970 978 993 eorum

236 1023 267 1051 et
297 1017 412 1051 domus
442 1027 498 1050 seu
529 1015 655 1058 collegii
685 1014 871 1047 huiusmodi
896 1013 981 1046 hona

236 1077 267 1104 et
286 1071 357 1103 iura
375 1079 580 1114 recuperare,
597 1079 633 1101 ac
654 1067 827 1101 defendere
848 1073 877 1099 et
899 1067 979 1099 tueri

236 1129 440 1167 cogerentur,
461 1134 498 1156 ac
515 1123 546 1155 in
573 1121 705 1155 diversis
725 1121 804 1154 locis
824 1121 977 1153 molesta-

235 1183 367 1218 rentur,
391 1177 534 1210 volentes
554 1181 727 1220 propterea
751 1184 864 1207 eorum
893 1174 982 1207 inde-

236 1228 373 1268 mnitati,
397 1238 433 1261 ac
454 1227 573 1260 iurium
592 1233 621 1260 et
638 1227 800 1260 bonorum
814 1236 982 1259 conserva-

237 1282 317 1316 tioni
334 1287 518 1326 opportune
537 1281 706 1314 consulere
726 1291 763 1313 ac
780 1285 916 1324 paterna
936 1279 983 1313 di-

237 1335 370 1378 ligentia
389 1335 578 1379 providere:

284 1391 300 1432 g
321 1388 351 1422 3.
375 1389 461 1422 Motu
481 1389 626 1433 proprio,
642 1394 673 1421 et
694 1398 730 1421 ex
751 1393 839 1421 certa
851 1387 984 1421 scientia

240 1449 360 1483 nostra,
384 1443 489 1486 deque
513 1442 708 1486 apostolicae
725 1441 890 1485 potestatis
910 1441 981 1484 ple-

240 1495 404 1536 nitudine,
427 1495 543 1528 haru'm
567 1495 666 1535 serie,
690 1494 751 1527 hac
770 1493 875 1537 prima
903 1493 981 1534 vice,

241 1549 394 1583 dilectum
424 1549 527 1581 filium
559 1548 767 1592 Rodulphum
786 1547 981 1587 Bonfiolum,

240 1602 476 1637 Bononiensem
496 1607 690 1641 senatorem,
707 1601 747 1634 de
771 1600 862 1634 cuius
883 1600 986 1634 scien-

239 1657 300 1698 tia,
329 1656 548 1701 providentia,
583 1655 713 1689 solertia
743 1660 773 1688 et
803 1654 985 1697 integritate

239 1711 416 1756 plurimum
441 1710 636 1751 ianomino
657 1709 862 1749 confidimus,
885 1709 918 1741 in
939 1708 986 1741 iu-

241 1765 345 1798 dicem
365 1764 567 1798 ordinarium
586 1763 691 1797 dictae
708 1763 834 1803 domus,
851 1773 907 1795 seu
921 1762 986 1796 col-

240 1818 326 1861 legii,
350 1829 387 1851 ac
407 1828 688 1862 quarumcumque
708 1826 921 1860 personarum
943 1815 983 1848 il-

240 1871 322 1912 lius,
343 1876 408 1904 tam
428 1871 588 1914 virginum
610 1876 641 1904 et
653 1870 835 1911 viduarum,
859 1875 890 1903 et
910 1869 987 1902 alia-

241 1935 313 1958 rum
324 1925 496 1958 mulierum
505 1925 773 1969 supradictarum,
784 1934 881 1968 quam
890 1924 987 1956 etiam

244 1989 526 2022 quarumcumque
546 1979 681 2012 aliarum
696 1989 907 2023 personarum
922 1983 986 2011 tam

244 2032 289 2065 ibi
308 2042 369 2076 pro
387 2038 535 2076 tempore
555 2032 752 2075 degentium,
773 2042 868 2075 quam
891 2031 986 2064 etiam

246 2086 287 2118 ad
306 2085 435 2118 servitia
454 2085 597 2119 eiusdem
619 2086 753 2126 domus,
776 2095 833 2118 seu
862 2085 988 2127 collegii

247 2139 534 2180 commorantium,
557 2139 696 2172 cuiusvis
716 2149 819 2180 sexus,
843 2139 965 2172 ordinis
979 2167 986 2179 ,

247 2193 442 2227 conditionis
466 2192 680 2233 existentium,
704 2203 831 2226 necnon
861 2192 987 2225 officia-

210 2246 212 2248 ’
245 2247 325 2280 lium
346 2252 377 2280 et
396 2246 693 2279 administratorum
715 2245 800 2279 illius
819 2256 880 2289 pro
904 2252 987 2279 tem-

245 2311 325 2344 pore
346 2301 585 2344 deputatorum,
609 2310 722 2333 eorum
749 2299 855 2332 officio
884 2305 914 2332 et
934 2300 991 2332 ad-

247 2353 483 2387 ministratione
504 2353 669 2386 dumtaxat
686 2353 832 2393 durante,
853 2362 912 2396 pro
932 2352 992 2385 hac

247 2406 353 2450 prima
371 2406 440 2440 vice
460 2406 622 2449 eligimus,
646 2405 871 2439 constituimus
892 2411 923 2438 et
940 2405 993 2438 de-

248 2465 414 2503 putamus;
437 2460 549 2493 relicta
568 2459 600 2492 in
620 2465 787 2503 posterum
800 2459 905 2504 eidem
918 2468 994 2492 con-

249 2513 440 2547 fraternitati
461 2519 492 2546 et
512 2513 579 2546 eius
599 2513 803 2553 officialibus,
818 2512 916 2545 alium
938 2522 992 2545 seu

251 2567 330 2600 alios
351 2567 537 2611 deputandi,
550 2566 720 2600 amovendi
745 2576 802 2599 seu
822 2565 993 2600 revocandi

250 2625 347 2664 prout
366 2620 425 2654 sibi
447 2620 529 2654 bene
551 2620 653 2654 visum
677 2619 781 2655 suerit.
