2253 3195
0 246 1 251 ,
25 225 71 252 An.
89 225 115 251 Γ..
142 223 206 251 leot)

53 813 164 835 Eiet-dium

90 1238 199 1260 namn-atui

25 1265 112 1286 ambitus
151 1265 204 1286 otni-

25 1291 85 1312 nendi
99 1292 203 1318 praelatu·

834 224 979 248 CLEMENS
998 225 1053 248 Vlll
1074 225 1123 247 ΓΡ.

219 270 337 304 annulo
358 271 537 309 Piscatoris,
555 272 606 304 die
621 278 733 315 quarta
747 273 871 314 angusti
887 273 957 304 mil-

218 324 330 358 lesimo
358 325 608 363 sexcentesimo,
633 325 838 369 pontificatus
860 326 957 373 nostri

219 388 303 411 anno
324 389 421 411 nono.

255 441 313 468 Dat.
330 442 371 468 die
388 443 402 467 4
418 442 523 476 augusti
545 442 619 474 1000,
642 442 736 477 pontis.
758 450 800 468 an.
818 450 852 468 ix.

327 538 482 581 Sequitur
501 539 644 571 ambitus
663 539 852 581 prohibitio.

422 628 555 655 Clemens
576 628 654 661 Papa
674 628 756 659 V111,

365 681 402 707 ad
421 681 553 707 futuram
573 681 617 708 roi
638 681 817 708 memoriam.

262 751 471 785 Ambitiosam
509 751 668 784 bonorum
703 757 732 783 et
768 751 957 793 dignitatum

218 805 426 848 cupiditatem
448 805 680 837 ecclesiasticos
696 815 819 845 omneS,
835 806 889 838 sed
904 815 956 837 re-
976 815 977 818 ¹

218 858 347 900 ligiosos
379 858 590 901 praesertim,
619 857 672 901 qui
707 858 737 890 in
770 858 977 890 humilitatis*

218 911 332 954 spiritu
352 912 416 944 Deo
437 911 554 944 servire
583 916 751 947 tenentur.
777 911 819 943 ita
841 911 958 943 evitare

219 964 319 1004 decet,
340 970 374 997 ut
391 964 450 1008 ipsi
471 964 670 1008 praelaturas
692 964 824 996 mininie
846 964 955 1007 requi-

220 1028 301 1057 rere,
325 1018 380 1050 sed
401 1028 463 1057 eas,
488 1017 589 1050 vocati
611 1023 644 1050 ut
663 1018 780 1057 Aaron,
799 1017 955 1050 obedien-

220 1076 265 1103 tes
291 1071 453 1114 suscipere
478 1077 507 1104 et
535 1070 701 1104 humiliter
734 1070 959 1103 administrare

219 1124 378 1157 studeant.

264 1179 281 1219 5
306 1177 332 1209 1.
355 1177 455 1209 Huius
466 1176 624 1220 siquidem
640 1177 824 1210 ambitionis
839 1178 958 1210 malum
976 1188 978 1199 ·

220 1240 237 1262 a
257 1229 510 1272 Congregatione
528 1229 615 1262 Beati
641 1229 726 1262 Petri
746 1230 784 1262 de
805 1230 882 1263 Pisis
904 1230 959 1263 Or·
976 1243 978 1252 ι

221 1283 303 1316 dinis
323 1282 536 1316 Eremitarum
555 1283 659 1316 Sancti
681 1283 865 1328 Hieronymi
887 1294 960 1327 pro-

221 1337 271 1370 cul
292 1337 403 1370 abesse
425 1337 601 1381 cupientes,
632 1343 720 1370 motu
740 1338 896 1381 proprio,
925 1349 960 1370 ae

220 1391 259 1423 de
273 1390 467 1434 apostolieae
487 1391 653 1434 potestatis
666 1391 877 1434 plenitudine,
892 1402 961 1425 om·
976 1397 977 1401 ’

221 1455 276 1478 nes
296 1450 328 1478 et
348 1445 490 1487 singulos
512 1446 626 1478 fratres
656 1445 810 1489 praedicti
832 1445 960 1479 Ordinis

220 1505 251 1532 et
269 1498 543 1541 Congregationis,
568 1499 799 1542 cuiuscumque
824 1499 956 1539 aetatis,

219 1553 337 1594 gradus
355 1557 383 1585 et
409 1552 615 1591 conditionis,
636 1553 909 1596 praeeminentiae
930 1559 961 1586 et

220 1605 420 1639 litteraturae
441 1605 621 1645 existentes,
642 1606 697 1649 qui
723 1606 876 1638 nimirum
902 1617 960 1650 pro

220 1660 477 1703 quibuscumque
503 1660 704 1704 praelaturis,
738 1660 957 1702 dignitatibus,

220 1713 420 1754 muneribus,
436 1713 560 1754 officiis,
585 1713 679 1746 etiam
703 1713 750 1753 iis,
775 1724 857 1757 quae
877 1715 960 1748 oliti-

220 1773 307 1805 nent,
328 1767 515 1807 maioribus,
541 1767 571 1800 in
593 1768 678 1800 dicta
707 1768 960 1811 Congregatione

220 1822 465 1865 consequendis,
478 1821 610 1865 sivepro
631 1821 820 1855 remissione
839 1833 960 1866 poena-

222 1886 292 1908 rum
307 1875 350 1908 eis
362 1875 596 1918 impositarum,
608 1880 661 1907 aut
672 1874 741 1907 aliis
752 1875 961 1918 quibuscum·
978 1879 979 1891 ¹

220 1939 281 1972 que
291 1928 400 1971 gratiis
412 1928 680 1972 impetrandis,ad
691 1928 962 1973 principumque-

222 1993 436 2026 rumcmnque
451 1988 514 2015 tam
536 1981 838 2023 ecclesiasticorum,
866 1983 960 2016 etiam

220 2035 250 2068 S.
274 2035 310 2068 R.
332 2036 364 2068 E.
382 2035 606 2075 cardinalium,
629 2046 725 2078 quam
746 2036 960 2069 saecularium

221 2099 256 2122 ac
284 2089 501 2132 praelatorum
531 2088 570 2121 de
597 2088 721 2131 gremio
751 2089 853 2122 dictae
875 2089 958 2122 Con—

220 2141 415 2184 gregationis
438 2152 503 2174 non
525 2141 738 2182 existentium,
763 2142 885 2175 favores
906 2153 958 2175 re-

221 2195 398 2235 currerint,
430 2206 549 2239 eosque
578 2194 824 2238 requisiverint,
850 2195 897 2227 vel
925 2195 962 2228 iis

220 2249 315 2282 etiam
335 2254 448 2292 sponte
476 2249 607 2288 delatis,
631 2254 682 2281 aut
710 2248 749 2280 ab
776 2248 845 2281 aliis
866 2249 959 2281 etiam

221 2302 327 2336 insciis
357 2302 433 2346 ipsis
464 2301 644 2345 procuratis
673 2298 889 2341 usi‘sucrinh
914 2302 960 2334 vel

221 2356 316 2389 etiarn
347 2355 459 2399 pactis,
483 2354 792 2398 pollicitationibus,
827 2353 961 2397 aliisque

221 2408 277 2441 viis
298 2408 417 2441 directe
439 2408 486 2440 vel
517 2407 682 2447 indirecte,
707 2407 813 2450 palam
835 2406 881 2438 vel
908 2416 961 2439 oc-

221 2461 323 2501 culte,
347 2461 385 2493 ad
407 2460 577 2502 dignitates
611 2470 666 2492 seu
691 2459 796 2491 officia
817 2458 847 2490 in
874 2458 957 2491 Con-

222 2514 407 2557 gregatione
430 2514 571 2558 praefata
599 2512 774 2546 obtinenda
795 2512 957 2555 aspirave-

224 2567 297 2609 rint,
322 2568 368 2601 vel
390 2567 459 2600 aliis
481 2567 586 2600 minus
607 2566 756 2609 legitimis
777 2565 960 2599 etlionestis

223 2621 400 2655 rationibus
421 2632 457 2654 ca
478 2620 625 2653 obtinere
646 2618 899 2663 procuraverint,
925 2618 960 2650 il-

994 273 1097 304 lorum
1131 272 1304 316 complices
1325 278 1355 304 et
1376 272 1534 311 fautores,
1566 271 1604 303 ad
1631 282 1728 314 quas-

976 349 977 357 t
994 336 1132 369 cumque
1145 326 1345 369 praelaturas
1359 331 1389 357 et
1403 325 1583 367 dignitates,
1600 325 1729 366 gradus,

995 378 1133 411 honores
1154 384 1184 411 et
1203 378 1327 417 officia,
1352 384 1415 411 tam
1437 378 1616 422 spiritualia
1636 388 1732 421 quam

976 449 978 455 ι
996 432 1185 475 temporalia
1204 459 1210 471 ,
1237 437 1267 464 ct
1294 431 1485 475 praesertim
1507 431 1537 463 in
1560 431 1626 474 ipsa
1646 431 1730 464 Con-

995 484 1180 526 gregatione.
1202 485 1333 517 obtenta
1354 485 1400 517 vel
1423 485 1599 517 obtinenda
1614 494 1730 527 perpe-

994 543 1049 570 tuo
1074 538 1231 571 inhabiles
1263 539 1486 577 declaramus,
1519 549 1554 571 ac
1593 538 1734 571 obtentis

994 591 1202 633 praelaturiS,
1234 591 1454 633 dignitatibus,
1478 591 1732 624 administratio-

994 644 1098 685 nibus,
1127 645 1173 677 rel
1202 644 1314 677 officiis
1339 655 1376 677 eo
1402 645 1470 688 ipso
1491 645 1674 688 privamus,
1699 655 1734 677 ac

994 698 1132 741 privatos
1162 709 1238 731 voce
1267 699 1367 731 activa
1399 705 1429 731 et
1461 699 1582 742 passiva
1611 709 1731 736 carere,

994 761 1178 795 poenasque
1196 752 1382 785 huiusmodi
1401 753 1522 785 anobis
1544 758 1680 789 tantum,
1706 758 1736 785 et

994 804 1144 837 Romanis
1171 805 1380 838 Pontificibus
1417 805 1654 838 successoribus
1679 816 1736 837 no-

993 857 1076 895 stris,
1100 858 1218 891 remitti
1240 869 1332 901 possc
1354 859 1559 891 decernimus
1581 865 1609 891 ct
1631 859 1736 891 decla-

994 921 1121 949 ramus2
1156 922 1267 945 omnes
1300 918 1329 945 et
1360 912 1501 954 singulas
1536 913 1735 956 supradictas

993 975 1112 1007 poenas
1134 965 1172 997 ad
1194 976 1248 998 eos
1270 965 1363 997 etiam
1387 967 1605 1002 extendentes,
1626 966 1735 1009 quine

994 1027 1030 1050 ex
1050 1018 1158 1061 aliquo
1180 1019 1375 1051 monasterio
1409 1025 1655 1056 removeantur,
1673 1025 1735 1051 'seu

994 1077 1028 1103 ut
1053 1071 1084 1104 in
1116 1072 1247 1104 alterius
1273 1073 1459 1105 monasterii
1489 1073 1607 1105 familia
1629 1073 1732 1116 depu-

995 1130 1121 1163 tentur,
1151 1131 1263 1158 contra
1292 1126 1421 1169 capituli
1454 1137 1509 1159 seu
1530 1126 1734 1170 superiorum

995 1178 1189 1212 voluntatem
1211 1179 1412 1223 supradictas
1433 1179 1555 1212 litteras
1575 1191 1630 1213 seu
1653 1180 1736 1212 savo-

994 1241 1044 1264 res
1065 1232 1233 1275 exquirere
1255 1238 1282 1265 et
1311 1232 1456 1265 obtinere
1476 1238 1695 1276 praesumant.

1039 1285 1053 1327 ἓ
1074 1284 1103 1317 Ξ.
1126 1284 1194 1324 Quo
1215 1285 1309 1321 cirea,
1332 1285 1363 1317 in
1384 1285 1498 1319 virtute
1512 1291 1640 1319 sanctae
1661 1286 1737 1319 obe-

995 1338 1133 1371 dientiae
1148 1349 1184 1371 ac
1198 1339 1428 1381 indignationis
1446 1345 1584 1379 nostrae,
1602 1339 1736 1383 aliisque

995 1446 1231 1487 visitatoribus,
1254 1447 1479 1480 definitoribus
1493 1447 1627 1491 aliisque
1645 1458 1737 1491 prae-

997 1500 1066 1532 latis
1086 1510 1292 1543 quocumque
1308 1500 1399 1533 titulo
1420 1501 1622 1544 nuncupatis,
1644 1511 1737 1544 prae-

995 1553 1137 1585 sentibus
1155 1559 1185 1585 et
1206 1553 1320 1586 suturis
1341 1553 1558 1597 praecipimus
1578 1565 1615 1586 ac
1625 1554 1737 1587 distin-

996 1611 1044 1639 ete
1062 1607 1264 1643 mandamus,
1286 1617 1325 1639 ne
1343 1606 1469 1650 aliquos
1494 1607 1560 1640 ullo
1582 1618 1736 1650 umquam

996 1665 1151 1703 tempore,
1176 1659 1336 1702 precibus,
1361 1659 1474 1693 litteris
1496 1661 1543 1693 rel
1575 1661 1738 1693 favoribus

996 1713 1136 1753 adducti,
1161 1723 1216 1746 seu
1236 1713 1314 1746 alias
1334 1713 1373 1745 ad
1393 1713 1575 1746 instantiam
1592 1741 1598 1752 ,
1624 1715 1734 1757 requi-

995 1767 1145 1799 sitionem
1161 1767 1208 1799 vel
1230 1767 1534 1810 contemplationem
1554 1767 1737 1811 principum

996 1820 1285 1854 ecclesiasticorum
1309 1821 1355 1853 vel
1379 1821 1617 1864 temporalium,
1641 1821 1737 1854 etiam

996 1875 1026 1908 S.
1050 1875 1085 1907 R.
1110 1875 1143 1907 E.
1166 1874 1391 1913 cardinalium,
1416 1880 1470 1907 aut
1491 1875 1629 1908 aliorum
1655 1885 1736 1918 quo-

996 1938 1209 1971 rumcumque
1230 1933 1317 1961 extra
1349 1928 1507 1970 gremium
1529 1928 1632 1961 dictae
1658 1928 1738 1962 Con-

996 1981 1191 2023 gregationis
1212 1981 1437 2019 existentium,
1455 1981 1495 2014 ad
1517 1981 1656 2014 cuiusvis
1677 1991 1734 2023 ge-

996 2035 1081 2068 neris
1101 2035 1309 2079 praelaturas,
1327 2034 1509 2077 dignitates,
1531 2035 1650 2074 officia,
1675 2035 1734 2067 ad-

997 2088 1247 2121 ministrationes
1268 2094 1298 2121 et
1319 2088 1437 2131 gradus
1462 2098 1664 2132 promovere,
1688 2088 1736 2121 vel

995 2151 1116 2187 poenas
1129 2140 1253 2184 aliquas
1263 2141 1438 2179 remittere,
1451 2146 1505 2173 aut
1515 2141 1609 2173 aliam
1624 2151 1736 2184 quam-

996 2205 1134 2238 cumque
1154 2194 1302 2236 gratiam,
1323 2199 1357 2226 nt
1379 2194 1572 2237 praefertur,
1596 2194 1735 2227 audeant

997 2248 1101 2280 facere
1113 2247 1159 2280 vel
1181 2253 1399 2290 praesumant3
1424 2247 1523 2280 immo
1544 2257 1736 2290 promoven-

996 2301 1111 2333 dorum
1140 2300 1261 2334 meritis
1286 2307 1316 2333 et
1340 2301 1510 2333 virtutibus
1536 2306 1658 2333 tantum
1687 2301 1735 2333 in-

995 2354 1122 2397 spectis,
1140 2354 1227 2397 quod
1244 2354 1299 2387 Dei
1319 2365 1445 2387 causam
1467 2360 1563 2396 agant
1577 2365 1736 2387 memores

995 2406 1067 2446 sint,
1092 2417 1155 2450 quo
1177 2407 1277 2449 magis
1306 2417 1387 2450 puro
1409 2412 1438 2440 et
1463 2407 1589 2440 sincero
1611 2408 1731 2446 corde,

996 2460 1082 2491 nulla
1096 2459 1217 2502 privata
1231 2465 1285 2492 aut
1296 2460 1458 2493 mundana
1471 2460 1639 2494 atl'cctione
1649 2472 1736 2493 com-

996 2511 1084 2551 moti,
1109 2511 1140 2544 in
1162 2512 1354 2545 electionum
1373 2513 1508 2555 negocio
1526 2514 1713 2557 procedant.

1039 2566 1055 2606 ἓ
1076 2565 1105 2597 li.
1128 2565 1340 2599 Decernentes
1361 2566 1533 2600 electiones
1552 2572 1582 2600 et
1603 2578 1735 2611 promo-

996 2616 1097 2649 tiones
1128 2617 1166 2650 ad
1194 2617 1408 2653 monasteria,
1432 2627 1485 2651 seu
1512 2629 1734 2664 quaecumque

1637 213 1699 244 599
1747 223 1794 249 An.
1818 222 1845 249 Γ..
1864 222 1932 249 1600

1819 1291 1936 1311 Prohibitiu

1752 1318 1876 1339 admittendi
1894 1323 1936 1338 ani-

1751 1346 1834 1366 biomcs
1850 1345 1876 1365 ad
1892 1345 1936 1364 offl-

1753 1373 1786 1392 cia
1808 1375 1826 1392 ut
1847 1372 1936 1397 dignita<

995 1392 1144 1425 omnibus
1167 1392 1340 1435 praedictis
1365 1393 1488 1435 poenis,
1514 1393 1639 1426 dilectis
1664 1393 1737 1425 filiis
1754 1402 1792 1419 ευ,
