2253 3195
302 302 351 328 An.
372 301 400 328 c,
419 301 487 329 1599
533 290 597 324 544
1085 299 1269 324 numanum
1289 297 1443 324 nouatum

501 360 584 387 rum,
601 348 747 382 similiter
760 348 817 388 uti,
834 347 895 381 frui
907 375 914 387 ,
931 347 1027 392 potiri
1044 357 1073 381 et
1087 348 1240 390 gaudere,
1259 348 1262 388 l
1278 348 1436 390 eligenda,
1468 348 1631 382 restitutas
1645 376 1652 390 ‚
1677 349 1832 394 repositas
1858 355 1890 384 et
1906 351 2018 395 plena-

1259 390 1323 434 ‘rie
1344 402 1558 445 reintegratas
1572 430 1580 443 ,
1611 413 1648 436 ac
1675 403 1714 436 de
1737 414 1821 437 novo
1851 415 2018 439 concessas

501 414 536 435 ac
550 402 644 435 etiam
667 401 727 445 ipsi
741 401 924 444 collegiales
944 401 1083 443 signum,
1108 412 1164 435 seu
1185 401 1243 434 ha-

499 455 612 493 bitum,
636 465 700 497 quo
721 454 871 496 cognosci
892 461 921 487 ct
942 455 982 487 ab
1002 455 1072 488 aliis
1096 455 1243 498 personis
1257 428 1261 505 ‚i
1276 465 1344 488 esse
1362 461 1393 488 et
1412 455 1500 496 sore;
1523 456 1632 500 sicque
1652 467 1710 500 per
1729 468 1950 502 quoscumque
1970 458 2018 491 iu-

499 508 652 547 distingzui
677 509 813 548 valcant,
837 514 974 550 gestare.
1257 527 1259 559 ἱ
1276 508 1362 541 dices
1382 509 1565 542 ordinarios
1585 516 1615 542 et
1635 510 1810 552 delegatos,
1833 511 1930 544 etiam
1944 522 2018 544 cau-

544 563 560 603 }
581 560 611 593 (3.
646 561 816 594 Praeterea
841 561 960 594 rectori
988 567 1017 594 et
1046 561 1115 594 aliis
1137 561 1241 594 dictae
1258 578 1259 584 κ
1274 573 1383 595 sarum
1404 563 1515 606 palatii
1539 563 1707 607 apostolici
1734 563 1909 605 auditores,
1933 564 2017 597 iudi-

427 630 473 650 ..ιώ
498 614 659 647 societatis
688 614 847 657 religiosis
868 615 899 647 in
932 614 1035 658 ipsum
1067 615 1238 657 collegium
1257 610 1258 652 J
1275 615 1339 648 cari
1361 621 1391 648 et
1423 615 1551 648 definiri
1573 616 1691 650 debere
1706 644 1713 657 ,
1735 617 1860 650 irritum
1886 627 2016 661 quoque

299 659 324 703 ἷ““
462 664 482 701 ῗῗ
498 667 752 708 introducendis,
773 674 807 700 ut
835 679 907 700 cum
946 668 1127 701 interventu
1163 669 1239 702 dicti
1256 662 1258 679 '
1274 674 1304 701 et
1324 668 1419 702 inane
1444 669 1469 702 si
1497 680 1589 703 secus
1614 681 1713 713 super
1736 670 1785 703 bis
1805 680 2012 714 aquoquam,

298 718 309 784 Ξ
328 744 393 762 viam
469 745 481 753 ..
497 721 632 758 Ernesti,
646 733 681 754 ac
694 733 753 765 pro
766 727 910 766 tempore
923 722 1086 755 existentis
1096 723 1238 766 episcopi
1273 722 1384 765 quavis
1408 723 1608 764 auctoritate,
1631 723 1770 757 scienter
1789 724 1837 757 vel
1862 724 2014 766 ignoran-

497 774 680 807 Leodiensis
700 785 760 818 pro
781 775 856 808 dicti
878 775 1004 817 collegii
1026 775 1176 818 illiusque
1195 776 1237 809 le-
1254 772 1257 816 ἱ
1274 780 1330 815 ter,
1359 775 1532 817 contigerit
1551 777 1710 809 attentari.

496 834 634 869 ctorum,
657 829 886 871 collegialium,
904 839 1116 873 personarum
1138 835 1168 862 et
1182 817 1256 879 l›o-{
1316 827 1332 870 ᾗ
1351 826 1381 860 8.
1405 828 1562 866 Quocirca
1584 829 1708 862 dilectis
1733 829 1806 863 siliis
1829 829 2013 874 praeposito

495 892 612 914 norum
633 882 792 924 gubernio
813 887 844 914 et
870 882 1056 922 directione,
1078 894 1114 915 ac
1134 883 1235 916 colle·
1254 883 1255 920 ξ
1271 881 1431 914 Ecclesiae
1448 882 1632 915 Leodiensis
1645 893 1681 915 ac
1694 883 1874 916 Coloniensi
1887 889 1916 916 ct
1933 884 2013 917 Leo-

495 935 627 977 gialium
646 941 674 968 et
695 936 833 968 aliorum
859 946 1035 979 puerorum
1056 936 1238 979 praedicto·
1253 924 1256 982 i
1272 934 1374 967 diensi
1396 935 1588 968 officialibus
1613 946 1672 979 per
1695 936 1873 979 apostolica
1895 936 2015 980 scripta

496 999 566 1020 rum
587 994 650 1021 tam
672 989 704 1021 in
729 989 792 1021 tide
814 989 989 1028 catholica,
1017 999 1114 1032 quam
1144 989 1237 1023 bonis
1253 987 1255 1035 ᾖ
1271 989 1474 1029 mandamus,
1503 994 1661 1032 quatenus
1680 989 1762 1032 ipsi,
1793 990 1840 1022 vet
1861 990 1937 1029 duo,
1960 995 2015 1023 aut

495 1042 640 1075 moribus
653 1048 684 1075 et
697 1042 873 1086 disciplinis
893 1042 1115 1083 instructione,
1139 1054 1237 1087 quae·
1252 1039 1255 1089 j
1271 1052 1354 1075 unus
1374 1053 1486 1076 eorum
1508 1054 1566 1086 per
1579 1054 1622 1083 sc,
1640 1044 1688 1076 vel
1709 1043 1820 1084 alium,
1843 1054 1899 1077 seu
1919 1044 2010 1085 alios,

495 1106 634 1138 cumque
654 1101 783 1135 statuta,
806 1101 834 1128 et
851 1096 1082 1136 ordinationes,
1107 1096 1194 1130 licita
1207 1102 1237 1130 et
1253 1102 1255 1115 '>
1271 1097 1398 1129 easdem
1412 1102 1595 1140 praesentes
1607 1097 1683 1130 etin
1696 1098 1741 1131 eis
1752 1103 1902 1131 contenta
1915 1108 2013 1142 quae-

494 1148 628 1181 lionesta
643 1176 650 1189 ‚
678 1159 714 1182 ae
745 1150 844 1182 sacris
873 1149 1050 1183 canonibus
1065 1177 1072 1189 ‚
1093 1160 1150 1183 nec
1171 1160 1235 1183 non
1252 1127 1254 1178 i
1271 1161 1420 1194 cumque,
1444 1151 1498 1183 ubi
1520 1156 1551 1183 et
1572 1152 1702 1195 quando
1724 1162 1806 1195 opus
1826 1149 1944 1191 suerit,
1977 1162 2014 1185 ac

493 1202 624 1235 Concilii
645 1203 822 1236 Tridentini
848 1204 986 1237 decretis
1004 1204 1139 1237 minime
1159 1215 1236 1238 con·
1252 1193 1253 1235 i
1270 1204 1396 1247 quoties
1430 1214 1490 1247 pro
1514 1210 1603 1248 parte
1628 1205 1752 1238 Ernesti
1781 1205 1947 1249 episcopi,
1977 1215 2014 1238 ae

494 1257 590 1289 traria
605 1284 612 1294 ,
645 1257 704 1290 sub
733 1257 846 1301 poenis
874 1257 919 1290 eis
940 1258 1098 1291 benevisis
1119 1258 1232 1291 obser·
1252 1255 1328 1300 ipro
1349 1263 1493 1301 tempore
1514 1257 1716 1291 existentium
1737 1257 1872 1291 rectoris
1891 1263 1919 1291 et
1941 1258 2011 1291 col-

493 1311 606 1350 randa,
631 1311 735 1343 facere
747 1317 777 1344 et
796 1311 946 1349 condere,
964 1311 1082 1355 illaque
1107 1322 1166 1355 pro
1180 1323 1232 1345 re·
1252 1322 1253 1351 t
1270 1311 1433 1353 legialium
1459 1311 1711 1354 praedictortuu,
1728 1322 1784 1344 seu
1805 1311 1941 1345 alicuius
1952 1322 2010 1345 eo-

495 1376 578 1405 rum,
595 1371 776 1408 temporum
792 1371 819 1398 et
836 1376 1048 1408 personarum
1067 1366 1232 1409 qualitate,
1251 1361 1253 1402 ἶ
1270 1375 1340 1397 rum
1372 1365 1490 1398 suerint
1522 1365 1688 1409 requisiti,
1726 1366 1916 1399 solemniter
1946 1377 2010 1409 pu-

494 1418 676 1457 immutare,
701 1429 836 1457 cassare,
862 1419 1011 1459 alterare,
1035 1430 1071 1452 ac
1092 1419 1131 1452 de
1152 1430 1235 1453 novo
1251 1425 1253 1467 γ’
1269 1417 1442 1458 blicantes,
1466 1418 1576 1461 eisque
1606 1418 1637 1450 in
1664 1418 1848 1462 praemissis
1874 1418 2012 1452 efficacis

493 1472 590 1504 edere
611 1472 711 1504 libere
733 1478 761 1504 et
784 1472 868 1505 licite
882 1473 1025 1510 valeant;
1050 1473 1091 1505 ita
1107 1478 1235 1516 ntpost-
1250 1476 1252 1508 l
1269 1471 1465 1505 defensionis
1485 1472 1647 1515 praesidio
1673 1471 1871 1511 assistentes,
1895 1471 2012 1505 saciant

493 1535 588 1568 quam
606 1525 656 1557 illa
671 1525 714 1558 sic
733 1526 824 1564 sacta,
841 1525 987 1566 condita,
1004 1526 1148 1565 alterata,
1165 1537 1235 1559 mu-
1250 1537 1252 1557 t
1269 1525 1460 1558 auctoritate
1492 1530 1601 1558 nostra
1633 1531 1818 1569 praesentes
1847 1530 1876 1558 et
1906 1525 1938 1558 in
1966 1525 2012 1559 eis

494 1583 568 1618 tata,
592 1588 648 1610 sen
669 1579 707 1611 ‹le
729 1589 811 1611 novo
835 1579 919 1611 edita
944 1579 1116 1617 extiterint,
1143 1579 1234 1612 toties
1250 1584 1252 1612 ἱ
1268 1584 1418 1612 contenta
1435 1579 1620 1612 huiusmodi
1638 1579 1676 1611 ab
1696 1578 1858 1619 omnibus,
1876 1578 1915 1612 ad
1929 1589 2010 1622 quos

493 1631 561 1674 ipso
587 1633 683 1671 t'acto,
716 1631 799 1665 dicta
823 1632 1001 1675 apostolica
1021 1632 1231 1673 auctoritate,
1267 1638 1390 1676 spectat
1420 1640 1450 1666 et
1486 1643 1545 1676 pro
1577 1638 1722 1676 tempore
1749 1632 1923 1676 spectabit,
1954 1632 2006 1665 in-

492 1685 681 1718 confirmata
707 1691 917 1723 censeantur,
942 1685 1060 1718 eisdem
1090 1687 1233 1719 auctori-
1267 1685 1461 1719 violabiliter
1485 1685 1666 1725 observari,
1693 1695 1818 1719 necnon
1838 1686 2007 1719 Ernestum

312 1905 422 1925 (ztan-utm-
437 1911 474 1931 pru

292 1932 351 1951 lutu-
373 1935 475 1952 fonditu-

291 1961 354 1978 tiunu
369 1961 474 1980 brumale.

491 1744 553 1771 tate
574 1744 604 1771 ct
623 1744 745 1778 tenore,
769 1739 864 1771 etiam
895 1744 1052 1782 perpetuo
1077 1740 1229 1773 concedi-

491 1803 562 1825 mus
587 1798 616 1825 et
639 1793 852 1833 indulgemus.

536 1848 551 1885 ξ
568 1845 596 1878 7.
612 1846 824 1878 [lec-eruentes
838 1851 1021 1889 praesentes
1039 1846 1160 1879 litteras
1173 1847 1231 1880 sub

490 1898 655 1942 quibusvis
680 1898 833 1931 similium
859 1899 905 1931 vel
933 1899 1136 1932 dissimilium
1158 1911 1249 1941 trra-¹

490 1952 604 1985 tiarum
622 1952 889 1989 revomssonilms,
906 1953 1160 1993 limitationibus‚
1177 1965 1230 1987 su-

489 2005 724 2049 spensionibus,
746 2006 792 2037 vel
816 2005 886 2037 aliis
903 2006 1074 2039 contrariis
1094 2006 1231 2050 disposi-

490 2059 643 2098 tionibus,
667 2058 761 2091 etiam
785 2070 841 2102 per
862 2069 919 2091 nos
941 2060 986 2091 vel
1007 2070 1229 2103 quoscumque

490 2112 650 2145 Romanos
661 2112 831 2145 Pontifices
844 2113 1107 2155 praedecessores
1117 2119 1147 2145 ct
1159 2124 1229 2145 sur-
1246 2135 1247 2151 ;

488 2177 629 2199 cessores
648 2171 784 2205 nostros,
806 2166 901 2198 etiam
922 2166 951 2198 iu
973 2165 1147 2199 crastinum
1173 2178 1225 2199 as-

487 2219 679 2262 sumptionis
697 2219 865 2251 cuiuslibet
879 2230 1101 2251 successorum
1118 2219 1246 2252 liuius-¹

489 2273 574 2305 modi
596 2273 634 2305 ad
656 2272 772 2305 sumini
792 2273 989 2315 apostolatus
1009 2272 1146 2315 apii-eut,
1169 2273 1246 2317 sub¹

1267 1741 1454 1784 episcopum
1471 1768 1477 1780 ,
1508 1751 1544 1773 ac
1577 1750 1636 1784 pro
1668 1745 1813 1783 tempore
1839 1739 2008 1773 existentes

1267 1799 1424 1827 rectorem
1439 1799 1467 1826 et
1483 1793 1665 1835 collegiales
1674 1792 1866 1836 praedictos,
1880 1802 2008 1826 eorum—

1266 1858 1328 1891 que
1348 1847 1492 1888 singulos
1511 1846 1571 1879 illis
1585 1845 1718 1890 pacifice
1731 1845 1791 1879 frui
1810 1846 2003 1888 etgaudere.

1265 1901 1333 1934 Non
1356 1900 1576 1944 permittentes
1597 1899 1682 1943 ipsos
1700 1899 1746 1932 rel
1765 1910 1877 1933 eorum
1894 1910 2008 1943 quem-

1247 1946 1249 1965 ”
1266 1954 1349 1997 piam
1382 1965 1440 1997 per
1457 1963 1680 1996 quoscumque
1712 1953 1851 2000 desuper
1870 1963 2007 1996 quomo·

1265 2005 1387 2037 dolibet
1412 2004 1553 2037 indebite
1581 2003 1762 2036 molestari:
1792 2004 2006 2038 contradicto-

1264 2068 1314 2090 res
1331 2057 1493 2101 quoslibet
1517 2063 1547 2090 ct
1567 2057 1701 2089 rebelles
1726 2068 1785 2100 per
1804 2056 1976 2090 sententias
1995 2084 2002 2097 ,

1264 2122 1416 2144 censuras
1433 2117 1461 2143 et
1477 2121 1596 2154 poenas
1614 2110 1854 2150 ecclesiasticas,
1877 2109 2004 2154 aliaque

1245 2159 1446 2208 ¹opportuna
1467 2163 1544 2196 iuris
1562 2169 1589 2196 ct
1614 2163 1685 2196 sacti
1712 2162 1866 2204 remedia,
1887 2163 2001 2207 appel-

1265 2218 1381 2251 latione
1400 2216 1587 2261 postposita,
1615 2216 1862 2260 compescendo.

1307 2273 1372 2310 stt.
1398 2272 1465 2304 Nou
1487 2269 1689 2303 obstantibus
1715 2269 1814 2313 priori
1839 2269 2001 2302 voluntate

488 2325 651 2368 quibusvis
661 2326 831 2357 verborum
847 2325 1116 2368 expressionilnis,
1131 2326 1225 2359 etiam
1244 2327 1245 2335 ¹
1263 2331 1371 2357 nostra
1394 2324 1567 2367 praedicta,
1589 2329 1616 2356 et
1646 2322 1746 2355 t'eliris
1767 2321 2002 2355 recordationis

489 2384 575 2409 motu
595 2377 738 2421 proprii»,
761 2383 789 2409 et
805 2389 838 2409 ex
861 2383 946 2410 certa
967 2378 1110 2415 seientia,
1134 2390 1169 2411 ai·
1188 2379 1226 2411 de
1244 2410 1245 2417 ,
1263 2377 1414 2410 ttonit'acti
1445 2377 1546 2420 Papae
1570 2376 1643 2415 Vlll,
1669 2374 1925 2418 praedecessoris
1945 2385 2002 2408 ιιο-

487 2431 680 2474 apostolis-as·
710 2431 874 2474 potestatis
901 2432 1111 2474 plenitudine,
1133 2432 1227 2465 editis
1243 2438 1245 2476 t
1261 2431 1336 2469 stri,
1359 2430 1456 2463 etium
1483 2430 1534 2462 illa
1556 2440 1616 2472 qua
1639 2435 1768 2462 caretur
1788 2439 1936 2472 expresse
1961 2438 2001 2461 ne

487 2490 513 2516 vt
537 2484 669 2516 edendis
691 2485 779 2516 nullo
801 2496 942 2527 unquam
970 2490 1114 2528 tempor·-
1139 2498 1226 2517 coui-
1242 2496 1244 2518 t
1261 2484 1332 2527 quis
1353 2490 1438 2517 extra
1461 2495 1550 2516 suam
1572 2483 1731 2516 viritatem
1747 2483 1794 2515 ret
1813 2481 1998 2522 dioecesim,

488 2538 643 2579 prelis-usli
679 2549 786 2580 posse,
811 2539 865 2569 „sc-(l
886 2550 1014 2581 semper
1035 2539 1074 2570 ab
1094 2539 1154 2571 illis
1175 2551 1226 2571 ex·
1242 2575 1243 2578 Ἰ
1261 2538 1318 2570 uisi
1343 2538 1372 2571 in
1394 2538 1489 2571 vertis
1509 2537 1648 2581 exceptis
1665 2537 1802 2576 casilius,
1831 2542 1858 2569 et
1885 2536 1914 2568 iu
1940 2534 2000 2568 illis

487 2596 604 2632 reptas,
622 2596 648 2621 et
672 2591 797 2633 quoties⁴
815 2591 885 2623 illa·¹
901 2592 1110 2629 cunanatmnt,
1135 2592 1226 2624 toties
1242 2616 1243 2635 ¹
1261 2592 1341 2623 ultra
1361 2602 1456 2624 unam
1476 2591 1613 2624 ‹lias-tam
1635 2602 1651 2624 a
1672 2592 1734 2623 lim·
1752 2601 1827 2622 suae
1845 2588 2000 2622 dioecesis

489 2641 518 2673 in
547 2643 716 2684 pristinum
742 2650 881 2682 statum,
912 2644 1006 2676 etiam
1040 2645 1098 2677 sub
1125 2640 1298 2712 print'iiwl
1333 2645 1486 2677 indit-iuni
1521 2649 1688 2681 evocetur.
1723 2654 1778 2675 seu
1807 2652 1846 2675 ue
1878 2640 2000 2674 iudices

488 2695 571 2731 data.
595 2707 652 2739 prr
673 2697 821 2729 ··ttttt‹l⁴·ttt
849 2697 1015 2729 tirus-sium
1038 2698 1274 2741 episcopmwa
1301 2699 1382 2730 Setti-
1407 2697 1571 2741 praedicta
1602 2709 1659 2741 pro
1686 2702 1829 2739 tempore
1855 2694 1997 2740 deputati

2036 303 2085 330 An.
2104 302 2132 330 C.
2151 303 2217 332 1599

2068 840 2214 867 Exequutoren

2028 866 2142 893 designati.

2087 2272 2202 2299 octonario

2016 2302 2087 2322 contra
2091 2301 2175 2324 riorum.
