2253 3195
24 1192 25 1207 ;
57 1184 195 1209 occupatione
205 1185 241 1206 de-

24 1209 25 1218 *
56 1209 155 1234 sisteret,

24 1245 25 1251 1
56 1241 114 1257 mens
130 1242 189 1258 arma
205 1244 241 1264 pa·

10 2345 23 2355 b,
59 2327 113 2349 intra
124 2330 243 2356 quindecim

20 2359 23 2368 ¹
60 2354 105 2375 dies
145 2355 243 2379 ducatum

873 256 1019 281 CLEMENS

255 303 335 336 ficiis
366 303 554 347 prosequuti
574 314 694 344 sumus,
718 303 916 347 aperitionis,
944 305 1019 337 re-'

254 356 419 397 versionis,
444 357 656 390 devolutionis
677 368 713 389 ae
728 357 844 389 iurium
864 357 893 390 S.
911 358 945 389 R.
963 357 996 389 E.

254 411 408 455 Sedisque
429 417 460 444 et
478 411 629 447 Gamerae
654 411 892 455 praedictarum
913 411 1000 443 nulla

254 463 364 497 habita
383 465 518 503 ratione,
542 465 700 508 nobisque
721 470 750 496 01
772 464 884 496 eadem
905 463 996 501 Sede,

255 516 293 549 de
307 517 463 560 praedicti
478 517 630 560 Alphonsi
643 517 731 549 obitu
746 522 810 549 tum
825 516 919 548 etiam
934 526 997 548 non

254 569 438 610 admonitis,
464 570 623 602 civitatem
645 570 863 612 ducatumque
888 569 1000 601 Ferra-

254 622 320 654 riae
334 628 363 655 et
374 623 451 655 alias
465 622 617 662 civitates,
634 627 746 659 terras,
763 627 865 654 castra
886 627 916 653 et
929 622 1000 654 loca

254 685 326 707 cum
348 675 499 707 omnibus
519 684 632 707 eorum
655 674 835 715 territoriis,
850 673 1000 707 districti-

253 726 323 768 b'us,
340 727 627 767 iurisdictionibus,
643 727 814 766 fortalitiis,
832 726 996 766 membris,

252 780 456 823 pertinentiis
476 786 507 813 et
534 780 657 814 iuribus
689 780 861 824 praedictis
892 779 998 812 statim

253 833 293 866 de
314 833 397 865 sacto
418 833 569 866 invadere
589 839 685 877 atque
713 844 872 876 occupare
890 832 922 864 in
943 842 1000 864 no-

252 891 352 918 strum
376 886 605 930 Romanaeque
625 886 784 919 Ecclesiae
804 897 840 919 ac
859 885 949 919 Sedis
971 890 1001 918 et

253 938 404 972 Gamerae
423 939 608 982 praedictae
627 939 861 983 praeiudicium
881 943 912 971 et
926 948 1000 971 con-

254 997 412 1035 temptum
432 993 695 1036 praesumpsisse.

300 1046 315 1088 ξ
344 1045 375 1078 ⁶2.
410 1046 447 1078 Et
467 1045 541 1078 licet
561 1046 656 1079 etiam
688 1045 727 1078 ab
756 1045 825 1089 ipso
846 1045 1001 1088 Alphonsi

256 1098 357 1139 obitu,
380 1109 438 1141 pro
452 1098 570 1131 iurium
585 1099 688 1131 dictae
708 1099 871 1131 Romanae
888 1098 999 1131 Eccle-

255 1151 331 1191 siae,
351 1151 505 1195 Sedisque
526 1157 557 1184 et
583 1152 735 1185 Camerac
759 1152 920 1195 praefatae
941 1152 999 1184 de-

255 1205 410 1246 fensione,
425 1205 488 1238 vim
502 1205 530 1238 vi
545 1206 714 1249 repellere,
736 1212 764 1239 01
779 1206 904 1239 1111115115
918 1206 1002 1239 1111115

255 1258 355 1291 armis
384 1258 470 1291 iuxta
495 1264 605 1291 nostra
638 1269 675 1291 ac
707 1258 811 1292 dictae
839 1260 1002 1292 Romanae

255 1312 415 1345 Ecclesiae
435 1323 526 1346 arrna
543 1323 719 1356 opponere,
741 1313 907 1357 ipsamque
922 1314 1002 1346 adeo

256 1366 415 1400 civitatem
444 1367 664 1410 ducatumque
693 1367 942 1407 Ferrariensem,
966 1378 1003 1400 ac

256 1425 383 1453 caetera
409 1421 480 1453 loca
510 1420 678 1464 praedicta
697 1431 731 1453 re
752 1420 822 1464 ipsa
842 1421 1003 1454 vindicare

256 1473 372 1506 merito
393 1473 621 1516 potuissemus,
637 1473 809 1515 benignius
830 1479 937 1507 tamen
954 1485 1003 1507 se-

256 1536 329 1558 cum
349 1532 490 1568 agentes,
507 1527 610 1559 forma
629 1526 717 1570 prius
738 1537 775 1558 ac
791 1526 870 1559 iuris
890 1527 1004 1560 ordine

255 1585 390 1620 servato,
401 1585 511 1612 contra
520 1579 623 1623 ipsum
634 1579 782 1622 experiri,
793 1585 889 1623 atque
896 1591 1002 1623 agere,

255 1643 315 1665 nec
334 1643 400 1665 non
422 1632 594 1665 connivere
615 1631 1000 1675 aliquandiumaluimus,

254 1685 280 1717 si
310 1684 392 1717 sorte
424 1684 610 1728 resipuisset
638 1690 669 1717 et
700 1686 740 1718 ad
761 1696 817 1718 cor
843 1696 1000 1727 reversuS,

255 1738 343 1781 quod
363 1737 480 1770 iniuste
501 1737 676 1777 detinebat,
697 1738 901 1771 restituisset:
923 1739 1005 1772 inte-

256 1791 317 1824 rim
342 1797 450 1824 tamen
470 1791 611 1824 validum
639 1797 706 1824 tum
736 1792 901 1835 peditum,
935 1798 1002 1826 tum

255 1845 400 1888 equitum
421 1845 596 1878 exereitum
617 1845 650 1877 in
663 1845 751 1878 Stato
768 1851 879 1879 nostro
896 1846 1005 1879 Eccle-

255 1898 383 1931 siastico
401 1898 535 1931 conflari
556 1904 586 1931 et
606 1898 756 1942 apparari
778 1898 940 1939 iussimus,
964 1910 1004 1933 ne

255 1951 281 1983 si
302 1951 356 1984 1110
376 1957 498 1995 postea,
522 1951 614 1985 finito
632 1951 716 1985 civili
737 1952 874 1992 iudicio,
894 1958 1004 1985 nostra

255 2004 454 2047 benignitate
482 2005 686 2045 abuteretur,
712 2005 772 2048 ipsi
801 2005 834 2038 in
859 2005 1003 2039 eiusdem

256 2057 392 2091 civitatis
412 2058 611 2102 ducatusque
642 2058 888 2102 recuperatione
916 2060 1002 2092 11110-

257 2111 323 2144 rius
359 2111 616 2155 impediremur,
647 2117 702 2144 aut
738 2117 824 2145 certe
855 2113 1002 2146 retarda-

256 2175 378 2197 remur.

301 2218 316 2260 g
343 2216 373 2249 3.
398 2217 502 2260 Atque
523 2216 584 2249 hoc
605 2222 689 2249 certe
711 2216 846 2249 consilio
866 2227 941 2257 nos,
965 2219 1005 2251 ad

58 2264 244 2324 ,202¹03223541233
258 2282 338 2314 quos
360 2271 584 2304 tantummodo
605 2270 791 2303 huiusmodi
812 2281 925 2304 causae
947 2282 1002 2304 co-

259 2324 359 2367 gnitio
380 2330 409 2357 et
431 2324 588 2365 definitio,
613 2324 803 2368 praesertim
822 2335 857 2357 ex
879 2325 1007 2357 investi-

59 2382 243 2431 gffigueffi'gffi
260 2382 406 2410 turarum
428 2378 532 2410 fornia
553 2383 584 2409 et
602 2382 724 2417 tenore,
743 2382 916 2420 spectatae
931 2388 1005 2420 per-

59 2438 164 2461 cessaret:
261 2429 351 2470 tinet,
368 2435 443 2463 tunc
461 2430 613 2463 eumdem
627 2430 792 2463 Caesarem
808 2430 1006 2463 monendum

259 2488 290 2516 et
310 2483 543 2526 requirendum
565 2483 724 2522 duximus,
749 2489 783 2516 ut
804 2483 886 2515 int'ra
907 2483 1003 2527 quin-

16 264 19 294 [
58 255 109 283 An.
126 255 154 283 C.
172 255 240 283 1597

83 1104 132 1125 Post
145 1105 240 1126 admoui-

56 1131 134 1151 tionem
162 1132 240 1152 seriam

57 1157 111 1177 utab
119 1157 239 1179 huiusmodi

196 1211 241 1232 Cle-

57 1264 96 1283 rat.

259 2535 363 2568 decim
383 2541 458 2568 tunc
476 2535 696 2579 proximorum
721 2536 847 2568 dierum
866 2535 1005 2580 spatium

258 2589 412 2633 <quorum
427 2589 570 2633 quinque
584 2601 644 2633 pro
659 2590 776 2633 primo,
791 2589 935 2633 quinque
949 2600 1007 2633 pro

258 2642 401 2676 secundo
415 2645 445 2676 et
465 2642 606 2686 reliquos
620 2642 763 2686 quinque
774 2652 833 2686 pro
853 2641 947 2675 tertio
959 2642 1007 2675 ul-

1039 256 1097 280 vnt
1117 255 1167 281 pp.
1682 244 1741 280 391
1792 255 1842 284 An.
1860 256 1890 283 c.
1908 253 1974 284 {597

1035 304 1113 337 timo
1126 310 1155 337 et
1168 303 1388 348 peremptorio
1400 303 1538 338 termino
1552 310 1583 338 et
1599 304 1778 338 monitione

1035 357 1191 390 canonica
1220 357 1264 390 illi
1292 358 1537 401 assignavimus)
1559 358 1617 391 sub
1649 368 1777 391 excom-

1035 410 1263 443 municationis
1283 410 1507 451 anathematis,
1529 411 1776 451 maledictionis,

1034 462 1220 505 privationis
1241 463 1445 505 dignitatum,
1469 464 1780 505 dominioi·um,seu-

1034 516 1161 555 dorum,
1172 516 1345 556 honorum,
1356 518 1575 558 inhabilitatis,
1587 529 1622 551 ac
1633 518 1781 551 rebellio-

1034 569 1081 602 nis
1094 575 1124 602 et
1141 570 1246 603 laesae
1267 571 1441 604 maiestatis
1455 571 1614 612 criminis,
1629 572 1660 604 in
1674 573 1780 615 primo

1033 621 1137 665 capite
1162 623 1294 666 poenis,
1318 623 1453 656 deberet
1479 635 1496 656 a
1522 624 1780 668 quibuscumque

1034 674 1271 717 iactationibus,
1295 677 1585 718 molestationibus,
1605 678 1780 711 vexationi-

1034 728 1092 760 bus
1122 734 1153 760 et
1184 728 1425 772 impedimentis
1456 729 1567 770 nobis,
1600 741 1636 763 ac
1658 732 1778 764 Rorna-

1034 791 1093 813 nae
1114 781 1286 822 Ecclesiae,
1310 793 1370 815 nec
1394 793 1459 815 non
1479 783 1553 815 Sedi
1578 789 1608 816 et
1630 784 1781 817 Gamerae

1034 832 1207 875 praedictis
1227 843 1324 876 super
1343 833 1473 873 ducatu,
1497 833 1689 875 civitatibus,
1713 841 1778 867 ter-

1035 884 1077 917 ris
1097 890 1127 917 et
1146 885 1269 925 castris,
1286 890 1315 918 et
1330 885 1400 918 aliis
1414 885 1492 918 locis
1504 886 1687 929 praedictis,
1703 898 1784 930 quo-

1035 938 1080 971 vis
1100 944 1266 982 praetextu
1280 966 1287 979 ,
1311 949 1406 972 causa
1433 945 1464 972 et
1494 940 1639 983 quaesito
1660 941 1780 981 colore,

1036 992 1131 1025 illatis
1143 998 1173 1025 et
1184 992 1296 1025 inferri
1310 993 1526 1034 comminatis,
1539 1005 1573 1026 re
1587 994 1655 1038 ipsa
1666 1000 1782 1028 etcum

1037 1045 1152 1078 effectu
1184 1056 1323 1079 cessasse
1354 1052 1385 1079 et
1413 1046 1584 1087 destitisse;
1616 1047 1783 1091 ipsamque

1037 1099 1215 1131 Romanam
1236 1099 1423 1138 Ecclesiam,
1440 1110 1476 1132 ac
1494 1100 1608 1133 Sedem
1627 1105 1658 1133 et
1675 1101 1784 1134 Came-

1037 1163 1105 1185 ram
1116 1151 1332 1196 Apostolicam
1345 1152 1429 1184 dicto
1444 1152 1561 1185 ducatu
1575 1159 1606 1185 01
1615 1153 1684 1186 aliis
1692 1165 1784 1197 prae-

1038 1205 1141 1245 dietis,
1156 1205 1353 1248 illorumque
1374 1205 1469 1248 pleno
1488 1205 1568 1245 iure,
1586 1206 1730 1239 dominio
1747 1218 1785 1241 ac

1037 1259 1199 1292 fructuum
1220 1264 1251 1291 et
1270 1264 1485 1302 proventuum
1506 1260 1725 1303 perceptione,
1748 1261 1785 1293 li-

1037 1311 1190 1355 beraque,
1214 1311 1325 1355 quieta
1356 1318 1386 1344 et
1416 1311 1551 1355 pacifica
1582 1313 1785 1356 possessione

1037 1365 1094 1405 uti,
1110 1364 1172 1397 frui
1194 1370 1225 1398 et
1245 1365 1386 1407 gaudere
1404 1364 1599 1408 permisisse3
1614 1365 1784 1410 eidemque

1037 1419 1161 1452 Caesari
1182 1418 1324 1452 districte
1353 1419 1584 1462 praecipiendo
1612 1421 1781 1454 mandavi-

1038 1483 1109 1505 mus
1123 1478 1152 1505 et
1167 1471 1367 1504 inhibuimus
1381 1482 1431 1512 ne,
1448 1472 1507 1504 51111
1523 1472 1644 1505 eisdem
1658 1473 1782 1517 poenis,

1038 1526 1171 1558 auderet
1198 1536 1255 1558 seu
1281 1531 1521 1568 praesumeret,
1546 1526 1658 1569 quovis
1685 1537 1782 1570 prae-

1039 1584 1123 1612 textu
1155 1584 1186 1611 et
1215 1579 1361 1622 quaesito
1392 1578 1513 1619 colore,
1547 1579 1784 1622 possessionem

1038 1633 1184 1673 ducatus,
1207 1631 1382 1670 civitatum,
1409 1637 1581 1673 terrarum,
1605 1638 1784 1665 castrorum

1023 1691 1068 1727 et
1085 1685 1222 1718 aliorum
1240 1684 1480 1728 praedictorum
1494 1695 1553 1728 per
1565 1695 1610 1725 se,
1624 1685 1673 1717 vel
1687 1685 1783 1718 alium

1038 1748 1210 1782 occupare,
1234 1743 1289 1770 aut
1308 1737 1421 1781 quovis
1441 1737 1539 1770 modo
1560 1738 1592 1770 in
1620 1738 1659 1771 iis
1678 1749 1712 1771 50
1731 1739 1783 1772 111-

1038 1801 1161 1833 gerere,
1186 1790 1351 1823 intrudere
1366 1796 1397 1823 et
1410 1790 1638 1831 intromittere,
1656 1796 1687 1824 et
1705 1802 1784 1835 qua-

1038 1851 1130 1877 tenus
1160 1844 1291 1876 illorum
1323 1843 1559 1887 possessionem
1584 1851 1783 1888 occupasset,

1038 1908 1094 1930 seu
1112 1897 1224 1941 quovis
1246 1896 1343 1929 modo
1361 1896 1393 1928 in
1412 1906 1449 1929 ea
1466 1907 1498 1929 se
1517 1896 1710 1939 ingessisset,
1731 1897 1783 1930 in-

1040 1951 1185 1984 trusisset
1201 1961 1257 1983 seu
1275 1950 1511 1991 intromisisset,
1529 1956 1563 1982 ut
1581 1950 1664 1983 infra
1685 1951 1787 1984 dicto-

1039 2015 1110 2037 rum
1142 2003 1326 2048 quindecim
1358 2003 1484 2036 dierum
1515 2003 1655 2046 spatium
1681 2005 1787 2047 (quos

1039 2058 1135 2091 etiam
1149 2067 1207 2101 pro
1219 2056 1365 2090 terminis
1379 2062 1410 2090 et
1421 2056 1599 2090 monitione
1617 2056 1784 2096 canonica,

1039 2117 1073 2144 ut
1093 2120 1201 2154 supra,
1225 2109 1474 2152 assignavimus)
1495 2109 1641 2142 omnium
1666 2115 1697 2142 01
1717 2109 1784 2142 5111-

1039 2164 1190 2207 gulorum
1212 2162 1473 2206 supradictorum
1485 2162 1721 2206 possessionem
1736 2173 1788 2195 va-

1041 2228 1133 2250 cuam
1146 2244 1153 2257 ,
1184 2217 1321 2249 liberam
1350 2222 1381 2249 ct
1413 2216 1594 2260 expeditam
1626 2216 1719 2249 nobis
1751 2227 1788 2249 ac

1040 2270 1204 2302 Romanae
1224 2268 1402 2309 Ecclesiae,
1425 2268 1564 2311 Sedique
1585 2274 1616 2301 et
1635 2269 1787 2302 Gamerae

1041 2322 1214 2366 praedictis
1246 2322 1376 2355 realiter
1396 2328 1427 2355 ct
1456 2332 1529 2355 cum
1551 2321 1667 2355 effectu
1688 2322 1786 2355 dimi-

1041 2376 1117 2409 sisse
1136 2381 1167 2409 et
1186 2376 1225 2408 ab
1246 2376 1335 2408 omni
1353 2375 1578 2419 occupatione,
1595 2375 1786 2418 ingestione,

1042 2429 1231 2468 intrusione,
1254 2429 1494 2462 intromissione
1516 2434 1546 2461 01
1565 2428 1789 2462 molestatione

1042 2482 1232 2515 abstinuisse
1244 2488 1275 2516 et
1293 2482 1462 2515 recessisse
1475 2482 1623 2516 deberet:
1641 2482 1707 2515 etsi
1722 2482 1789 2526 ipsc
1805 2485 1989 2534 εξιῑηζὲῑὶξῇῗὲῖξζξ

1041 2535 1176 2575 Caesar,
1205 2541 1239 2568 111
1259 2545 1374 2578 supra,
1397 2535 1538 2568 monitus
1556 2534 1586 2567 iu
1605 2534 1790 2578 praemissis
1805 2540 1892 2560 tentiam
1921 2545 1987 2565 ovio-

1805 2571 1854 2586 nere
1873 2566 1989 2586 arbitrato-

1041 2588 1173 2621 sentiret
1190 2598 1223 2621 sc
1240 2594 1419 2630 gravatum,
1440 2588 1591 2621 eumdem
1610 2588 1705 2621 etiam
1726 2599 1785 2632 pe-
1804 2592 1989 2639 fflrhffigggngffl

1042 2641 1217 2684 remptorie
1254 2641 1437 2681 citavimus,
1471 2646 1629 2685 quatenus
1662 2641 1789 2675 decima
1803 2647 1895 2672 pareret-
