2253 3195
14 258 61 286 Αι1.
75 256 105 284 C.
122 255 183 282 160¹

34 1162 40 1174 ’
54 1161 136 1184 statuta
149 1168 187 1189 pro

12 1188 78 1211 divino
97 1189 151 1210 cuttu
167 1190 188 1210 iu

12 1215 92 1237 civitate
113 1218 133 1236 et
155 1222 187 1236 ec-

12 1241 72 1264 etesia
103 1241 187 1263 Elncnsi

12 1268 104 1290 curando.

36 2063 118 2086 Sanctio
138 2071 188 2092 pee-

13 2091 67 2112 nalis.

815 258 959 280 ornati-:Ns
982 258 1035 281 Vttt
1059 259 1106 280 PF.

202 303 370 336 innovatis.
394 304 515 342 Quibus
545 305 717 342 omnibus,
750 305 873 338 etiamsi
902 305 940 337 de

202 357 264 389 illis
285 367 462 401 eorumque
487 358 560 391 totis
583 359 747 391 tenoribus
780 358 937 402 specialis,

202 410 362 453 specifica,
387 421 534 454 expressa
552 417 582 444 et
602 411 777 452 individua,
801 422 865 444 non
886 422 941 444 au-

201 470 264 497 tem
285 475 343 507 per
365 465 522 497 elausulas
537 465 702 506 generales
721 465 804 497 idem
822 465 941 508 impor-

204 523 304 549 tantes
325 517 457 556 mentio,
475 527 529 549 seu
553 517 683 560 quaevis
705 517 766 550 alia
784 517 941 560 espressio

201 570 359 610 habenda,
378 575 433 602 aut
446 569 552 612 aliqua
570 570 630 602 alia
643 570 798 613 exquisita
813 570 914 602 forma
934 570 939 585 ¹

203 628 328 655 tenores
358 622 565 662 huiusmodi,
601 634 635 655 ae
668 623 693 655 si
719 623 757 655 de
779 623 874 655 verbo
903 623 940 655 ad

201 676 347 720 verbum,
371 675 451 708 nihil
481 675 608 718 penitus
636 675 766 716 omisso,
791 681 818 708 et
840 676 942 709 forma

201 730 233 762 in
254 729 323 762 illas
343 729 460 762 tradita
486 729 668 768 observata,
688 729 799 762 inserti
823 730 937 771 forent,

200 782 425 826 praesentibus
446 793 504 825 pro
523 782 678 825 expressis
693 782 858 823 babentes,
880 782 941 815 illis

201 835 278 868 alias
298 835 331 867 in
351 845 408 868 suo
423 835 539 868 robore
553 835 785 878 permansuris,
802 835 860 867 liae
874 835 940 868 viee

202 889 365 922 dumtaxat
389 888 572 932 specialiter
592 894 623 921 et
639 899 786 932 expresse
807 889 941 931 deroga-

202 953 283 983 mus,
308 942 507 985 caeterisque
532 942 700 975 contrariis
730 942 939 985 (piibuseum-

202 1007 275 1040 que.
300 997 360 1029 Aut
381 996 406 1028 si
428 996 523 1029 alicui
545 1000 600 1028 ele.
626 996 784 1038 generari,
813 1001 843 1028 et
864 996 937 1039 qui-

201 1049 343 1082 buslibet
362 1049 432 1082 aliis
457 1053 512 1081 etc.
538 1049 659 1081 mentio
681 1048 837 1092 specialis.

247 1103 262 1146 ξ
283 1102 334 1135 10.
359 1103 512 1136 Volumus
537 1109 644 1136 autem
666 1103 752 1146 quod
779 1103 940 1146 praefatus

203 1162 231 1189 et
246 1166 304 1199 pro
326 1161 470 1199 tempore
485 1156 620 1189 existens
641 1156 810 1199 episeopus
824 1156 940 1189 Elnen-

203 1209 245 1242 sis
269 1209 302 1241 in
323 1209 434 1242 eadem
457 1208 581 1241 civitate
604 1209 759 1241 vicarium
784 1211 839 1241 seu
866 1209 938 1241 0111-7

203 1263 317 1296 cialem
344 1273 401 1306 pro
426 1264 600 1296 exercenda
637 1262 857 1296 iurisdictione
881 1263 940 1295 sibi

203 1316 281 1349 inibi
303 1322 505 1360 competente
534 1316 687 1349 continuo
709 1316 848 1350 retiner-e
863 1344 870 1354 ,
905 1328 941 1349 ae

202 1375 267 1402 tam
299 1370 387 1413 ipse,
412 1380 507 1413 quam
529 1369 706 1413 capitulum
735 1376 766 1403 et
795 1369 938 1403 canonici

202 1423 362 1456 Ecclesiae
393 1423 537 1456 Elnensis
582 1422 767 1456 huiusmodi
800 1424 840 1456 ad
870 1433 939 1456 eam

201 1486 261 1519 pro
288 1475 402 1509 divinis
434 1475 553 1509 ibidem
582 1476 740 1509 obeundis
768 1476 879 1508 saltem
909 1476 940 1508 in

202 1529 466 1567 consec-rationis,
490 1540 545 1561 seu
566 1529 777 1562 dedicationis
798 1529 940 1562 eiusdem

202 1583 355 1616 ecclesiae
375 1582 531 1622 Elnensis,
553 1593 635 1625 quae
657 1583 781 1615 decima
791 1583 942 1623 octobris,

202 1639 232 1667 et
251 1633 357 1668 Sancti
382 1634 488 1666 Iaeobi
509 1634 663 1676 Apostoli,
688 1644 768 1677 quae
790 1634 942 1676 vigesima

201 1687 313 1730 quinta
341 1687 408 1719 iulii
437 1686 596 1719 mensium
619 1686 751 1727 diebus,
785 1687 941 1720 celebrari

201 1738 325 1777 solent,
350 1738 588 1777 festivitatibus,
624 1744 767 1771 cessante
799 1738 941 1780 legitimo

202 1790 445 1834 impedimento,
472 1791 683 1834 personaliter
708 1792 881 1830 accedere,
906 1802 940 1823 as·

201 1849 361 1888 prouteos
377 1844 486 1886 tangit,
503 1855 613 1877 euram
624 1844 761 1877 fabricae
775 1844 873 1888 ipsius
886 1845 942 1877 Ee-

202 1897 317 1931 clesiae
337 1898 481 1931 Elnensis
502 1903 533 1930 et
550 1897 634 1932 illius
654 1898 866 1941 reparationis
888 1899 941 1931 ‹le-

202 1951 288 1984 bitae
308 1961 418 1993 gerere
440 1957 470 1984 et
490 1951 647 1984 sustinere
669 1957 849 1984 teneantur.

246 2003 331 2037 Nulli
366 2015 444 2046 ergo
482 2004 614 2037 omnino
647 2005 814 2037 bominum
847 2004 941 2037 liceat

202 2056 285 2090 hane
302 2057 454 2101 paginam
475 2063 671 2099 nostrarum,
695 2062 750 2090 etc.

246 2111 359 2144 Datum
380 2112 501 2144 Romae
523 2111 607 2154 apud
621 2111 772 2144 Sanctum
787 2112 939 2153 Marcum,

202 2175 286 2198 anno
306 2165 539 2198 lnearnationis
558 2165 744 2198 Dominieae
772 2166 943 2199 millesimo

202 2218 432 2252 sexcentesimo
445 2218 562 2261 primo,
581 2218 725 2251 kalendis
738 2219 939 2262 septembris,

202 2272 408 2316 pontificatus
428 2272 526 2304 nostri
550 2282 634 2304 1111110
652 2283 681 2305 x.

238 2334 294 2361 Dat.
316 2334 360 2362 die
381 2336 391 2362 ⁴l
410 2333 556 2369 septembr.
571 2334 647 2367 1601,
669 2333 763 2369 pontif.
781 2342 823 2361 an,
846 2343 869 2361 x.

241 2435 248 2458 t
269 2432 345 2459 Adde
364 2433 507 2460 servanda
526 2434 606 2467 soret.
628 2435 722 2466 111.Τ.).

1652 245 1662 258 a

1624 246 1656 277 72

1657 261 1664 276 v

1280 305 1408 338 CCLXV.

976 405 1154 437 illamlalnr
1177 405 1330 448 episcopis
1357 403 1485 436 insulae
1511 404 1655 437 Corsicae
1678 414 1714 436 ac

1020 468 1127 489 ermini
1152 458 1184 489 in
1210 456 1441 499 spiritualibus
1462 456 1595 488 vicariis
1615 467 1710 499 yene-

1021 512 1156 551 ratibus,
1177 521 1216 542 ‘nc
1238 510 1437 552 »willarium
1461 514 1552 542 enflra
1571 510 1715 541 claustra

1021 564 1205 605 deflentium
1226 574 1331 606 opera,
1352 563 1422 595 sive
1442 562 1533 596 Sedis
1553 562 1715 605 Apostoli-

1021 628 1073 649 mm
1095 617 1237 655 liventia,
1258 620 1396 648 utantur
1410 616 1428 649 ¹.

975 706 1198 733 venerabilibus
1231 705 1376 733 fratribus
1416 706 1563 739 episeopis
1597 706 1714 733 insulae

1011 752 1156 784 corsicae,
1179 759 1213 778 ac
1240 751 1359 778 dilectis
1380 751 1452 778 filiis
1472 759 1572 778 eorum
1592 751 1714 778 vicariis

1011 795 1041 822 in
1061 794 1271 829 spiritualibus
1292 795 1484 829 generalibus

1166 855 1320 885 Clemens
1335 856 1428 895 Papa
1442 855 1534 884 vul.

1064 925 1258 951 venerabiles
1274 924 1382 951 fratres
1399 932 1433 951 ac
1449 924 1554 952 dilecti
1568 924 1633 957 filii,

1017 970 1146 996 salutem
1166 972 1196 995 et
1216 969 1411 1002 apostolicam
1430 968 1678 995 benedictionem.

1021 1045 1035 1085 ξ
1063 1044 1087 1076 1.
1112 1043 1268 1082 Quoniam
1291 1043 1329 1075 ab
1351 1036 1552 1075 observantia
1575 1043 1713 1085 regulari

976 1090 1116 1129 alienum
1141 1101 1197 1137 est,
1221 1102 1252 1129 ut
1276 1096 1439 1138 regulares
1461 1096 1598 1129 cuiusvis
1617 1096 1713 1129 Ordi-

975 1151 1024 1183 nis
1042 1156 1129 1183 extra
1147 1150 1285 1182 claustra
1299 1160 1430 1182 suorum
1447 1149 1715 1183 monasteriorum

976 1209 1003 1236 et
1027 1204 1198 1235 domorum
1212 1203 1409 1244 regularium
1428 1207 1576 1245 vagantes
1590 1212 1717 1246 perma-

976 1263 1086 1293 neant;
1109 1266 1167 1288 nos
1187 1255 1438 1289 fraternitatibus
1458 1256 1581 1295 vestris,
1603 1256 1717 1288 fratres

975 1309 1128 1353 episcopi7
1146 1320 1181 1341 ae
1195 1309 1380 1342 discretioni
1398 1314 1531 1348 vestrae,
1555 1308 1612 1341 filii
1633 1308 1717 1341 vica-

975 1364 1029 1401 rii,
1054 1369 1082 1396 et
1114 1362 1243 1399 cuilibet
1277 1368 1416 1395 vestrum
1446 1373 1504 1406 per
1534 1367 1718 1406 praesentes

976 1417 1207 1451 committimus
1228 1421 1256 1448 et
1279 1416 1481 1456 mandamus,
1494 1421 1530 1448 ut
1546 1415 1654 1448 nullus
1666 1426 1717 1448 ve-

976 1476 1088 1510 strum,
1107 1468 1308 1512 regularibus
1323 1469 1409 1512 ipsis,
1432 1469 1542 1512 quavis
1556 1469 1594 1501 de
1607 1479 1713 1509 eausa,

976 1524 1072 1556 etiam
1094 1527 1258 1567 praetextu
1289 1532 1384 1555 curae
1413 1522 1594 1554 animarum
1622 1532 1714 1554 exer-

976 1578 1107 1615 condae,
1144 1583 1197 1609 aut
1228 1576 1339 1608 vestris
1373 1575 1507 1608 servitiis
1538 1575 1715 1615 insistendi,

976 1636 1063 1663 extra
1084 1631 1221 1663 claustra
1241 1640 1373 1662 suorum
1396 1628 1666 1661 monasteriorum
1687 1633 1719 1660 et

976 1683 1172 1725 regularium
1206 1683 1349 1715 locorum
1382 1681 1615 1724 permanendi,
1650 1681 1718 1714 sine

976 1737 1104 1780 speciali
1126 1736 1215 1769 Sedis
1233 1734 1434 1778 Apostolieae
1456 1734 1595 1775 lieentia,
1620 1744 1715 1767 oeca-

959 1804 960 1807 ¹
976 1791 1098 1824 sionem
1112 1789 1303 1833 praebeatis,
1321 1794 1372 1821 aut
1389 1788 1577 1821 eorumdem
1593 1788 1718 1829 regula-

977 1844 1059 1876 rium
1082 1849 1169 1875 extra
1182 1843 1318 1875 claustra
1333 1841 1518 1883 degentium
1537 1851 1635 1884 opera
1650 1846 1719 1873 uta-

976 1892 1071 1933 niini;
1089 1895 1269 1939 quinimmo
1291 1894 1511 1938 unusquisque
1524 1899 1665 1926 vestrum
1687 1894 1718 1925 in

958 1943 1033 1984 ¹sua
1054 1950 1180 1982 civitate
1198 1955 1225 1981 et
1246 1947 1384 1981 dioecesi
1406 1947 1592 1981 huiusmodi
1625 1957 1719 1989 regu-

977 2004 1058 2036 lares
1079 2003 1122 2036 sie
1138 2008 1224 2035 extra
1242 2002 1381 2034 claustra
1395 2006 1556 2043 vagantes,
1572 2006 1626 2033 aut
1640 2011 1719 2044 quo-

978 2058 1021 2090 vis
1042 2062 1207 2101 praetextu
1227 2060 1454 2099 permanentes
1475 2055 1514 2087 ad
1528 2065 1584 2087 sua
1605 2064 1717 2086 mona-

977 2111 1072 2144 steria
1093 2116 1123 2143 et
1144 2111 1214 2142 loca
1234 2109 1393 2151 regularia
1413 2107 1530 2148 redire,
1544 2107 1639 2140 etiam
1661 2118 1720 2150 per

977 2174 1128 2197 censuras
1149 2169 1179 2195 et
1199 2173 1319 2206 poenas
1334 2161 1575 2201 ecclesiasticas,
1593 2160 1718 2203 aliaque

977 2224 1159 2261 opportuna
1182 2216 1260 2249 iuris
1281 2223 1312 2249 et
1342 2215 1413 2248 faeti
1435 2214 1577 2248 remedia
1599 2214 1719 2256 cogatis

977 2278 1005 2305 et
1027 2271 1239 2315 compellatis,
1254 2281 1350 2314 super
1370 2280 1433 2313 quo
1455 2269 1543 2301 vobis
1564 2274 1718 2312 opportu-

976 2336 1050 2358 nam
1082 2325 1263 2357 facultatem
1297 2323 1504 2356 concedimus
1534 2327 1564 2355 et
1593 2322 1714 2366 imper-

977 2380 1084 2412 timui:

1020 2432 1034 2474 ξ
1055 2431 1084 2463 9..
1110 2432 1177 2463 Non
1207 2430 1407 2463 obstantibus
1429 2428 1592 2472 quibusvis
1612 2428 1713 2472 privi-

975 2485 1076 2527 legiis,
1097 2483 1371 2527 exemptionibus,
1397 2482 1528 2515 indultis
1549 2488 1579 2515 et
1604 2482 1717 2516 litteris

975 2537 1158 2581 apostolicis
1179 2547 1236 2580 per
1254 2536 1355 2569 dii-tos
1377 2536 1540 2577 regulares
1561 2540 1713 2579 praeten-

975 2591 1027 2631 sis,
1044 2597 1094 2623 aut
1117 2590 1192 2633 ipsis
1213 2595 1241 2622 et
1264 2600 1375 2621 eorum
1395 2589 1568 2621 Ordinibus
1589 2588 1620 2621 in
1642 2599 1717 2622 con-

1012 2656 1020 2679 1
1046 2653 1080 2680 lix
1103 2653 1207 2688 llegest.
1231 2653 1256 2679 in
1278 2653 1379 2680 Seeret.
1404 2652 1536 2679 Brevium.

1733 255 1908 281 An.(;.160¹

1744 1054 1873 1079 stannatum,
1889 1055 1914 1075 de

1732 1086 1773 1107 qno
1790 1081 1810 1102 iu
1821 1081 1913 1102 rubrica.

1746 2434 1861 2464 [inrogata]
1870 2437 1919 2453 con·

1733 2464 1852 2482 (rariorum.
