2253 3195
31 210 78 237 Λιι.
101 210 128 236 C.
152 209 216 237 tooo

75 319 213 345 agricultores

32 347 52 368 in
62 351 111 371 agro
121 346 213 366 nomano

31 371 123 400 possint.
155 375 213 392 certo

33 399 93 421 modu
122 400 142 418 el.
162 401 214 419 ten»-

31 431 88 453 μοι-ε,
103 425 128 446 de
143 425 213 446 Eccle-

847 209 993 232 ert-:MENS
1011 209 1068 232 Vttt
1086 210 1135 233 rP.

274 258 290 299 g
316 257 345 289 2.
375 255 551 291 Statuimus
582 262 612 290 et
644 257 853 297 ordinamus,
884 257 969 300 quod

230 321 340 343 omnes
363 317 425 344 tam
441 311 534 349 cives,
552 307 647 354 quam
670 311 811 343 forenses
832 310 970 352 agricul-

230 369 332 405 tores,
357 370 549 398 mercatores
570 370 600 397 et
627 364 755 404 coloni,
780 364 833 407 qui
855 369 919 396 tam
939 363 970 395 in

230 418 380 461 propriis,
405 429 501 461 quam
524 418 635 450 alienis
661 423 691 450 et
719 417 887 450 conductis
909 423 971 450 ter-

32 453 116 473 tiastico
153 452 213 472 statu
250 470 255 476 ,

31 479 154 500 frumentum
181 484 213 498 ex-

33 505 122 526 trahet-t».

230 482 287 508 ris,
313 472 449 511 tenutis,
473 471 728 514 possessionibus
755 477 782 503 ct
813 470 971 503 casalibus

229 524 261 556 in
292 524 453 557 territorio
483 530 513 557 et
542 524 685 557 districtu
706 524 820 563 Urbis,
844 534 969 556 necnon

229 577 319 617 Latii,
340 578 531 621 Campaniae
553 582 583 610 et
603 577 779 610 Maritimae
798 577 970 620 provinciis

228 630 435 664 existentibus
465 630 695 672 agriculturam
731 635 762 662 et
793 635 969 662 sementem

228 683 373 723 fecerint,
397 684 530 725 singulis
549 683 658 723 annis,
682 683 799 726 quibus
824 683 967 726 precium

228 742 260 769 et
290 736 380 769 valor
408 736 559 769 frumenti
585 736 801 769 communiter
833 736 865 768 in
885 735 988 779 Urbe¹

227 800 286 833 per
305 790 391 833 ipsos
411 789 622 832 agricultores
639 796 667 822 et
687 795 882 822 mercatores
896 785 988 837 ven-l

228 843 324 876 dendi
346 854 363 876 a
382 849 527 887 tempore
545 843 656 876 messis
673 848 704 876 et
721 843 967 879 recollectionis.
986 840 988 894 ξ

228 906 329 939 usque
351 897 390 930 ad
411 897 564 930 kalendas
582 897 685 930 martii
705 896 876 930 cuiuslibet
895 897 969 929 anni

228 959 388 983 summam
420 950 571 983 iuliorum
603 950 766 993 sexaginta
790 950 821 982 in
846 947 988 993 singula}

228 1003 327 1035 rubra
347 1014 411 1036 non
430 1003 634 1044 excesserint,
654 1004 777 1047 possint
797 1009 827 1036 et
846 995 989 1042 valeant}

230 1063 376 1100 quartam
401 1063 524 1100 partem
547 1057 643 1090 totius
663 1057 814 1090 frumenti
840 1067 897 1100 per
917 1044 988 1103 eos}

230 1110 342 1143 eodem
368 1120 453 1142 anno
485 1109 671 1149 recollecti,
695 1110 834 1143 deducto
865 1108 988 1143 tamen'

230 1163 364 1204 semine,
384 1163 423 1196 ad
445 1163 575 1206 quaevis
599 1164 685 1203 loca,
710 1169 838 1207 praeter
859 1153 989 1196 infide-⁵

231 1216 321 1257 lium,
345 1222 376 1250 et
394 1217 423 1250 S.
441 1217 476 1250 R.
494 1217 527 1250 E.
546 1217 698 1257 hostium,
719 1223 804 1250 terra
824 1217 972 1260 marique

230 1269 330 1302 libere
347 1269 513 1303 extrahere
534 1276 564 1303 et
584 1276 760 1314 asportare,
774 1281 830 1303 seu
848 1270 970 1303 extrahi

231 1324 431 1367 etasportari
448 1324 566 1365 facere;
590 1330 621 1357 et
641 1324 701 1358 hoc
720 1324 814 1357 etiam
837 1324 971 1367 intelligi

231 1377 380 1410 volumus
409 1377 447 1410 de
479 1378 660 1419 frumento,
685 1378 771 1422 quod
799 1378 922 1411 domini
943 1373 990 1411 et‘

232 1430 390 1464 locatores
411 1437 594 1464 tenutarum
617 1442 634 1464 a
654 1431 908 1464 conductoribus
926 1442 973 1465 re-

233 1484 376 1527 ceperint
407 1490 437 1517 et
457 1484 619 1527 exegerint
638 1495 697 1528 pro
717 1491 815 1528 quota
835 1495 970 1528 respon·
989 1478 991 1513 l

232 1537 347 1577 sionis;
371 1543 528 1581 quatenus
558 1543 665 1571 tamen
694 1538 794 1571 dictas
825 1544 970 1579 tenutas,

233 1597 333 1625 terras
354 1597 384 1625 et
404 1591 530 1632 casalia,
553 1591 592 1624 ad
613 1597 744 1635 quotam
766 1591 917 1624 frumenti
938 1602 991 1625 ex*

234 1645 279 1678 eis
296 1645 515 1687 recolligendi,
539 1650 570 1678 et
590 1655 654 1677 non
675 1645 752 1678 alias
772 1644 970 1685 locaverint,

234 1698 412 1732 dummodo
442 1704 549 1731 tamen
583 1698 667 1731 dicta
697 1703 796 1742 quota
826 1704 973 1742 quartam

233 1758 358 1796 partem
379 1762 443 1785 non
464 1752 605 1785 excedat.
626 1751 797 1785 Locatores
817 1762 904 1793 vero,
920 1752 974 1796 qui

234 1805 327 1838 aliter
340 1816 435 1849 quam
452 1805 491 1838 ad
509 1810 639 1848 quotam
662 1811 763 1838 terras
785 1806 971 1845 locaverint,

235 1859 440 1892 extractionis
466 1858 623 1892 beneficio
648 1869 707 1902 pro
729 1859 890 1892 frumento
919 1855 992 1903 pcr'

235 1923 289 1946 cos
309 1912 465 1954 exigendo
484 1912 544 1945 frui
567 1911 700 1945 minime
720 1912 852 1956 possint.
867 1913 975 1946 Dictae

235 1974 341 2001 autem
374 1967 578 2001 extractionis
611 1967 762 2009 licentia,
796 1968 834 2001 de
866 1979 976 2002 mense

236 2021 341 2054 martii
360 2021 531 2055 cuiuslibet
555 2021 630 2054 anni
652 2027 682 2054 et
702 2031 766 2054 non
784 2021 883 2065 prius,
901 2033 976 2055 con-

235 2075 304 2108 cedi
323 2075 438 2108 debeat
455 2085 511 2118 per
528 2075 650 2108 litteras
668 2080 813 2119 patentes
830 2075 976 2108 cardina-

235 2128 273 2162 lis
293 2128 465 2163 Camerarii
479 2139 537 2172 pro
552 2134 698 2172 tempore
717 2128 877 2161 existentis
892 2128 977 2161 iuxta

236 2181 378 2222 solitum,
395 2188 425 2215 et
444 2182 556 2215 solutis
576 2182 728 2215 Gamerae
746 2187 872 2214 nostrae
894 2183 977 2225 Apo-

236 2236 366 2269 stolicae
386 2235 470 2268 iuliis
496 2235 597 2269 tribus
621 2245 680 2279 pro
700 2235 845 2278 quolibet
864 2235 973 2269 rubro.

237 2289 268 2323 Si
287 2295 392 2322 autem
414 2299 470 2333 per
488 2299 545 2322 nos
559 2289 605 2321 vel
624 2298 824 2321 successores
837 2294 974 2327 nostros,

237 2342 454 2377 Camerarium
480 2348 534 2375 aut
555 2352 702 2374 annonae
726 2342 917 2384 praefectos,
941 2352 977 2375 ex

237 2396 348 2440 quavis
368 2406 463 2429 causa
480 2395 563 2428 dicta
584 2394 713 2428 licentia
733 2394 881 2438 impediri
903 2405 978 2427 con-

238 2449 355 2491 tigerit,
371 2455 514 2482 teneatur
528 2448 594 2492 ipsa
612 2448 744 2481 Camcra
761 2447 880 2481 eisdem
896 2448 996 2493 agri-3

239 2501 416 2535 cultoribus
446 2512 501 2534 seu
535 2500 674 2534 dominis
705 2506 888 2534 tenutarutn
920 2498 996 2543 proi

239 2555 392 2588 interesse
412 2554 486 2601 dicti
514 2553 733 2597 impedimenti
754 2563 913 2586 summam
932 2553 978 2586 iu-
995 2549 997 2579 ἓ

239 2607 356 2642 liorum
384 2618 435 2641 sex·
464 2617 521 2654 pro
542 2607 687 2651 quolibet
706 2607 806 2640 rubro
831 2607 975 2648 solvere,
995 2626 997 2649 3

1651 195 1714 229 (3⁶33

1006 256 1104 290 libere
1118 262 1148 289 et
1162 256 1282 299 absque
1303 255 1367 288 ulla
1388 264 1519 298 prorsus
1541 253 1744 297 exceptions=;

1006 310 1184 343 dummodo
1206 315 1312 342 tamen
1339 314 1441 341 totum
1463 318 1575 341 eorum
1598 308 1744 340 frumen-

1008 369 1072 395 tum
1091 364 1129 396 ad
1144 363 1260 396 Urbem
1280 361 1503 401 conduxerint,
1516 372 1571 394 seu
1584 361 1746 394 licentiam

1006 416 1204 448 obtinuerint
1216 415 1294 448 illud
1311 421 1395 448 extra
1410 415 1527 448 Urbem
1550 413 1744 452 dimittendi,

1006 475 1035 501 ct
1055 469 1113 501 sub
1135 468 1331 510 obligatione
1343 468 1381 500 ad
1396 467 1514 501 Urbem
1530 466 1744 506 conducendi,

1006 527 1036 553 et
1053 521 1127 554 data
1148 527 1223 553 nota
1241 531 1386 553 summae
1408 525 1438 553 et
1460 520 1521 553 loci
1549 519 1604 552 ubi
1625 519 1747 552 dictum

1005 575 1203 608 frumentum
1229 574 1405 618 repositum
1436 574 1539 607 fuerit.
1568 574 1750 607 Teneantur

1005 628 1100 661 etiam
1129 628 1187 672 ipsi
1219 628 1431 670 agricultores
1465 633 1495 660 et
1526 627 1632 660 coloni
1665 626 1748 658 infra

1005 692 1146 715 mensem
1169 687 1238 724 post
1260 681 1453 724 completam
1475 686 1664 721 sementem,
1682 680 1748 713 sin-

1004 736 1086 778 gulis
1106 735 1198 768 annis
1226 735 1257 767 in
1284 735 1362 767 actis
1383 744 1530 767 annonae
1551 734 1668 767 notarii
1690 744 1745 767 ve-

1005 799 1072 822 ram
1086 788 1298 832 quantitatem
1313 793 1343 821 et
1355 788 1460 820 locum
1476 787 1639 826 sementis,
1651 797 1747 831 quam

1005 843 1140 887 quisque
1178 842 1310 882 fecerit,
1350 842 1569 881 denunciare,
1604 841 1748 885 alioquin

1005 896 1179 940 privilegiis
1197 901 1227 929 et
1248 894 1405 928 beneficio
1427 894 1644 938 praesentium
1667 893 1749 927 litte-

1006 961 1114 983 rarum
1136 956 1319 983 nostrarum
1342 948 1474 981 minime
1495 949 1712 992 perfruantur.

1050 1005 1066 1045 g
1087 1001 1117 1035 3.
1143 1002 1177 1035 Et
1210 1007 1245 1034 ut
1272 1001 1488 1044 agriculturae
1509 1001 1694 1034 exercitium
1715 1010 1750 1033 o-

1006 1056 1134 1089 mnihus
1154 1056 1291 1088 liberum
1317 1055 1375 1097 sit,
1404 1061 1434 1089 et
1461 1055 1692 1098 agricultorum
1719 1060 1750 1088 et

987 1110 1196 1149 {colonorum
1226 1119 1381 1141 numerus
1401 1118 1466 1141 non
1488 1109 1585 1141 modo
1612 1119 1676 1141 non
1703 1108 1750 1141 di-

1007 1163 1192 1203 minuatur,
1217 1163 1272 1195 sed
1304 1162 1410 1206 potius
1434 1168 1610 1204 augeatur;
1633 1161 1747 1195 statui-

988 1244 989 1253 ,
1007 1227 1077 1249 mus
1091 1223 1120 1249 et
1135 1216 1323 1249 ordinamus
1344 1216 1431 1259 quod
1452 1226 1563 1249 omnes
1584 1221 1614 1248 et
1633 1215 1750 1257 singuli

1006 1271 1188 1310 baronum,
1220 1268 1404 1313 principum
1441 1274 1472 1302 et
1502 1268 1749 1302 domicellorum

1007 1333 1288 1367 quorumcumque
1324 1322 1353 1355 S.
1393 1322 1429 1355 R.
1464 1322 1497 1354 E.
1533 1321 1750 1354 subiectorum

1007 1377 1125 1410 subditi
1156 1382 1187 1410 et
1213 1376 1356 1417 vassalli,
1380 1385 1602 1419 quascumque
1632 1380 1749 1415 terras,

1008 1431 1150 1475 praedia,
1167 1430 1384 1474 possessiones
1405 1435 1436 1463 et.
1453 1429 1570 1462 casalia
1591 1428 1636 1462 eis
1656 1428 1753 1461 bene-

1008 1485 1084 1525 visa,
1108 1484 1205 1517 etiam
1228 1490 1316 1517 extra
1343 1488 1460 1516 statum
1493 1488 1524 1516 et
1552 1481 1751 1515 territorium

1009 1538 1197 1571 eorumdem
1219 1537 1438 1577 dominorum,
1451 1546 1521 1580 >per
1540 1546 1573 1569 se
1593 1536 1642 1568 vel
1672 1534 1752 1568 alios

1009 1592 1127 1629 colere,
1151 1591 1300 1624 laborare
1325 1595 1355 1623 et
1375 1589 1534 1622 seminare
1549 1616 1556 1629 ,
1580 1599 1635 1621 seu
1657 1587 1752 1621 etiam

1009 1646 1079 1679 aliis
1099 1645 1138 1678 ad
1160 1644 1331 1678 colendum
1353 1649 1384 1677 et
1404 1642 1629 1676 seminandum
1652 1641 1753 1674 inser-

991 1698 1094 1738 :vire‚
1125 1698 1290 1741 dictasque
1324 1703 1441 1737 terras,
1471 1695 1690 1740 possessiones
1722 1700 1753 1728 et

1009 1752 1136 1791 casalia,
1149 1751 1188 1784 ad
1206 1750 1355 1784 effectum
1377 1748 1504 1783 colendi
1523 1754 1554 1782 et
1572 1747 1752 1782 seminandi

991 1820 993 1853 ³,
1010 1806 1049 1839 ad
1064 1811 1194 1849 quotam
1210 1810 1245 1837 ut
1258 1814 1367 1848 supra,
1382 1814 1438 1836 seu
1456 1802 1535 1835 alias
1556 1801 1749 1841 conducere,

1010 1865 1040 1892 et
1061 1859 1091 1891 in
1113 1859 1158 1892 eis
1178 1864 1279 1891 artem
1305 1856 1520 1899 agriculturae
1540 1865 1688 1889 exercere
1709 1854 1750 1887 li-

992 1943 993 1964 }
1010 1912 1086 1945 bere
1106 1917 1137 1945 et
1156 1911 1241 1944 licite
1261 1911 1397 1943 valeant.
1411 1910 1588 1953 Nullusque
1608 1919 1643 1942 ex
1658 1908 1752 1941 dictis

1010 1965 1197 2005 baronibus,
1210 1963 1390 1998 domicellis
1411 1969 1441 1996 et
1461 1963 1531 1996 aliis
1547 1971 1753 2006 quacumque

1011 2019 1177 2060 dignitate,
1202 2024 1265 2051 tam
1289 2016 1458 2061 temporali
1484 2026 1580 2060 quam
1602 2015 1753 2048 ecclesia—

1010 2073 1098 2112 stica,
1132 2071 1429 2116 praefulgentibus,
1454 2069 1577 2103 etiamsi
1598 2069 1627 2102 S.
1656 2069 1691 2101 R.
1716 2069 1750 2101 E.

1011 2127 1190 2160 cardinales
1212 2125 1341 2165 fuerint,
1365 2135 1401 2157 ac
1422 2124 1518 2157 ctiam
1541 2122 1755 2156 communita-

993 2185 1058 2213 'tes
1087 2179 1188 2212 dictos
1215 2189 1327 2212 eorum
1355 2177 1528 2216 vassallos,
1556 2175 1703 2209 subditos
1724 2181 1755 2209 et

1012 2234 1155 2273 colonos,
1179 2232 1290 2276 quavis
1310 2242 1404 2264 causa
1420 2258 1427 2271 ,
1451 2231 1571 2264 directe
1591 2230 1639 2263 vel
1661 2229 1747 2262 indi-

994 2305 995 2324 ;
1013 2292 1109 2325 recte,
1133 2284 1242 2329 per⁵¹se
1263 2285 1310 2317 vel
1331 2285 1422 2325 alios,
1446 2283 1505 2316 sub
1526 2282 1707 2316 amissionis
1725 2288 1756 2316 et

1012 2339 1200 2384 privationis
1215 2339 1384 2372 feudorum
1404 2343 1435 2371 et
1455 2342 1607 2377 statuum,
1620 2336 1755 2380 aliisque

994 2403 996 2406 ’
1013 2398 1122 2426 nostro
1136 2398 1164 2425 et
1179 2402 1399 2425 successorum
1419 2397 1604 2424 nostrorum
1619 2389 1754 2423 arbitrio

1013 2445 1196 2486 infligendis
1217 2444 1338 2489 poenis,
1363 2445 1481 2477 audeat
1502 2444 1548 2476 vel
1571 2449 1756 2488 praesumat

1013 2509 1138 2542 cogere,
1155 2498 1321 2542 impedire,
1345 2498 1391 2530 vel
1415 2497 1598 2541 probibere,
1616 2508 1655 2530 ne
1676 2507 1752 2541 pos-

1013 2553 1076 2586 sint
1096 2562 1316 2596 quascumque
1337 2551 1415 2584 alias
1437 2557 1550 2591 terras,
1574 2550 1752 2595 possessio-

1014 2616 1069 2639 nes
1090 2611 1117 2639 et
1140 2603 1374 2647 casalia‚etiam
1397 2610 1484 2637 extra
1504 2614 1617 2637 corum
1635 2608 1753 2638 statum

1761 207 1811 233 Au.
1828 208 1855 234 t).
1881 209 1946 235 tono

1778 1010 1871 1032 Ramnes
1883 1013 1903 1032 ut
1912 1012 1949 1032 alii

1764 1038 1830 1058 libero
1863 1039 1950 1064 pot-mit-

1765 1067 1810 1085 tant.
1833 1071 1881 1085 suus
1904 1071 1949 1085 vas-

1765 1092 1892 1111 sallum-xtra
1900 1097 1949 1111 suos

1765 1118 1845 1141 Status,
1861 1119 1949 1138 aliorum

1765 1150 1827 1170 agi-us
1843 1145 1918 1167 colere,
1930 1147 1951 1164 el.

1765 1177 1811 1191 cum
1824 1172 1950 1191 animalibus

1767 1203 1874 1218 tusorum.
