2253 3195
70 280 119 306 An.
137 279 165 305 C.
184 278 251 305 ¹599

128 394 253 419 inhibetque

70 421 205 446 angularium
220 425 253 440 su-

15 457 20 479 3
70 447 187 475 perioribus
197 452 223 466 ne
235 447 254 466 in
269 444 288 476 p

70 474 170 500 regimine
193 478 254 499 prae-

70 501 171 522 diciorum
184 505 253 520 mona·

70 527 179 548 utet-iorum
190 532 212 546 se
223 526 252 546 in-

70 556 150 580 gerant.

69 1082 177 1103 Contraria
193 1082 252 1103 toltit.

873 279 1019 302 CLEMENS
1039 278 1097 302 vlit
1118 279 1169 302 PP.

315 328 331 368 5
352 326 382 359 4.
406 326 591 359 Inhibentes
619 332 791 370 propterea
817 326 1010 371 supradictis

269 380 419 413 omnibus
440 386 470 413 et
483 380 617 422 singulis
637 380 795 423 religiosis
813 381 870 413 suh
889 381 1008 413 eisdem

292 433 380 466 oenis
402 433 432 465 in
454 433 569 466 litteris
588 433 634 466 Pii
655 434 912 477 praedecessoris
932 444 1008 466 con-

270 486 363 519 tentis
395 497 452 530 per
472 487 736 520 contrafacientes
757 498 795 520 eo
816 487 885 530 ipso
904 487 1009 519 incur—

269 540 389 580 rendis,
418 551 458 573 ne
489 541 624 573 ulterius
656 540 688 572 in
720 551 807 579 cura,
836 540 1005 582 gubernio,

267 593 467 633 visitatione,
499 593 700 626 correctione
727 599 757 626 et
777 593 1008 626 reformatione

267 646 538 679 monasteriorum
559 646 801 689 praedictorum
833 656 866 678 se
896 645 1008 688 quovis

265 704 432 742 praetextu
453 699 670 731 intromittere
687 699 825 731 audeant
847 709 902 731 seu
916 709 1009 741 prae-

265 757 415 792 sumant,
450 752 584 796 tibique,
617 763 673 785 seu
694 752 813 785 vicario
840 752 1008 796 praedicto

266 812 377 839 contra
409 816 631 849 quoscumque
664 817 699 839 ex
732 806 824 839 dictis
851 805 1009 848 religiosis

265 869 323 902 per
333 869 453 902 poenas
463 859 644 902 praedictas
657 859 923 892 irremissibiliter
936 869 1009 902 pro-

267 912 425 952 cedendi,
457 912 585 955 plenam
616 918 647 945 et
666 913 803 945 liberam
825 913 1006 945 facultatem

267 965 475 998 concedimus
496 971 526 999 et
547 966 762 1010 impertimur.

312 1021 328 1060 S
351 1018 381 1052 5.
402 1019 472 1052 Non
494 1019 695 1052 obstantibus
709 1019 917 1052 concessione
931 1020 1010 1052 Leo—

267 1071 316 1104 nis
337 1072 374 1113 X,
389 1072 524 1116 aliisque
545 1073 741 1116 praemissis,
756 1083 882 1106 necnon
893 1072 1009 1105 consti-

269 1125 446 1159 tutionibus
473 1132 504 1159 et
525 1126 783 1159 ordinationibus
812 1126 1006 1170 apostolicis,

267 1189 303 1211 ac
320 1179 590 1213 monasteriorum
612 1185 642 1212 et
656 1180 806 1212 ordinum
828 1179 1009 1223 praedicto-

267 1243 338 1264 rutn
353 1232 447 1265 etiam
464 1232 659 1273 iuramento,
672 1232 918 1265 confirmatione
932 1242 1009 1276 apo-

266 1285 389 1326 stolica,
406 1286 455 1319 vel
465 1286 575 1329 quavis
586 1286 737 1319 firmitate
753 1286 813 1319 alia
834 1286 1005 1326 roboratis,

266 1339 391 1372 statutis
421 1345 451 1372 et
480 1340 767 1373 consuetudinibus
786 1368 793 1380 ‚
835 1340 1009 1383 privilegiis

266 1403 416 1437 quoque,
453 1393 584 1427 indultis
614 1400 644 1427 et
675 1394 788 1427 litteris
826 1394 1009 1438 apostolicis

267 1447 388 1480 eisdem
411 1447 615 1480 monasteriis
633 1458 669 1480 ac
683 1447 861 1487 ordinibus,
882 1458 1006 1480 necnon

266 1500 486 1543 superioribus
507 1506 537 1533 et
565 1500 722 1543 religiosis
751 1501 1008 1544 quibuscumque

266 1553 297 1586 in
319 1554 517 1586 contrarium
538 1554 792 1598 praemissorum
820 1555 1005 1597 quomodo—

266 1607 344 1640 libet
357 1608 525 1647 concessis,
543 1608 742 1641 confirmatis
761 1614 790 1641 et
810 1608 1004 1652 approbatis,
1024 1612 1026 1628 ¹

265 1671 392 1694 necnon
424 1661 575 1694 omnibus
601 1661 682 1701 illis,
712 1672 795 1705 quae
824 1661 1008 1705 praedictus

265 1713 340 1747 Pius
368 1715 597 1758 praedecessor
626 1714 658 1747 in
689 1715 755 1747 suis
775 1714 889 1748 litteris
908 1714 1009 1747 voluit

266 1777 332 1800 non
360 1767 499 1809 obstare,
524 1768 723 1811 caeterisque
748 1768 918 1801 contrariis
939 1767 1008 1811 qui-

266 1821 478 1865 buscumque.

310 1873 425 1907 Datum
446 1875 567 1907 Romae
587 1874 672 1918 apud
693 1874 722 1908 S.
737 1874 868 1907 Petrum
881 1875 938 1908 sub
954 1885 1008 1906 an-

267 1927 344 1959 nulo
364 1927 544 1969 piscatoris,
562 1928 613 1961 die
634 1938 665 1961 tv
686 1927 764 1960 iunii
784 1938 915 1969 MDxcix,
929 1938 1009 1971 pon-

267 1979 406 2013 tificatus
425 1981 527 2014 nostri
547 1991 631 2014 anno
652 1991 722 2014 vni.

305 2042 362 2069 Dat.
380 2042 422 2070 die
441 2044 454 2069 ἰ
474 2043 539 2070 iunii
557 2045 634 2079 1599,
652 2045 747 2080 pontif.
757 2053 801 2072 an.
819 2051 873 2071 vni.

600 2205 681 2238 CCX.

268 2301 425 2335 Facultas
445 2301 671 2334 cardinalibus
696 2301 849 2335 Caietano
870 2305 899 2333 et
923 2302 1009 2334 Bur-

312 2356 422 2399 yhesio
435 2355 664 2388 introducendi
674 2355 886 2398 disciplinam
900 2356 935 2387 ins
948 2355 1010 2388 col-

315 2409 408 2452 leyiis
428 2413 456 2442 el
475 2409 664 2442 seminariis
687 2408 833 2441 metionis
852 2408 1010 2451 Anqlica-

313 2473 385 2502 nae,
411 2466 477 2495 tam
496 2463 533 2495 in
552 2462 727 2506 Hispaniis
751 2472 849 2505 quam
871 2462 908 2494 in
934 2473 1010 2505 par-

314 2516 399 2549 tibus
422 2516 588 2559 inferioris
610 2516 804 2549 Germaniae
823 2515 944 2556 erectis,
968 2516 1010 2548 ad

312 2571 452 2613 formam
465 2569 638 2613 reqimim‘s
649 2569 778 2612 colleyii
796 2568 940 2601 eiusdem
951 2579 1009 2601 na-

315 2623 411 2656 tionis
431 2623 552 2656 Romae
575 2623 700 2655 erectia
715 2622 869 2665 Greyorio
890 2622 981 2655 XIII
985 2622 1004 2655 ¹.

308 2686 317 2710 t
336 2684 372 2711 Ex
386 2685 496 2720 Regest.
513 2685 539 2711 in
555 2684 656 2712 Secret.
671 2684 802 2712 lli-evium.

353 2738 431 2765 Bull.
453 2740 533 2768 Rom.
559 2739 617 2767 Vol.
639 2739 673 2766 X.
888 2737 923 2765 66

1691 266 1749 299 521

1045 327 1168 354 Dilectis
1188 327 1260 353 filiis
1281 326 1393 354 nostris
1411 326 1785 353 Henricos.Pudentianae

1080 372 1229 402 Caietano,
1252 374 1282 398 et
1296 372 1416 398 Camillo
1438 372 1465 398 S.
1488 370 1608 398 Eusehii
1628 370 1786 397 titulorum

1078 416 1262 450 presbyteris
1273 416 1437 450 Burghesio
1454 415 1637 449 nuncupatis
1650 415 1786 442 cardina-

1079 460 1158 487 libus

1229 508 1382 538 Clemens
1396 508 1489 549 Papa
1503 508 1595 538 vul.

1317 577 1424 604 Dilecti
1445 577 1509 609 filii,

1087 631 1216 656 salutem
1234 633 1264 656 et.
1280 631 1477 663 apostolicam
1498 630 1749 658 benedictionem.

1088 703 1104 743 g
1126 701 1155 733 l.
1179 702 1221 734 De
1239 701 1345 745 quiete
1366 712 1402 734 ac
1423 701 1505 734 felici
1538 701 1695 744 regimine
1720 702 1786 734 col-

1043 754 1200 796 legiorum
1220 761 1250 787 et
1275 754 1522 787 seminariorum
1555 765 1786 797 quorumcum-

1043 819 1104 851 que
1133 807 1272 840 nationis
1304 807 1520 849 Anglicanae,
1545 813 1609 840 tam
1638 808 1669 840 in
1701 808 1785 841 Urbe

1044 871 1139 904 quam
1166 860 1241 893 alibi
1266 860 1463 904 ubicumque
1484 861 1632 893 locorum
1654 860 1783 893 institu-

1044 919 1173 953 torum,
1206 925 1241 947 ac
1268 915 1306 946 de
1334 914 1410 957 ipsis
1430 914 1539 956 Anglis
1568 914 1733 947 catholicis
1754 914 1785 946 in

1044 968 1201 1001 catholica
1214 967 1277 1000 fide
1287 973 1316 1000 et
1337 968 1464 1011 pietatis
1479 968 1565 1000 cultu
1583 967 1786 1000 continendis

1044 1031 1102 1063 pro
1125 1026 1235 1053 nostro
1256 1020 1409 1063 pastorali
1430 1031 1565 1053 munere
1585 1020 1725 1060 solliciti,
1750 1031 1786 1052 ac

1045 1074 1083 1105 de
1104 1079 1208 1106 restra
1229 1073 1411 1116 prudentia,
1428 1073 1543 1106 virtute
1562 1079 1593 1106 et
1610 1073 1786 1106 catholicae

1045 1126 1210 1168 religionis
1232 1126 1486 1169 zeloplurimum
1509 1126 1540 1158 in
1559 1126 1694 1159 Domino
1709 1136 1786 1159 con-

1044 1180 1104 1219 fisi,
1128 1179 1228 1217 vobis,
1250 1185 1285 1212 ut
1303 1179 1506 1222 disciplinam
1527 1190 1631 1223 nuper
1656 1180 1687 1212 in
1721 1181 1787 1213 col—

1044 1233 1163 1275 legium
1184 1233 1362 1275 Anglorum
1390 1233 1427 1265 de
1448 1233 1533 1265 Urbe
1554 1233 1640 1266 iussu
1661 1239 1782 1273 nostro,

1044 1297 1080 1318 ac
1108 1292 1211 1319 vestra
1239 1285 1440 1318 institutione
1463 1285 1679 1319 introductam
1706 1287 1787 1330 (per

1044 1350 1140 1383 quam
1160 1367 1166 1379 ,
1195 1344 1231 1371 ut
1256 1349 1372 1381 magna
1401 1349 1474 1371 cum
1493 1345 1603 1371 nostra
1623 1340 1786 1382 voluptate

1044 1393 1238 1436 accepimus,
1260 1403 1372 1425 omnes
1393 1392 1560 1425 domestici
1578 1393 1736 1425 tumultus
1757 1398 1787 1425 et

1044 1448 1224 1481 discordiae
1238 1448 1382 1481 sublatae
1403 1454 1487 1487 sunt,
1511 1458 1703 1491 summaque
1724 1458 1785 1490 pax

1043 1507 1073 1534 et
1097 1501 1279 1534 animorum
1316 1501 1393 1534 unio
1419 1502 1503 1534 inter
1536 1512 1648 1534 omnes
1678 1501 1786 1542 vigere

1043 1554 1214 1597 cernitur),
1238 1565 1302 1587 non
1324 1555 1428 1587 solum
1450 1554 1481 1586 in
1502 1553 1669 1597 praedicto
1693 1554 1786 1587 Urbis

1043 1608 1196 1650 collegio,
1221 1608 1411 1640 auctoritate
1432 1613 1552 1648 nostra,
1577 1607 1783 1647 confirmare,

1042 1662 1098 1694 sed
1125 1662 1157 1694 in
1189 1661 1259 1694 aliis
1290 1661 1441 1694 omnibus
1471 1661 1614 1694 eiusdem
1646 1660 1786 1693 nationis

1042 1716 1237 1758 Angticanae
1257 1715 1400 1757 collegiis
1421 1721 1451 1748 et
1477 1715 1659 1748 seminariis
1685 1714 1784 1747 ubili-

1042 1769 1095 1802 bet
1116 1769 1280 1810 institutis,
1304 1769 1521 1809 introducere,
1545 1774 1576 1802 et
1597 1769 1623 1802 si
1643 1779 1725 1812 quae
1746 1769 1786 1801 ad

1044 1823 1200 1856 maiorem
1219 1822 1450 1867 perfectionem
1472 1822 1519 1855 vel
1540 1822 1786 1866 explicationem

1044 1877 1251 1919 regularum,
1284 1887 1366 1920 quae
1401 1876 1464 1908 iam
1495 1875 1527 1908 in
1548 1887 1608 1908 usu
1633 1883 1707 1909 sunt
1726 1886 1787 1919 pro

1044 1929 1224 1973 disciplina,
1253 1934 1307 1961 aut
1326 1929 1484 1971 regimine
1506 1929 1665 1961 dictorum
1691 1929 1787 1962 colle-

1043 1983 1171 2026 giorum
1187 1989 1218 2016 et
1238 1982 1486 2015 seminariorum
1500 1983 1648 2016 addenda
1659 1982 1707 2015 vel
1718 1993 1788 2014 mu—

1044 2037 1141 2070 tanda
1162 2037 1252 2070 vobis
1282 2036 1498 2076 videbuntur,
1523 2046 1560 2068 ea
1589 2036 1708 2068 addere
1738 2035 1786 2068 vel

1044 2096 1168 2124 mutare
1199 2089 1333 2123 arbitrio
1355 2095 1461 2122 vestro
1482 2089 1610 2133 possitis
1631 2094 1662 2121 et
1680 2089 1786 2121 valea-

1044 2144 1093 2184 tis,
1111 2155 1193 2187 quae
1211 2142 1360 2176 manibus
1377 2142 1488 2175 vestris
1502 2142 1682 2185 subscripta
1702 2152 1788 2175 eam—

1044 2197 1117 2230 dem
1139 2207 1212 2230 cum
1233 2196 1398 2240 prioribus
1411 2195 1473 2227 vim
1495 2201 1526 2228 et
1543 2195 1717 2228 efficaciam
1732 2194 1788 2227 ba-

1043 2251 1151 2284 beant.

1089 2303 1153 2346 §2
1179 2305 1222 2337 Ac
1242 2310 1422 2348 praeterea,
1446 2309 1479 2336 ut
1504 2314 1728 2347 quaecumque
1754 2301 1786 2334 in

1043 2357 1130 2389 bulla
1151 2357 1322 2390 erectionis
1343 2357 1498 2400 praedicti
1532 2356 1658 2399 collegii
1692 2356 1786 2389 Urbis

1045 2421 1061 2442 a
1082 2410 1181 2443 felicis
1194 2410 1426 2443 recordationis
1439 2410 1594 2451 Gregorio
1608 2410 1692 2453 Papa
1706 2409 1783 2450 Xlll,

1044 2464 1292 2507 praedecessore
1319 2469 1441 2503 nostro,
1465 2463 1523 2495 sub
1546 2464 1655 2496 datum
1678 2463 1788 2496 kalen-

1045 2517 1093 2549 dis
1114 2516 1201 2556 maii,
1219 2516 1425 2560 pontificatus
1447 2516 1494 2548 sui
1516 2514 1600 2549 anno
1632 2516 1782 2560 septimo,

1044 2571 1128 2604 edita
1148 2581 1207 2614 pro
1228 2570 1313 2603 bona
1335 2570 1529 2612 Anglicanae
1551 2569 1723 2603 iuventutis
1741 2570 1789 2602 in-

1043 2623 1208 2656 stitutione
1228 2629 1300 2656 sunt
1323 2623 1487 2667 disposita,
1509 2623 1622 2656 eadem
1645 2623 1693 2656 vel
1715 2633 1786 2656 om-

1044 2677 1106 2718 nia,
1122 2678 1167 2710 vel
1190 2677 1297 2721 aliqua
1312 2687 1346 2710 ex
1362 2681 1464 2720 parte,
1488 2682 1584 2720 prout
1598 2676 1686 2710 vobis
1701 2676 1789 2720 (visis

1801 275 1850 302 An.
1868 275 1896 302 C.
1917 276 1986 303 1599

1845 709 1943 730 facultas
1959 710 1984 730 ilc

1802 742 1843 762 qua
1858 737 1878 756 in
1894 737 1985 756 rubi-ica.

1816 2315 1907 2335 Muttinis
1919 2315 1938 2335 sit
1951 2321 1987 2341 po·

1803 2344 1868 2361 tostas
1897 2342 1987 2366 eligendi

1803 2369 1854 2389 tinus
1877 2368 1941 2388 resins
1964 2375 1988 2388 ex

1802 2395 1926 2421 approbati<
1942 2401 1987 2414 san*

1803 2425 1883 2442 etr-rum
1918 2422 1988 2447 anglu-

1803 2454 1855 2469 rum.
