2253 3195
62 1235 212 1255 Monaslt‘rium

12 1267 13 1272 ¹
28 1268 39 1282 a
55 1262 161 1282 cardinale
179 1262 211 1282 Si-

29 1289 80 1309 11500
105 1288 211 1308 fundatum

28 1317 47 1336 et
63 1315 165 1336 dotatum.

178 1667 213 1681 on-

10 1679 11 1690 *
30 1661 213 1709 nullaLcczigliisioillcin

9 1717 11 1745 1
31 1715 214 1745 insunlcstamcn-

9 1746 11 1762 ι
31 1743 51 1762 ιο
65 1744 174 1766 sancitae,

0 2310 1 2316 1
47 2297 214 2326 Interquascon-

33 2325 99 2346 stituit
112 2328 217 2353 archicpi-

0 2365 1 2370 ,
33 2357 108 2378 scopos
133 2354 216 2374 Toleta-

34 2379 217 2401 nnseinsitennnn-

33 2406 119 2426 nestorii
147 2409 216 2433 patru-

34 2437 78 2452 nos.

29 276 76 302 An.
95 276 124 302 C.
149 274 214 301 ¹591

841 278 988 302 CLEMENS
1010 278 1066 301 vm
1088 279 1137 301 ΙΨ.

228 334 313 362 rum,
347 330 514 366 praesente
546 324 677 358 doctore
698 326 907 369 Amezqueta,
932 326 970 358 de

226 377 367 409 consiliis
388 377 470 418 regis
491 383 521 410 ct
539 388 685 411 camerac
703 379 834 412 nominc
854 380 884 411 S.
910 380 972 412 Ma-

227 430 345 463 iestatis
366 431 554 471 catholicae,
575 437 606 464 et
626 442 684 475 pro
702 442 752 470 00,
769 433 856 475 quod
877 443 969 465 51111111

227 483 273 515 1115
294 483 391 525 tangit
414 484 667 517 ctdominorum
689 496 813 526 regum,
831 484 884 527 qui
900 490 972 528 post

227 536 338 577 longos
359 537 426 569 dies
447 537 476 570 S.
499 537 651 570 Maiestati
671 538 844 570 succedent
862 537 893 569 111
916 549 967 569 re-

225 590 294 630 gnis
315 600 453 623 coronae
479 591 631 624 Castellae
652 591 682 623 111
713 596 916 634 perpetuumv
942 596 969 623 ct

226 644 376 676 dominus
397 644 567 677 cardinalis
591 645 660 677 Don
679 644 801 687 Gaspar
832 644 871 677 de
895 644 971 683 oni-

226 707 314 739 roga,
331 697 593 741 archiepiscopus
607 703 735 730 sanctae
750 697 902 730 ecclcsiae
913 698 972 730 To-

226 749 296 789 leti,
324 749 448 794 primae
482 750 727 793 Hispaniarum,
762 750 972 784 cancellarius

227 802 329 835 maior
347 803 510 843 Castellae‚
528 803 567 836 de
588 803 722 836 consilio
740 809 838 836 status
858 804 888 837 S.
907 804 971 836 Ma-

227 856 358 895 iestatis,
384 862 413 889 ct
435 856 622 900 praesidens
643 857 767 890 consilii
789 857 907 898 Italiae,
926 857 971 889 in-

226 909 363 952 quisitor
383 911 543 952 gencralis
556 916 669 944 contra
687 911 882 944 haereticam
896 922 970 955 pra-

227 962 356 996 vitatem
388 969 417 996 et
450 963 656 1007 apostasiam,
680 974 738 1007 pro
770 975 802 997 sc
827 964 907 1008 ipso,
942 970 973 997 ct

227 1017 356 1050 nomine
374 1028 450 1050 suae
472 1017 635 1059 dignitatis
648 1017 930 1062 archiepiscopalis
942 1023 971 1050 ct

226 1070 546 1114 archiepiscoporum
567 1070 751 1114 praedictae
771 1076 898 1104 sanctae
919 1082 972 1103 cc-

227 1124 342 1157 clesiae
353 1124 453 1157 Toleti
476 1124 544 1157 cius
564 1135 786 1158 successorum
805 1125 837 1157 in
857 1136 972 1169 perpe-

229 1183 334 1218 tuum,
359 1188 395 1211 ex
416 1179 516 1211 altera
536 1184 638 1222 parte,
664 1184 694 1211 ct
715 1178 865 1211 dixerunt
885 1179 971 1222 quod

228 1230 399 1264 cardinalis
419 1232 487 1265 Don
507 1232 642 1265 Ioannes
666 1231 817 1265 Martinez
846 1232 969 1272 Siliseo,

228 1284 282 1328 qui
313 1284 371 1317 suit.
400 1284 662 1329 archiepiscopus
681 1285 799 1325 Toleti,
823 1285 969 1325 instituit,

228 1338 371 1372 fundavit
397 1344 428 1372 et
458 1338 578 1372 dotavit
599 1339 631 1371 111
661 1339 827 1382 praedicta
848 1338 973 1372 civitate

227 1392 327 1425 Toleti
341 1402 442 1424 unum
457 1391 629 1434 collegium
650 1391 823 1434 virginum,
846 1403 973 1425 nuncu-

227 1451 338 1490 patum
358 1445 514 1478 Dominae
534 1446 667 1479 Nostrae
687 1446 928 1485 Remediorum,
942 1446 973 1478 in

229 1509 312 1543 quo,
337 1499 424 1531 iuxta
453 1499 591 1532 formam
612 1499 879 1532 constitutionum
900 1510 973 1532 cum

228 1553 345 1596 quibus
359 1552 436 1585 illud
456 1552 609 1593 fundavit,
630 1558 659 1586 et
675 1558 902 1586 testamentum
916 1553 974 1586 sub

229 1617 294 1650 quo
327 1605 472 1647 decessit,
496 1606 608 1647 voluit,
641 1607 728 1650 quod
758 1606 881 1640 adesset
911 1618 975 1640 una

230 1659 364 1693 ccclesia
383 1669 442 1702 pro
463 1659 638 1702 sepultura,
656 1665 686 1692 et
703 1665 833 1693 centum
848 1660 975 1703 puellae

230 1718 261 1746 et.
280 1723 363 1745 unus
384 1712 644 1753 administrator,
669 1718 699 1745 et
718 1723 783 1745 una
808 1713 972 1755 guberna-

231 1767 300 1807 trix,
314 1772 345 1800 et
364 1777 447 1800 unus
468 1767 653 1810 capellanus
673 1767 777 1800 maior
791 1773 821 1800 et
838 1773 976 1810 quatuor

229 1820 386 1865 capellani
407 1826 438 1853 et
458 1820 511 1853 alii
534 1820 670 1853 ministri
691 1831 751 1864 pro
765 1821 893 1854 servitio
907 1822 974 1854 cul-

230 1880 280 1907 tus
298 1874 395 1907 divini
416 1874 602 1917 praedictae
613 1874 767 1908 ecclesiae
785 1880 816 1907 et
829 1875 972 1917 collegii;

229 1933 259 1961 et
279 1927 587 1971 quomodocumque
612 1927 668 1968 sit,
693 1938 751 1971 per
771 1928 871 1961 dictas
892 1939 972 1961 con-

228 1980 409 2014 stitutiones
430 1986 460 2014 et
479 1980 700 2020 fundationem
730 1981 805 2014 dicti
833 1981 971 2023 collegii,

229 2035 453 2077 etpraefatum
476 2040 716 2075 testamentum,
741 2034 843 2068 dictus
864 2035 971 2068 cardi--

229 2087 310 2121 natis
330 2087 500 2128 ordinavit,
524 2088 611 2131 quod
632 2088 798 2121 dumtaxat
817 2088 976 2132 arehiepi-

229 2152 345 2185 scopus
364 2141 478 2181 Toleti,
502 2141 556 2184 qui
577 2147 649 2185 post
673 2152 747 2174 cum
769 2142 852 2175 foret
872 2148 903 2176 et
932 2143 972 2175 il-

231 2194 290 2227 lius
309 2205 510 2228 successores
531 2194 564 2226 in
584 2200 795 2238 perpetuum,
819 2206 971 2229 remane—

230 2253 300 2280 rent
319 2247 446 2291 patroni
460 2247 535 2280 dicti
553 2247 691 2290 collegii,
714 2254 811 2291 prout
830 2248 862 2280 in
883 2249 976 2282 dictis

230 2301 397 2345 scripturis
416 2301 511 2334 latius
532 2307 665 2334 constat.
690 2302 781 2340 Quod
804 2307 975 2335 testamen-

234 2360 299 2387 tum
330 2355 448 2387 sactum
483 2360 514 2388 et
544 2364 733 2388 eoncessum
770 2355 829 2388 suit
866 2367 974 2389 coram

232 2409 350 2441 Ioanne
359 2408 500 2441 Sancbcz
512 2408 551 2440 de
564 2408 707 2447 Canales,
718 2408 823 2441 scriba
832 2409 973 2452 publico,

231 2461 342 2501 Toleti,
355 2461 406 2494 die
418 2472 476 2495 vni
489 2461 607 2495 mensis
620 2461 737 2502 martii,
752 2471 836 2495 anno
850 2473 973 2503 MDLvu,

232 2519 304 2557 post,
324 2524 406 2557 quae
419 2515 478 2547 sub
500 2515 551 2548 die
564 2525 650 2547 nona
665 2514 783 2548 mensis
798 2515 872 2547 maii
886 2526 978 2559 prae-

232 2567 307 2600 dicti
329 2567 403 2600 anni
424 2567 682 2611 quinquagesimi
704 2567 848 2611 septimi,
874 2568 978 2602 dictus

232 2620 403 2654 cardinalis
424 2620 534 2654 Siliseo
559 2632 667 2654 coram
696 2622 838 2665 praefato
860 2622 979 2655 Ioanne

231 2674 373 2709 Sanchez
404 2675 509 2709 scriba
537 2675 695 2710 revocavit
725 2675 846 2710 dictum
878 2681 975 2709 testa-

1007 331 1149 358 mentum
1170 325 1199 357 in
1222 325 1372 358 oiunibus
1396 330 1426 358 et
1443 336 1500 368 per
1520 324 1640 364 onmia,
1655 330 1751 368 prout.

1007 379 1037 411 111
1070 390 1108 409 co
1138 379 1382 419 continebatur,
1411 385 1442 411 ct
1472 378 1557 411 dicta
1588 377 1639 411 dic
1667 388 1752 410 nona

1008 432 1081 464 maii
1105 433 1264 475 praefatus
1282 432 1455 465 cardinalis
1487 431 1642 464 concessit
1673 442 1751 464 con-

1006 485 1206 524 stitutiones,
1228 487 1287 518 sub
1316 486 1433 529 1111111115
1462 485 1603 518 fundavit
1631 485 1750 518 dictum

1007 539 1177 579 collegium
1200 550 1307 571 coram
1330 539 1448 572 lhdaco
1462 538 1692 579 Barrasa‚eius
1705 551 1752 571 se-

1007 592 1144 624 cretario
1166 597 1191 624 ct
1220 592 1346 624 notario
1364 592 1552 636 apostolico.
1578 593 1651 625 Post.
1671 603 1753 636 quac

1005 645 1064 677 sub
1082 645 1132 677 die
1154 656 1171 678 x
1189 645 1343 688 praedicti
1365 646 1482 678 mensis
1501 645 1575 678 maii
1597 645 1753 689 praedicti

1006 698 1749 743 anniquingentesimiquinquagesimiseptimi,

1007 751 1108 784 dictus
1124 752 1297 784 cardinalis
1311 758 1485 795 peractum
1509 758 1539 785 ct
1559 752 1751 796 scripturam

1006 805 1184 847 publicam,
1215 817 1310 849 quain
1349 805 1487 838 confecit
1520 816 1629 838 coram
1667 806 1753 839 dicto

1006 859 1124 891 Ioanne
1148 858 1289 891 Sani-hez
1310 858 1426 899 scriba,
1446 859 1568 891 utendo
1595 864 1753 902 potestate

1006 918 1036 945 et
1054 913 1214 950 tac-ultam,
1239 923 1318 956 quas
1344 912 1455 955 vigore
1483 913 1752 946 constitutionum

1007 964 1081 998 dicti
1111 965 1237 1007 collegii
1258 965 1414 1005 habehat,
1439 971 1469 998 et
1491 966 1609 999 fecerat
1635 971 1665 998 et
1693 965 1753 998 sibi

1006 1024 1233 1057 reservaverat,
1257 1024 1289 1051 et
1307 1018 1357 1051 via
1382 1029 1419 1051 ac
1440 1018 1544 1051 forma
1569 1018 1686 1061 quibus
1714 1019 1753 1051 de

1007 1068 1075 1101 iure
1101 1069 1215 1101 melius
1236 1069 1325 1102 Iocus
1346 1074 1438 1109 esset,
1465 1068 1539 1101 fecit
1559 1080 1674 1101 novam
1697 1080 1754 1102 no-

1008 1122 1218 1155 minationem
1241 1129 1453 1166 patronorum
1469 1123 1544 1155 dicti
1566 1122 1703 1165 collegii,
1723 1123 1753 1155 in

1008 1187 1069 1220 qua
1100 1177 1279 1209 nominavit
1306 1177 1336 1209 in
1368 1177 1448 1211 tales
1477 1169 1631 1220 patronos
1662 1188 1752 1209 suam

1008 1231 1202 1264 Maiestatem
1229 1232 1313 1274 regis
1334 1231 1458 1264 domini
1475 1231 1575 1264 nostri
1597 1237 1625 1264 et
1649 1231 1753 1264 domi·
1778 1223 1829 1262 'iim

1776 1276 1788 1289 ’ἱ

1009 1294 1066 1317 1105
1088 1295 1179 1327 reges
1197 1285 1265 1318 eius
1285 1295 1486 1318 successores
1500 1284 1532 1317 in
1546 1290 1751 1328 perpetuum,

1008 1343 1039 1370 et
1058 1338 1339 1382 archiepiscopum
1353 1338 1465 1378 Toleti,
1481 1337 1536 1381 (1111
1548 1343 1621 1381 post
1634 1337 1755 1370 dictum

1009 1391 1206 1425 cardinalem
1224 1392 1320 1430 soret,
1341 1397 1372 1425 et
1391 1391 1477 1424 illius
1497 1402 1698 1425 successores
1724 1392 1755 1425 111

1008 1451 1212 1489 perpetuum,
1230 1451 1260 1478 et
1274 1445 1335 1478 illis
1357 1445 1446 1479 dedit
1465 1455 1596 1478 omnem
1618 1451 1757 1488 potesta-

1010 1505 1072 1532 tem
1096 1505 1126 1532 et
1147 1499 1342 1539 facultatem,
1367 1509 1464 1542 quam
1487 1504 1651 1542 tamquam
1678 1499 1756 1532 tales

1008 1553 1135 1596 patroni
1161 1558 1293 1596 possunt
1322 1557 1353 1584 et
1380 1552 1498 1586 dehent
1529 1559 1648 1585 tenere.
1682 1553 1757 1585 Post.

1009 1617 1103 1650 quae,
1114 1606 1198 1639 dieta
1211 1605 1262 1638 die
1275 1605 1497 1645 decimamaii,
1513 1606 1674 1649 praefatus
1688 1616 1758 1638 car-

1009 1659 1135 1700 dinalis,
1156 1670 1214 1702 per
1234 1658 1330 1691 aliam
1351 1658 1545 1702 scripturam
1567 1658 1753 1701 publicam,

1009 1724 1106 1757 quam
1128 1712 1203 1746 fecit
1223 1723 1332 1745 coram
1352 1712 1519 1756 praedicto
1540 1714 1658 1746 Ioanne
1679 1712 1757 1745 San-

1010 1767 1101 1807 ehez,
1125 1766 1286 1799 revocavit
1305 1766 1499 1810 scripturam
1520 1766 1732 1799 revocationis
1746 1793 1753 1807 ,

1010 1830 1107 1864 quam
1128 1820 1247 1852 fecerat
1267 1819 1343 1852 dicti
1368 1819 1417 1852 sui
1439 1819 1632 1859 testamenti,
1648 1824 1679 1852 et
1699 1820 1756 1852 dc-

1010 1874 1143 1907 claravit
1176 1879 1207 1906 et
1237 1873 1417 1913 mandavit,
1455 1873 1543 1916 quod
1574 1873 1755 1916 praefatum

1009 1938 1103 1961 suum
1124 1932 1353 1960 testamentum
1381 1926 1630 1965 observaretur,
1654 1925 1757 1959 adim-

1009 1982 1153 2025 pleretur
1173 1987 1204 2014 et
1226 1986 1451 2025 exequeretur,
1466 1986 1563 2024 prout
1583 1980 1615 2012 in
1630 1990 1667 2013 eo
1682 1990 1758 2013 eon-

1011 2035 1190 2076 tinebatur,
1215 2035 1427 2075 declarando,
1451 2039 1547 2078 prout
1569 2033 1754 2071 declaravit,

1010 2089 1093 2122 inter
1114 2088 1187 2129 alia,
1212 2089 1299 2132 quod
1323 2087 1452 2132 patroni
1472 2087 1607 2131 praefati
1629 2086 1757 2128 collegii

1010 2148 1115 2175 essent
1134 2153 1190 2175 rex
1211 2141 1363 2175 dominus
1387 2146 1498 2174 noster
1519 2147 1550 2174 et
1575 2140 1659 2173 illius
1679 2151 1755 2172 suc-

1009 2206 1162 2235 cessores,
1186 2200 1217 2228 et
1241 2194 1504 2238 archiepiscopus
1523 2193 1624 2227 Toleti
1649 2199 1679 2226 ct
1709 2192 1757 2226 sui

1011 2247 1041 2280 in
1063 2247 1148 2281 dicta
1168 2247 1324 2290 dignitate
1341 2246 1608 2290 archiepiscopali
1628 2256 1756 2279 succes-

1009 2312 1108 2342 sores,
1130 2307 1226 2345 prout
1245 2312 1303 2345 per
1322 2301 1515 2344 sei¹Ipturam
1536 2300 1686 2344 superius
1708 2311 1757 2333 re-

1009 2356 1106 2388 latam
1127 2354 1344 2394 ordinaverat,
1369 2359 1400 2386 et
1420 2353 1508 2396 quod
1529 2352 1603 2386 dicti
1629 2353 1756 2396 patroni

1010 2413 1141 2452 possent
1160 2407 1329 2442 nominare
1354 2413 1385 2440 et
1412 2407 1640 2448 nominarent,
1663 2418 1757 2451 prae-

1010 2469 1136 2496 sentare
1163 2468 1194 2495 et
1217 2467 1461 2506 praesentarent,
1487 2461 1645 2504 virgines,
1675 2472 1757 2505 quae

1012 2516 1135 2558 ingredi
1153 2516 1309 2549 deberent
1329 2515 1451 2548 dictum
1472 2515 1657 2557 collegium,
1683 2526 1755 2548 cum

1011 2580 1075 2614 quo
1097 2569 1287 2613 approbavit
1312 2569 1433 2602 dictum
1454 2579 1549 2602 suum
1577 2574 1753 2602 testamen-

1013 2628 1091 2661 tunr,
1109 2629 1139 2656 et
1156 2623 1196 2656 ad
1217 2623 1373 2656 maiorem
1394 2623 1553 2656 cautelam
1574 2623 1652 2656 illud
1675 2633 1754 2656 con-

1012 2676 1105 2711 cessit
1123 2677 1165 2710 de
1180 2687 1274 2719 novo,
1299 2682 1395 2722 prout
1419 2677 1458 2710 de
1479 2676 1630 2710 omnihus
1650 2688 1685 2710 ex
1707 2676 1756 2710 di-

1658 266 1716 298 165
1763 275 1813 302 An.
1835 276 1863 302 c.
1885 276 1950 303 1591

1802 2360 1852 2381 (ium
1869 2361 1956 2381 Inculta-

1772 2387 1837 2416 tibus-
1860 2387 1894 2407 hic
1923 2393 1956 2407 cx*

1771 2420 1858 2440 pressis.
