2253 3195
24 257 70 286 Α11.
92 257 119 283 C.
140 256 202 283 1601

94 636 207 658 Baccalau-

26 666 95 686 reatus
107 663 207 688 gradibus·

26 690 173 713 concedendis.

69 1913 213 1944 *Studentibus

33 1942 164 1967 recipiendis.

833 253 979 278 ccmmss
999 253 1055 276 vui
1077 253 1126 275 rr.
1643 236 1706 269 11119
1754 245 1802 271 An.
1819 245 1846 271 C.
1871 243 1932 270 1001

220 304 401 336 facultatem
431 303 460 335 111
480 302 606 347 scriptis
627 303 761 339 habeat,
785 302 839 345 qui
865 302 896 334 in
918 302 962 334 le-

221 356 362 389 oloribus
390 362 419 388 et
448 356 607 398 magistris
636 355 870 388 constituendis
897 365 961 387 non

221 409 341 451 ingenii
369 409 472 441 solum
501 414 531 441 et
556 408 764 444 eruditionis,
790 408 845 439 sed
866 407 962 440 etiam

220 461 378 504 regularis
416 461 604 505 disciplinae
640 460 963 503 mortificationisque

221 515 379 548 rationem
400 515 526 548 habeat.

263 568 346 611 541.
367 568 414 601 Ad
434 568 696 601 baccalaureatus
714 567 850 609 gradum
868 576 964 599 nemo

224 622 375 665 deinceps
395 626 634 665 promoveatur,
659 620 718 652 nisi
740 624 899 663 spectatae.
919 619 964 650 vi-

224 682 284 717 tae,
302 676 466 718 religionis
486 681 517 709 et
534 675 720 719 disciplinae
739 674 896 717 regularis
909 673 965 705 ob-

224 729 413 769 servantiae,
437 739 501 772 qua
527 729 558 761 in
580 739 614 761 re
635 728 771 770 diligens
793 727 846 759 siat
868 738 885 759 a
906 737 962 768 ge-

224 783 346 822 nerali,
370 783 434 815 sive
462 782 529 815 eius
553 782 695 821 vicario,
719 780 907 825 provinciali
936 785 966 813 et

224 837 311 870 socio
332 837 364 869 in
381 836 619 869 visitationibus
639 835 804 879 inquisitio
831 845 888 878 per
912 845 963 867 se-

224 896 346 924 cretum
369 900 522 927 examen,
547 901 620 922 eum
646 890 828 922 iuramento
849 888 967 932 prioris

225 950 255 977 ct
276 944 411 976 fratrum
437 943 505 976 eius
534 948 709 975 conventus
724 970 731 981 ,
753 942 784 974 in
810 952 874 985 quo
894 952 968 985 pro-

224 997 310 1029 ximo
331 996 469 1029 triennio
490 1001 710 1028 commoratus
731 995 837 1034 suerit,
859 1005 895 1027 ac
909 994 967 1027 nisi

225 1050 449 1084 conclusiones
469 1050 598 1094 publice
618 1049 745 1092 egregie
767 1049 965 1088 sustinuerit,

225 1103 308 1136 eirca
322 1103 391 1136 illas
402 1103 490 1147 prius
503 1102 688 1145 singillatim
708 1113 726 1135 a
739 1102 892 1144 generali,
905 1102 968 1134 sive

225 1158 316 1190 abeo
331 1157 525 1201 deputandis
540 1157 767 1199 interrogatus,
785 1167 820 1189 ac
834 1156 969 1188 idoneus

224 1216 371 1255 repertus
391 1211 430 1243 ad
459 1221 512 1243 eas
537 1210 716 1243 honorifice
743 1210 965 1247 sustinendas,

225 1276 284 1298 nec
297 1265 372 1298 item
387 1275 425 1298 eo
437 1265 539 1307 gradu
552 1264 668 1308 aliquis
678 1265 860 1303 decoretur,
872 1274 966 1307 quem

225 1318 377 1352 scientiae
398 1324 429 1351 et
449 1318 584 1351 aliarum
605 1318 758 1351 virtutum
777 1328 848 1362 spes
870 1317 969 1360 magi-

225 1372 374 1405 steriatus
403 1373 527 1405 honore
560 1371 692 1414 dignum
714 1382 779 1404 non
807 1371 964 1404 ostendat.

225 1425 312 1465 Quae
341 1425 450 1459 omnia
481 1425 514 1458 in
546 1425 624 1458 actis
656 1425 856 1465 referantur,
880 1425 969 1458 acin

225 1479 340 1513 litteris
357 1479 540 1523 patentibus
567 1478 800 1523 exprimantur.
823 1484 854 1511 et
873 1479 898 1511 si
919 1490 969 1512 se-

227 1544 282 1567 cus
313 1533 430 1566 sactum
461 1533 574 1571 fuerit,
608 1532 771 1576 promotio
801 1532 869 1576 ipso
902 1533 970 1565 iure

227 1587 316 1620 nulla
343 1587 402 1627 sit,
427 1598 463 1620 ac
491 1592 719 1631 promoventes
739 1596 878 1629 poenam
899 1586 967 1630 pri-

226 1640 362 1673 vationis
382 1639 477 1673 officii
500 1639 569 1683 ipso
588 1640 671 1672 sacto
692 1639 970 1678 incurrant.Quod

227 1693 322 1727 ctiam
351 1693 384 1725 in
413 1692 643 1737 promovendis
663 1692 702 1724 ad
724 1692 944 1734 magisterium
961 1720 968 1733 ,

227 1746 347 1779 eisdem
375 1745 548 1789 propositis
578 1745 710 1788 poenis,
734 1745 874 1778 strictius
899 1755 968 1778 ser-

227 1799 294 1832 vari
315 1799 512 1832 decernitur.

272 1852 287 1895 §
315 1852 368 1885 4⁶2.
400 1852 511 1885 Nullus
543 1852 574 1884 in
606 1851 804 1884 studentium
834 1862 972 1885 numero

228 1905 449 1945 adscribatur,
471 1905 529 1938 nisi
560 1906 644 1938 bona
665 1905 774 1938 indole
798 1916 834 1938 ac
861 1905 972 1948 probis

229 1959 373 1993 moribus
394 1959 547 2000 excultus,
567 1959 676 1992 habita
696 1959 759 1992 fide
786 1969 858 1992 cum
881 1959 969 1991 iura-

229 2019 338 2046 mento
357 2024 374 2045 a
394 2013 503 2056 priore
529 2018 560 2045 et
585 2012 739 2045 fratribus
771 2017 947 2045 conventus
962 2040 969 2052 ,

229 2067 261 2099 in
282 2077 346 2110 quo
368 2066 482 2099 maiori
504 2076 539 2098 ex
560 2071 650 2110 parte
670 2065 838 2105 resederit,
857 2076 892 2098 ac
912 2065 972 2098 nisi

229 2120 473 2162 grammaticam
497 2119 577 2152 adeo
599 2119 729 2158 calleat,
747 2124 782 2151 ut
802 2118 900 2151 latine
919 2129 972 2151 ex-

228 2174 335 2218 pedite
356 2175 525 2218 loquatur,
550 2184 586 2206 ac
615 2173 654 2206 ad
684 2173 801 2205 latinos
826 2177 973 2205 auctores

229 2227 425 2272 approbatos
457 2226 683 2268 intelligendos
714 2231 807 2269 aptus
837 2225 970 2265 existat:

229 2281 320 2313 cuius
338 2280 468 2324 quidem
488 2280 718 2322 intelligentiae
736 2279 916 2323 periculum
931 2278 974 2310 ita

229 2334 300 2367 siat:
325 2334 520 2367 obiiciantur
540 2333 754 2366 examinando
780 2332 844 2365 duo
865 2337 973 2364 aucto-

230 2399 279 2421 res
305 2398 421 2432 nempe
451 2399 486 2421 ex
517 2386 775 2425 difficilioribus,
800 2396 836 2418 ex
857 2385 974 2428 quibus

230 2448 325 2486 caput
344 2452 444 2474 unum
460 2441 574 2473 saltem
596 2451 631 2473 ex
654 2439 828 2483 improviso
842 2449 900 2482 per
913 2438 974 2471 alia

230 2495 327 2527 verba
347 2495 445 2527 latina
467 2494 713 2537 interpretetur;
738 2502 842 2536 poena
862 2491 970 2535 priva-

232 2548 326 2582 tionis
352 2548 437 2581 vocis
465 2547 632 2590 utriusque
658 2547 727 2590 ipso
756 2546 838 2578 sacto
868 2545 974 2578 incur-

232 2604 332 2636 renda
352 2613 409 2647 per
423 2602 589 2635 biennium
612 2601 687 2645 ipsis
701 2600 971 2641 adscribeniitms,

232 2654 256 2688 si
288 2664 379 2687 secus
409 2653 484 2695 siat,
513 2652 689 2698 proposita.
717 2651 826 2696 Neque
858 2650 974 2695 aliquis

997 301 1037 333 ad
1060 298 1298 343 philosophiam
1325 297 1518 330 audiendam
1547 295 1607 328 nisi
1636 294 1737 338 probe

997 355 1026 387 in
1050 352 1218 387 dialectica
1237 358 1398 391 versatus,
1421 361 1527 394 neque
1547 349 1586 382 ad
1607 348 1734 381 theolo-

997 408 1094 450 giam,
1118 407 1177 440 nisi
1199 406 1329 450 physica
1351 405 1446 449 plene
1467 404 1652 443 instructus,
1676 402 1734 434 ad-

998 461 1154 494 mittatur.
1248 502 1251 504 -

1042 516 1058 556 ξ
1077 513 1128 546 43.
1145 515 1179 547 In
1193 513 1305 546 studiis
1318 523 1404 552 vero,
1417 510 1605 555 praesertim
1627 510 1741 542 huma·
1786 519 1940 548 Lamsbpmvit

999 567 1155 607 nioribus,
1174 566 1281 599 nullus
1300 565 1382 597 liber
1402 564 1605 603 adhibeatur,
1629 572 1740 605 exque
1756 545 1941 594 iffiiuifiissi'pnms

1000 630 1106 653 mores
1127 620 1353 663 depraventur,
1382 624 1412 650 et
1430 617 1513 650 vitae
1538 616 1742 649 innocentiae

1000 673 1179 716 perieulum
1202 671 1380 704 immineat.

1045 728 1061 768 ξ
1087 726 1139 758 list.
1164 726 1288 768 Regens
1316 725 1580 758 baccalaureatus
1605 733 1743 756 conven-
1772 731 1941 757 Quietquando

1002 785 1050 811 tus
1071 785 1102 811 et
1127 779 1279 821 magister
1309 778 1406 811 studii
1439 776 1583 821 quotidie
1612 775 1739 818 legant,
1757 760 1827 785 ¹⁰³⁰OE
1844 759 1943 779 ‘⁵⁰b'‘⁷“¹¹''

1001 832 1104 876 spatio
1122 833 1218 865 unius
1243 833 1352 871 horae,
1377 831 1490 864 diebus
1512 830 1616 871 sestis,
1640 836 1670 862 et
1692 829 1743 862 die

1004 886 1127 925 iovis,si
1142 886 1255 918 festum
1276 886 1399 918 nullum
1421 885 1450 916 in
1472 883 1675 916 hebdomada
1691 893 1744 916 oc-

1003 945 1120 979 currat,
1145 939 1294 982 exceptis,
1312 949 1329 971 a
1341 939 1481 971 secunda
1494 936 1661 970 Dominica
1672 941 1745 980 post

1002 993 1134 1029 Pascha,
1148 1003 1250 1036 usque
1268 992 1306 1024 ad
1321 1002 1360 1025 xv
1381 991 1461 1031 iulii,
1476 990 1610 1034 aprima
1625 990 1676 1023 die
1689 1001 1741 1023 se-

1003 1046 1168 1090 ptembris,
1179 1056 1281 1089 usque
1295 1046 1333 1078 ad
1347 1056 1386 1078 xx
1399 1045 1483 1078 diem
1497 1043 1688 1083 decembris,
1699 1049 1745 1076 at-

1004 1111 1066 1143 que
1080 1111 1098 1132 a
1111 1100 1214 1144 prima
1230 1099 1280 1132 die
1294 1098 1430 1131 ianuarii
1444 1109 1546 1141 usque
1561 1097 1600 1130 ad
1614 1102 1744 1141 septua-

1004 1154 1170 1196 gesimam.
1188 1153 1309 1192 Quibus
1328 1152 1440 1185 diebus
1451 1151 1530 1184 nulli
1546 1151 1745 1184 studentium

1004 1207 1116 1239 abesse
1142 1206 1234 1239 liceat
1252 1234 1257 1243 ,
1281 1216 1386 1249 neque
1408 1205 1446 1237 de
1467 1204 1597 1237 licentia
1617 1204 1746 1248 provin-

1004 1259 1103 1299 cialis,
1125 1259 1236 1303 quavis
1257 1260 1294 1292 de.
1316 1259 1492 1295 causa,sub
1514 1268 1618 1301 poena
1640 1258 1746 1301 priva-

1005 1313 1100 1346 tionis
1125 1312 1237 1351 studii,
1261 1312 1330 1356 ipso
1353 1312 1446 1349 sacto,
1472 1311 1678 1344 incurrendo.
1702 1310 1746 1343 Ea

1003 1378 1077 1400 vero
1099 1367 1222 1400 ratione
1244 1367 1360 1409 legent,
1377 1370 1412 1398 ut
1431 1375 1545 1407 regens
1564 1369 1629 1397 teto
1651 1363 1749 1395 trien-

1004 1422 1057 1455 nio
1074 1427 1138 1454 tres
1151 1421 1276 1465 priores
1297 1419 1396 1452 libros
1417 1418 1555 1461 Magistri
1576 1416 1749 1451 sententia-

1004 1486 1074 1507 rum
1097 1485 1132 1507 ex
1153 1473 1352 1507 sententiaD.
1365 1472 1506 1505 Thomae
1521 1471 1750 1514 interpretetur

1004 1530 1134 1573 (quarto
1155 1527 1288 1569 singulis
1302 1526 1416 1559 diebus
1436 1525 1522 1558 sestis
1542 1530 1615 1568 post
1634 1534 1748 1567 vespe-

1005 1593 1055 1615 ras
1073 1582 1112 1615 ab
1134 1582 1248 1615 eodem
1270 1580 1442 1624 explicato)
1464 1584 1675 1622 teneaturque
1686 1578 1749 1611 sal-

1006 1642 1068 1669 tem
1099 1635 1197 1669 semel
1217 1635 1249 1667 in
1270 1633 1476 1667 bebdomada
1507 1632 1679 1665 lectionem
1713 1642 1749 1664 ex

1006 1690 1235 1734 metaphysica,
1249 1689 1298 1722 vel
1313 1699 1350 1721 ex
1363 1687 1456 1721 libris
1477 1687 1657 1720 ethicorum
1679 1686 1750 1719 Ari-

1006 1744 1138 1785 stotelis,
1158 1748 1253 1787 prout
1280 1742 1340 1775 sibi
1366 1741 1468 1784 magis
1495 1740 1644 1784 expedire
1665 1740 1751 1773 vide-

1006 1798 1107 1837 bitur,
1143 1796 1273 1829 habere.
1309 1794 1542 1829 Baccalaureus
1576 1798 1751 1826 conventus

1006 1852 1106 1884 libros
1123 1850 1286 1895 Physicae,
1304 1849 1342 1881 de
1362 1849 1469 1888 Coelo,
1493 1847 1706 1881 Generatione
1721 1853 1752 1879 ct

1007 1906 1045 1938 de
1064 1904 1188 1943 Anima,
1213 1903 1251 1936 iis
1271 1901 1408 1942 omissis,
1432 1911 1515 1945 quae
1546 1900 1586 1933 ob
1617 1900 1752 1933 facilita-

1007 1964 1070 1991 tem
1092 1957 1197 1990 omitti
1216 1957 1332 1996 solent,
1356 1955 1470 1989 eodem
1490 1960 1635 1997 tempore
1653 1953 1751 1997 expli-

1008 2011 1102 2045 cabit.
1124 2010 1273 2053 Magister
1294 2009 1391 2043 studii
1415 2014 1512 2041 totam
1527 2007 1676 2050 logicam,
1691 2006 1752 2039 hoc

1008 2070 1064 2102 est,
1078 2064 1196 2096 librum
1208 2061 1490 2101 Praedicabilinm,
1504 2060 1751 2094 Praedicamen-

1007 2124 1114 2151 torum
1131 2146 1138 2157 ,
1169 2115 1444 2152 Perihermenias,
1476 2120 1505 2147 ct
1533 2114 1751 2147 Posteriorum

1008 2176 1134 2207 exacte:
1158 2170 1306 2203 Priorum
1326 2179 1414 2209 vero,
1431 2168 1636 2208 Elencorum,
1659 2166 1753 2211 Topi—

1008 2234 1119 2255 corum
1141 2233 1199 2265 per
1219 2219 1447 2264 compendium
1471 2217 1658 2251 declarabit.
1673 2217 1753 2251 Con-

1008 2276 1167 2309 clusiones
1185 2274 1318 2317 singulis
1336 2273 1460 2313 diebus,
1483 2271 1601 2315 quibus
1621 2271 1748 2314 legitur,

1008 2341 1044 2363 ex
1070 2328 1252 2371 theologia,
1283 2325 1489 2371 philosophia
1518 2330 1549 2358 et
1578 2324 1682 2367 logica
1713 2324 1752 2357 ab

1008 2392 1205 2425 unoquoque
1233 2379 1431 2413 studentium
1454 2389 1490 2411 ex
1516 2377 1630 2411 ordine
1657 2377 1752 2411 susti-

1008 2441 1156 2473 neantur,
1181 2434 1251 2466 aliis
1269 2434 1307 2465 de
1325 2443 1416 2465 more
1437 2442 1493 2476 per
1512 2431 1597 2464 vices
1617 2441 1754 2473 arguen-

1010 2489 1105 2522 tibus.

1013 2548 1018 2553 ·
1053 2541 1140 2586 345,
1162 2541 1224 2574 Nec
1257 2541 1352 2573 liceat
1377 2539 1471 2572 alicui
1502 2539 1541 2571 ad
1573 2538 1753 2571 evitandam
1770 2537 1954 2594 5322131112j3ssffilgl¹·

1009 2595 1250 2635 confusionem,
1275 2594 1334 2628 nisi
1359 2593 1572 2626 baccalaureo
1601 2591 1654 2635 qui
1683 2601 1755 2635 par-

1009 2655 1054 2683 tes
1071 2648 1257 2683 sustinentis
1275 2647 1449 2686 adiuvabit,
1467 2651 1495 2679 et
1515 2644 1669 2687 magistro
1683 2650 1751 2678 stu-
