2253 3195
477 260 543 294 914
1025 264 1209 290 nontamen
1231 263 1387 289 nonxuuu

431 332 542 366 Iudaei
563 332 595 364 in
612 331 701 365 Statu
721 327 944 363 Ecclesiastico
973 326 1139 361 nonnullis
1157 325 1283 369 legibus
1303 323 1462 370 suppositi
1492 324 1624 357 fuerunt
1647 333 1666 356 a
1689 322 1789 356 Paulo
1808 322 1859 364 IV,
1881 321 1925 356 23
1943 333 1974 356 a.

521 385 596 418 Pius
615 384 638 416 V
664 383 735 416 illas
755 381 958 426 approbavit,
980 380 1059 414 ibid.
1083 379 1193 414 Iudaei
1214 384 1323 413 tamen
1353 377 1496 422 plurima
1518 377 1644 410 indulta
1663 381 1776 410 contra
1799 375 1980 420 praedictas

521 439 608 480 leges
628 441 843 476 extorserunt,
877 434 958 468 ibid.
986 434 1133 468 Clemens
1159 433 1223 466 VIII
1258 433 1545 476 praedecessorum
1576 429 1822 463 constitutiones
1851 429 1982 462 innovat

521 497 617 534 atque
634 489 816 529 confirmat‚
829 489 870 521 ib.
893 489 929 528 b,·
951 487 1118 531 privilegia
1139 486 1171 519 in
1197 486 1394 520 contrarium
1415 495 1568 518 concessa
1587 488 1726 524 revocat,
1749 481 1827 516 ibid.
1851 487 1883 516 et
1897 492 1980 526 αφ,-

521 544 715 587 exulareque
736 541 894 586 praecipit
921 551 939 573 a
959 546 1025 574 toto
1049 540 1140 574 Statu
1160 538 1382 573 Ecclesiastico
1395 566 1402 579 ,
1425 543 1654 582 praeterquam
1674 537 1713 570 ab
1734 536 1831 577 Urbe,
1851 536 1983 569 Ancona

523 604 555 631 et
572 597 747 637 Avenione,
771 595 814 628 ⁹24
833 607 864 628 ιι.
888 594 1018 629 Statutis
1045 594 1204 634 locorum,
1227 592 1412 637 apostolicis
1432 597 1463 625 et
1483 591 1646 625 canonicis
1667 589 1899 630 sanctionibus,
1923 599 1983 622 nec

523 661 590 684 non
610 649 785 694 praedictis
812 648 902 682 Pauli
919 648 960 681 tv
981 653 1011 680 et
1030 647 1077 680 Pii
1097 647 1121 679 V
1139 640 1423 680 constitutionibus
1441 644 1534 687 ligari
1553 644 1705 684 declarat,
1720 643 1800 676 ibid.
1813 643 1841 676 b.
1869 641 1982 675 Libros

523 703 694 737 Tbalmudi
719 709 750 736 et
767 702 905 735 aliorum
927 700 1164 734 detestabilium
1185 700 1380 744 scriptorum
1401 699 1464 741 legi
1482 698 1720 742 prohibuerunt
1738 697 1847 741 plures
1866 695 1984 729 Roma-

523 757 557 790 ni
577 756 762 796 Pontifices,
785 755 827 788 ⁰25
848 755 876 788 b.
905 755 1052 788 Clemens
1072 760 1154 787 vetat
1179 753 1315 794 Iudaeis,
1339 752 1513 797 quominus
1534 751 1634 785 libros
1663 749 1853 784 huiusmodi
1872 754 1904 782 et
1922 748 1984 782 alia

525 810 624 854 impia
643 809 762 853 scripta
781 809 952 849 retineant,
972 808 1021 840 vel
1042 808 1087 841 eis
1105 807 1216 851 quovis
1236 807 1334 840 modo
1354 811 1497 846 utantur,
1520 803 1562 838 26
1582 815 1612 838 a.
1629 804 1859 847 Quaecumque
1879 802 1983 836 sacul-

528 869 608 897 tates
628 869 657 897 et
676 862 825 896 licentiae
848 867 1052 902 revocantur,
1076 860 1155 894 ibid.
1180 861 1208 893 b.
1240 860 1394 893 Vetantur
1419 858 1630 903 imposterum
1656 857 1688 891 id
1713 867 1814 900 genus
1838 855 1987 890 licentiae

527 923 559 950 et
578 927 689 950 earum
710 927 797 955 usus,
822 915 862 948 ΞΠ
886 926 916 948 α.
940 914 1134 948 praefinitur
1154 913 1311 947 terminus
1327 913 1368 946 ad
1382 912 1541 946 eiusmodi
1558 911 1658 945 libros
1676 909 1912 953 consignandos
1930 910 1985 943 ln-

527 969 737 1015 quisitoribus
771 975 827 1002 aut
855 969 1001 1002 locorum
1033 967 1233 1007 (Ji-dinariis,
1265 966 1345 1000 ibid.
1383 967 1509 1000 Poenae
1537 965 1569 998 in
1597 963 1875 999 contravenientes
1899 968 1931 996 et
1957 962 1988 996 in

528 1024 669 1057 fautores
689 1022 881 1056 Iudaeorum
904 1021 935 1054 in
956 1021 1152 1065 praemissis,
1175 1020 1256 1053 ibid.
1278 1026 1309 1053 et
1329 1020 1356 1052 b.

439 1078 538 1112 lulius
557 1077 682 1118 Caesar,
706 1075 968 1120 archiepiscopus
987 1074 1145 1115 Bai-ensis,
1169 1073 1306 1107 nuncius
1323 1073 1517 1117 apostolicus
1530 1072 1616 1116 apud
1629 1071 1776 1106 Carolum
1796 1070 1991 1104 Emmanue-

530 1131 594 1164 lem
614 1129 796 1164 Sabaudiae
817 1129 944 1169 ducem,
968 1127 1032 1161 218
1057 1128 1085 1161 b.

442 1184 625 1219 lurisdietio
645 1183 675 1217 S.
696 1183 732 1216 R.
756 1182 790 1216 E.
815 1181 991 1216 Cat-dinalis
1011 1182 1050 1215 de
1067 1182 1167 1215 latere
1187 1180 1282 1223 legati
1300 1180 1432 1214 absente
1452 1179 1618 1213 Pontifice.
1643 1179 1790 1213 Clemens
1809 1177 1990 1212 Ferrariam

532 1243 563 1271 et
583 1237 624 1270 ad
643 1236 707 1270 alia
723 1237 795 1270 loca
814 1235 920 1269 Status
938 1234 1150 1268 Ecclesiastici
1172 1234 1386 1278 profecturus,
1407 1234 1547 1276 legatum
1576 1233 1698 1266 Romae
1718 1231 1873 1276 relinquit
1900 1230 1988 1264 Inni-

532 1291 742 1331 cumAvalos,
759 1290 789 1323 S.
807 1289 842 1322 R.
855 1289 888 1322 Ε.
910 1288 1120 1328 cardinalem,
1136 1287 1196 1320 lilii
1214 1298 1254 1327 a,·
1275 1297 1348 1321 cum
1367 1292 1524 1331 potestate
1541 1286 1659 1320 Urbem
1677 1284 1892 1329 gubernandi,
1908 1283 1990 1317 ibid.

533 1345 568 1385 b,·
590 1343 764 1388 omniaque
797 1342 946 1383 faciendi,
978 1341 1150 1375 ordinandi
1183 1347 1213 1375 et
1234 1340 1414 1386 exequendi
1444 1350 1527 1384 quae
1547 1340 1587 1373 ad
1607 1339 1676 1373 eius
1705 1338 1899 1382 gubernium
1921 1343 1995 1372 sunt

536 1397 728 1438 necessaria,
751 1396 815 1429 lili-2
835 1407 936 1440 usque
957 1395 997 1429 ad
1014 1394 1080 1428 444
1096 1406 1126 1428 a.

1210 1538 1232 1570 L

449 1667 572 1700 Laurea
591 1664 776 1699 doctoralis.
804 1664 897 1707 Angli
927 1663 958 1696 in
981 1662 1156 1696 academiis
1176 1666 1408 1705 promoventur
1425 1659 1465 1694 ad
1484 1660 1613 1703 gradus,
1637 1659 1726 1692 nulla
1743 1659 1852 1692 habita
1872 1658 1999 1692 ratione

539 1719 653 1753 aetatis
673 1724 704 1752 et
731 1718 934 1756 meritorum,
958 1716 1023 1749 375
1043 1727 1073 1749 α.
1098 1716 1183 1759 Papa
1200 1714 1310 1748 statuit
1326 1714 1397 1747 illos
1417 1714 1456 1747 ad
1477 1714 1596 1756 gradus
1616 1713 1800 1757 promoveri
1821 1723 1885 1746 non
1905 1722 2000 1757 posse

539 1773 600 1806 nisi
621 1773 661 1806 de
682 1771 811 1805 licentia
832 1770 967 1804 rectoris
988 1769 1158 1804 Seminarii
1180 1768 1234 1801 ubi
1257 1767 1362 1808 suerit,
1388 1773 1419 1800 et
1443 1767 1635 1811 protectoris
1661 1766 1763 1809 regni,
1785 1765 1866 1800 ibid.
1891 1766 1927 1808 b,·
1948 1766 1999 1800 cui

542 1827 676 1860 facultas
697 1826 792 1859 datur
813 1823 1019 1869 dispensandi
1038 1833 1111 1856 cmn
1134 1822 1306 1866 aliquibus,
1329 1820 1393 1855 376
1414 1832 1443 1854 a.
1469 1821 1593 1854 Poenae
1615 1820 1646 1852 in
1663 1819 1942 1860 contrafacientes,
1957 1819 1998 1853 ib.

453 1879 615 1914 Laurentii
641 1879 703 1921 (S.)
725 1877 975 1917 monasterium,
996 1875 1127 1911 Ordinis
1151 1876 1181 1909 S.
1212 1874 1416 1919 Hieronymi,
1436 1874 1495 1907 sub
1516 1874 1627 1915 regula
1645 1873 1676 1907 S.
1699 1872 1889 1915 Augustini,
1912 1872 2002 1916 regni

542 1932 697 1973 Toletani,
714 1932 753 1965 ab
767 1931 854 1965 omni
875 1930 1074 1964 decimarum
1092 1935 1123 1963 et
1142 1929 1279 1962 aliorum
1301 1939 1436 1962 onerum
1456 1927 1616 1961 solutione
1634 1932 1817 1970 exemptum
1832 1926 2005 1960 declaravit

543 1986 716 2028 Gregorius
736 1985 812 2025 xlv,
836 1983 876 2017 87
901 1984 917 2016 b
943 1989 973 2017 et
993 1994 1056 2026 seq.
1082 1982 1287 2016 lnnocentius
1306 1982 1344 2015 IX
1366 1980 1601 2025 exemptionem
1620 1979 1833 2024 confirmavit,
1851 1979 1889 2014 iis
1908 1979 2003 2014 etiam

544 2039 786 2083 comprehensis
811 2037 1022 2082 bouis‚super
1047 2037 1163 2081 quibus
1194 2036 1231 2070 lis
1260 2035 1367 2079 aliqua
1396 2034 1567 2079 penderet,
1591 2033 1632 2067 88
1652 2045 1672 2066 a
1689 2039 1720 2067 et
1745 2033 1784 2073 b;
1807 2039 2006 2078 opportunas

545 2093 666 2127 addens
687 2092 930 2132 declarationes,
954 2097 983 2125 et
1001 2101 1167 2135 apponens
1187 2090 1296 2124 solitas
1316 2089 1485 2123 latissimas
1503 2088 1671 2128 clausulas,
1689 2087 1729 2120 ib.
1752 2092 1783 2120 et
1802 2086 1844 2120 89
1862 2097 1894 2120 a.
1917 2085 2007 2131 Capi'-

547 2147 648 2181 tulum
675 2146 834 2179 Ecclesiae
859 2144 1062 2179 Placentinae
1090 2144 1203 2189 exequi
1230 2149 1375 2183 recusat,
1404 2143 1462 2175 sub
1494 2147 1659 2186 praetextu
1690 2140 1754 2175 litis
1781 2139 1950 2185 pendentis
1974 2139 2006 2173 in

547 2202 643 2235 Sacra
661 2201 751 2240 Rota,
767 2199 823 2240 ib„
840 2200 985 2233 Clemens
999 2199 1060 2232 Vllt
1079 2197 1263 2231 huiusmodi
1284 2197 1370 2230 litem
1391 2197 1428 2230 ad
1450 2207 1483 2229 se
1501 2201 1622 2235 avocat,
1639 2201 1667 2228 et
1682 2194 1855 2238 designatis
1868 2204 2008 2238 exequu-

551 2255 684 2293 toribus,
707 2252 943 2287 observantiam
963 2253 1136 2285 demandat
1153 2252 1329 2285 litterarum
1355 2249 1500 2293 Gregorii
1521 2255 1551 2283 et
1571 2248 1759 2289 innocentii,
1776 2248 1819 2282 ib.
1843 2247 1872 2281 b.

462 2309 629 2342 Librorum
656 2307 895 2352 probibitortuu
916 2306 1020 2339 index.
1052 2305 1082 2339 l'.
1112 2306 1218 2338 ludex.

464 2362 601 2395 Litanias
620 2361 810 2394 Sanctorum
833 2360 878 2392 vel
895 2360 926 2393 tt.
946 2360 982 2393 M.
1002 2359 1034 2392 Y.
1060 2359 1206 2391 nonnulli
1230 2358 1362 2402 proprio
1382 2363 1483 2391 marte
1501 2351 1702 2399 evulgarunt,
1727 2354 1790 2389 7:30.)
1803 2366 1832 2389 a.
1856 2354 1915 2388 Eas
1929 2353 2009 2389 Con-

552 2414 729 2457 gregatioui
764 2413 891 2447 llituum
922 2413 1016 2446 tradit
1050 2413 1208 2452 Clemens,
1242 2412 1320 2445 ibid.
1357 2412 1523 2445 Decretum
1552 2408 1816 2452 (leuare-gationis
1839 2408 1869 2442 S.
1893 2406 2006 2448 Officii,

553 2479 617 2512 quo
637 2467 829 2512 approbatio
850 2466 954 2500 dictae
975 2465 1238 2508 Congregatiouis
1259 2465 1444 2509 respuritur,
1469 2465 1510 2497 ib.
1536 2464 1564 2496 b.

467 2521 619 2555 Lobroviz
629 2522 697 2563 (de)
711 2520 840 2554 baronis
857 2520 997 2552 sttulium
1018 2519 1244 2564 propagandae
1267 2519 1296 2551 iu
1318 2517 1382 2551 suis
1402 2517 1577 2551 ditionibus
1598 2516 1671 2550 litlei
1693 2515 1881 2556 catholicae,
1897 2513 1954 2548 151
1978 2514 2005 2547 b.

469 2575 595 2608 laterano
616 2574 768 2618 episcopo
786 2579 816 2607 et
835 2573 978 2617 capitulo
999 2572 1122 2605 veniam
1145 2572 1278 2604 dederat
1307 2572 1391 2615 l'apa
1419 2569 1616 2615 prat-ligendi
1648 2569 1775 2602 servitia
1795 2579 1854 2613 per
1873 2567 2010 2612 capella-

557 2638 614 2660 nos
635 2628 838 2671 praestanda,
865 2626 929 2659 8¹04
959 2627 976 2657 b
994 2631 1020 2659 et
1054 2636 1116 2669 seq.
1154 2625 1329 2669 Episcopus
1361 2623 1544 2656 huiusmodi
1565 2622 1693 2656 servitia
1718 2621 1874 2665 designat,
1897 2618 1961 2653 845
1979 2619 2006 2652 b.

557 2680 730 2724 Capellam,
755 2680 881 2723 praevia
902 2679 1129 2724 ap1wllatioue‚
1153 2690 1188 2712 ea
1211 2683 1372 2722 praestare
1401 2682 1571 2714 recusant,
1605 2675 1668 2710 8413
1693 2687 1723 2708 ιι.
1757 2675 1840 2719 Papa
1865 2674 1918 2708 dat
1941 2672 2010 2717 epi-
