2253 3195
265 176 314 202 An.
336 175 364 202 c.
384 175 452 202 1594
497 166 561 199 ’119

306 1403 450 1429 [nequinum-s

266 1432 369 1456 designat.

463 235 497 258 se
517 235 553 257 ac
584 224 773 257 nominatim
795 234 859 256 non
888 222 1124 261 consenserint,
1154 227 1207 254 aut

464 278 542 311 alias
571 277 814 321 quomodolibet
847 276 886 309 de
917 274 1134 319 subreptionis
1159 275 1206 307 vel

465 331 664 374 obreptionis
683 330 769 366 vitio.
785 336 835 362 aut
859 328 1045 361 intentionis
1064 334 1204 368 nostrae,

465 383 512 416 vel
533 384 594 416 alio
616 393 821 427 quocumque
846 382 971 415 defectu
999 381 1118 419 notari,
1143 381 1204 413 im-

465 435 616 478 pugnari,
641 433 819 471 invalidari,
851 433 997 476 infringi,
1026 433 1204 472 retractari,

465 488 495 520 in
515 487 562 520 ius
583 488 628 519 vel
644 487 893 520 controversiam
911 486 1065 523 revocari,
1082 493 1134 519 aut
1149 486 1208 520 sub

464 540 538 573 ullis
559 540 829 579 revocationibus,
851 540 1128 584 suspensionibus,
1152 550 1205 572 re-

464 593 680 634 ductionibus,
698 593 954 634 limitationibus,
971 599 1023 627 aut
1043 593 1209 626 modifica-

465 646 604 680 tionibus
625 647 857 691 comprehendi
879 646 1012 679 minime
1028 657 1133 690 posse,
1148 647 1207 679 nisi

464 701 502 733 de
529 700 716 733 earumdem
747 700 964 744 praesentium
999 706 1065 733 toto
1098 706 1209 733 tenore

463 753 612 796 specialis
633 760 662 787 et
683 755 721 787 ad
749 755 883 787 verbum
909 764 1057 798 expressa
1088 754 1208 786 mentio

463 807 544 840 sacta
565 807 676 847 suerit;
700 808 810 851 sicque
830 819 889 851 per
909 817 1132 851 quoscumque
1152 817 1208 850 pa-

464 861 543 893 riter
562 861 774 904 supradictos,
799 867 850 894 aut
873 861 952 894 alios
974 861 1094 894 iudices
1116 860 1206 894 ordi-

465 914 573 947 narios
594 921 622 947 et
645 915 819 957 delegatos,
843 914 938 947 etiam
960 914 989 947 S.
1014 914 1049 947 R.
1074 914 1107 947 E.
1134 926 1206 947 car-

464 967 601 1009 dinales,
625 968 750 1001 sublata
779 968 816 1001 iis
846 968 993 1002 similiter
1023 974 1051 1001 et
1079 967 1210 1002 cuilibet

464 1031 576 1054 eorum
598 1022 709 1066 quavis
740 1022 832 1055 aliter
864 1022 1027 1056 iudicandi
1057 1028 1087 1055 et
1113 1022 1209 1056 inter-

464 1075 610 1118 pretandi
632 1075 779 1109 facultate
800 1082 828 1109 et
850 1076 1052 1115 auctoritate,
1075 1076 1208 1110 iudicari

465 1133 493 1160 et
521 1128 650 1161 diffiniri
672 1129 808 1167 debere,
837 1141 872 1163 ac
901 1129 1027 1162 irritum
1057 1136 1084 1163 et
1116 1130 1209 1164 inane

465 1181 625 1225 quidquid
657 1193 747 1216 secus
776 1193 872 1226 super
902 1182 952 1215 his
983 1194 1000 1216 a
1030 1193 1207 1227 quoquam,

467 1235 578 1278 quavis
598 1237 798 1275 auctoritaie,
822 1236 961 1270 scienter
981 1238 1029 1269 vel
1060 1237 1210 1280 ignoran-

467 1294 527 1325 ter,
552 1289 721 1332 eontigerit
740 1289 899 1323 attentari.

512 1344 528 1384 ξ
551 1341 602 1375 to.
624 1342 780 1382 Quocirca
804 1344 927 1377 dilectis
949 1344 1023 1378 filiis
1043 1345 1161 1379 nostris
1181 1352 1212 1379 et

465 1395 494 1429 S.
520 1395 554 1429 R.
579 1395 613 1429 E.
638 1397 816 1430 camerario
837 1408 872 1430 ac
895 1397 1095 1432 thesaurario
1115 1409 1211 1442 gene-

466 1449 524 1482 rali
546 1450 730 1494 praedictis,
748 1461 805 1484 nec
825 1461 890 1484 non
911 1462 1081 1486 causarum
1103 1453 1210 1488 curiae

466 1503 616 1537 Gamerae
648 1504 849 1548 Apostolicae
879 1505 1021 1548 generali
1051 1506 1207 1546 auditori,

466 1566 523 1600 per
549 1563 735 1600 praesentes
756 1557 988 1591 committimus
1009 1565 1039 1592 et
1072 1560 1208 1592 manda-

467 1620 547 1650 mus,
570 1616 729 1654 quatenus
749 1611 807 1654 ipsi
830 1611 876 1644 vel
892 1612 967 1651 duo,
983 1618 1034 1645 aut
1057 1623 1140 1646 unus
1158 1623 1211 1646 eo—

466 1674 549 1703 rum,
574 1674 631 1707 per
653 1675 685 1697 se
718 1665 764 1697 vel
795 1664 885 1705 alios,
907 1665 974 1703 ubi,
999 1666 1140 1709 quando,
1175 1677 1210 1699 ac

464 1716 591 1759 quotics
611 1727 692 1760 opus
711 1717 815 1756 suerit,
836 1724 1020 1761 praesentes
1040 1718 1161 1752 litteras
1181 1725 1209 1752 et

466 1769 495 1801 in
517 1769 562 1802 eis
583 1776 733 1803 contenta
753 1781 1000 1815 quaecumque,
1024 1772 1212 1806 solemniter

464 1823 676 1866 publicantes,
701 1835 737 1856 ac
759 1824 788 1855 in
811 1824 993 1867 praemissis.
1010 1825 1160 1858 omnibus
1181 1831 1207 1858 et

464 1876 598 1919 singulis
615 1876 752 1909 efficacis
773 1877 968 1910 defensionis
985 1877 1145 1921 praesidio
1162 1889 1210 1911 as-

465 1929 623 1970 sistentes,
634 1930 760 1969 stit-iant,
771 1930 960 1964 anctoritate
974 1937 1091 1971 nostra,
1102 1931 1210 1964 omnia

466 1990 494 2016 ct
524 1983 648 2026 singula
682 1984 711 2017 in
744 1984 965 2028 praesentibus
986 1996 1150 2029 expressa,
1175 1997 1210 2019 ac

467 2038 594 2071 illarum
618 2038 737 2078 vigore,
763 2038 906 2071 l'fflfficnda
929 2050 1150 2083 ‹piace-umque
1171 2040 1210 2072 ab

466 2091 628 2131 omnibns,
651 2092 690 2124 nd
712 2103 792 2135 quos
812 2098 945 2136 spes-tut,
969 2098 996 2125 et
1021 2092 1050 2125 in
1070 2093 1209 2126 snturnni

465 2151 611 2188 spectare
631 2145 759 2188 poti-rit,
785 2145 1012 2178 inviolabiliter
1031 2146 1207 2179 observari.

466 2197 722 2232 Contradietores
751 2198 908 2242 quoslibet
929 2210 986 2243 per
1006 2209 1156 2232 censuras
1183 2206 1210 2232 et

468 2262 587 2294 poenas
607 2252 858 2291 ecclesiasticas,
883 2252 1008 2296 aliaque
1029 2260 1211 2297 opportuna

469 2305 545 2337 iuris
566 2312 592 2338 et
618 2306 688 2338 sacti
711 2306 864 2345 remedia,
889 2306 1103 2350 appellatione
1126 2313 1211 2350 post-

470 2359 586 2402 posita,
611 2360 863 2404 compescendo,
889 2360 1035 2393 invocato
1056 2360 1150 2393 eliani
1173 2361 1211 2393 :nl

469 2411 540 2451 boe,
564 2413 588 2445 si
607 2423 687 2456 opns
710 2413 814 2452 suerit,
839 2413 957 2446 anxilio
990 2413 1111 2446 brachii
1138 2424 1209 2447 sac-

470 2465 597 2498 cnlaris.

515 2520 530 2560 ς
565 2518 611 2551 11.
637 2519 703 2552 Non
725 2520 926 2553 obstantibus
950 2519 1114 2564 quibusvis
1135 2530 1212 2554 con-

470 2571 688 2604 stitutionibnc
702 2575 730 2604 vt
746 2573 1004 2607 ordinationibus
1016 2573 1210 2617 apostolicis,

1049 171 1233 198 nummum
1254 164 1408 196 nomnen

1241 220 1429 264 praesertim
1460 219 1561 252 felicis
1581 218 1816 253 recordationis
1834 218 1982 263 Symma-

1242 273 1305 313 chi,
1325 273 1414 306 Pauli
1436 273 1471 310 ll,
1495 272 1583 306 Pauli
1602 273 1649 312 lv,
1672 272 1719 305 Pii
1736 272 1770 312 Y,
1793 283 1829 305 ac
1847 272 1985 306 aliorum

1241 328 1523 371 quorumcumque
1553 327 1772 360 Romanorum
1793 326 1986 359 Pontificum

1241 381 1527 425 praedecessorum
1549 385 1733 414 nostrorum
1755 380 1794 413 de
1814 380 1909 413 rebus
1922 379 1984 413 Ec-

1242 436 1357 469 clesiae
1386 446 1449 468 non
1471 434 1664 474 alienandis,
1692 445 1729 467 ac
1756 433 1901 477 Gregorii
1920 433 1987 467 XIII

1242 499 1339 533 super
1365 488 1553 522 reductione
1579 487 1655 522 dieti
1684 487 1797 521 Montis
1817 497 1984 521 novenna-

1242 542 1291 581 lis,
1308 553 1344 575 ac
1362 542 1556 585 quibuslibet
1579 541 1832 584 obligationibus
1845 541 1885 574 de
1906 539 1990 574 redi-

1244 596 1361 628 mendo
1384 595 1466 628 infra
1494 601 1616 628 certum
1639 600 1766 639 tempus
1786 594 1987 638 praedictum

1242 648 1379 681 Moutem
1410 649 1449 681 ab
1482 648 1557 692 ipsis
1576 648 1902 691 Congregationibus,
1933 654 1989 681 aut

1243 712 1448 745 quacumque
1488 701 1628 745 ipsarum
1661 701 1770 741 sactis,
1799 701 1987 735 earumdem

1243 765 1373 799 quoque
1387 755 1678 798 Congregationum
1697 761 1729 788 et
1747 755 1918 788 cuiuslibet
1937 765 1990 788 ea-

1243 820 1327 849 rum,
1344 809 1683 853 monasteriorumque
1696 808 1910 852 singularium
1927 814 1990 842 sta-

1244 862 1319 896 tutis
1339 869 1369 896 et
1387 862 1687 902 consuetudinibus,
1707 861 1883 906 privilegiis
1903 871 1987 906 quo-

1244 926 1317 959 que,
1343 915 1475 949 indultis
1503 922 1532 949 et
1562 915 1677 948 litteris
1705 915 1889 959 apostolicis
1914 915 1990 959 ipsis

1243 970 1553 1013 congregationibus
1573 976 1604 1003 et
1625 968 1829 1003 monasteriis
1853 969 1885 1002 in
1906 979 1987 1003 con-

1244 1023 1378 1056 trarium
1399 1022 1653 1067 praemissorum
1673 1023 1930 1067 quomodolibet,
1953 1033 1990 1057 ac

1244 1077 1309 1111 subi
1322 1077 1486 1121 quibusvis
1498 1077 1668 1110 verborum
1689 1076 1810 1116 formis,
1825 1077 1921 1110 etiam
1935 1077 1990 1112 de-

1244 1131 1483 1173 rogatoriarum
1505 1130 1729 1173 derogatoriis,
1751 1130 1885 1174 aliisque
1902 1130 1988 1164 inso-

1244 1184 1308 1217 litis
1329 1184 1478 1218 clausulis
1499 1195 1535 1218 ac
1556 1183 1755 1217 irritantibus
1780 1190 1808 1217 et
1839 1183 1908 1218 aliis
1928 1184 1986 1218 de-

1246 1238 1343 1271 cretis
1374 1238 1545 1277 concessis,
1566 1237 1780 1277 consirmatis,
1804 1238 1991 1283 approbatis

1245 1298 1273 1325 et
1293 1291 1460 1325 innovatis.
1478 1291 1599 1331 Quibus
1620 1291 1771 1325 omnibns
1791 1297 1821 1325 et
1841 1291 1986 1335 singulis,

1246 1345 1370 1379 etiamsi
1384 1355 1442 1389 pro
1456 1345 1625 1378 sufficienti
1641 1356 1753 1379 eorum
1766 1345 1986 1388 derogatione,

1246 1399 1285 1432 de
1311 1398 1372 1432 illis
1403 1409 1582 1443 eorumque
1613 1399 1686 1433 totis
1706 1399 1888 1441 tenoribus,
1912 1410 1988 1444 spe-

1246 1452 1345 1489 cialis.
1379 1451 1540 1496 specifica,
1574 1463 1721 1496 expressa
1752 1459 1781 1486 et
1812 1452 1987 1493 individua,

1246 1515 1308 1538 non
1330 1511 1436 1538 autem
1463 1516 1520 1549 per
1540 1505 1698 1539 clausulas
1718 1507 1884 1548 generales
1904 1506 1990 1540 idem

1246 1558 1457 1602 importantes
1475 1558 1607 1599 mentio,
1630 1570 1685 1593 seu
1707 1559 1837 1603 quaevis
1856 1559 1919 1594 alia
1938 1569 1991 1594 ex-

1246 1612 1367 1656 pressio
1385 1611 1544 1651 babeuda,
1562 1618 1612 1646 aut
1635 1612 1742 1657 aliqua
1756 1613 1818 1646 alia
1835 1613 1990 1657 exquisita

1245 1665 1348 1698 fornia
1361 1665 1399 1697 ad
1422 1665 1482 1698 hoc
1503 1666 1660 1699 servanda
1678 1667 1770 1706 soret,
1783 1672 1911 1700 tenores
1931 1666 1991 1700 hu-

1246 1718 1395 1756 iusmodi,
1420 1729 1456 1752 ac
1485 1718 1509 1751 si
1532 1719 1570 1751 de
1592 1719 1689 1752 verbo
1716 1719 1755 1752 ad
1777 1720 1921 1761 verbum,
1945 1720 1989 1754 nil

1245 1773 1371 1817 penitus
1391 1773 1530 1813 omisso,
1555 1779 1583 1807 et
1605 1774 1707 1807 forma
1738 1774 1769 1807 in
1790 1774 1852 1808 illis
1873 1775 1990 1809 tradita

1245 1827 1422 1867 observata,
1440 1827 1549 1860 inserti
1565 1828 1680 1867 forent,
1697 1828 1918 1872 praesentibus
1931 1839 1990 1874 pro

1245 1881 1402 1924 expressis
1420 1881 1584 1918 babentes.
1606 1882 1646 1914 ad
1667 1882 1815 1915 effectum
1834 1882 1990 1926 praemis-

1244 1946 1365 1974 sorum,
1389 1934 1582 1978 specialiter,
1606 1946 1754 1980 expresse
1779 1946 1816 1969 ac
1836 1936 1990 1970 latissime

1245 1988 1449 2030 ‹leroganms‚
1473 1999 1508 2021 ac
1531 1989 1720 2030 derogatum
1740 2000 1807 2022 csse
1827 1989 1986 2031 volumus;

1245 2052 1280 2074 ac
1301 2041 1452 2074 omnibus
1474 2041 1545 2077 illis.
1570 2052 1653 2085 qnae.
1675 2042 1705 2074 in
1731 2043 1894 2076 erectione
1915 2043 1989 2078 dicti

1246 2094 1358 2127 Montis
1388 2094 1574 2127 novennalis
1606 2105 1794 2129 concessum
1827 2102 1892 2138 est,
1925 2106 1991 2131 non

1245 2147 1393 2185 obstare,
1425 2148 1622 2192 caeterisque
1652 2149 1822 2182 contrariis
1852 2149 1987 2193 quibus-

1246 2212 1395 2245 sinuque.

1290 2255 1402 2287 Datum
1431 2255 1551 2289 Romae
1581 2257 1667 2300 apud
1703 2257 1733 2290 S.
1758 2256 1908 2298 Petrum,
1931 2257 1991 2292 sub

1246 2308 1366 2341 annulo
1387 2308 1567 2349 Piscatoris,
1592 2309 1643 2343 die
1674 2320 1691 2343 v
1722 2309 1831 2354 aprilis
1852 2320 1988 2352 nnxciv,

1248 2361 1453 2405 pontificatus
1474 2362 1574 2396 nostri
1595 2373 1680 2396 anno
1702 2373 1748 2397 ιιι.

1283 2423 1340 2450 nat.
1359 2423 1402 2450 «tie
1417 2424 1434 2451 5
1453 2424 1544 2459 aprilis
1568 2425 1644 2459 ¹594,
1661 2425 1756 2461 pontif.
1773 2434 1816 2453 nn.
1831 2433 1868 2454 nt.

1247 2522 1403 2565 Sequitur
1423 2522 1626 2565 confirmatio
1643 2524 1856 2558 insti-inuenti
1872 2524 1914 2559 ab
1933 2526 1990 2559 iis-

1291 2573 1360 2607 dem
1388 2575 1701 2619 Coriqreqationibus
1721 2577 1801 2610 initi
1819 2588 1890 2611 cum
1912 2578 1986 2614 Rev.

2001 168 2052 196 An.
2072 167 2100 196 c.

2001 230 2112 251 contraria
2126 233 2147 252 to
2162 231 2168 236 ¹
