2253 3195
269 240 320 268 An.
342 239 370 268 c.
389 240 457 268 ¹599
501 230 566 265 500

299 1050 370 1071 smus
381 1049 407 1070 tv
418 1055 456 1075 pro

273 1083 344 1098 eorum
355 1076 455 1097 alimonia

273 1107 384 1130 quaestum
412 1102 456 1124 steri

272 1133 374 1157 permisit,

470 289 555 323 tibus
579 290 706 332 signum
726 288 783 321 lilii
814 289 845 321 in
869 293 1000 332 pectore
1025 287 1209 328 deserendi,

469 353 528 376 nec
540 352 604 375 nou
614 352 673 386 pro
683 341 872 375 eorumdem
886 341 969 374 vitae
988 340 1139 374 subsidiis
1155 351 1214 385 per

470 397 589 429 dietum
621 405 757 437 regnum
789 394 995 438 exquirendis
1019 394 1155 428 nuncios
1184 400 1214 427 et

469 455 655 494 quaestores
669 448 847 492 deputandi
860 448 1023 481 licentiam
1038 448 1210 488 concessit;

469 515 528 537 nec
549 513 613 536 non
639 502 903 546 archiepiscopis,
928 502 1099 546 episcopis,
1122 502 1211 536 aliis-

469 567 532 601 que
553 555 706 600 praelatis
726 556 872 589 eiusdem
893 556 996 598 regni,
1019 562 1053 589 ut
1079 555 1215 589 nuncios

469 616 500 644 et
535 615 722 654 quaestores
764 609 951 643 huiusmodi
982 609 1211 650 admitterent,

469 663 646 708 apostolica
667 663 868 703 auctoritate,
886 663 1041 696 mandare
1061 663 1211 703 obtinuit,

470 717 642 761 ipsumque
662 716 821 760 hospitale
845 716 992 760 pluribus
1027 715 1212 760 privilegiis,

471 770 592 813 gratiis,
610 770 868 803 immunitatibus
888 775 919 803 et
937 770 1139 803 libertatibus
1159 780 1218 813 per

471 825 585 859 Sedem
607 825 825 869 Apostolicam
846 824 1045 869 approbatis,
1071 824 1216 867 insigniri

472 879 604 920 curavit;
616 879 672 912 sed
684 874 788 912 morte
798 883 1001 923 praeventus,
1014 878 1105 919 illud,
1120 884 1217 922 prout

473 933 619 974 decebat,
645 933 756 966 dotare
773 943 839 966 non
852 932 968 977 potuit.

518 986 586 1029 59..
621 986 831 1020 Postmodum
859 996 936 1019 vero
971 985 1072 1019 seticis
1102 997 1214 1020 recor-

472 1040 610 1074 dationis
623 1040 727 1074 Sixtus
744 1040 830 1084 Papa
843 1039 891 1081 IV,
908 1040 1138 1083 praedecessor
1153 1050 1214 1073 no—

472 1100 548 1135 ster,
572 1094 613 1128 ad
627 1094 688 1127 hoc
708 1099 743 1127 ut
763 1104 921 1138 pauperes
939 1093 971 1126 in
983 1094 1097 1127 eodem
1112 1093 1217 1127 Sancti

472 1148 619 1191 Remigii,
634 1159 671 1181 ac
682 1148 727 1180 illi
741 1147 838 1180 unitis
846 1147 952 1181 Sancti
966 1147 1104 1191 Spiritus
1116 1158 1218 1192 prope

474 1203 634 1236 civitatem
659 1201 966 1244 Rotbomagensem,
990 1207 1022 1235 et
1045 1201 1220 1235 SanctiMi-

474 1256 593 1290 chaelis
628 1254 841 1299 hospitalibus
874 1254 1037 1297 degentes,
1073 1254 1218 1288 fidelium

475 1308 687 1353 eleemosynis
707 1307 846 1352 amplius
859 1307 1100 1347 adiuvaventur,
1118 1307 1219 1350 magi-

475 1363 561 1403 stris,
585 1361 914 1401 administratoribus
935 1361 1155 1401 servitoribus,
1183 1372 1219 1395 ac

475 1416 545 1449 aliis
566 1415 712 1461 personis
738 1425 798 1458 pro
831 1420 977 1458 tempore
999 1414 1216 1453 existentibus,

475 1476 539 1503 tam
564 1471 593 1503 S.
618 1468 766 1510 Remigii,
790 1478 888 1512 quam
910 1467 954 1500 illi
976 1467 1141 1500 unitorum
1164 1467 1220 1501 lto-

475 1522 636 1567 spitalimn
657 1521 911 1566 praedictorum,
933 1520 1063 1554 illorum
1083 1521 1217 1561 fructus,

476 1577 631 1616 redditus,
652 1581 838 1620 proventus,
861 1575 1093 1619 eleemosynas,
1117 1585 1218 1618 quae-

475 1637 562 1664 stuas
582 1636 612 1664 ct
632 1629 812 1663 oblationes
830 1639 889 1673 pro
904 1629 979 1673 ipsis
994 1628 1218 1672 hospitalibus,

476 1694 655 1727 eorumque
691 1682 918 1722 servitoribus,
951 1682 1164 1726 pauperibus,
1192 1688 1222 1715 et

476 1737 629 1771 ministris
649 1736 849 1779 elargiendas
869 1736 1044 1780 reeipiendi
1058 1763 1065 1776 ,
1087 1736 1222 1780 illasque

475 1792 652 1825 secundum
673 1792 786 1829 Deum,
810 1796 840 1824 et
858 1801 969 1824 eorum
992 1790 1221 1824 conscientiam

477 1845 508 1878 in
535 1856 621 1885 usus,
650 1850 679 1878 et
701 1844 870 1877 utilitatem
892 1844 1081 1877 eorumdem
1107 1844 1219 1888 hospi-

478 1899 589 1933 talium
608 1898 826 1937 eonvertendi,
850 1909 909 1931 nec
927 1909 990 1931 non
1013 1898 1044 1930 in
1065 1898 1219 1938 ecclesiis,

478 1953 680 1987 monasteriis
695 1980 702 1992 ,
727 1958 757 1984 et
783 1952 860 1985 loeis
881 1952 971 1993 regni
993 1951 1163 1991 Franciae,
1187 1963 1222 1985 ac

479 2008 522 2040 illi
542 2006 757 2040 adiacentium
779 2005 942 2039 civitatum
962 2011 992 2038 et
1012 2006 1219 2049 oppidorum,

478 2061 518 2093 ad
537 2071 619 2104 quae
640 2059 714 2092 dicti
729 2060 915 2102 quaestores
936 2058 1066 2091 nomine
1081 2058 1222 2102 hospita-

479 2114 555 2146 lium
579 2120 607 2146 et
624 2123 803 2157 pauperum
819 2111 1058 2156 praedictorum
1074 2111 1224 2143 admitte-

480 2173 602 2206 rentur,
626 2171 820 2209 receptores,
837 2170 868 2197 et
881 2176 992 2207 capsas
1006 2175 1064 2207 pro
1085 2164 1225 2197 eleemo-

479 2221 563 2265 syrtis
596 2218 789 2262 t·cripiendis
821 2224 849 2250 et
872 2217 1098 2250 conservandis
1118 2217 1221 2260 depu-

481 2274 590 2313 tandi,
629 2285 666 2306 ac
688 2273 772 2306 ciri-a
793 2283 850 2311 ea,
875 2283 956 2316 quae
983 2271 1013 2303 in
1040 2271 1222 2313 utilitatem,

480 2327 686 2361 rommodmn
715 2332 745 2359 et
783 2325 1058 2359 conservationem
1085 2323 1225 2368 hospita-

481 2381 558 2413 lium
574 2386 604 2413 et
619 2391 796 2423 pauperum
810 2391 839 2422 pt
850 2378 1049 2411 aedictortnn
1060 2378 1221 2417 cederent,

481 2434 640 2466 ¹statuendi
671 2439 701 2466 ct
732 2432 923 2470 ordinandi,
956 2443 1014 2464 nee
1045 2442 1108 2463 non
1130 2442 1226 2474 super

481 2487 691 2530 eleemosynis
709 2486 910 2525 colligendis,
936 2484 1221 2527 indttlgentiisqne,

481 2547 510 2572 et
539 2541 648 2580 gratiis
685 2540 777 2573 dietis
815 2539 1027 2583 hospitalibus
1066 2537 1224 2570 concessis

483 2594 683 2636 publii-andis
708 2599 738 2626 et
758 2592 962 2637 arqnirendis
982 2604 1053 2625 cnm
1076 2592 1221 2624 locorum

482 2647 668 2685 Ordinariis,
686 2653 780 2690 pt'out
798 2646 924 2679 utilitati
938 2652 967 2678 et
981 2645 1223 2679 necessitatibus

1054 240 1237 264 BULLARIUM
1257 240 1410 265 ROMANUM

2004 240 2054 268 An.
2075 240 2103 268 C.
2121 239 2190 267 1599

1246 287 1454 331 hospitalium
1484 294 1514 322 et
1543 299 1721 333 pauperum
1748 290 1989 333 praedictorum

1247 341 1419 385 expediens
1439 342 1519 375 soret
1537 369 1543 381 ,
1567 342 1780 376 conveniendi
1797 349 1827 376 et
1848 354 1987 377 concor-

1248 395 1344 428 dandi
1370 395 1553 429 facultatem
1572 395 1668 428 etiam
1687 396 1855 429 concessit.

1293 450 1309 491 g
1327 447 1358 481 3.
1379 449 1423 482 Ac
1442 454 1505 482 tam
1518 448 1621 482 dictus
1638 448 1753 489 Simus,
1766 459 1862 492 quam
1875 449 1991 483 diversi
2034 462 2138 488 nit-toque
2153 461 2190 482 ho-

1969 504 1975 510 .
2007 489 2078 514 spitali
2114 490 2190 514 postea

1247 503 1301 536 alii
1320 503 1456 536 Romani
1469 503 1639 536 Pontifices
1652 503 1915 547 praedecessores
1928 514 1988 545 sut,
2007 516 2106 536 uonuuua
2141 520 2190 544 con-

1248 563 1279 590 et
1304 557 1407 590 dietae
1432 557 1523 590 Sedis
1543 557 1658 599 legati,
1681 567 1741 590 nec
1760 567 1825 590 non
1846 557 1989 590 Franco·
2008 543 2135 595 iiissssiafum
2149 547 2190 567 ''r''

1249 622 1320 644 rum
1332 621 1434 653 reges,
1445 616 1476 644 et
1485 611 1566 644 aliae
1584 622 1741 655 personae
1751 611 1993 655 quamplurima

1249 664 1311 697 alia
1335 664 1512 708 privilegia,
1536 664 1671 705 indulta,
1695 663 1922 706 indulgentias,
1949 663 1990 696 li-

1249 718 1407 758 bertates,
1431 717 1654 751 concessiones
1679 723 1710 751 et
1733 717 1852 760 gratias
1873 717 1993 750 eisdem

1250 771 1479 816 hospitalibus,
1517 771 1732 805 communiter
1768 771 1816 804 vel
1841 771 1990 812 divisim,

1250 825 1440 859 auctoritate
1460 824 1635 869 praedicta,
1659 824 1808 858 similiter
1828 835 1995 858 concesse-

1250 885 1336 912 runi.

1296 934 1312 975 ἓ
1333 932 1363 966 lt.
1380 933 1514 976 Insuper
1532 931 1605 976 piae
1622 931 1800 973 memoriae
1819 931 1917 965 Iulius
1929 931 1992 965 Pa·
2024 940 2115 965 Quorum
2123 940 2196 967 atiqua

2010 967 2045 989 hic
2053 969 2195 989 recensentur.

1251 998 1292 1031 pa
1310 987 1336 1020 II
1351 1013 1358 1026 ,
1392 985 1489 1019 etiam
1509 985 1739 1030 praedecessor
1766 990 1895 1026 noster,
1918 990 1996 1018 tunc

1251 1039 1467 1074 cardinalatus
1491 1039 1614 1072 honore
1635 1038 1771 1081 fungens
1786 1065 1793 1079 ‚
1824 1043 1854 1071 et
1873 1037 1997 1082 episco-

1252 1104 1310 1138 pus
1327 1092 1521 1133 Sabinensis,
1537 1091 1618 1125 acin
1638 1091 1783 1136 partibus
1800 1091 1861 1124 illis
1870 1090 1997 1136 praedi-

1253 1153 1321 1180 ctae
1340 1146 1430 1180 Sedis
1461 1146 1584 1188 legatus
1615 1144 1786 1179 sufficienti
1817 1145 1858 1178 ad
1894 1144 1938 1185 id,
1961 1149 1996 1178 ut

1253 1200 1436 1240 asserebat,
1465 1210 1522 1244 per
1552 1199 1676 1232 litteras
1701 1198 1806 1232 dictae
1829 1197 1920 1232 Sedis
1944 1198 1994 1232 sa-

1254 1255 1370 1288 cultate
1394 1253 1562 1292 suffultus,
1590 1252 1676 1285 illius
1697 1251 1805 1294 vigore
1825 1251 1908 1285 inter
1935 1251 1997 1285 alia

1255 1307 1482 1346 confratribus,
1497 1305 1768 1345 benefactoribus,
1785 1304 1998 1338 servientibus

1255 1367 1285 1394 et
1316 1360 1464 1405 personis
1488 1359 1679 1392 eorumdem
1713 1357 1922 1402 hospitalium
1937 1384 1944 1398 ,
1967 1362 1999 1392 et

1255 1414 1294 1447 ad
1319 1413 1373 1446 illa
1393 1412 1488 1446 certis
1510 1411 1708 1456 temporibus
1740 1410 1995 1452 confluentibus,

1255 1473 1289 1500 ut
1313 1466 1530 1506 servulorum,
1555 1465 1738 1505 missarum,
1761 1464 1947 1498 orationum
1968 1469 2000 1498 et

1255 1520 1482 1563 suffragiorum
1518 1519 1550 1552 in
1582 1518 1742 1559 ecclesiis,
1778 1517 1995 1559 monasteriis,

1257 1573 1453 1618 prioratibus
1467 1578 1497 1606 et
1514 1572 1603 1613 locis,
1621 1572 1702 1605 infra
1724 1571 1840 1605 limites
1860 1581 1936 1604 suae
1956 1571 2000 1604 le-

1256 1627 1394 1670 gationis
1421 1625 1688 1666 consistentibus,
1713 1624 1937 1658 saciendorum
1969 1629 2000 1658 et

1256 1680 1526 1715 celebrandorum
1548 1679 1720 1724 participes
1734 1678 1816 1713 effici
1837 1688 2001 1712 mereren-

1257 1742 1323 1776 tur,
1351 1735 1463 1768 eadem
1496 1733 1686 1767 auctoritate
1717 1733 1813 1767 etiam
1841 1737 2000 1777 perpetuo

1257 1789 1424 1824 concessit.
1454 1789 1490 1822 Et
1511 1787 1627 1821 deinde
1654 1787 1845 1821 recolendae
1870 1795 1997 1819 memo-

1258 1844 1323 1877 riae
1342 1843 1522 1876 Alexander
1545 1841 1631 1884 Papa
1655 1840 1703 1880 vt,
1731 1839 1881 1873 similiter
1904 1849 1999 1883 prae-

1257 1898 1406 1930 decessor
1426 1901 1553 1934 noster,
1577 1894 1659 1927 inter
1683 1893 1746 1926 alia
1773 1891 1871 1926 voluit
1891 1898 1922 1925 et
1946 1892 2001 1926 de-

1256 1949 1397 1989 claravit,
1415 1948 1501 1992 qnod
1522 1947 1682 1980 dictorum
1705 1945 1912 1989 hospitalium
1936 1956 2001 1979 ma-

1257 2002 1358 2045 gistri,
1372 2000 1662 2038 administratores,
1680 1998 1795 2037 nuntii,
1812 1998 1999 2039 confratres,

1255 2054 1664 2095 servitores,benefactores
1677 2058 1706 2086 et
1715 2062 1872 2096 personae
1883 2051 2003 2085 utrius-

1258 2120 1320 2154 que
1340 2120 1453 2148 sexus,
1488 2117 1666 2155 corumque
1698 2111 1847 2150 parentes
1882 2105 1942 2138 vivi
1972 2110 2004 2138 et

1258 2162 1398 2196 det'uncti
1418 2162 1456 2194 de
1479 2161 1598 2199 missis,
1613 2166 1644 2193 et
1667 2159 1737 2193 aliis
1762 2159 1822 2203 piis
1840 2157 2003 2201 suffragiis

1260 2216 1356 2250 totius
1380 2214 1534 2249 ecelesiae
1557 2213 1723 2246 militantis
1744 2212 1919 2257 participes
1937 2211 2004 2245 effi-

1259 2275 1419 2309 cerentur,
1449 2268 1572 2312 ipsique
1594 2266 1749 2309 magistri,
1766 2265 2004 2299 administrato-

1260 2334 1320 2362 res,
1345 2323 1540 2361 confratres,
1582 2331 1618 2353 ae
1639 2320 1678 2353 ab
1700 2319 1737 2353 iis
1762 2329 1820 2363 pro
1857 2325 2004 2362 tempore

1259 2375 1402 2420 deputati
1424 2380 1612 2418 quaestores
1632 2379 1662 2406 et
1685 2377 1880 2416 receptores,
1902 2371 1950 2404 bis
1971 2371 2002 2405 in

1259 2430 1401 2474 quolibet
1413 2439 1508 2469 amm,
1525 2428 1554 2461 in
1565 2427 1697 2468 singulis
1711 2426 1854 2460 eeclesiis
1867 2425 2002 2469 aliisque

1260 2483 1336 2516 loeis
1354 2483 1430 2515 dicti
1450 2481 1538 2523 regni
1559 2487 1587 2513 et
1604 2480 1841 2525 provinciarum
1857 2479 1900 2512 illi
1914 2478 2001 2512 adia-

1259 2537 1398 2570 centium
1421 2547 1530 2580 rapsas
1547 2546 1603 2568 seu
1626 2541 1767 2574 truncos,
1788 2545 1805 2567 a
1826 2532 1937 2577 primis
1950 2542 2000 2565 ve-

1257 2590 1358 2634 speris
1379 2589 1440 2622 diei
1469 2588 1691 2632 praet-edentis
1716 2598 1816 2631 nsque
1842 2586 1881 2619 ad
1908 2595 1999 2618 oera-

1256 2655 1325 2676 sum
1347 2643 1422 2676 solis
1442 2642 1505 2676 diei
1520 2641 1694 2685 sequentis,
1711 2644 1946 2684 permanentes,
1967 2637 1998 2671 in
2029 2685 2033 2691 Ι
