2253 3195
502 398 782 481 INDEX
846 392 1451 479 RUBRICARUM

702 573 1250 622 CONSTITUTIONUM

593 732 1018 790 CLEMENTIS
1061 732 1181 788 PP.
1224 730 1362 788 VIII

414 888 470 916 AB
504 888 632 916 ANNO

667 887 880 916 SECUNDO
913 886 1049 915 SACRI
1082 885 1187 914 EIUS
1221 883 1541 912 PRINCIPATUS

704 1008 762 1035 AD
793 1007 950 1036 TOTUM
982 1006 1273 1035 UNDECIMUM.

229 1500 261 1534 L.
285 1499 441 1534 Validatio
468 1499 704 1544 suppressionis
730 1499 971 1543 praepositurae

317 1553 424 1587 Sancti
445 1553 586 1586 Tliomae
596 1551 754 1593 Senensis,
770 1562 851 1596 quae
868 1552 972 1586 suerat

318 1607 445 1641 Ordinis
465 1607 727 1646 Humiliatorum,
748 1616 784 1639 ac
805 1606 889 1639 illius
903 1617 972 1639 ere-

319 1661 434 1695 ctionis
446 1661 477 1694 in
488 1660 744 1705 praeceptoriam
761 1660 888 1694 Militiae
900 1671 971 1693 san-

319 1715 360 1748 cti
381 1715 534 1759 Stephani
560 1715 695 1753 unitam,
719 1714 864 1758 quamvis
889 1724 969 1757 apo-

319 1768 449 1802 stolicae
465 1768 611 1811 Gregorii
627 1768 692 1802 XIV
704 1768 828 1801 litterae
844 1767 972 1811 expedi-

319 1828 369 1855 tae
386 1822 446 1855 hac
459 1833 555 1866 super
576 1832 610 1855 re
627 1832 692 1855 non
706 1821 835 1863 suerint,
847 1832 924 1865 paq.
940 1821 970 1854 1.

231 1875 279 1909 LI.
303 1875 461 1909 Validatio
491 1875 662 1909 erectionis
694 1874 790 1908 officii
819 1874 975 1919 praesidis

321 1929 536 1963 Cancellariae
552 1940 612 1974 pro
633 1929 841 1974 expediendis
863 1928 975 1962 litteris

320 1994 605 2027 quorumcumque
629 1983 810 2017 officiorum
842 1982 972 2016 vacabi-

322 2037 415 2078 lium,
440 2041 511 2079 etc.⁷
531 2037 562 2071 lt.

234 2090 296 2124 Lll.
319 2090 486 2125 Nullitates
508 2102 544 2125 ex
566 2091 692 2125 defectu
718 2091 950 2125 iurisdictionis
965 2118 972 2132 ,

323 2144 483 2178 citationis
503 2150 534 2178 et
556 2145 710 2184 mandati,
734 2150 766 2178 et
785 2155 850 2178 non
875 2145 972 2185 aliae,

323 2198 355 2231 in
375 2198 525 2232 omnibus
545 2198 650 2232 Status
678 2198 891 2232 Ecclesiastici
922 2198 976 2231 tri-

322 2251 496 2285 bunalibus
516 2252 742 2292 attendendae,
766 2252 818 2285 17.

235 2305 312 2339 Llll.
336 2305 543 2339 Confirmatio
564 2305 685 2339 decreti
713 2305 977 2349 Congregationis

323 2358 495 2392 Sacrorum
507 2359 651 2401 Rituum,
663 2370 727 2403 quo
741 2360 896 2393 nonnulla
909 2365 974 2393 sta—

1094 1498 1178 1532 dinis
1197 1498 1238 1531 ad
1259 1497 1433 1531 tribunalia
1458 1497 1647 1537 saecularia,
1671 1507 1746 1540 per-

1094 1552 1268 1596 missioque
1280 1551 1420 1585 habendi
1432 1562 1598 1584 recursum
1614 1551 1652 1584 ad
1663 1551 1750 1595 prio-

1094 1617 1162 1640 rem
1195 1605 1402 1648 generalem,
1431 1610 1670 1649 protectorem,
1694 1615 1750 1637 seu

1094 1660 1161 1693 vice
1186 1664 1404 1703 protectorem
1425 1664 1480 1692 aut
1504 1659 1544 1692 ad
1570 1659 1749 1692 Romanum

1094 1714 1297 1754 Pontificem,
1321 1713 1374 1746 21.

1007 1767 1065 1801 LV.
1090 1767 1289 1812 Approbatio
1315 1766 1581 1800 constitutionum
1606 1765 1694 1799 Pauli
1715 1765 1751 1799 tv

1011 2142 1072 2176 LVI
1080 2170 1085 2176 .

1096 1826 1126 1854 et
1147 1820 1193 1853 Pii
1214 1820 1236 1853 V
1257 1820 1341 1853 circa
1361 1820 1448 1862 leges
1473 1825 1504 1853 et
1532 1819 1752 1853 ordinationes

1096 1884 1114 1907 a
1133 1873 1259 1907 ludaeis
1280 1873 1401 1917 ubique
1414 1873 1560 1906 locorum
1582 1873 1753 1905 observan-

1098 1928 1171 1968 das,
1189 1933 1219 1960 et
1233 1927 1378 1971 expulsio
1394 1926 1583 1960 eorumdem
1598 1926 1636 1959 ab
1650 1925 1753 1958 omni-

1097 1981 1157 2014 bus
1182 1981 1363 2014 civitatibus
1390 1986 1421 2014 et
1448 1979 1540 2013 terris
1564 1980 1670 2012 Status
1690 1979 1749 2012 Ec-

1098 2034 1278 2075 clesiastici‚
1307 2035 1426 2075 Roma,
1451 2033 1612 2067 Avenione
1637 2038 1667 2065 et
1691 2033 1754 2065 An-

1098 2099 1180 2122 cona
1205 2088 1356 2131 exceptis,
1377 2087 1430 2120 02-2.

1119 2143 1237 2176 Contra
1266 2142 1428 2175 Hebraeos
1465 2146 1607 2174 tenentes
1640 2141 1750 2183 legen-

1099 2203 1210 2240 tesque
1231 2196 1330 2229 libros
1350 2195 1519 2228 Tlialmudi
1534 2199 1565 2227 et
1585 2194 1663 2227 alios
1683 2194 1755 2227 hac-

1101 2258 1192 2285 tenus
1210 2252 1390 2290 damnatos,
1408 2255 1462 2282 aut
1485 2248 1701 2292 blasphemias
1725 2254 1755 2281 et

1099 2304 1311 2339 contumelias
1325 2303 1356 2336 in
1370 2304 1469 2336 Deum
1492 2308 1522 2336 et
1533 2302 1665 2337 Sanctos
1679 2312 1754 2336 con-

1101 2359 1250 2398 tinentes,
1279 2357 1331 2390 25.

325 2418 458 2446 tuuntur
478 2423 575 2457 super
598 2413 810 2447 associatione
835 2413 977 2458 episcopi
1013 2412 1100 2446 Lm.
1129 2410 1325 2444 Reformatio
1346 2409 1474 2443 Ordinis
1491 2409 1597 2442 Sancti
1621 2409 1757 2442 Benedi-

324 2465 522 2507 Oxomensis‚
546 2472 609 2500 tam
631 2466 664 2500 in
689 2467 795 2500 eundo
813 2467 853 2501 ad
879 2467 980 2500 eccle-

324 2519 405 2553 siam
426 2531 522 2564 quam
540 2521 580 2554 ab
601 2531 639 2554 ea
658 2521 837 2561 redeundo,
862 2520 914 2553 18.

324 2625 452 2660 Ordinis
479 2627 628 2661 Fratrum
656 2628 829 2661 Servorum
855 2628 888 2660 B.
912 2627 978 2659 Ma-

324 2680 391 2714 riae
408 2680 544 2723 Virginis
557 2692 575 2715 a
594 2681 745 2727 praelatis
766 2681 911 2715 eiusdem
926 2679 982 2713 Or-

1102 2464 1154 2505 eti,
1183 2462 1447 2506 Congregationis
1467 2462 1676 2503 Cassinensis,
1700 2472 1756 2495 scu

1102 2518 1236 2551 Sanctae
1261 2516 1412 2557 Iustinae,
1436 2515 1488 2549 28.

236 2572 312 2607 LlV.
333 2573 512 2607 Prohibitio
532 2575 715 2619 appellandi
736 2585 794 2619 per
813 2573 981 2616 religiosos
1015 2571 1116 2605 LVlll.
1141 2569 1381 2605 Confirmantur
1402 2568 1563 2613 quaedam
1581 2568 1757 2602 ordinatio-

1104 2634 1159 2657 nes
1177 2633 1235 2667 pro
1258 2622 1469 2655 Universitate
1489 2621 1590 2656 Studii
1617 2622 1756 2655 Genera-

1107 2677 1144 2711 lis
1164 2676 1322 2718 Perusini,
1346 2675 1400 2709 32.
