2253 3195
32 234 82 261 An.
99 231 126 259 C.
145 231 206 258 lfiOl

45 876 221 898 Vestimentorum

38 903 121 925 fratrum
131 902 221 929 qualita-

840 227 985 251 elimitans
1007 226 1062 249 Vttt
1084 226 1132 249 Pr,

1656 212 1713 244 (571

227 278 284 317 rit,
304 278 382 310 alias
409 277 550 310 ossieiiun
575 277 658 310 illius
680 277 747 320 ipso
770 277 837 309 iure
859 286 970 308 vat-are
1005 286 1057 307 sex
1083 283 1207 307 menses
1230 272 1404 316 proposita.
1427 271 1536 305 Nullus
1556 275 1745 314 practerea,

229 332 439 374 intelligatur.

1006 327 1151 372 quamvis
1172 327 1550 369 magister,quacumque
1576 324 1615 357 de
1638 335 1745 363 causa,

274 385 288 429 g
314 384 367 418 53.
402 385 511 428 Neque
541 384 657 428 aliquis
686 385 725 417 ad
757 384 973 417 consessiones
1006 382 1158 421 annulos,
1183 390 1298 413 aureos
1319 385 1373 412 aut
1394 384 1579 421 argenteos,
1604 378 1651 411 vel
1673 378 1750 411 alte-

47 450 213 474 Etcovisessoris
229 438 416 478 audiendas,
440 444 612 481 antequam
635 443 858 481 praesentetur
883 437 973 472 Ordi-

230 491 342 532 nario,
367 491 474 524 minor
506 491 635 533 triginta
666 492 757 524 annis
788 503 804 523 a
832 491 972 533 generali

231 545 441 586 admittatur,
465 551 497 578 et
517 546 571 589 qui
604 545 708 589 prius,
729 545 877 587 rigoroso
904 555 972 578 exa-

232 599 330 640 mine,
354 599 440 632 eirca
461 598 652 638 doctrinam,
676 609 797 638 mores,
827 604 854 631 et
882 598 975 631 disei-

231 653 365 696 plinam,
390 664 407 685 a
430 651 639 696 provinciali,
660 657 690 684 et
719 651 845 684 duobus
877 650 976 693 magi-

233 706 325 746 stris,
350 712 483 739 onerata
504 705 647 749 ipsorum
675 704 887 743 conscientia,
912 714 975 737 non

234 760 330 793 suerit
350 760 557 804 approbatus.

279 814 295 854 ξ
317 812 368 846 54,
392 812 455 846 Etsi
477 812 606 846 vestitus
627 812 804 852 exterioris,
822 811 875 855 qui
896 822 978 845 unus

237 874 303 897 esse
324 864 430 905 debet,
447 864 540 897 sicuti
556 874 619 897 una
637 868 684 897 est
703 863 838 906 Religio,
856 869 886 896 et
899 863 979 895 inte-

237 917 330 950 rioris
355 917 503 961 qualitas,
532 918 562 950 in
589 917 819 950 constitutione
836 916 975 956 Ordinis,

238 981 307 1015 cap.
332 982 403 1011 x1x,
432 971 507 1004 satis
532 971 742 1015 exprimitur,
767 970 840 1014 quia
874 976 979 1003 tamen

237 1025 452 1068 quorumdam
475 1025 636 1059 temeritas
661 1031 690 1058 et
711 1025 868 1067 regularis
887 1024 981 1057 disci-

237 1079 345 1122 plinae
370 1084 574 1122 contemptus
592 1078 633 1111 ita
655 1078 802 1119 inolevit,
819 1084 851 1111 ut
874 1078 981 1121 potius

238 1132 322 1172 laici,
340 1142 435 1175 quam
452 1132 593 1174 religiosi
611 1142 646 1164 ex
668 1131 778 1164 habitu
800 1131 977 1171 videantur,

238 1184 400 1229 prioribus
421 1190 649 1225 conventuum,
671 1185 730 1217 sub
755 1194 860 1228 poena
878 1183 982 1227 priva-

240 1237 334 1271 tionis
359 1238 478 1278 offieii,
500 1249 535 1271 ae
558 1237 767 1271 inhabilitatis
784 1238 823 1270 ad
844 1237 906 1270 alia
928 1237 978 1269 os-

240 1291 314 1325 ticia
352 1292 421 1336 ipso
459 1293 542 1325 sacto
577 1291 786 1332 ineurrenda,
819 1290 979 1335 praecipi-

243 1352 293 1380 tur
324 1352 369 1387 ut,
395 1346 482 1380 omni
504 1346 606 1379 abusu
631 1345 768 1386 sublato,
792 1350 894 1378 vestes
915 1344 980 1377 fra-

244 1406 328 1434 trum
350 1407 414 1433 tam
436 1400 604 1433 interiores
625 1410 720 1443 quam
748 1398 923 1432 exteriores
944 1397 984 1431 ad

243 1454 478 1499 praescriptum
511 1453 777 1488 constitutionum
807 1452 981 1495 corrigant,

245 1508 326 1541 itaut
362 1508 489 1541 tunicae
522 1508 637 1540 talares
665 1507 727 1540 sint
758 1517 823 1540 non
854 1505 982 1548 longio-

245 1574 295 1596 res
339 1574 444 1607 neque
484 1562 670 1603 breviores,
710 1572 815 1605 neque
856 1565 985 1604 apertae

246 1616 305 1649 nisi
331 1621 404 1649 ante
424 1622 546 1660 pectus,
571 1615 716 1648 manicae
737 1625 801 1648 non
825 1624 983 1657 rugosae,

245 1680 327 1703 zona
357 1679 421 1702 non
448 1669 507 1702 nisi
534 1669 695 1709 coriacea,
721 1668 842 1710 caligae
864 1672 986 1700 tantum

247 1723 349 1763 albae,
379 1728 478 1756 vestes
508 1722 675 1755 interiores
706 1721 769 1754 albi
801 1726 855 1754 aut
880 1720 985 1763 nigri,

246 1786 312 1809 non
337 1775 426 1808 mixti
457 1780 511 1808 aut
535 1774 667 1808 alterius
687 1774 815 1815 coloris,
840 1774 990 1807 camisiae

247 1830 381 1870 laneae,
406 1829 509 1863 lineae
535 1839 610 1862 vero
642 1829 751 1873 (quae
778 1839 842 1861 non
868 1828 928 1861 nisi
950 1828 990 1861 ob

250 1882 467 1916 infirmitatem
490 1881 733 1927 permittuntur)
754 1881 887 1915 omnino
908 1886 991 1914 exte-

250 1937 316 1970 rius
330 1947 395 1970 non
415 1943 608 1981 appareant,
632 1946 752 1980 cappae
772 1945 837 1969 non
857 1935 920 1968 sint
940 1946 992 1968 ru-

250 2001 362 2034 gosae,
386 1991 461 2035 pilei
482 1990 676 2028 uniformes,
700 2000 765 2022 non
791 1989 989 2029 eminentes,

250 2045 353 2078 bireta
373 2055 438 2078 non
459 2044 522 2078 sint
538 2044 715 2086 angularia,
733 2044 788 2076 sed
808 2043 915 2087 potius
936 2053 991 2075 ro-

252 2099 361 2139 tunda,
379 2109 460 2142 quae
482 2098 565 2131 intra
585 2098 722 2130 claustra
745 2102 879 2137 tantum,
904 2107 921 2129 a
938 2097 996 2130 Pa-

251 2152 358 2185 schate
393 2151 647 2185 Resurrectionis
680 2161 781 2195 usque
809 2151 849 2183 ad
880 2150 995 2183 festum

253 2206 397 2239 omnium
408 2206 610 2246 Sanctorum,
627 2204 869 2249 permittantur,
886 2203 993 2247 pallia,

253 2260 369 2304 quibus
390 2269 453 2292 non
479 2258 538 2292 nisi
561 2270 633 2291 cum
656 2258 754 2302 pluit,
775 2268 812 2290 ac
833 2257 864 2290 in
886 2257 997 2290 itinere

254 2314 409 2348 utendum
434 2319 490 2354 est,
518 2313 688 2357 simplicia,
712 2311 839 2345 babitus
865 2322 922 2355 per
941 2311 998 2344 Ur-

254 2367 327 2401 bem
348 2378 476 2411 semper
497 2367 636 2409 integer,
658 2366 763 2399 omnis
783 2365 921 2408 denique
949 2375 999 2397 or-

256 2427 348 2454 natus
373 2421 510 2461 sericus,
535 2425 704 2462 argenteus
729 2424 780 2452 aut
812 2429 945 2459 aureus,
970 2424 1001 2450 et.

257 2475 346 2509 color
367 2475 397 2507 in
419 2474 506 2508 omui
526 2485 569 2514 re,
587 2473 732 2518 quamvis
748 2472 889 2512 minitna,
906 2482 999 2515 prae-

259 2535 305 2563 ter
326 2530 357 2563 in
374 2529 606 2563 Constitutione
621 2538 816 2572 expressum,
832 2526 1000 2570 omnisque

258 2582 349 2616 luxus
369 2588 399 2616 ct
419 2582 623 2627 superfluitas
645 2581 786 2622 tollatur,
811 2591 916 2624 poena
937 2581 1000 2613 sra-

261 2636 360 2668 tribus
378 2647 440 2668 nou
464 2635 598 2668 exeundi
627 2640 715 2677 septa
739 2633 922 2667 monasterii
945 2644 1019 2676 per,

1008 436 1073 468 rius
1103 434 1255 467 materiae
1288 433 1318 465 in
1350 432 1455 475 digitis
1476 438 1600 474 gestare
1621 442 1751 476 praesu-

1009 494 1084 528 mat,
1109 488 1166 520 suli
1192 497 1295 530 poena
1316 485 1502 530 privationis
1522 485 1607 518 vocis
1634 484 1751 517 utrius-

1009 552 1070 585 que
1086 541 1154 584 ipso
1175 542 1256 573 sacto
1277 540 1481 580 incurrentia,
1500 549 1596 583 quam
1614 549 1752 582 poenam

1010 595 1098 638 prior
1118 594 1281 628 remittere
1302 604 1366 626 non
1396 593 1519 632 valeat,
1543 597 1753 635 teneaturque

1010 648 1107 681 semel
1129 649 1241 681 saltem
1271 648 1303 680 in
1336 658 1444 681 mense
1476 647 1572 680 cellas
1600 652 1632 679 et
1661 646 1754 679 indu-

1012 708 1118 735 menta
1137 702 1271 734 fratrum
1289 711 1569 744 quorumcumque
1583 700 1756 742 diligenter

1012 755 1158 796 visitare,
1181 766 1286 799 neque
1317 755 1383 788 ullo
1411 755 1508 788 modo
1537 753 1659 797 aliquid
1679 753 1756 786 seri-

1012 819 1097 847 cum,
1119 809 1165 842 vel
1187 809 1226 842 ad
1247 808 1424 841 arcendum
1446 808 1598 841 sudorem
1620 807 1652 840 in
1671 806 1756 839 bire-

1014 861 1054 894 tis
1075 867 1129 895 aut
1148 861 1252 905 pileis,
1276 866 1331 894 aut
1352 861 1383 894 in
1404 861 1466 894 alia
1487 860 1598 904 quavis
1622 870 1656 893 re
1677 871 1752 903 per-

1015 915 1128 949 mittet.
1163 915 1263 949 Nemo
1293 916 1368 948 item
1405 915 1539 948 barbam
1575 914 1635 947 sibi
1672 913 1756 947 circa

1015 969 1180 1009 maxillas,
1202 975 1232 1002 et
1253 975 1396 1002 mentum
1425 968 1536 1002 abradi
1563 968 1679 1008 saciat,
1702 967 1758 1001 sed

1016 1023 1220 1067 illam,prout
1241 1028 1355 1055 natura
1380 1022 1526 1066 protulit,
1555 1022 1688 1062 deserat,
1704 1031 1759 1053 ne-

1016 1088 1077 1121 que
1099 1076 1231 1121 capillos
1252 1076 1335 1109 circa
1361 1082 1506 1120 tempora
1526 1075 1760 1119 prominentio-

1018 1142 1077 1171 res,
1102 1136 1156 1163 aut
1176 1130 1339 1172 longiores
1360 1135 1471 1171 gestet,
1495 1140 1590 1173 quam
1618 1129 1648 1161 in
1670 1128 1758 1161 occi-

1017 1184 1092 1227 pite,
1117 1183 1175 1216 sub
1200 1194 1305 1227 poena
1326 1182 1514 1227 privationis
1535 1182 1620 1216 vocis
1643 1182 1762 1215 utrius-

1017 1248 1079 1280 que
1100 1237 1139 1269 ad
1167 1236 1336 1269 arbitrium
1359 1235 1534 1278 generalis,
1555 1246 1660 1279 poena
1683 1245 1761 1278 quo-

1018 1302 1079 1335 que
1116 1289 1228 1334 priori,
1252 1289 1306 1333 qui
1338 1288 1543 1334 permiserit,
1575 1288 1763 1333 privationis

1018 1344 1205 1389 proposita,
1234 1343 1440 1388 provincialis
1465 1342 1561 1376 etiam
1593 1342 1765 1385 diligenter

1019 1399 1051 1432 in
1082 1398 1316 1432 visitationibus
1351 1397 1538 1442 perquiret,
1567 1408 1607 1430 an
1639 1396 1764 1440 priores

1019 1452 1103 1486 cirea
1134 1451 1299 1496 praedicta
1327 1451 1448 1495 aliquid
1476 1451 1628 1484 adversus
1649 1450 1765 1484 consti-

1021 1505 1179 1539 tutionem
1200 1505 1419 1549 permiserint,
1440 1515 1475 1537 ae
1490 1515 1544 1538 eos
1558 1504 1611 1548 qui
1626 1504 1765 1548 inculpa

1022 1560 1154 1600 suerint,
1170 1559 1275 1593 officio
1296 1558 1444 1603 privabit.
1459 1558 1550 1598 Quod
1564 1558 1590 1591 si
1608 1557 1767 1600 generalis

1022 1613 1252 1658 [ztrovincialem
1271 1623 1401 1657 quoque
1422 1612 1453 1645 in
1476 1624 1509 1645 re
1526 1612 1586 1645 liac
1603 1612 1768 1654 negligen-

1024 1674 1086 1701 tem
1108 1667 1203 1701 fuisse
1224 1666 1485 1710 deprehenderit,
1502 1665 1603 1710 possit
1624 1665 1713 1699 illum
1729 1665 1768 1698 ab

1024 1721 1129 1755 officio
1150 1720 1359 1765 suspendere,
1381 1725 1435 1753 aut
1455 1719 1551 1752 ctiam
1570 1729 1630 1763 pro
1655 1718 1768 1762 eulpae

1025 1776 1178 1820 qualitate
1195 1775 1332 1819 privare.
1357 1774 1457 1807 Curae
1477 1773 1514 1806 sit
1537 1772 1654 1817 prioris
1674 1782 1770 1815 gene-

1025 1829 1100 1862 ralis
1125 1829 1243 1862 abusus
1271 1838 1384 1861 omnes
1417 1827 1551 1867 tollere,
1576 1831 1607 1860 et
1633 1825 1770 1859 maxime

1027 1882 1058 1915 in
1087 1881 1200 1915 litteris
1229 1880 1440 1914 familiaribus
1471 1879 1712 1920 describendis,
1736 1885 1772 1912 ut

1027 1945 1092 1968 non
1112 1934 1285 1975 saeculari,
1310 1934 1365 1967 sed
1386 1933 1537 1976 religioso
1558 1943 1647 1966 more
1668 1943 1701 1965 se
1724 1931 1770 1964 in-

1027 1989 1129 2023 vicem
1151 1994 1296 2028 tractent,
1313 1987 1420 2031 aliqua
1440 1986 1637 2031 praescripta
1654 1986 1768 2026 forma,

1029 2054 1111 2088 quae
1132 2042 1247 2076 humili
1270 2041 1434 2084 religionis
1454 2040 1549 2074 statui
1571 2040 1750 2073 conveniat.

1075 2095 1164 2139 355.
1193 2095 1348 2139 Syndicus
1376 2105 1505 2128 omnem
1535 2093 1705 2137 pecuniam
1732 2093 1772 2126 ad

1032 2160 1146 2183 manus
1167 2149 1299 2182 fratrum
1321 2147 1566 2192 quomodolibet
1585 2146 1774 2191 pervenien-

1033 2209 1112 2243 tem,
1137 2203 1168 2237 in
1189 2203 1272 2235 libro
1296 2201 1436 2241 reditus,
1461 2201 1491 2233 in
1513 2211 1576 2245 quo
1598 2200 1678 2234 aliae
1699 2210 1775 2233 con-

1032 2263 1143 2290 ventus
1164 2256 1321 2300 pecuniae
1341 2254 1487 2288 adnotari
1514 2254 1629 2294 solent,
1657 2254 1775 2287 deseri-

1032 2310 1096 2351 bet,
1116 2316 1212 2353 atque
1232 2320 1304 2342 cum
1326 2308 1471 2352 pecuniis
1491 2313 1665 2341 convontus
1684 2317 1776 2351 pror-

1033 2375 1085 2397 sus
1106 2364 1271 2397 confusam
1295 2362 1492 2407 depositario
1510 2362 1699 2395 servandam
1715 2367 1777 2395 tra-

1034 2418 1097 2457 det,
1113 2423 1147 2450 ut
1168 2417 1241 2450 inde
1262 2416 1443 2450 communis
1464 2415 1562 2449 vietus
1583 2421 1614 2448 et
1632 2415 1775 2456 vestituS,

1035 2477 1066 2504 ut
1089 2471 1280 2514 praefertur.
1304 2469 1538 2514 suppeditetur,
1561 2469 1696 2513 aliisque
1716 2469 1778 2502 sra-

1036 2525 1377 2559 trumnecessitatibus
1388 2525 1426 2558 de
1439 2524 1557 2569 prioris
1569 2524 1696 2557 licentia
1708 2535 1778 2557 suc-

1035 2585 1192 2619 curratur,
1206 2579 1291 2613 iuxta
1303 2579 1465 2612 decretum
1485 2578 1681 2612 Sanctissimi
1693 2578 1727 2611 D.
1740 2578 1775 2611 N.

1081 2635 1095 2674 ξ
1115 2632 1166 2665 ι’)(ῐ.
1188 2632 1397 2667 (lentes-sarii,
1423 2632 1661 2675 praedicatores
1683 2637 1709 2665 et
1733 2632 1778 2665 le-

1766 222 1813 247 An.
1833 223 1861 249 (2.
1882 222 1945 249 1001

1803 2120 1806 2123 η
1823 2092 1908 2120 Smdici
1924 2093 1973 2114 ossi-
