2253 3195
0 246 4 266 ‚¹
45 244 93 269 An.
116 242 226 269 (2159‘1

858 240 1005 264 citnitENs
1026 240 1082 263 Vttt
1105 240 1154 262 ΡΙ),

242 290 287 322 vel
314 290 390 323 alias
414 289 657 332 quomodolibet
681 289 887 332 nuncupatis,
915 299 968 321 eac

242 342 380 386 terisque
396 342 554 385 religiosis
569 343 713 387 personis
730 348 760 374 et
777 342 898 376 clericis
915 352 981 374 sae-

241 396 413 433 cularibus
434 407 556 429 necnon
579 397 655 440 ipsis
680 397 797 440 regnis,
818 395 978 434 dominiis,

243 449 483 492 rebuspublieis,
511 449 694 490 ducatibus,
723 447 978 492 principatibus,

241 501 440 543 civitatibus,
468 503 559 535 terris
591 509 620 536 et
655 503 750 542 loeis,
783 501 981 543 caeteriSque

241 554 311 587 aliis
328 555 585 599 quibuscumque
606 554 664 587 sub
686 554 799 597 quavis
817 554 918 586 forma
937 554 982 585 vel

241 609 442 652 expressione
466 609 648 648 verborum,
676 618 711 640 ae
736 607 795 640 sub
819 606 983 650 quibusvis

241 661 407 695 tenoribus
438 667 469 694 et
495 661 623 701 formis,
651 665 681 693 et
712 671 785 693 cum
819 658 984 702 quibusvis

242 715 403 755 clausulis,
429 715 525 747 etiarn
543 713 819 757 ‹lerogatoriarum
843 713 984 755 deroga-

242 767 346 807 toriis,
381 764 788 810 aliisque‘efficacioribus
824 771 855 798 et
894 766 982 798 inso-

241 820 322 860 litis,
351 831 385 853 ac
411 820 610 854 irritantibus
634 826 665 853 et
689 820 759 852 aliis
783 818 919 852 decretis
952 817 986 850 in

241 872 440 906 contrarium
468 873 717 917 praemissorom
747 871 988 916 quomodolibet

242 928 419 965 concessis,
449 927 647 960 confirmatis
682 933 712 960 et
748 926 913 959 innovatis
945 925 989 958 Ac

243 980 366 1013 etiamsi
392 981 537 1020 Caesari,
562 992 618 1015 nee
635 991 700 1014 non
719 981 852 1013 caeteris
876 978 985 1013 onmi-

242 1033 302 1065 bus
326 1038 355 1066 et
372 1034 512 1076 singulis
529 1033 713 1079 praedictis,
737 1033 833 1066 etiam
847 1032 986 1076 patriar-

243 1085 326 1125 chis,
355 1086 616 1130 archiepiscopis,
644 1086 816 1130 episeopis,
843 1096 902 1117 nec
925 1096 988 1118 non

243 1140 365 1178 etiamsi
393 1140 469 1183 ipsis
489 1140 695 1184 imperatori,
716 1140 855 1184 regibus,
875 1140 986 1173 rebus-

243 1193 393 1235 publicis,
421 1193 569 1233 dueibus,
597 1192 810 1237 principibus,
832 1193 990 1225 marchio-

243 1245 348 1287 nibus,
369 1246 555 1284 comitibus,
576 1246 768 1282 baronibus,
789 1246 986 1283 feudatariis,

244 1300 440 1341 castellanis,
470 1299 607 1339 civibus,
643 1299 774 1339 ineolis,
803 1304 833 1331 et
860 1298 986 1332 habita-

246 1353 370 1386 toribus
383 1381 390 1394 ,
413 1359 443 1386 et
462 1354 533 1387 aliis
550 1353 741 1398 praedietis,
762 1354 809 1385 vel
827 1351 990 1395 quibusvis

246 1406 318 1439 aliis
351 1407 564 1440 communiter
586 1407 633 1440 vel
664 1406 792 1440 divisim
817 1406 856 1438 ab
880 1405 989 1437 eadem

245 1461 285 1492 sit
310 1460 389 1493 Sede
416 1461 575 1494 indultum
605 1462 691 1505 quod
721 1460 889 1500 interdici,
915 1471 986 1493 sus-

246 1512 360 1556 pendi,
394 1514 440 1546 vel
473 1514 743 1548 excommunicari
779 1524 844 1547 non
869 1513 991 1557 possint

246 1576 303 1609 per
319 1566 437 1600 litteras
456 1568 651 1611 apostolicas
668 1578 732 1601 non
748 1568 902 1600 facientes
919 1567 986 1610 ple-

246 1630 320 1652 nam
341 1626 371 1653 et
388 1630 568 1664 expressam
586 1632 622 1654 ae.
639 1620 677 1652 de
696 1620 791 1653 verbo
805 1620 844 1653 ad
858 1620 990 1654 verbum

247 1673 286 1705 de
302 1673 426 1706 indulto
443 1674 629 1708 huiusmodi
645 1673 854 1713 mentionem,
872 1679 903 1706 et
919 1674 989 1717 qui-

246 1725 384 1759 buslibet
412 1726 481 1760 aliis
510 1727 698 1771 privilegiis,
730 1727 935 1769 indulgentiis
963 1733 989 1760 et

246 1780 357 1812 litteris
381 1780 563 1824 apostolicis
593 1780 787 1824 specialibus
816 1780 862 1813 vel
891 1791 989 1823 gene-

248 1833 366 1866 ralibus
382 1844 661 1877 quorumcumque
683 1839 828 1868 tenorum
843 1834 990 1875 existant,

247 1896 305 1930 per
326 1897 407 1929 quae
436 1887 654 1930 praesentibus
676 1898 741 1920 non
766 1897 924 1931 expressa,
946 1887 993 1920 vel

249 1939 386 1972 totaliter
403 1950 467 1973 non
487 1941 606 1974 inserta
619 1968 626 1981 ,
650 1940 782 1975 effeetus
798 1950 908 1973 earum
928 1940 991 1973 im-

248 1991 352 2035 pediri
378 1993 479 2026 valeat
504 1993 758 2036 quomodolibet,
787 1993 834 2027 vel
860 1992 992 2031 differri,

249 2052 280 2079 et
304 2046 344 2079 de
368 2046 486 2089 quibus
510 2057 715 2090 quorumque
733 2047 809 2080 totis
827 2047 996 2080 tenoribus

249 2099 394 2131 habenda
412 2104 493 2132 esset
510 2099 543 2131 in
560 2099 681 2132 eisdem
700 2100 921 2143 praesentibus
938 2100 992 2133 lit-

251 2151 324 2184 teris
341 2151 462 2184 mentio
476 2151 634 2194 specialis.
657 2151 743 2190 Quae
760 2152 867 2185 onmia
885 2158 915 2185 et
932 2152 996 2184 sin-

251 2207 339 2248 gula,
379 2216 490 2239 eorum
530 2210 655 2239 tenores
688 2206 908 2249 praesentibus
940 2216 997 2248 pro

252 2259 412 2301 expressis
437 2259 601 2299 habentes,
631 2259 736 2301 quoad
762 2258 823 2291 hoe
848 2259 998 2291 nolumus

253 2312 407 2354 cuiquam
431 2312 634 2354 aliquatenus
660 2311 842 2354 suffragari,
872 2311 998 2353 illisque

253 2365 404 2397 omnibus
429 2370 458 2398 et
483 2365 623 2407 singulis
640 2364 678 2397 ad
697 2364 883 2397 eorumdem
902 2374 1000 2406 prae-

254 2418 395 2450 sentium
420 2417 583 2457 effectum,
613 2418 724 2450 harum
747 2416 847 2455 serie,
872 2416 996 2459 specia—

254 2470 327 2503 liter
351 2476 381 2503 et
406 2481 553 2514 expresse
577 2481 613 2503 ae
634 2470 788 2503 latissime
809 2469 1001 2512 derogamus

254 2530 285 2556 ct
317 2525 506 2567 derogatum
538 2534 607 2556 csse
640 2524 787 2556 volumus
820 2528 850 2555 et
884 2522 997 2556 decer—

255 2577 387 2617 nimus,

300 2630 314 2671 ,ξ
338 2629 392 2663 35.
413 2630 496 2663 Nulli
516 2640 590 2673 ergo
615 2629 749 2664 omnino
766 2629 933 2662 hominum
956 2629 999 2661 li-

346 2693 423 2721 nuit.
446 2694 521 2722 nom.
548 2694 608 2721 roz.
625 2693 658 2720 Χ.
712 2678 715 2685 ⁴
859 2691 892 2718 52

1016 293 1084 321 ceat
1100 287 1182 320 hane
1200 287 1351 330 paginam
1375 291 1557 319 nostrarum
1582 284 1740 328 suppletio

1015 340 1076 380 nis,
1094 340 1362 379 declarationum,
1383 340 1597 375 decretorum,
1618 338 1758 382 promul-

1015 393 1194 436 gationum,
1216 393 1516 433 denuneialionum7
1530 391 1757 435 privationum„

1016 446 1273 482 absolutionum,
1306 446 1555 485 liberationum,
1596 443 1757 485 remissio—

1016 509 1104 537 num,
1125 499 1367 539 relaxationum,
1381 497 1761 542 1·equisitionum,moni-

1017 552 1160 592 tionum,
1189 553 1432 593 mandatorum,
1468 552 1734 596 aggravationum
1752 577 1759 590 ,

1017 603 1263 644 subiectionum,
1291 605 1541 648 perstrietionis,
1569 603 1763 648 pronuncia-

1019 656 1126 697 tionis,
1143 657 1401 699 interdirtorum,
1418 658 1691 702 prohibitionum,
1711 668 1763 689 su-

1019 711 1238 753 spensionum,
1266 717 1471 751 statutorum,
1498 717 1760 755 praeceptorum,

1020 765 1231 805 voluntatum,
1258 765 1496 805 hortationum,
1525 764 1761 801 iniuncfionis,

1022 818 1272 858 inhibitionum,
1301 817 1504 858 cassationis,
1530 816 1761 851 revocationis,

1022 871 1229 912 irritationis,
1257 872 1542 915 appropriationiS,
1570 870 1762 914 applicatio-

1022 925 1084 965 nis,
1113 925 1191 966 dati,
1220 926 1478 967 concessionum,
1500 923 1761 958 innodationum,

1024 979 1252 1021 percussionis,
1280 978 1568 1018 inhabilitationis,
1590 977 1767 1020 expositio-

1024 1032 1090 1073 nis,
1118 1033 1462 1065 exeommunieationis
1487 1038 1518 1065 et
1543 1030 1766 1074 derogationis

1024 1086 1213 1128 infringere,
1239 1087 1285 1119 vel
1311 1086 1339 1118 ei
1366 1096 1445 1118 ausu
1478 1084 1650 1117 temerario
1685 1094 1763 1116 con·

1024 1139 1131 1172 traire.
1145 1139 1176 1172 si
1197 1139 1271 1182 quis
1297 1145 1402 1171 autem
1427 1139 1486 1171 hoe
1505 1143 1660 1171 attentare
1678 1147 1767 1180 prae—

1023 1194 1215 1237 sumpserit,
1249 1193 1502 1235 indignationem
1538 1190 1769 1234 omnipotentis

1025 1248 1091 1287 Dei,
1120 1258 1154 1279 ae
1179 1248 1350 1280 Beatorum
1374 1245 1458 1278 Petri
1479 1251 1509 1277 et
1535 1244 1622 1276 Pauli
1641 1249 1768 1287 aposto-

1024 1301 1128 1333 lorum
1154 1300 1232 1333 Eius
1256 1311 1288 1333 se
1305 1298 1429 1332 noverit
1453 1298 1672 1331 incursurum.

1068 1353 1182 1386 Datum
1208 1353 1326 1386 Rornae
1350 1352 1434 1395 apud
1461 1352 1614 1384 Sanctum
1640 1351 1768 1383 Petrum

1025 1417 1109 1440 anno
1134 1406 1369 1439 lut-arnationis
1391 1405 1577 1438 Dominieae
1597 1403 1769 1436 millesimo

1024 1461 1280 1504 quingentesimo
1305 1458 1515 1502 nonagesimo
1541 1457 1691 1501 septimo,
1711 1467 1771 1490 un-

1025 1514 1147 1548 decimo
1190 1513 1340 1546 kalendas
1372 1511 1530 1552 ianuarii,
1564 1510 1771 1554 pontificatus

1025 1567 1125 1601 nostri
1145 1577 1229 1600 anno
1256 1576 1297 1599 Vl.

1062 1629 1119 1655 Dat⁴
1137 1628 1180 1655 die
1190 1628 1224 1655 ⁶2⁴3
1240 1627 1378 1654 decembr.
1399 1626 1581 1662 1507,p0ntif.
1592 1634 1636 1652 an.
1648 1633 1686 1652 vt.

1025 1708 1074 1758 ᾖ
1105 1707 1179 1762 Ego.
1206 1706 1362 1759 Clemens
1393 1704 1574 1735 catholicae
1600 1703 1771 1733 Ecclesiae

1128 1766 1316 1796 episcopus.

1129 1834 1293 1866 protector
1312 1836 1420 1865 noster
1443 1830 1550 1874 aspice
1574 1831 1669 1863 Deus.

1028 1889 1052 1956 --μ

1070 1941 1136 1983 Ego
1146 1939 1277 1972 Innieus
1288 1939 1457 1983 episeopus
1474 1938 1670 1977 portuensis,
1684 1936 1770 1969 eard.

1119 1994 1157 2026 de
1182 1993 1339 2035 Aragona.

1030 2048 1054 2089 †
1072 2047 1137 2090 Ego
1154 2047 1356 2079 Ptolomaeus
1374 2045 1544 2088 episeopus
1562 2044 1773 2080 Tusculanus,

1120 2099 1206 2132 eard.
1236 2098 1485 2131 Alexandrinus

1031 2153 1055 2195 *1⁴
1080 2152 1146 2196 Ego
1171 2151 1352 2185 Lusiovicus
1377 2151 1546 2194 episeopus
1573 2148 1772 2185 Sahinensis,

1122 2206 1207 2239 card.
1230 2205 1418 2249 Madrutius,

1015 2259 1056 2302 fl*
1080 2258 1147 2301 Ego
1172 2258 1273 2290 Iulius
1298 2258 1456 2291 Antonius
1481 2256 1661 2300 episcopus,
1687 2255 1773 2288 eard.

1122 2310 1346 2343 Praenestinus
1369 2316 1400 2343 ct
1424 2310 1456 2343 S.
1476 2309 1651 2342 Severinae.

1033 2364 1058 2406 -ξ-
1083 2363 1149 2406 Ego
1174 2363 1399 2407 Hieronymus,
1428 2363 1477 2396 tit.
1497 2363 1528 2395 S.
1548 2362 1660 2395 Mariae
1678 2362 1777 2394 Tran-

1123 2416 1285 2460 styberint,
1304 2416 1391 2449 canl.
1418 2415 1650 2449 Rustivuceius.

1084 2469 1150 2513 Ego
1175 2468 1401 2513 Hieronymus,
1422 2468 1470 2501 tit.
1487 2468 1516 2501 S.
1539 2467 1675 2508 Priscae,
1690 2468 1775 2501 card.

1124 2522 1349 2555 Simoiieellus.

1036 2576 1060 2618 ’Ξ-
1085 2576 1150 2619 Ego
1177 2576 1300 2617 Petrus,
1329 2575 1374 2608 tit.
1403 2574 1433 2607 S.
1463 2573 1622 2607 Laurentii
1655 2574 1687 2607 in
1713 2573 1777 2606 Lu-

1128 2628 1210 2669 cina,
1239 2628 1325 2663 card.
1353 2629 1443 2662 Deza.

1035 2470 1059 2512 01¹-

1801 296 1919 316 Clausulam

1814 1713 1853 1733 [³1³.
1871 1712 1946 1733 Cardia

1787 1741 1879 1765 itumque
1926 1745 1939 1757 ἰ

1786 1768 1919 1793 scriptiones.

1924 1740 1971 1759 >1112

1668 226 1728 258 titt)
1774 235 1823 261 An.
1845 235 1873 260 c.
1891 234 1958 260 1597

1949 1718 1959 1732 -l
