2253 3195
461 244 527 279 920
1011 257 1195 283 BnLLAmun
1218 257 1372 283 ROMANUM

505 315 592 349 ditae
611 316 699 349 fuere
719 316 976 358 constitutiones,
993 329 1076 362 quae
1097 325 1340 360 enumerantur,
1356 317 1421 353 580
1439 319 1456 352 b
1472 329 1576 363 usque
1595 319 1636 352 ad
1652 317 1716 352 582
1735 329 1774 360 a;
1797 329 1876 363 quas
1895 329 1971 354 con-

506 369 614 402 firmat
629 369 726 412 Papa,
746 370 912 403 nonnullis
932 371 1060 412 additis,
1089 373 1256 406 nonnullis
1281 373 1356 406 item
1378 372 1568 413 immutatis,
1591 373 1635 405 ib.
1656 371 1696 413 b;,
1710 383 1858 418 quaeque
1877 383 1970 418 prae-

507 422 584 465 cipit
603 421 713 455 stricte
731 422 906 464 observari,
930 423 995 457 583
1019 436 1049 458 a.

417 475 503 508 Ordo
522 475 757 518 Hospitalarius
781 476 811 509 S.
840 477 969 511 Ioannis
984 478 1279 523 Hierosolymitani.
1303 479 1484 513 Concordia
1503 479 1583 512 inita
1602 479 1686 512 inter
1703 479 1843 522 Linguas
1861 479 1971 513 Italiae

509 534 540 561 et
556 529 767 562 Alemanniae
791 530 925 564 huiusce
949 531 1076 565 Ordinis
1102 537 1134 565 et
1158 532 1226 566 eius
1244 543 1369 574 causae,
1387 532 1450 566 5702
1472 533 1490 566 b
1507 539 1537 566 et
1555 543 1620 576 seq.
1637 533 1816 566 Concordia
1839 543 1859 566 a
1875 531 1939 566 573
1955 532 1972 565 b

508 583 548 615 ad
565 581 631 615 578
653 593 684 616 a.
711 583 802 616 Illam
821 584 992 618 confirmat
1009 585 1167 626 Clemens,
1191 586 1232 619 ib.
1254 586 1280 619 b.

418 635 504 668 Ordo
528 635 580 669 SS.
603 635 768 670 Trinitatis
791 637 1036 682 Redemptionis
1057 639 1274 683 Captivorum.
1301 640 1346 673 De
1371 640 1524 674 mandato
1550 639 1732 681 pontificis,
1760 639 1971 682 Congregatio

509 689 722 722 cardinalium
754 701 852 734 super
875 691 990 725 ritibus
1015 697 1046 725 et
1071 693 1285 726 caeremoniis
1305 693 1443 727 sormam
1462 693 1646 738 praefinivit
1665 692 1971 726 communicationis

502 742 795 786 indulgentiarum,
820 743 883 778 786
909 745 946 785 b;
975 746 1154 790 eademqne
1182 747 1391 789 congregatio
1417 747 1625 791 praescripsit
1654 747 1793 780 sormam
1819 756 1969 780 commu-

507 796 678 830 nicationis
702 797 863 831 bonorum
890 809 1038 842 operum,
1057 799 1118 832 787
1137 811 1177 839 a;
1201 806 1233 833 ct
1250 800 1311 834 alia
1332 801 1372 833 ad
1393 811 1459 834 rem
1480 801 1609 834 decreta
1629 801 1740 840 edidit,
1763 800 1804 833 ib.
1827 800 1972 833 Pontifex

510 851 676 894 praedicta
701 852 861 896 approbat
886 858 916 886 et
941 853 1105 886 observari
1131 855 1272 893 mandat,
1299 855 1342 887 il).
1372 855 1412 895 b;
1441 854 1612 898 irritatque
1634 854 1665 887 in
1693 853 1893 888 contrarium
1919 858 1970 887 at-

510 904 674 944 tentanda,
698 905 743 938 ib.

419 955 594 990 Oriolensis
618 957 784 990 dioecesis.
818 958 851 991 1⁷.
875 959 1060 993 Maurorum
1085 967 1237 994 recentur
1261 972 1503 995 conversorum.

422 1009 511 1043 Ossat
532 1011 599 1054 (de)
624 1012 784 1045 Arnaldus
808 1017 918 1045 orator
937 1013 1065 1047 ilenrici
1085 1014 1124 1047 lv
1143 1015 1228 1059 apud
1249 1015 1450 1055 Pontificem,
1472 1014 1536 1049 306
1556 1015 1583 1048 b.

421 1062 608 1097 Oxomensis
639 1064 808 1109 episcopus
843 1071 940 1111 atque
971 1067 1145 1111 capitulum
1179 1068 1427 1112 Congregationi
1451 1069 1622 1103 Sacrorum
1651 1069 1781 1102 Rittium
1813 1067 1998 1112 supplica—'

510 1123 585 1151 runt
615 1129 674 1162 pro
705 1121 925 1154 controversia
956 1121 1137 1155 dirimenda
1167 1122 1252 1155 circa
1280 1122 1526 1156 associationem
1559 1122 1713 1166 episcopi,
1731 1127 1794 1155 tam
1816 1121 1848 1154 in
1866 1122 1973 1155 eundo

511 1172 551 1204 ad
572 1172 762 1213 ecclesiam,
786 1184 883 1217 quam
913 1175 953 1208 ab
982 1186 1020 1208 ea
1040 1176 1218 1214 redeundo,
1247 1175 1289 1209 19
1310 1187 1340 1209 α.
1369 1176 1580 1219 Congregatio
1608 1176 1773 1210 decretum
1797 1186 1894 1220 snper
1912 1175 1974 1208 boc

511 1225 623 1266 edidit,
644 1227 808 1260 nonnullis
826 1227 986 1261 adiunctis
1006 1229 1224 1266 advertendis,
1240 1230 1283 1262 ib.
1300 1229 1316 1262 b
1333 1235 1364 1263 et
1381 1240 1444 1273 seq.
1462 1229 1637 1274 Episcopus
1657 1235 1687 1262 et
1706 1229 1884 1273 Capitulum
1900 1239 1975 1272 snp-

512 1279 633 1323 plicant
653 1290 711 1324 pro
732 1281 978 1315 confirmatione
999 1282 1154 1326 praedicti
1177 1282 1310 1321 decreti,
1325 1283 1411 1327 quod
1433 1283 1604 1316 confirmat
1619 1282 1774 1322 Pontifex,
1791 1281 1833 1315 ΞΟ
1852 1293 1872 1315 a
1892 1288 1924 1316 et
1943 1281 1970 1315 b.

1193 1434 1214 1467 p

424 1547 572 1582 Pacensis
592 1547 773 1593 episcopus.
798 1550 821 1582 A
841 1549 1097 1592 Congregatione
1117 1549 1247 1583 Concilii
1267 1550 1434 1583 decretum
1459 1550 1558 1583 latum
1588 1550 1693 1584 suerat
1719 1560 1817 1595 super
1843 1550 1974 1584 ordina-

514 1602 600 1636 tione
620 1613 745 1643 eorum,
766 1603 821 1646 qni
842 1603 889 1636 vel
921 1614 939 1636 a
968 1603 1090 1637 iudaeis
1115 1605 1162 1637 vel
1186 1604 1226 1637 ab
1247 1603 1416 1637 haereticis
1437 1604 1594 1646 originem
1616 1605 1753 1642 ducunt,
1781 1603 1824 1638 84
1844 1604 1872 1638 b.
1895 1604 1975 1638 lluic

513 1656 642 1690 decreto
663 1656 810 1690 Pacensis
831 1657 1000 1701 episcopus
1020 1668 1083 1691 non
1102 1658 1246 1701 parebat,
1259 1669 1354 1702 quem
1373 1659 1523 1692 admonet
1539 1659 1684 1692 Clemens
1696 1663 1732 1691 ut
1747 1663 1870 1702 pareat,
1883 1657 1925 1691 85
1940 1669 1971 1691 a.

424 1709 608 1749 Parocliias,
633 1710 664 1742 in
685 1710 804 1754 quibus
828 1717 1074 1744 commorantur
1097 1711 1197 1745 Mauri
1224 1712 1263 1745 ad
1290 1712 1497 1745 christianam
1516 1711 1614 1745 fidem
1642 1711 1805 1752 conversi,
1830 1711 1975 1754 erigendi

514 1769 545 1796 et
571 1764 702 1797 dotandi
734 1764 920 1798 commissio
951 1765 1023 1798 data
1048 1765 1293 1809 archiepiscopo
1323 1765 1552 1805 Valentinensi‚
1577 1771 1607 1799 et
1637 1765 1795 1809 episcopis
1819 1764 1973 1808 Segobri-

514 1817 600 1851 censi
627 1824 658 1851 et
681 1817 864 1858 Oriolensi,·
880 1818 945 1851 338
964 1830 983 1851 α
1005 1824 1035 1852 et
1059 1829 1124 1862 seq.

425 1871 608 1904 l'atriarclia
628 1872 658 1904 S.
679 1871 774 1904 Marci
791 1872 1006 1905 Venetiarutn.
1036 1873 1070 1906 l'.
1096 1872 1312 1906 venetiarum.

423 1925 612 1958 Pedemons.
646 1925 679 1958 V.
703 1925 874 1959 Sabaudia.

425 1978 598 2012 Perusinae
618 1978 832 2012 universitatis
853 1979 993 2013 sttulium
1013 1980 1163 2022 gencrale
1183 1980 1338 2024 quasdam
1359 1980 1581 2014 ordinationes
1601 1989 1659 2023 pro
1686 1979 1754 2013 eius
1781 1979 1938 2022 regimine
1958 1990 1975 2012 a

515 2032 730 2066 directoribus
751 2038 928 2077 acceperat,
942 2032 984 2066 32>
1004 2045 1042 2072 a;
1066 2044 1146 2078 quas
1159 2034 1343 2067 confirmari
1365 2033 1500 2078 cupiunt
1519 2045 1536 2066 a
1554 2033 1724 2074 Pontifice;
1747 2033 1894 2068 Clemens
1911 2033 1976 2067 vln

515 2097 582 2119 rem
615 2087 778 2120 nonnullis
809 2087 1026 2121 cardinalibus
1051 2087 1298 2121 examinandam
1327 2087 1476 2126 credidit,
1501 2087 1554 2131 qui
1584 2087 1800 2120 tertiariarnm
1822 2086 1977 2121 terminos

516 2140 743 2183 praefixerunt,
765 2141 807 2174 ib.
825 2141 859 2180 Ι);
880 2142 1101 2185 nonnullaque
1121 2141 1183 2174 alia
1203 2146 1382 2174 statuerunt
1407 2152 1465 2185 pro
1483 2141 1558 2175 dicti
1579 2141 1676 2174 studii
1698 2141 1784 2174 bono
1805 2140 1973 2184 regimine,

515 2193 558 2226 :33
577 2204 596 2226 a
621 2200 651 2227 et
677 2195 704 2227 h.
734 2194 911 2227 Pracmissa
932 2194 1041 2227 onmia
1061 2194 1232 2228 confirmat
1252 2195 1354 2239 l‘apa.
1379 2195 1607 2239 observarique
1632 2196 1778 2234 mandat,
1802 2200 1977 2239 exequuto-

517 2247 605 2280 ribus
630 2247 820 2289 designatis,
844 2247 884 2281 ib.
913 2247 929 2280 b
954 2253 983 2281 ct
1003 2259 1066 2291 seq.
1092 2249 1157 2281 lloc
1177 2248 1318 2281 studium
1345 2248 1494 2291 gencrale
1517 2249 1610 2292 plura
1630 2259 1647 2282 a
1668 2247 1821 2282 Romanis
1847 2247 1977 2281 Pontin-

516 2300 606 2333 cibus
627 2301 731 2335 Leone
750 2302 785 2342 Χ,
811 2301 908 2334 Paulo
929 2302 977 2341 lll,
1003 2301 1057 2335 l’io
1078 2302 1114 2335 tv
1135 2307 1165 2335 et
1185 2302 1270 2335 Sixto
1289 2302 1311 2335 V
1333 2302 1498 2346 privilegia
1519 2302 1668 2343 obtinuit,
1693 2301 1727 2335 711
1753 2302 1781 2335 b.
1803 2301 1844 2335 Ea
1864 2305 1975 2345 petunt

515 2354 701 2387 confirmari
721 2355 867 2395 lectores,
881 2355 924 2387 ih.
937 2366 943 2392 ;
958 2355 1103 2388 Clemens
1124 2356 1305 2396 confirmat,
1319 2361 1485 2400 ratamque
1501 2355 1593 2389 babet
1607 2355 1848 2389 concessionem
1863 2354 1978 2388 Leonis

515 2418 627 2441 causas
644 2408 896 2451 apl‘iellationum
909 2408 1136 2449 cognoscendi,
1153 2408 1193 2441 72>
1207 2420 1236 2442 a.
1263 2409 1356 2442 Plura
1377 2410 1416 2442 de
1432 2409 1538 2442 salarii
1553 2413 1738 2452 augmento,
1752 2409 1794 2442 ib.
1809 2408 1837 2441 b.
1861 2407 1978 2442 Sensus

517 2461 694 2494 litterarum
717 2462 972 2505 Apostolicarum
995 2461 1184 2506 explicatur,
1210 2462 1251 2495 73
1279 2474 1308 2495 a.
1344 2462 1481 2496 Piscium
1517 2463 1604 2496 lacus
1634 2461 1808 2496 'l'rasimcni
1838 2460 1976 2506 pretium

518 2514 691 2547 lectoribus
711 2515 902 2558 applicatur,
928 2515 970 2548 ih.
1000 2515 1027 2548 l».

430 2567 511 2600 Petri
534 2568 596 2610 (S.)
617 2569 890 2613 dellospitaletto,
915 2568 1088 2602 Laudcnsis
1109 2568 1275 2602 dioecesis.
1308 2569 1338 2602 l'.
1364 2569 1522 2603 Ereniitac
1542 2570 1642 2603 sancti
1670 2568 1864 2614 {lleronymi

431 2620 596 2665 l’liilippus
617 2622 639 2655 ll
662 2622 885 2666 llispaniartnn
912 2633 964 2656 rex
996 2622 1173 2656 concordat
1203 2633 1276 2656 cum
1307 2622 1528 2657 ecclesiasticis
1557 2623 1740 2667 provinciae
1771 2621 1976 2656 (intbnloniae

515 2685 573 2718 pro
587 2675 745 2709 solutione
759 2675 881 2719 primae
895 2675 1039 2710 decimae
1060 2687 1078 2710 a
1091 2676 1243 2711 Romanis
1262 2676 1470 2710 l'ontiticibus
1490 2677 1595 2711 eidem
1612 2676 1678 2720 regi
1699 2685 1882 2717 concessae,
1895 2674 1972 2707 4511
