2253 3195
831 225 925 248 mnas
952 225 1054 249 naara
1613 216 1677 250 9⁶23

200 355 217 372 ο
936 339 960 373 R

171 446 351 491 Raymundi
377 445 437 489 (S.)
464 445 733 479 Barchinonensis
759 446 968 479 canonizatio.
998 446 1090 480 Omni
1128 453 1271 491 tempore
1308 457 1371 490 quo
1405 447 1538 480 ecclesia
1567 447 1723 481 catholica

262 504 471 544 tyrannorum
498 505 529 532 et
553 499 790 532 haereticorum
809 500 1068 543 pertin-bationes
1093 511 1184 543 passa
1211 506 1268 539 est,
1286 501 1367 533 Deus
1392 501 1555 534 suscitavit
1580 501 1720 544 aliquem

262 558 419 593 sanctum,
448 552 502 596 qui
538 552 635 585 fidem
669 552 868 596 lin'opagavit¹
897 552 960 585 (588
986 565 1015 586 a.
1045 553 1252 597 Raymundus
1288 553 1567 594 Barchfflonensis,
1596 553 1724 587 Ordinis

262 606 292 639 S.
315 605 550 646 Dominici,vi1·
575 611 703 638 sanctus
728 611 754 639 et
776 606 946 638 virtutibus
971 606 1121 649 plurimis
1146 612 1289 646 ornatus,
1308 607 1426 639 multos
1450 607 1490 639 ad
1515 607 1633 639 bonam
1659 607 1724 639 fru-

263 666 334 700 gem
361 659 499 699 reduxit,
528 658 604 691 ibid.
634 659 661 691 b.
686 659 794 692 Gratia
822 659 1025 691 curationum
1053 665 1080 692 et
1103 659 1183 692 vitae
1209 660 1376 692 sanctitate
1397 659 1574 703 praefulsit,
1602 658 1665 691 689
1690 670 1719 691 a.

263 712 422 745 Miraeulis
447 713 562 752 clarus,
591 723 728 755 quorum
756 712 863 755 aliqua
888 719 1042 749 recenset,
1071 713 1148 745 ibid.
1177 713 1203 745 b.
1232 714 1348 746 Doctor
1368 713 1495 756 publice
1514 713 1606 745 docet
1630 723 1725 745 cano-

264 776 330 805 nes,
360 766 438 798 ibid.
467 766 598 799 Creatur
623 765 796 798 canonicus
821 766 1104 806 Barcliinouensis,
1135 766 1210 799 ibid.
1251 767 1363 808 Magna
1398 766 1483 809 apud
1514 776 1626 799 omnes
1658 765 1725 798 eius

263 819 438 852 auctoritas
459 824 489 852 et
513 818 689 852 sanctitatis
715 818 835 862 opinio,
853 818 959 851 (stitia.
986 819 1137 852 Ordinem
1164 820 1310 852 Fratrum
1333 819 1595 852 l'racdi‹;·at0rum
1616 818 1724 860 ingre-

264 872 362 913 ditur,
391 872 488 915 inque
513 883 551 905 eo
572 872 805 915 professionem
827 872 952 911 emittit,
977 873 1056 904 ibid.
1074 872 1100 905 b.
1125 872 1301 905 Virtutibus
1327 873 1440 912 elucet,
1464 872 1544 904 ibid.
1564 872 1580 904 b
1605 877 1635 905 et
1658 883 1722 915 seq.

265 926 445 968 Pauperum
469 931 498 958 et
523 925 722 968 captivorum
744 935 853 958 curam
880 925 1053 968 praecipue
1069 925 1169 967 gerit,
1194 924 1252 957 <tiit
1276 926 1303 957 b.
1332 924 1461 973 Ogdinis
1481 924 1725 968 Redemptionis

265 978 469 1022 Captivorum
495 984 611 1011 statuta
634 978 821 1022 praescribit
850 984 880 1011 et
904 978 1045 1021 primum
1068 978 1256 1020 magistrum
1283 978 1464 1020 generalem
1487 983 1584 1017 creat,
1601 978 1679 1010 ibid.
1697 977 1723 1010 b.

266 1032 293 1064 A
317 1031 473 1073 Gregorio
505 1033 543 1065 lx
580 1033 715 1065 Romam
752 1038 882 1064 vocatus
907 1031 1009 1071 venit,
1033 1031 1096 1064 692
1123 1032 1150 1063 b.
1190 1032 1378 1074 Capelianus
1404 1036 1434 1064 ct
1458 1030 1726 1074 poenitentiarius

265 1085 492 1125 constituitur,
520 1085 598 1117 ibid.
635 1086 814 1118 Decretales
851 1085 882 1116 in
915 1085 1145 1128 compendium
1184 1084 1321 1124 redigit,
1351 1084 1428 1116 ibid.
1462 1083 1727 1127 ArchiepIseopa-

266 1143 332 1170 tum
350 1139 622 1171 Tarraconensem
638 1143 773 1177 recusat,
797 1137 861 1171 693
875 1149 905 1170 α.
931 1138 1165 1170 barchinonem
1191 1138 1284 1178 redit,
1309 1137 1386 1169 ibid.
1404 1137 1551 1179 Magister
1570 1137 1728 1179 generalis

267 1191 394 1224 Ordinis
415 1191 675 1224 Praedicatorum
703 1191 817 1224 absens
851 1197 989 1230 creatus,
1016 1191 1146 1223 biennio
1173 1192 1298 1234 elapso,
1330 1190 1518 1232 magistratu
1553 1195 1667 1233 sponte
1696 1200 1729 1223 se

266 1244 404 1285 abdicat,
432 1244 496 1277 694
518 1256 546 1277 a.
575 1245 669 1277 Plura
695 1244 756 1277 alia
782 1245 933 1277 virtutum
961 1250 988 1277 et
1015 1244 1190 1286 gratiarum
1218 1244 1354 1286 insignia
1379 1243 1447 1276 eius
1472 1249 1609 1276 mortem
1635 1254 1728 1287 prae-

266 1298 384 1331 cedunt
408 1308 490 1342 quae
514 1308 599 1331 anno
625 1298 796 1331 millesimo
830 1298 1051 1332 ducentesimo
1083 1297 1320 1341 septuagesimo
1346 1296 1458 1340 quinto
1484 1296 1622 1337 accidit,
1656 1307 1728 1329 cum
1769 1312 1775 1318 -

267 1362 369 1384 annos
394 1352 459 1385 sere
484 1357 613 1384 centum
640 1357 722 1385 esset
747 1357 850 1391 natus,
879 1351 959 1384 ibid.
988 1361 1090 1395 usque
1110 1351 1149 1384 ad
1176 1350 1239 1384 (396
1265 1351 1290 1384 b.
1320 1351 1516 1384 Referuntur
1540 1360 1623 1393 quae
1658 1355 1730 1394 post

267 1404 335 1438 eius
360 1410 498 1438 mortem
525 1405 687 1438 mirabilia
712 1411 862 1449 operatus
883 1411 929 1438 est
954 1406 1047 1445 Deus,
1064 1404 1126 1437 697
1152 1405 1191 1437 ad
1217 1403 1280 1437 699
1298 1415 1327 1437 a.
1353 1404 1426 1437 Eius
1451 1403 1728 1437 canonizationem

267 1469 340 1491 cum
366 1459 474 1502 plures
499 1459 674 1502 petiissent,
697 1459 825 1492 tandem
851 1458 1036 1503 praemissis
1057 1458 1206 1491 omnibus
1223 1457 1478 1502 praemittendis,
1502 1457 1647 1490 Clemens
1664 1457 1729 1490 Vltl

268 1512 459 1546 Sanctorum
492 1513 565 1545 albo
591 1512 680 1545 illum
707 1512 892 1556 adscripsit,
917 1513 1051 1555 eiusque
1083 1511 1234 1545 festivitas
1267 1511 1318 1544 die
1344 1521 1386 1544 vii
1412 1510 1548 1543 ianuarii
1575 1510 1728 1543 celebrari

268 1565 441 1609 praecepit,
471 1565 547 1598 ibid.
569 1576 670 1609 usque
690 1566 729 1598 ad
757 1565 819 1598 703
845 1566 871 1598 b.
901 1565 1123 1607 Indulgentiae
1145 1565 1184 1598 de
1206 1575 1296 1597 more
1318 1574 1500 1604 concessae,
1530 1562 1593 1596 704
1618 1574 1648 1596 a.

180 1619 255 1652 Real
274 1619 335 1661 (Et)
355 1619 585 1652 monasterium
608 1620 637 1651 S.
659 1619 832 1651 Laurentii.
863 1619 892 1651 Γ.
914 1618 1075 1651 Laurentii
1097 1618 1158 1660 (S.)

180 1671 355 1705 Reformati
384 1673 511 1705 Fratres
539 1672 577 1705 de
612 1672 820 1705 observantia
853 1672 1043 1705 dicebantur
1069 1681 1132 1704 non
1158 1681 1284 1704 servare
1321 1671 1465 1713 regulam
1494 1670 1523 1704 S.
1553 1669 1726 1708 Francisci,

268 1724 332 1758 862
356 1736 386 1758 a.
415 1725 558 1759 Pontifex
584 1736 638 1758 eos
662 1736 735 1758 vere
761 1725 865 1758 dictae
892 1726 1022 1766 regulae
1048 1725 1271 1758 observatores
1297 1724 1450 1764 declarat,
1482 1723 1560 1756 ibid.
1584 1723 1621 1762 b:
1651 1733 1726 1765 gra-

271 1778 386 1823 tiisque
411 1785 442 1812 et
466 1778 641 1823 privilegiis
662 1780 808 1812 Fratrum
831 1778 988 1812 Mitiorum
1017 1779 1055 1811 de
1081 1778 1290 1812 Observantia
1308 1777 1370 1811 frui
1397 1787 1500 1820 posse,
1525 1776 1588 1809 803
1612 1787 1642 1809 (t.

179 1833 378 1866 Reformatio
399 1832 608 1875 regularium.
639 1832 672 1865 V.
701 1833 835 1865 Decreta
859 1832 1033 1874 generalia.

180 1886 304 1928 Resugii
325 1886 458 1919 domum
479 1886 511 1918 in
529 1886 614 1919 Urbe
635 1885 771 1919 instituit
791 1886 936 1919 Clemens
956 1885 1021 1918 Vlll
1043 1896 1101 1929 pro
1123 1884 1319 1928 pauperibus
1344 1883 1522 1926 virginibus
1539 1882 1732 1927 recipiendis

268 1939 300 1972 in
321 1949 385 1972 una
405 1939 472 1973 eius
492 1945 595 1983 parte,
622 1950 681 1983 pro
702 1939 805 1972 viduis
823 1939 854 1971 in
870 1939 942 1977 alia⁷
965 1950 998 1971 at:
1021 1939 1150 1971 demum
1175 1949 1231 1981 pro
1254 1938 1443 1970 mulieribus
1466 1948 1483 1970 a
1505 1936 1590 1981 turpi
1611 1936 1673 1969 vita
1691 1936 1730 1968 ad

272 1993 503 2036 poenitentiam
527 1993 688 2026 conversis
715 1993 745 2025 in
778 1993 861 2033 alia,
894 1991 956 2025 209
987 2004 1006 2024 ιι
1038 1998 1063 2025 et
1101 1993 1127 2024 b.
1164 1993 1246 2025 llaec
1283 1991 1469 2024 nominatur
1502 1989 1730 2023 monasterium

272 2046 397 2088 llesugii
423 2047 455 2079 B.
479 2047 516 2080 M.
542 2047 690 2089 Virginis.
712 2046 776 2079 220
796 2058 826 2079 a.
851 2046 963 2079 Variae
990 2046 1216 2090 dispositiones
1241 2045 1324 2078 circa
1349 2044 1532 2088 superiores
1554 2054 1731 2087 eorumque

273 2100 450 2140 facultates,
471 2100 636 2142 Virgilium
670 2100 873 2144 aliarumque
905 2100 1075 2143 qualitates
1096 2105 1125 2133 et
1146 2100 1265 2132 bonum
1293 2109 1403 2132 earum
1425 2098 1580 2141 regimen,
1602 2096 1681 2129 ibid.
1703 2096 1729 2129 b.

271 2154 354 2187 Duas
375 2153 451 2186 inibi
477 2154 742 2196 congregationes
768 2160 904 2192 erectae,
929 2153 1212 2196 indulgentiaeque
1242 2152 1387 2196 personis
1409 2152 1566 2185 dictarum
1599 2160 1733 2191 rongi-e-

272 2207 436 2250 gationum
450 2217 630 2248 concessae,
645 2207 720 2248 221,
736 2208 762 2240 b.
782 2207 963 2240 iurisdictio
978 2207 1092 2239 iudicis
1107 2206 1180 2239 dieti
1198 2205 1396 2245 monasterii,
1411 2204 1474 2237 222
1488 2214 1589 2247 usque
1602 2203 1639 2235 ad
1653 2202 1727 2235 224.

184 2261 357 2303 Regulares
377 2261 532 2294 accedere
552 2267 715 2305 nequeunt
735 2262 773 2294 ad
797 2261 992 2294 monasteria
1018 2260 1220 2297 monialium,
1243 2259 1337 2292 ctiam
1364 2258 1388 2291 si
1410 2258 1470 2291 sibi
1491 2257 1553 2290 sint
1573 2256 1728 2296 subiecta,

271 2313 311 2346 78
334 2315 350 2346 b
375 2320 406 2347 et
424 2325 509 2358 seqq.
538 2314 649 2354 Quoad
677 2315 899 2358 delinquentes
929 2314 1107 2347 Concilium
1139 2312 1360 2346 'l'ridcntinum
1394 2311 1484 2344 iussit
1520 2315 1608 2344 certo
1636 2310 1732 2342 modo

269 2367 376 2411 puniri
409 2368 572 2410 regulares
597 2374 683 2401 extra
708 2369 846 2401 claustra
878 2368 1005 2401 notorie
1035 2367 1276 2409 delinquentes,
1301 2365 1364 2397 249
1390 2375 1419 2397 α.
1456 2364 1533 2398 Cum
1556 2373 1629 2397 vero
1655 2362 1733 2396 baec

266 2420 432 2464 dispositio
458 2421 663 2465 exequutioni
686 2422 818 2455 minime
840 2422 1058 2461 mandaretur,
1076 2420 1153 2453 ibid.
1167 2432 1176 2457 ,·
1203 2421 1347 2453 Clemens
1365 2419 1425 2451 t'ltl
1445 2416 1638 2462 praescribit
1659 2427 1733 2450 nor-

267 2485 352 2507 mam
373 2486 437 2518 qua
458 2475 533 2509 dieti
554 2475 685 2509 Concilii
712 2476 876 2509 decretum
904 2474 1015 2518 exequi
1038 2474 1163 2514 debeat,
1188 2473 1266 2505 ibid.
1291 2472 1317 2504 b.

183 2528 362 2570 Religiosae
375 2529 645 2572 Congregationes
665 2529 704 2562 ab
726 2529 861 2572 insignis
881 2527 1057 2561 sanctitatis
1077 2526 1162 2566 viris,
1187 2526 1322 2569 Spiritus
1343 2524 1448 2558 Sancti
1470 2524 1588 2563 afflatu,
1611 2523 1734 2557 institu-

270 2587 331 2622 tae,
356 2582 509 2616 maximas
528 2583 687 2617 Ecclesiae
712 2583 766 2618 Dei
784 2582 936 2616 utilitates
954 2581 1041 2615 omni
1063 2587 1207 2624 tempore
1229 2579 1416 2620 attulerunt,
1442 2577 1504 2611 «140
1529 2588 1558 2611 α.
