2253 3195
306 271 356 298 An.
373 271 401 297 C.
424 270 492 297 tono

538 260 601 294 570

505 320 610 359 ribus,
634 318 843 352 conventibus
868 323 898 350 et
923 317 1079 361 personis,
1103 328 1162 350 nec
1182 321 1265 360 nont

503 372 676 416 praedictis
696 371 826 412 vicario,
845 371 1067 413 gubernatori,
1091 370 1244 411 auditori,

503 426 644 460 senatori
660 453 667 466 ‚
691 425 973 458 conservatoribus
987 453 994 466 ‚
1019 424 1244 458 reformatori--

504 480 581 519 bus,
606 478 778 512 ordinariis
796 479 1009 523 locorumque
1030 489 1142 512 eorum
1164 479 1250 511 loca·

505 533 697 575 tenentibus,
717 533 1001 575 vieosgerentibus,
1019 532 1144 565 vicariis
1157 538 1187 565 et
1205 531 1248 564 of-

504 587 683 628 ficialibus,
707 598 744 620 ae
764 587 834 620 aliis
851 587 1110 631 quibuscumque
1131 585 1247 619 iudici·
1267 629 1269 634 ‚

504 640 573 681 bus,
597 641 655 674 sub
677 640 936 685 quibuscumque
958 640 1126 674 tenoribus
1142 645 1171 672 et
1186 640 1249 672 sor·
1268 636 1269 658 ³

505 694 581 733 mis,
604 704 640 727 ac
662 706 735 728 cum
757 694 923 738 quibusvis
948 694 1043 727 etiam
1073 694 1247 735 derogato-

504 747 626 781 riarum
638 749 861 791 derogatoriis‚
873 748 1006 792 aliisque
1017 747 1251 781 efficacioribus

505 808 535 835 et
566 802 704 836 insolitis
733 802 903 842 clausulis,
934 803 965 835 in
994 813 1112 845 genere
1139 801 1187 834 vel
1219 801 1251 833 iu

504 856 628 899 specie,
649 867 686 889 ae
706 856 784 889 alias
802 855 1048 899 quomodolibet
1070 854 1248 893 concessis,

505 909 707 942 confirmatis
721 915 751 942 et
765 907 940 950 innovatis;
957 909 1073 952 quibus
1087 907 1249 947 omnibus,

505 963 629 996 etiamsi
662 973 721 1006 pro
747 962 879 995 illorum
907 961 1077 995 sufficienti
1110 962 1249 1003 deroga-

506 1017 593 1050 tione
607 1017 685 1049 alias
703 1016 741 1049 de
756 1016 818 1049 illis
840 1027 1020 1060 eorumque
1035 1015 1108 1049 totis
1128 1015 1249 1048 tenori-

506 1070 564 1103 lms
585 1070 742 1114 specialis,
766 1070 926 1114 specifica,
949 1081 1099 1114 expressa
1120 1075 1151 1102 et
1172 1068 1254 1102 indi-

506 1124 612 1163 vidua,
629 1124 719 1157 aede
737 1124 834 1157 verbo
848 1124 888 1157 ad
902 1124 1048 1164 verbum,
1065 1134 1131 1156 non
1146 1129 1252 1157 autem

506 1189 565 1222 per
592 1178 750 1211 clausulas
774 1178 941 1219 generales
966 1178 1051 1210 idem
1077 1178 1251 1221 importan-

508 1237 575 1271 tes‚
605 1231 748 1272 mentio,
779 1242 835 1265 seu
864 1231 995 1275 quaevis
1026 1231 1087 1264 alia
1120 1241 1250 1274 expres·-

507 1285 554 1318 sio
585 1285 753 1325 habenda,
777 1290 832 1318 aut
862 1285 970 1328 aliqua
1001 1284 1063 1317 alia
1096 1284 1253 1327 exquisita

508 1339 612 1372 forma
636 1340 676 1372 ad
708 1339 769 1372 hoe
800 1339 957 1372 servanda
989 1339 1091 1378 soret,
1122 1338 1251 1372 illorum

510 1399 650 1431 tenores,
675 1403 711 1425 ae
732 1392 756 1425 si
779 1393 818 1425 de
839 1393 936 1425 verbo
955 1393 994 1425 ad
1015 1392 1148 1425 verbum
1171 1391 1252 1424 inse-

507 1451 676 1486 ret-entur,
707 1446 931 1489 praesentibus
967 1456 1025 1489 pro
1058 1445 1254 1479 sufficienter

509 1500 665 1543 expressis
686 1500 856 1539 babentes,
882 1499 943 1532 illis
961 1499 1038 1533 alias
1059 1499 1090 1531 in
1115 1510 1173 1532 suo
1195 1509 1250 1532 ro-

508 1554 585 1586 bore
618 1553 858 1597 perumnsuris,
895 1553 954 1586 bac
989 1553 1057 1586 vice
1088 1553 1254 1586 dumtaxat

508 1607 692 1651 specialiter
712 1612 743 1640 et
770 1617 919 1651 expresse
940 1607 1134 1649 derogamus
1149 1634 1156 1645 ‚
1177 1617 1253 1640 eon-

510 1661 614 1694 trariis
646 1661 916 1704 quilmseumque.
941 1661 1003 1693 Aut
1032 1660 1056 1693 si
1091 1660 1254 1703 aliquibus

509 1715 729 1747 communiter
759 1714 806 1746 vel
842 1714 967 1746 divisim
1001 1714 1040 1746 ab
1072 1714 1184 1747 eadem
1216 1713 1255 1746 sit

507 1769 589 1802 Sede
611 1768 783 1805 indultum,
806 1767 892 1811 qutul
913 1767 1078 1807 interdici,
1102 1766 1254 1810 suspendi

509 1823 555 1854 vel
578 1821 852 1854 excommunicari
868 1831 931 1854 non
950 1821 1072 1864 possint
1093 1831 1151 1864 per
1171 1820 1255 1853 lille-

509 1887 560 1909 ras
580 1875 773 1920 apostolicas
803 1886 866 1908 non
894 1875 1046 1908 facientes
1076 1875 1204 1918 plenam
1226 1880 1253 1907 et

510 1941 713 1973 expressam,
735 1940 770 1961 ae
792 1929 831 1961 tle
850 1929 948 1961 verbo
974 1929 1012 1961 ad
1033 1929 1188 1967 verbum,
1217 1929 1256 1961 de

512 1983 638 2016 indulto
659 1983 845 2018 lmiusmotli
869 1983 1079 2015 mentionem.

556 2038 638 2070 Nulli
675 2048 752 2077 eruo
785 2037 918 2069 niuniuo
958 2036 1125 2068 bominum
1165 2035 1275 2068 liveat⁴

376 2108 379 2117 .
406 2106 425 2118 ι,
462 2104 496 2115 wr—
512 2091 594 2123 baut:
612 2090 773 2134 pagiuamv
794 2094 850 2122 (Ἰν.
1273 2101 1275 2135 j

556 2146 669 2178 Italum
692 2146 812 2178 llomae
834 2145 918 2188 apud
940 2144 970 2177 S.
996 2145 1146 2182 l'elrmb,
1172 2155 1256 2177 auno

511 2199 742 2231 lmearnationis
771 2198 954 2231 ltomiuivae
978 2209 1052 2236 istite,
1084 2208 1169 2230 nouo
1192 2198 1252 2230 kal.
1273 2194 1275 2211 r

513 2252 629 2290 marui,
655 2253 861 2296 pontifis-atus
881 2251 978 2284 nostri
1000 2263 1085 2284 uum)
1107 2262 1147 2284 tx.

549 2317 607 2342 ltat.
625 2315 668 2341 ulie
683 2316 711 2342 ⁹21
733 2315 860 2342 sebriuirii
881 2317 956 2346 tutu),
975 2319 1049 2350 pout.
1066 2323 1110 2341 an.
1127 2321 1161 2340 tv.

803 2476 969 2509 mlxxvii.

516 2574 697 2606 Its-vlnmlin
729 2574 969 2606 iusimlia-lionis
1001 2578 1029 2604 e!
1059 2572 1254 2616 [multalmn

557 2628 737 2660 ‹vn-‹timrlix
772 2629 954 2661 (Iamr'rnrii
981 2627 1088 2671 quoad
1115 2628 1255 2670 pumera

559 2681 789 2714 ΙΙι’Ῐιι·ιΙι·ιΗ“11111,

1090 268 1273 293 ῘΠἸὼΑῘῖῘΓΜ
1293 268 1447 292 ΠΟΜΛΧΥΜ

1467 316 1622 346 Clemens
1642 316 1736 357 Papa
1753 316 1846 353 vm,

1282 388 1397 416 Dilecto
1412 388 1475 416 filio
1491 391 1594 416 nostro
1611 389 1710 422 Petro,
1735 388 1763 415 S.
1786 388 1899 416 Nicolai
1912 389 1945 416 in
1961 389 2027 416 Gar-

1266 461 1268 471 ,
1319 449 1387 469 cere
1402 441 1526 469 diacono
1542 441 1690 469 cardinali
1705 441 1936 474 Aldobrandino,
1953 441 1982 468 S.
1993 441 2025 468 R.

1318 495 1469 522 Ecclesiae
1490 495 1666 523 Camerario.

1330 586 1344 629 ἓ
1365 585 1394 618 ’1.
1419 586 1496 619 Cum
1517 585 1632 619 litteris
1650 585 1835 630 apostolicis
1855 586 1875 626 ¹,
1898 589 1954 618 etc.

1330 641 1346 682 g
1367 639 1397 672 02.
1419 640 1462 672 Ex
1482 639 1730 673 rationabilibus
1750 639 1855 673 causis
1875 639 2024 672 animad-

1285 698 1444 726 vertentes
1471 693 1573 735 magis
1601 693 1751 737 expedire
1771 698 1806 726 ut
1834 693 1951 737 pignus
1967 693 2029 726 He-

1286 746 1459 780 braeorum
1485 748 1557 780 loeo
1577 747 1683 788 solito,
1706 753 1738 780 ut
1758 747 1858 791 prius,
1881 757 1947 780 non
1968 757 2027 779 au·

1287 804 1350 832 tem
1371 801 1403 832 in
1424 800 1529 833 Monte
1556 800 1702 841 Pietatis,
1726 806 1824 844 prout
1853 800 1884 833 in
1909 800 2031 833 eisdem

1287 853 1402 887 litteris
1427 853 1657 897 disposuimus,
1680 855 1872 893 vendantur,
1891 859 1980 886 motu
1995 864 2032 886 ac

1286 907 1419 940 seientia
1439 907 1610 948 similibus,
1626 907 1774 941 volumus
1794 912 1824 940 et
1843 907 2032 940 ordinamus

1287 965 1322 992 ut
1341 960 1477 1004 pignora
1494 961 1659 1004 praedicta
1678 961 1900 993 Hebraeorum
1918 971 1977 1003 per
1996 959 2033 992 li-

1288 1013 1473 1046 citationem
1494 1014 1680 1054 vendenda,
1704 1013 1736 1046 in
1767 1014 1839 1047 loeo
1859 1013 1954 1047 solito
1969 1040 1976 1053 ,
2000 1012 2032 1045 in

1288 1066 1393 1110 platea
1422 1068 1616 1101 ludaeorum
1645 1073 1831 1111 nuncupata
1856 1067 1895 1100 de
1919 1067 2004 1100 Urbe
2021 1093 2029 1107 ,

1288 1131 1361 1153 eum
1383 1121 1513 1155 decreto
1529 1128 1634 1155 tamen
1656 1126 1723 1161 tuo,
1746 1121 1794 1154 vel
1818 1120 1861 1153 tui
1880 1131 1939 1164 pro
1953 1125 2033 1153 tem-

1289 1184 1366 1217 pore
1387 1175 1544 1208 auditoris
1563 1186 1620 1208 seu
1640 1173 1900 1213 loctuntenentis‚
1918 1184 1954 1206 ac
1972 1183 2032 1217 pro

1290 1233 1435 1271 tempore
1453 1229 1615 1262 existentis
1633 1228 1815 1268 camerarii,
1828 1238 1886 1272 per
1899 1232 1969 1260 acta
1983 1227 2032 1260 sui

1288 1282 1404 1314 notarii
1430 1282 1643 1326 expediendo,
1668 1282 1840 1326 deinceps,
1864 1287 1895 1314 ιιΙ
1919 1281 2029 1325 prius,

1287 1336 1477 1369 vendantur.
1517 1338 1520 1342 ’

1332 1388 1394 1431 ξ3.
1419 1389 1455 1422 Et
1487 1389 1666 1422 iurisdictio
1698 1389 1730 1421 in
1762 1388 1944 1432 praedictos
1972 1389 2032 1422 lle-

1287 1441 1403 1475 braeos
1417 1469 1424 1481 ‚
1459 1442 1554 1475 etiam
1587 1442 1712 1475 ratione
1749 1441 1821 1474 furti
1858 1441 2031 1485 pignorum

1288 1495 1541 1539 praedictorum,
1572 1495 1629 1529 tibi
1664 1495 1830 1540 privative,
1863 1495 1970 1538 quoad
1999 1505 2034 1528 o-

1289 1560 1389 1589 mneS,
1411 1555 1582 1594 competat.

1332 1604 1346 1647 {3
1371 1603 1402 1636 4.
1426 1604 1495 1637 Non
1523 1603 1725 1637 obstantibus
1746 1603 1860 1637 litteris
1887 1603 2006 1636 nostris
2022 1630 2029 1643 ,

1288 1657 1423 1701 aliisque
1443 1657 1640 1701 praemissis,
1658 1667 1783 1691 necnon
1805 1657 1904 1690 felicis
1924 1667 2032 1690 reeor-

1290 1710 1428 1744 dationis
1439 1711 1485 1743 Pii
1508 1711 1612 1754 quarti
1635 1711 1673 1744 de
1694 1711 1904 1753 registrandis
1922 1710 2033 1753 gratiis

1291 1765 1321 1797 in
1343 1766 1473 1799 Caiuera
1496 1765 1578 1798 intra
1598 1770 1721 1798 certum
1745 1771 1886 1809 tempus,
1912 1765 1951 1798 ad
1973 1775 2029 1797 eu-

1291 1819 1338 1852 ius
1361 1819 1596 1852 observantiam
1628 1819 1780 1852 noluums
1805 1825 1835 1852 te
1861 1818 1980 1858 teneri,
2004 1823 2034 1851 et

1273 1873 1361 1906 *aliis
1392 1872 1677 1906 (·oustituti0uilms
1712 1878 1742 1906 et
1775 1871 2035 1905 ordinationilms

1291 1927 1494 1971 apostolicis,
1515 1932 1546 1960 et
1567 1927 1711 1960 eiusdem
1739 1927 1890 1961 Gamerae
1906 1954 1913 1965 ‚
1937 1926 2032 1960 etiam

1293 1982 1485 2021 iuramenta,
1507 1981 1754 2014 confirmatione
1775 1980 1962 2025 apostolica,
1986 1980 2033 2013 vel

1291 2035 1401 2079 quavis
1422 2035 1573 2067 firmitate
1601 2034 1661 2067 alia
1684 2034 1843 2068 roboratis
1863 2033 1988 2067 statutis
2005 2038 2036 2066 et

1291 2088 1601 2125 rousiwtudiuilms,
1629 2087 1824 2132 privilegiis,
1850 2087 1982 2120 indultis
2005 2092 2037 2120 ct

1292 2143 1405 2176 litteris
1423 2143 1607 2187 apostolieis
1623 2143 1652 2175 iu
1668 2141 1865 2175 rouuarimn
1881 2141 2035 2185 praemis-

1291 2190 1399 2230 ¹sorum
1433 2196 1676 2240 ‹promotlolibet
1708 2194 1889 2234 eomessis,
1911 2193 2032 2228 contir-

1293 2251 1385 2284 matis
1405 2256 1435 2283 vt
1455 2249 1659 2293 approbatis;
1684 2249 1801 2293 quibus
1827 2248 1978 2281 omuibus
2007 2253 2037 2280 et

1292 2305 1436 2345 siugulis,
1461 2309 1725 2337 ‹·01·um.tvnor‹=s
1746 2302 1797 2335 bie
1818 2302 1857 2335 de
1878 2301 1976 2335 verbo
1996 2301 2035 2334 atl

1293 2358 1424 2391 verbum
1445 2369 1502 2401 pro
1525 2356 1652 2389 insertis
1673 2362 1699 2389 el
1727 2354 1884 2399 expressis
1909 2354 2033 2387 baben-

1294 2417 1349 2448 tos,
1374 2411 1432 2443 liae
1452 2411 1518 2443 vit-e
1540 2410 1702 2443 dundaxat
1725 2408 1906 2452 specialiter
1926 2413 1957 2440 et
1978 2417 2034 2439 ex-

1293 2476 1399 2509 presse
1431 2465 1646 2505 ‹lei-oguinus,
1678 2462 1878 2506 eaeterisque
1908 2466 2036 2494 contra-

1294 2518 1347 2550 riis
1372 2518 1645 2561 quilmsrumqmn

1336 2573 1449 2605 ltatum
1472 2572 1592 2604 nomm·
1614 2570 1698 2614 apml
1719 2571 1749 2602 S.
1768 2570 1895 2602 lli-trum
1910 2567 2036 2600 subau-

1329 2645 1335 2670 l
1356 2643 1492 2669 Omittitur
1515 2642 1609 2669 relati-t
1636 2642 1741 2672 bullae.
1767 2649 1819 2676 qua
1843 2638 2038 2667 vainei-minius

1291 2688 1336 2714 suit
1354 2687 1483 2714 ‹in-«tinam
1502 2685 1703 2713 Alilobrmuliuo
1721 2684 1843 2712 collatus.

2042 268 2091 295 An.
2106 268 2133 295 C.
2157 268 2225 296 1600

2064 653 2191 677 net-tarano.
2201 651 2228 674 do

2043 687 2085 707 qua
2099 681 2121 700 in
2134 679 2226 701 rubrica.

2061 1399 2181 1420 {urisdictio
2193 1397 2233 1420 Ca-

2048 1426 2132 1447 inerarii
2155 1426 2174 1446 in
2191 1426 2232 1447 lie-

2049 1454 2133 1474 bracos.

2063 1612 2176 1639 berngario
2184 1618 2233 1634 cou-

2048 1642 2079 1662 tra
2083 1641 2167 1662 riorum.
