<?xml version="1.0" encoding="UTF-8"?>
<!DOCTYPE html PUBLIC "-//W3C//DTD XHTML 1.0 Transitional//EN"
    "http://www.w3.org/TR/xhtml1/DTD/xhtml1-transitional.dtd">
<html xmlns="http://www.w3.org/1999/xhtml" xml:lang="en" lang="en">
 <head>
  <title>
</title>
<meta http-equiv="Content-Type" content="text/html;charset=utf-8" />
  <meta name='ocr-system' content='tesseract 3.04.00' />
  <meta name='ocr-capabilities' content='ocr_page ocr_carea ocr_par ocr_line ocrx_word'/>
</head>
<body>
  <div class='ocr_page' id='page_1' title='image "./bullarumdiplomat10cath_0468.png"; bbox 0 0 2253 3195; ppageno 0'>
   <div class='ocr_carea' id='block_1_1' title="bbox 253 242 435 270">
    <p class='ocr_par' dir='ltr' id='par_1_1' title="bbox 253 242 435 270">
     <span class='ocr_line' id='line_1_1' title="bbox 253 242 435 270; baseline -0.005 0"><span class='ocrx_word' id='word_1_1' title='bbox 253 244 303 270; x_wconf 79' lang='lat' dir='ltr'>An.</span> <span class='ocrx_word' id='word_1_2' title='bbox 318 242 435 270; x_wconf 58' lang='lat'>&amp;1598</span> 
     </span>
    </p>
   </div>
   <div class='ocr_carea' id='block_1_2' title="bbox 251 1571 436 1645">
    <p class='ocr_par' dir='ltr' id='par_1_2' title="bbox 251 1571 436 1645">
     <span class='ocr_line' id='line_1_2' title="bbox 278 1571 436 1596; baseline -0.013 -4"><span class='ocrx_word' id='word_1_3' title='bbox 278 1571 385 1592; x_wconf 61' lang='lat' dir='ltr'>rontano„</span> <span class='ocrx_word' id='word_1_4' title='bbox 400 1577 436 1596; x_wconf 70' lang='lat' dir='ltr'>up·</span> 
     </span>
     <span class='ocr_line' id='line_1_3' title="bbox 252 1599 435 1624; baseline -0.016 -6"><span class='ocrx_word' id='word_1_5' title='bbox 252 1599 303 1624; x_wconf 55' lang='lat' dir='ltr'>{ir-nt·</span> <span class='ocrx_word' id='word_1_6' title='bbox 312 1602 350 1617; x_wconf 77' lang='grc' dir='ltr'>ιιιυ</span> <span class='ocrx_word' id='word_1_7' title='bbox 360 1600 379 1617; x_wconf 70' lang='lat' dir='ltr'>ct</span> <span class='ocrx_word' id='word_1_8' title='bbox 389 1604 435 1623; x_wconf 67' lang='lat' dir='ltr'>pr«,-</span> 
     </span>
     <span class='ocr_line' id='line_1_4' title="bbox 251 1632 366 1645; baseline -0.017 0"><span class='ocrx_word' id='word_1_9' title='bbox 251 1632 366 1645; x_wconf 49' lang='grc' dir='ltr'>ΗΙΙῆὶΙι-ΙΙΚΝ.</span> 
     </span>
    </p>
   </div>
   <div class='ocr_carea' id='block_1_3' title="bbox 449 231 1196 2519">
    <p class='ocr_par' dir='ltr' id='par_1_3' title="bbox 449 231 1196 2519">
     <span class='ocr_line' id='line_1_5' title="bbox 480 231 546 266; baseline 0 0"><span class='ocrx_word' id='word_1_10' title='bbox 480 231 546 266; x_wconf 69' lang='lat'>4⁶24</span> 
     </span>
     <span class='ocr_line' id='line_1_6' title="bbox 451 289 1194 333; baseline -0.003 -9"><span class='ocrx_word' id='word_1_11' title='bbox 451 291 511 325; x_wconf 93' lang='lat' dir='ltr'>bus</span> <span class='ocrx_word' id='word_1_12' title='bbox 536 297 566 325; x_wconf 85' lang='lat' dir='ltr'>et</span> <span class='ocrx_word' id='word_1_13' title='bbox 591 291 725 333; x_wconf 84' lang='lat' dir='ltr'>singulis</span> <span class='ocrx_word' id='word_1_14' title='bbox 745 290 883 330; x_wconf 84' lang='lat' dir='ltr'>nunciis,</span> <span class='ocrx_word' id='word_1_15' title='bbox 910 289 1097 333; x_wconf 85' lang='lat' dir='ltr'>supradicto</span> <span class='ocrx_word' id='word_1_16' title='bbox 1121 300 1194 333; x_wconf 86' lang='lat' dir='ltr'>pro-</span> 
     </span>
     <span class='ocr_line' id='line_1_7' title="bbox 452 342 1195 386; baseline -0.003 -9"><span class='ocrx_word' id='word_1_17' title='bbox 452 345 625 377; x_wconf 71' lang='lat' dir='ltr'>curationis</span> <span class='ocrx_word' id='word_1_18' title='bbox 656 343 824 381; x_wconf 79' lang='lat' dir='ltr'>mandato,</span> <span class='ocrx_word' id='word_1_19' title='bbox 852 342 1038 386; x_wconf 82' lang='lat' dir='ltr'>colloquiis,</span> <span class='ocrx_word' id='word_1_20' title='bbox 1067 344 1195 376; x_wconf 91' lang='lat' dir='ltr'>consul-</span> 
     </span>
     <span class='ocr_line' id='line_1_8' title="bbox 451 396 1196 440; baseline -0.001 -10"><span class='ocrx_word' id='word_1_21' title='bbox 451 397 640 436; x_wconf 76' lang='lat' dir='ltr'>tationibus,</span> <span class='ocrx_word' id='word_1_22' title='bbox 660 396 927 440; x_wconf 75' lang='lat' dir='ltr'>promissionibus</span> <span class='ocrx_word' id='word_1_23' title='bbox 943 397 1148 430; x_wconf 80' lang='lat' dir='ltr'>facultatibus</span> <span class='ocrx_word' id='word_1_24' title='bbox 1165 402 1196 430; x_wconf 86' lang='lat' dir='ltr'>et</span> 
     </span>
     <span class='ocr_line' id='line_1_9' title="bbox 451 449 1192 494; baseline 0.003 -12"><span class='ocrx_word' id='word_1_25' title='bbox 451 449 734 484; x_wconf 67' lang='lat' dir='ltr'>deliberationibus</span> <span class='ocrx_word' id='word_1_26' title='bbox 749 477 756 488; x_wconf 79' lang='grc'>,</span> <span class='ocrx_word' id='word_1_27' title='bbox 784 461 880 494; x_wconf 80' lang='lat' dir='ltr'>super</span> <span class='ocrx_word' id='word_1_28' title='bbox 904 451 1087 494; x_wconf 77' lang='lat' dir='ltr'><strong>praemissis</strong></span> <span class='ocrx_word' id='word_1_29' title='bbox 1102 478 1109 491; x_wconf 90' lang='lat'><em>,</em></span> <span class='ocrx_word' id='word_1_30' title='bbox 1129 456 1192 484; x_wconf 85' lang='lat' dir='ltr'>tam</span> 
     </span>
     <span class='ocr_line' id='line_1_10' title="bbox 451 503 1194 543; baseline 0.003 -8"><span class='ocrx_word' id='word_1_31' title='bbox 451 514 468 535; x_wconf 86' lang='lat' dir='ltr'>a</span> <span class='ocrx_word' id='word_1_32' title='bbox 492 503 575 536; x_wconf 73' lang='lat' dir='ltr'>dicto</span> <span class='ocrx_word' id='word_1_33' title='bbox 605 503 759 543; x_wconf 85' lang='lat' dir='ltr'>Caesare,</span> <span class='ocrx_word' id='word_1_34' title='bbox 787 509 818 536; x_wconf 87' lang='lat' dir='ltr'>et</span> <span class='ocrx_word' id='word_1_35' title='bbox 842 504 912 536; x_wconf 87' lang='lat' dir='ltr'>eius</span> <span class='ocrx_word' id='word_1_36' title='bbox 937 504 1067 537; x_wconf 91' lang='lat' dir='ltr'>nomine</span> <span class='ocrx_word' id='word_1_37' title='bbox 1092 515 1110 536; x_wconf 85' lang='lat' dir='ltr'>a</span> <span class='ocrx_word' id='word_1_38' title='bbox 1135 505 1194 537; x_wconf 89' lang='lat' dir='ltr'>Lu-</span> 
     </span>
     <span class='ocr_line' id='line_1_11' title="bbox 451 555 1192 600; baseline 0.004 -13"><span class='ocrx_word' id='word_1_39' title='bbox 451 556 546 588; x_wconf 72' lang='lat' dir='ltr'>cretia</span> <span class='ocrx_word' id='word_1_40' title='bbox 564 555 689 588; x_wconf 77' lang='lat' dir='ltr'>ducissa</span> <span class='ocrx_word' id='word_1_41' title='bbox 706 555 881 599; x_wconf 84' lang='lat' dir='ltr'>praedicta,</span> <span class='ocrx_word' id='word_1_42' title='bbox 899 567 996 600; x_wconf 85' lang='lat' dir='ltr'>quam</span> <span class='ocrx_word' id='word_1_43' title='bbox 1022 556 1062 589; x_wconf 93' lang='lat' dir='ltr'>ab</span> <span class='ocrx_word' id='word_1_44' title='bbox 1078 557 1192 590; x_wconf 84' lang='lat' dir='ltr'>eodem</span> 
     </span>
     <span class='ocr_line' id='line_1_12' title="bbox 451 608 1193 653; baseline 0.004 -13"><span class='ocrx_word' id='word_1_45' title='bbox 451 608 544 641; x_wconf 84' lang='lat' dir='ltr'>Petro</span> <span class='ocrx_word' id='word_1_46' title='bbox 566 608 719 642; x_wconf 75' lang='lat' dir='ltr'>cardinali</span> <span class='ocrx_word' id='word_1_47' title='bbox 745 609 861 642; x_wconf 89' lang='lat' dir='ltr'>habitis</span> <span class='ocrx_word' id='word_1_48' title='bbox 886 609 990 653; x_wconf 86' lang='lat' dir='ltr'>plene,</span> <span class='ocrx_word' id='word_1_49' title='bbox 1017 609 1141 653; x_wconf 84' lang='lat' dir='ltr'>integre</span> <span class='ocrx_word' id='word_1_50' title='bbox 1163 617 1193 643; x_wconf 88' lang='lat' dir='ltr'>et</span> 
     </span>
     <span class='ocr_line' id='line_1_13' title="bbox 450 661 1192 706; baseline 0.003 -13"><span class='ocrx_word' id='word_1_51' title='bbox 450 661 648 695; x_wconf 83' lang='lat' dir='ltr'>sufficienter</span> <span class='ocrx_word' id='word_1_52' title='bbox 679 661 860 702; x_wconf 76' lang='lat' dir='ltr'>informati,</span> <span class='ocrx_word' id='word_1_53' title='bbox 889 673 925 695; x_wconf 82' lang='lat' dir='ltr'>ae</span> <span class='ocrx_word' id='word_1_54' title='bbox 957 663 1192 706; x_wconf 85' lang='lat' dir='ltr'>praedictarum</span> 
     </span>
     <span class='ocr_line' id='line_1_14' title="bbox 450 715 1194 761; baseline 0.003 -13"><span class='ocrx_word' id='word_1_55' title='bbox 450 721 630 749; x_wconf 89' lang='lat' dir='ltr'>nostrarum</span> <span class='ocrx_word' id='word_1_56' title='bbox 648 715 827 750; x_wconf 83' lang='lat' dir='ltr'>litterarum</span> <span class='ocrx_word' id='word_1_57' title='bbox 842 716 1065 750; x_wconf 78' lang='lat' dir='ltr'>declarationis</span> <span class='ocrx_word' id='word_1_58' title='bbox 1078 723 1109 751; x_wconf 89' lang='lat' dir='ltr'>et</span> <span class='ocrx_word' id='word_1_59' title='bbox 1122 728 1194 761; x_wconf 90' lang='lat' dir='ltr'>pro-</span> 
     </span>
     <span class='ocr_line' id='line_1_15' title="bbox 450 769 1192 812; baseline 0.004 -11"><span class='ocrx_word' id='word_1_60' title='bbox 450 769 656 812; x_wconf 80' lang='lat' dir='ltr'>mulgationis</span> <span class='ocrx_word' id='word_1_61' title='bbox 687 780 895 804; x_wconf 76' lang='lat' dir='ltr'>censurarum</span> <span class='ocrx_word' id='word_1_62' title='bbox 928 775 1038 803; x_wconf 80' lang='lat' dir='ltr'>contra</span> <span class='ocrx_word' id='word_1_63' title='bbox 1070 770 1192 804; x_wconf 87' lang='lat' dir='ltr'>dictum</span> 
     </span>
     <span class='ocr_line' id='line_1_16' title="bbox 450 822 1194 867; baseline 0.004 -13"><span class='ocrx_word' id='word_1_64' title='bbox 450 822 627 863; x_wconf 87' lang='lat' dir='ltr'>Caesarem,</span> <span class='ocrx_word' id='word_1_65' title='bbox 640 828 674 855; x_wconf 92' lang='lat' dir='ltr'>ut</span> <span class='ocrx_word' id='word_1_66' title='bbox 688 824 879 866; x_wconf 77' lang='lat' dir='ltr'>praefertur,</span> <span class='ocrx_word' id='word_1_67' title='bbox 899 823 1133 867; x_wconf 84' lang='lat' dir='ltr'>expeditarum.</span> <span class='ocrx_word' id='word_1_68' title='bbox 1151 829 1194 857; x_wconf 92' lang='lat' dir='ltr'>te-</span> 
     </span>
     <span class='ocr_line' id='line_1_17' title="bbox 450 875 1194 920; baseline 0.003 -12"><span class='ocrx_word' id='word_1_69' title='bbox 450 885 560 908; x_wconf 84' lang='lat' dir='ltr'>norem</span> <span class='ocrx_word' id='word_1_70' title='bbox 579 875 802 919; x_wconf 87' lang='lat' dir='ltr'>praesentihus</span> <span class='ocrx_word' id='word_1_71' title='bbox 827 886 884 919; x_wconf 90' lang='lat' dir='ltr'>pro</span> <span class='ocrx_word' id='word_1_72' title='bbox 909 886 1057 920; x_wconf 84' lang='lat' dir='ltr'>expresso</span> <span class='ocrx_word' id='word_1_73' title='bbox 1075 877 1194 910; x_wconf 83' lang='lat' dir='ltr'>hahen-</span> 
     </span>
     <span class='ocr_line' id='line_1_18' title="bbox 451 928 1195 972; baseline 0.001 -10"><span class='ocrx_word' id='word_1_74' title='bbox 451 935 507 968; x_wconf 77' lang='lat' dir='ltr'>tes,</span> <span class='ocrx_word' id='word_1_75' title='bbox 528 928 636 962; x_wconf 81' lang='lat' dir='ltr'>liabita</span> <span class='ocrx_word' id='word_1_76' title='bbox 659 929 747 972; x_wconf 79' lang='lat' dir='ltr'>prius</span> <span class='ocrx_word' id='word_1_77' title='bbox 771 939 869 972; x_wconf 89' lang='lat' dir='ltr'>super</span> <span class='ocrx_word' id='word_1_78' title='bbox 893 929 942 962; x_wconf 84' lang='lat' dir='ltr'>liis</span> <span class='ocrx_word' id='word_1_79' title='bbox 967 940 1040 963; x_wconf 86' lang='lat' dir='ltr'>cum</span> <span class='ocrx_word' id='word_1_80' title='bbox 1064 939 1195 963; x_wconf 86' lang='lat' dir='ltr'>venera-</span> 
     </span>
     <span class='ocr_line' id='line_1_19' title="bbox 451 981 1195 1017; baseline 0.004 -4"><span class='ocrx_word' id='word_1_81' title='bbox 451 981 567 1014; x_wconf 75' lang='lat' dir='ltr'>bilibus</span> <span class='ocrx_word' id='word_1_82' title='bbox 591 981 742 1016; x_wconf 76' lang='lat' dir='ltr'>sratribus</span> <span class='ocrx_word' id='word_1_83' title='bbox 767 983 885 1016; x_wconf 86' lang='lat' dir='ltr'>nostris</span> <span class='ocrx_word' id='word_1_84' title='bbox 909 983 940 1017; x_wconf 91' lang='lat' dir='ltr'>S.</span> <span class='ocrx_word' id='word_1_85' title='bbox 969 983 1005 1016; x_wconf 81' lang='lat' dir='ltr'>R.</span> <span class='ocrx_word' id='word_1_86' title='bbox 1033 984 1068 1016; x_wconf 89' lang='lat' dir='ltr'>E.</span> <span class='ocrx_word' id='word_1_87' title='bbox 1093 983 1195 1017; x_wconf 87' lang='lat' dir='ltr'>cardi-</span> 
     </span>
     <span class='ocr_line' id='line_1_20' title="bbox 450 1034 1196 1070; baseline 0.003 -2"><span class='ocrx_word' id='word_1_88' title='bbox 450 1034 576 1068; x_wconf 83' lang='lat' dir='ltr'>nalibus</span> <span class='ocrx_word' id='word_1_89' title='bbox 593 1035 625 1068; x_wconf 86' lang='lat' dir='ltr'>in</span> <span class='ocrx_word' id='word_1_90' title='bbox 643 1035 831 1069; x_wconf 83' lang='lat' dir='ltr'>consistorio</span> <span class='ocrx_word' id='word_1_91' title='bbox 849 1042 959 1070; x_wconf 87' lang='lat' dir='ltr'>nostro</span> <span class='ocrx_word' id='word_1_92' title='bbox 979 1042 1102 1070; x_wconf 86' lang='lat' dir='ltr'>secreto</span> <span class='ocrx_word' id='word_1_93' title='bbox 1119 1047 1196 1070; x_wconf 89' lang='lat' dir='ltr'>con-</span> 
     </span>
     <span class='ocr_line' id='line_1_21' title="bbox 450 1087 1195 1127; baseline 0.005 -8"><span class='ocrx_word' id='word_1_94' title='bbox 450 1088 620 1121; x_wconf 88' lang='lat' dir='ltr'>sultatione</span> <span class='ocrx_word' id='word_1_95' title='bbox 637 1094 668 1122; x_wconf 88' lang='lat' dir='ltr'>et</span> <span class='ocrx_word' id='word_1_96' title='bbox 685 1087 917 1123; x_wconf 66' lang='lat' dir='ltr'>deliberatione</span> <span class='ocrx_word' id='word_1_97' title='bbox 935 1096 1072 1127; x_wconf 78' lang='lat' dir='ltr'>matura,</span> <span class='ocrx_word' id='word_1_98' title='bbox 1087 1089 1126 1123; x_wconf 91' lang='lat' dir='ltr'>de</span> <span class='ocrx_word' id='word_1_99' title='bbox 1142 1100 1195 1123; x_wconf 85' lang='lat' dir='ltr'>eo-</span> 
     </span>
     <span class='ocr_line' id='line_1_22' title="bbox 450 1140 1191 1183; baseline 0.003 -10"><span class='ocrx_word' id='word_1_100' title='bbox 450 1151 520 1173; x_wconf 88' lang='lat' dir='ltr'>rum</span> <span class='ocrx_word' id='word_1_101' title='bbox 550 1140 683 1175; x_wconf 88' lang='lat' dir='ltr'>consilio</span> <span class='ocrx_word' id='word_1_102' title='bbox 708 1147 737 1175; x_wconf 92' lang='lat' dir='ltr'>et</span> <span class='ocrx_word' id='word_1_103' title='bbox 763 1142 907 1175; x_wconf 85' lang='lat' dir='ltr'>unanimi</span> <span class='ocrx_word' id='word_1_104' title='bbox 933 1152 1082 1183; x_wconf 85' lang='lat' dir='ltr'>assensu,</span> <span class='ocrx_word' id='word_1_105' title='bbox 1111 1153 1191 1176; x_wconf 87' lang='lat' dir='ltr'>con-</span> 
     </span>
     <span class='ocr_line' id='line_1_23' title="bbox 450 1194 1191 1239; baseline 0.003 -13"><span class='ocrx_word' id='word_1_106' title='bbox 450 1194 625 1235; x_wconf 88' lang='lat' dir='ltr'>ventiones,</span> <span class='ocrx_word' id='word_1_107' title='bbox 647 1200 738 1237; x_wconf 83' lang='lat' dir='ltr'>pacta</span> <span class='ocrx_word' id='word_1_108' title='bbox 762 1201 793 1228; x_wconf 86' lang='lat' dir='ltr'>et</span> <span class='ocrx_word' id='word_1_109' title='bbox 819 1195 958 1239; x_wconf 55' lang='lat' dir='ltr'>capitula</span> <span class='ocrx_word' id='word_1_110' title='bbox 983 1196 1191 1238; x_wconf 67' lang='lat' dir='ltr'>praeinserta,</span> 
     </span>
     <span class='ocr_line' id='line_1_24' title="bbox 450 1247 1190 1292; baseline 0.005 -13"><span class='ocrx_word' id='word_1_111' title='bbox 450 1247 622 1290; x_wconf 85' lang='lat' dir='ltr'>omniaque</span> <span class='ocrx_word' id='word_1_112' title='bbox 646 1248 677 1281; x_wconf 94' lang='lat' dir='ltr'>in</span> <span class='ocrx_word' id='word_1_113' title='bbox 707 1247 768 1281; x_wconf 87' lang='lat' dir='ltr'>illis</span> <span class='ocrx_word' id='word_1_114' title='bbox 794 1259 942 1292; x_wconf 83' lang='lat' dir='ltr'>expressa</span> <span class='ocrx_word' id='word_1_115' title='bbox 967 1255 998 1283; x_wconf 93' lang='lat' dir='ltr'>et</span> <span class='ocrx_word' id='word_1_116' title='bbox 1023 1255 1190 1291; x_wconf 86' lang='lat' dir='ltr'>contenta,</span> 
     </span>
     <span class='ocr_line' id='line_1_25' title="bbox 449 1300 1194 1347; baseline 0.008 -16"><span class='ocrx_word' id='word_1_117' title='bbox 449 1310 531 1342; x_wconf 87' lang='lat' dir='ltr'>quae</span> <span class='ocrx_word' id='word_1_118' title='bbox 549 1300 582 1332; x_wconf 89' lang='lat' dir='ltr'>in</span> <span class='ocrx_word' id='word_1_119' title='bbox 599 1301 755 1334; x_wconf 85' lang='lat' dir='ltr'>universis</span> <span class='ocrx_word' id='word_1_120' title='bbox 773 1307 803 1334; x_wconf 85' lang='lat' dir='ltr'>et</span> <span class='ocrx_word' id='word_1_121' title='bbox 821 1302 955 1345; x_wconf 82' lang='lat' dir='ltr'>singulis</span> <span class='ocrx_word' id='word_1_122' title='bbox 973 1313 1084 1336; x_wconf 86' lang='lat' dir='ltr'>eorum</span> <span class='ocrx_word' id='word_1_123' title='bbox 1103 1314 1194 1347; x_wconf 86' lang='lat' dir='ltr'>prae-</span> 
     </span>
     <span class='ocr_line' id='line_1_26' title="bbox 449 1353 1192 1399; baseline 0.007 -15"><span class='ocrx_word' id='word_1_124' title='bbox 449 1353 592 1386; x_wconf 83' lang='lat' dir='ltr'>sentibus</span> <span class='ocrx_word' id='word_1_125' title='bbox 617 1353 668 1386; x_wconf 84' lang='lat' dir='ltr'>liic</span> <span class='ocrx_word' id='word_1_126' title='bbox 697 1364 754 1398; x_wconf 91' lang='lat' dir='ltr'>pro</span> <span class='ocrx_word' id='word_1_127' title='bbox 779 1355 921 1398; x_wconf 83' lang='lat' dir='ltr'>repetitis</span> <span class='ocrx_word' id='word_1_128' title='bbox 950 1361 979 1388; x_wconf 88' lang='lat' dir='ltr'>et</span> <span class='ocrx_word' id='word_1_129' title='bbox 1006 1355 1192 1399; x_wconf 81' lang='lat' dir='ltr'>singillatim</span> 
     </span>
     <span class='ocr_line' id='line_1_27' title="bbox 450 1407 1193 1443; baseline 0.007 -5"><span class='ocrx_word' id='word_1_130' title='bbox 450 1407 588 1439; x_wconf 88' lang='lat' dir='ltr'>narratis</span> <span class='ocrx_word' id='word_1_131' title='bbox 612 1407 721 1440; x_wconf 81' lang='lat' dir='ltr'>haberi</span> <span class='ocrx_word' id='word_1_132' title='bbox 748 1407 895 1441; x_wconf 71' lang='lat' dir='ltr'>volumus</span> <span class='ocrx_word' id='word_1_133' title='bbox 928 1409 959 1441; x_wconf 93' lang='lat' dir='ltr'>in</span> <span class='ocrx_word' id='word_1_134' title='bbox 990 1409 1139 1443; x_wconf 80' lang='lat' dir='ltr'>omnihus</span> <span class='ocrx_word' id='word_1_135' title='bbox 1164 1416 1193 1443; x_wconf 77' lang='lat' dir='ltr'>et</span> 
     </span>
     <span class='ocr_line' id='line_1_28' title="bbox 452 1461 1193 1502; baseline 0.004 -9"><span class='ocrx_word' id='word_1_136' title='bbox 452 1470 508 1502; x_wconf 85' lang='lat' dir='ltr'>per</span> <span class='ocrx_word' id='word_1_137' title='bbox 527 1461 646 1501; x_wconf 85' lang='lat' dir='ltr'>omnia,</span> <span class='ocrx_word' id='word_1_138' title='bbox 667 1461 752 1494; x_wconf 80' lang='lat' dir='ltr'>iuxta</span> <span class='ocrx_word' id='word_1_139' title='bbox 773 1461 900 1495; x_wconf 87' lang='lat' dir='ltr'>illorum</span> <span class='ocrx_word' id='word_1_140' title='bbox 919 1462 1149 1496; x_wconf 72' lang='lat' dir='ltr'>continentiam</span> <span class='ocrx_word' id='word_1_141' title='bbox 1164 1469 1193 1496; x_wconf 87' lang='lat' dir='ltr'>et</span> 
     </span>
     <span class='ocr_line' id='line_1_29' title="bbox 451 1513 1191 1558; baseline 0.007 -13"><span class='ocrx_word' id='word_1_142' title='bbox 451 1520 610 1552; x_wconf 85' lang='lat' dir='ltr'>tenorem,</span> <span class='ocrx_word' id='word_1_143' title='bbox 638 1513 715 1547; x_wconf 76' lang='lat' dir='ltr'>nihil</span> <span class='ocrx_word' id='word_1_144' title='bbox 743 1514 867 1558; x_wconf 84' lang='lat' dir='ltr'>penitus</span> <span class='ocrx_word' id='word_1_145' title='bbox 892 1514 1020 1555; x_wconf 90' lang='lat' dir='ltr'>addito,</span> <span class='ocrx_word' id='word_1_146' title='bbox 1047 1516 1191 1557; x_wconf 82' lang='lat' dir='ltr'>sublato,</span> 
     </span>
     <span class='ocr_line' id='line_1_30' title="bbox 451 1566 1192 1610; baseline 0.007 -12"><span class='ocrx_word' id='word_1_147' title='bbox 451 1567 496 1598; x_wconf 72' lang='lat' dir='ltr'>vel</span> <span class='ocrx_word' id='word_1_148' title='bbox 522 1566 585 1599; x_wconf 80' lang='lat' dir='ltr'>ulla</span> <span class='ocrx_word' id='word_1_149' title='bbox 609 1578 645 1599; x_wconf 75' lang='lat' dir='ltr'>cx</span> <span class='ocrx_word' id='word_1_150' title='bbox 672 1573 759 1610; x_wconf 83' lang='lat' dir='ltr'>parte</span> <span class='ocrx_word' id='word_1_151' title='bbox 776 1567 1192 1610; x_wconf 68' lang='lat' dir='ltr'>deum-to,autiuunutato,</span> 
     </span>
     <span class='ocr_line' id='line_1_31' title="bbox 451 1620 1194 1665; baseline 0.009 -16"><span class='ocrx_word' id='word_1_152' title='bbox 451 1630 486 1652; x_wconf 77' lang='lat' dir='ltr'>ex</span> <span class='ocrx_word' id='word_1_153' title='bbox 505 1625 589 1653; x_wconf 69' lang='lat' dir='ltr'>certa</span> <span class='ocrx_word' id='word_1_154' title='bbox 613 1626 722 1653; x_wconf 84' lang='lat' dir='ltr'>nostra</span> <span class='ocrx_word' id='word_1_155' title='bbox 746 1620 890 1657; x_wconf 73' lang='lat' dir='ltr'>seientia.</span> <span class='ocrx_word' id='word_1_156' title='bbox 919 1632 954 1654; x_wconf 73' lang='lat' dir='ltr'>ac</span> <span class='ocrx_word' id='word_1_157' title='bbox 980 1621 1019 1654; x_wconf 87' lang='lat' dir='ltr'>dc</span> <span class='ocrx_word' id='word_1_158' title='bbox 1042 1623 1194 1665; x_wconf 83' lang='lat' dir='ltr'>apostoli-</span> 
     </span>
     <span class='ocr_line' id='line_1_32' title="bbox 451 1673 1195 1718; baseline 0.005 -13"><span class='ocrx_word' id='word_1_159' title='bbox 451 1683 504 1706; x_wconf 79' lang='lat' dir='ltr'>cae</span> <span class='ocrx_word' id='word_1_160' title='bbox 529 1673 693 1718; x_wconf 69' lang='lat' dir='ltr'>potcstatis</span> <span class='ocrx_word' id='word_1_161' title='bbox 718 1673 930 1716; x_wconf 82' lang='lat' dir='ltr'>plenitudine,</span> <span class='ocrx_word' id='word_1_162' title='bbox 959 1685 994 1707; x_wconf 82' lang='lat' dir='ltr'>ac</span> <span class='ocrx_word' id='word_1_163' title='bbox 1019 1676 1106 1708; x_wconf 89' lang='lat' dir='ltr'>omni</span> <span class='ocrx_word' id='word_1_164' title='bbox 1130 1686 1195 1709; x_wconf 87' lang='lat' dir='ltr'>mc-</span> 
     </span>
     <span class='ocr_line' id='line_1_33' title="bbox 451 1726 1196 1771; baseline 0.005 -13"><span class='ocrx_word' id='word_1_165' title='bbox 451 1726 520 1759; x_wconf 89' lang='lat' dir='ltr'>liori</span> <span class='ocrx_word' id='word_1_166' title='bbox 547 1727 655 1764; x_wconf 80' lang='lat' dir='ltr'>inodo,</span> <span class='ocrx_word' id='word_1_167' title='bbox 675 1733 890 1770; x_wconf 69' lang='lat' dir='ltr'>acceptamus,</span> <span class='ocrx_word' id='word_1_168' title='bbox 918 1728 1141 1771; x_wconf 76' lang='lat' dir='ltr'>omologamus</span> <span class='ocrx_word' id='word_1_169' title='bbox 1165 1735 1196 1763; x_wconf 88' lang='lat' dir='ltr'>et</span> 
     </span>
     <span class='ocr_line' id='line_1_34' title="bbox 451 1780 1191 1826; baseline 0.008 -15"><span class='ocrx_word' id='word_1_170' title='bbox 451 1780 656 1820; x_wconf 70' lang='lat' dir='ltr'>r.-1titi.·.·1wus‚</span> <span class='ocrx_word' id='word_1_171' title='bbox 671 1781 787 1823; x_wconf 84' lang='lat' dir='ltr'>illaque</span> <span class='ocrx_word' id='word_1_172' title='bbox 805 1786 981 1825; x_wconf 67' lang='lat' dir='ltr'>acceptata.</span> <span class='ocrx_word' id='word_1_173' title='bbox 998 1783 1191 1826; x_wconf 83' lang='lat' dir='ltr'>omologata.</span> 
     </span>
     <span class='ocr_line' id='line_1_35' title="bbox 451 1835 1195 1878; baseline 0.005 -13"><span class='ocrx_word' id='word_1_174' title='bbox 451 1840 537 1873; x_wconf 80' lang='lat' dir='ltr'>rata,</span> <span class='ocrx_word' id='word_1_175' title='bbox 564 1845 600 1866; x_wconf 64' lang='lat' dir='ltr'>as·</span> <span class='ocrx_word' id='word_1_176' title='bbox 633 1840 720 1878; x_wconf 79' lang='lat' dir='ltr'>grata</span> <span class='ocrx_word' id='word_1_177' title='bbox 756 1835 929 1871; x_wconf 78' lang='lat' dir='ltr'>habemus,</span> <span class='ocrx_word' id='word_1_178' title='bbox 958 1835 1134 1869; x_wconf 70' lang='lat' dir='ltr'>validamus</span> <span class='ocrx_word' id='word_1_179' title='bbox 1164 1843 1195 1870; x_wconf 83' lang='lat' dir='ltr'>et</span> 
     </span>
     <span class='ocr_line' id='line_1_36' title="bbox 450 1888 1195 1932; baseline 0.004 -13"><span class='ocrx_word' id='word_1_180' title='bbox 450 1888 692 1926; x_wconf 76' lang='lat' dir='ltr'>confirmamus,</span> <span class='ocrx_word' id='word_1_181' title='bbox 713 1898 838 1921; x_wconf 73' lang='lat' dir='ltr'>necnon</span> <span class='ocrx_word' id='word_1_182' title='bbox 862 1898 973 1921; x_wconf 73' lang='lat' dir='ltr'>omnes</span> <span class='ocrx_word' id='word_1_183' title='bbox 998 1895 1029 1922; x_wconf 90' lang='lat' dir='ltr'>ct</span> <span class='ocrx_word' id='word_1_184' title='bbox 1053 1889 1195 1932; x_wconf 74' lang='lat' dir='ltr'>singulos</span> 
     </span>
     <span class='ocr_line' id='line_1_37' title="bbox 451 1940 1191 1984; baseline 0.004 -11"><span class='ocrx_word' id='word_1_185' title='bbox 451 1948 514 1973; x_wconf 76' lang='lat' dir='ltr'>tarn</span> <span class='ocrx_word' id='word_1_186' title='bbox 538 1940 627 1980; x_wconf 82' lang='lat' dir='ltr'>iuris,</span> <span class='ocrx_word' id='word_1_187' title='bbox 648 1952 743 1984; x_wconf 83' lang='lat' dir='ltr'>quain</span> <span class='ocrx_word' id='word_1_188' title='bbox 763 1942 846 1977; x_wconf 73' lang='lat' dir='ltr'>farti.</span> <span class='ocrx_word' id='word_1_189' title='bbox 875 1953 911 1975; x_wconf 83' lang='lat' dir='ltr'>ac</span> <span class='ocrx_word' id='word_1_190' title='bbox 937 1943 1191 1983; x_wconf 81' lang='lat' dir='ltr'>solemnitatum,</span> 
     </span>
     <span class='ocr_line' id='line_1_38' title="bbox 449 1993 1195 2039; baseline 0.007 -15"><span class='ocrx_word' id='word_1_191' title='bbox 449 1994 543 2027; x_wconf 85' lang='lat' dir='ltr'>etiarn</span> <span class='ocrx_word' id='word_1_192' title='bbox 568 1993 838 2032; x_wconf 78' lang='lat' dir='ltr'>substantialium,</span> <span class='ocrx_word' id='word_1_193' title='bbox 857 2006 892 2028; x_wconf 71' lang='lat' dir='ltr'>at·</span> <span class='ocrx_word' id='word_1_194' title='bbox 917 2005 1195 2039; x_wconf 78' lang='lat' dir='ltr'>quarnuirumque</span> 
     </span>
     <span class='ocr_line' id='line_1_39' title="bbox 450 2046 1194 2091; baseline 0.004 -11"><span class='ocrx_word' id='word_1_195' title='bbox 450 2046 684 2080; x_wconf 82' lang='lat' dir='ltr'>inliabilitatuiu</span> <span class='ocrx_word' id='word_1_196' title='bbox 711 2048 749 2081; x_wconf 86' lang='lat' dir='ltr'>ad</span> <span class='ocrx_word' id='word_1_197' title='bbox 775 2047 888 2091; x_wconf 81' lang='lat' dir='ltr'>quovis</span> <span class='ocrx_word' id='word_1_198' title='bbox 923 2054 1014 2082; x_wconf 83' lang='lat' dir='ltr'>actus</span> <span class='ocrx_word' id='word_1_199' title='bbox 1039 2048 1194 2083; x_wconf 80' lang='lat' dir='ltr'>iuridiros</span> 
     </span>
     <span class='ocr_line' id='line_1_40' title="bbox 450 2101 1195 2145; baseline 0.003 -12"><span class='ocrx_word' id='word_1_200' title='bbox 450 2101 609 2134; x_wconf 75' lang='lat' dir='ltr'>faciendos</span> <span class='ocrx_word' id='word_1_201' title='bbox 628 2101 713 2134; x_wconf 83' lang='lat' dir='ltr'>iuxta</span> <span class='ocrx_word' id='word_1_202' title='bbox 731 2102 864 2134; x_wconf 80' lang='lat' dir='ltr'>sormam</span> <span class='ocrx_word' id='word_1_203' title='bbox 883 2101 1120 2145; x_wconf 80' lang='lat' dir='ltr'>praedictarum</span> <span class='ocrx_word' id='word_1_204' title='bbox 1140 2114 1195 2135; x_wconf 85' lang='lat' dir='ltr'>tio·</span> 
     </span>
     <span class='ocr_line' id='line_1_41' title="bbox 450 2155 1195 2192; baseline 0.005 -6"><span class='ocrx_word' id='word_1_205' title='bbox 450 2157 588 2188; x_wconf 76' lang='lat' dir='ltr'>strarum</span> <span class='ocrx_word' id='word_1_206' title='bbox 607 2155 798 2192; x_wconf 80' lang='lat' dir='ltr'>litterarum,</span> <span class='ocrx_word' id='word_1_207' title='bbox 818 2155 913 2187; x_wconf 69' lang='lat' dir='ltr'>vtiain</span> <span class='ocrx_word' id='word_1_208' title='bbox 933 2155 973 2187; x_wconf 81' lang='lat' dir='ltr'>ol)</span> <span class='ocrx_word' id='word_1_209' title='bbox 990 2166 1142 2188; x_wconf 72' lang='lat' dir='ltr'>censuras</span> <span class='ocrx_word' id='word_1_210' title='bbox 1166 2162 1195 2190; x_wconf 82' lang='lat' dir='ltr'>ct</span> 
     </span>
     <span class='ocr_line' id='line_1_42' title="bbox 451 2208 1192 2252; baseline 0.004 -13"><span class='ocrx_word' id='word_1_211' title='bbox 451 2218 570 2251; x_wconf 81' lang='lat' dir='ltr'>poenas</span> <span class='ocrx_word' id='word_1_212' title='bbox 588 2208 764 2252; x_wconf 71' lang='lat' dir='ltr'>praedit-tas</span> <span class='ocrx_word' id='word_1_213' title='bbox 782 2208 924 2241; x_wconf 77' lang='lat' dir='ltr'>incursas</span> <span class='ocrx_word' id='word_1_214' title='bbox 941 2214 1192 2249; x_wconf 71' lang='lat' dir='ltr'>contractarum,</span> 
     </span>
     <span class='ocr_line' id='line_1_43' title="bbox 450 2261 1195 2306; baseline 0.005 -14"><span class='ocrx_word' id='word_1_215' title='bbox 450 2262 534 2294; x_wconf 83' lang='lat' dir='ltr'>etad</span> <span class='ocrx_word' id='word_1_216' title='bbox 561 2261 733 2306; x_wconf 85' lang='lat' dir='ltr'>praemissa</span> <span class='ocrx_word' id='word_1_217' title='bbox 760 2261 997 2305; x_wconf 80' lang='lat' dir='ltr'>consequenda.</span> <span class='ocrx_word' id='word_1_218' title='bbox 1025 2268 1056 2295; x_wconf 83' lang='lat' dir='ltr'>ct</span> <span class='ocrx_word' id='word_1_219' title='bbox 1091 2273 1195 2306; x_wconf 73' lang='lat' dir='ltr'>respe—</span> 
     </span>
     <span class='ocr_line' id='line_1_44' title="bbox 451 2315 1195 2359; baseline 0.004 -13"><span class='ocrx_word' id='word_1_220' title='bbox 451 2315 531 2347; x_wconf 72' lang='lat' dir='ltr'>ctive</span> <span class='ocrx_word' id='word_1_221' title='bbox 556 2315 700 2348; x_wconf 72' lang='lat' dir='ltr'>iacienda</span> <span class='ocrx_word' id='word_1_222' title='bbox 725 2315 831 2347; x_wconf 76' lang='lat' dir='ltr'>forsan</span> <span class='ocrx_word' id='word_1_223' title='bbox 857 2315 1032 2354; x_wconf 78' lang='lat' dir='ltr'>obstantes,</span> <span class='ocrx_word' id='word_1_224' title='bbox 1053 2315 1195 2359; x_wconf 83' lang='lat' dir='ltr'>aliosque</span> 
     </span>
     <span class='ocr_line' id='line_1_45' title="bbox 451 2367 1192 2411; baseline 0.001 -12"><span class='ocrx_word' id='word_1_225' title='bbox 451 2369 605 2405; x_wconf 75' lang='lat' dir='ltr'>desectus,</span> <span class='ocrx_word' id='word_1_226' title='bbox 624 2368 648 2400; x_wconf 84' lang='lat' dir='ltr'>si</span> <span class='ocrx_word' id='word_1_227' title='bbox 667 2368 721 2411; x_wconf 88' lang='lat' dir='ltr'>qui</span> <span class='ocrx_word' id='word_1_228' title='bbox 748 2368 975 2401; x_wconf 69' lang='lat' dir='ltr'>intervenerint</span> <span class='ocrx_word' id='word_1_229' title='bbox 1002 2367 1031 2400; x_wconf 90' lang='lat' dir='ltr'>in</span> <span class='ocrx_word' id='word_1_230' title='bbox 1058 2368 1192 2406; x_wconf 78' lang='lat' dir='ltr'>eisdem,</span> 
     </span>
     <span class='ocr_line' id='line_1_46' title="bbox 451 2422 1195 2466; baseline 0.001 -13"><span class='ocrx_word' id='word_1_231' title='bbox 451 2422 646 2465; x_wconf 69' lang='lat' dir='ltr'>supplemus.</span> <span class='ocrx_word' id='word_1_232' title='bbox 669 2434 704 2454; x_wconf 80' lang='lat' dir='ltr'>ar</span> <span class='ocrx_word' id='word_1_233' title='bbox 730 2422 812 2466; x_wconf 78' lang='lat' dir='ltr'>ipsas</span> <span class='ocrx_word' id='word_1_234' title='bbox 838 2422 1079 2461; x_wconf 69' lang='lat' dir='ltr'>conventiones,</span> <span class='ocrx_word' id='word_1_235' title='bbox 1104 2429 1195 2466; x_wconf 68' lang='lat' dir='ltr'>pat-ta</span> 
     </span>
     <span class='ocr_line' id='line_1_47' title="bbox 451 2475 1192 2519; baseline 0.005 -15"><span class='ocrx_word' id='word_1_236' title='bbox 451 2482 481 2507; x_wconf 72' lang='lat' dir='ltr'>vt</span> <span class='ocrx_word' id='word_1_237' title='bbox 505 2476 642 2519; x_wconf 71' lang='lat' dir='ltr'>capitula</span> <span class='ocrx_word' id='word_1_238' title='bbox 667 2477 812 2508; x_wconf 77' lang='lat' dir='ltr'>eamdent</span> <span class='ocrx_word' id='word_1_239' title='bbox 840 2475 901 2515; x_wconf 63' lang='lat' dir='ltr'>vim</span> <span class='ocrx_word' id='word_1_240' title='bbox 931 2482 958 2509; x_wconf 81' lang='lat' dir='ltr'>et</span> <span class='ocrx_word' id='word_1_241' title='bbox 991 2476 1192 2513; x_wconf 70' lang='lat' dir='ltr'>ellit-aviam.</span> 
     </span>
    </p>
   </div>
   <div class='ocr_carea' id='block_1_4' title="bbox 452 2581 1195 2676">
    <p class='ocr_par' dir='ltr' id='par_1_4' title="bbox 452 2581 1195 2676">
     <span class='ocr_line' id='line_1_48' title="bbox 452 2581 1194 2619; baseline 0.003 -7"><span class='ocrx_word' id='word_1_242' title='bbox 452 2591 525 2612; x_wconf 87' lang='lat' dir='ltr'>uere</span> <span class='ocrx_word' id='word_1_243' title='bbox 551 2581 719 2619; x_wconf 81' lang='lat' dir='ltr'>volumus,</span> <span class='ocrx_word' id='word_1_244' title='bbox 748 2581 950 2614; x_wconf 79' lang='lat' dir='ltr'>derernimus</span> <span class='ocrx_word' id='word_1_245' title='bbox 981 2587 1012 2615; x_wconf 89' lang='lat' dir='ltr'>et</span> <span class='ocrx_word' id='word_1_246' title='bbox 1045 2581 1194 2615; x_wconf 79' lang='lat' dir='ltr'>deelara-</span> 
     </span>
     <span class='ocr_line' id='line_1_49' title="bbox 453 2633 1195 2676; baseline 0.004 -11"><span class='ocrx_word' id='word_1_247' title='bbox 453 2643 534 2672; x_wconf 63' lang='lat' dir='ltr'>ttiuS,</span> <span class='ocrx_word' id='word_1_248' title='bbox 562 2644 656 2676; x_wconf 85' lang='lat' dir='ltr'>quani</span> <span class='ocrx_word' id='word_1_249' title='bbox 681 2640 711 2666; x_wconf 73' lang='lat' dir='ltr'>et</span> <span class='ocrx_word' id='word_1_250' title='bbox 736 2634 821 2676; x_wconf 77' lang='lat' dir='ltr'>quod</span> <span class='ocrx_word' id='word_1_251' title='bbox 840 2634 993 2668; x_wconf 79' lang='lat' dir='ltr'>haberent</span> <span class='ocrx_word' id='word_1_252' title='bbox 1017 2639 1048 2668; x_wconf 79' lang='lat' dir='ltr'>ct</span> <span class='ocrx_word' id='word_1_253' title='bbox 1071 2633 1195 2668; x_wconf 83' lang='lat' dir='ltr'>obtine-</span> 
     </span>
    </p>
   </div>
   <div class='ocr_carea' id='block_1_5' title="bbox 1210 1258 1214 2661">
    <p class='ocr_par' dir='ltr' id='par_1_5' title="bbox 1210 1258 1214 2661">
     <span class='ocr_line' id='line_1_50' title="bbox 1210 1258 1214 2661; baseline 0 0"><span class='ocrx_word' id='word_1_254' title='bbox 1210 1258 1214 2661; x_wconf 95' lang='lat' dir='ltr'> </span> 
     </span>
    </p>
   </div>
   <div class='ocr_carea' id='block_1_6' title="bbox 1033 242 1392 267">
    <p class='ocr_par' dir='ltr' id='par_1_6' title="bbox 1033 242 1392 267">
     <span class='ocr_line' id='line_1_51' title="bbox 1033 242 1392 267; baseline 0.003 -1"><span class='ocrx_word' id='word_1_255' title='bbox 1033 242 1218 266; x_wconf 79' lang='lat' dir='ltr'><strong>BULLARIUM</strong></span> <span class='ocrx_word' id='word_1_256' title='bbox 1237 242 1392 267; x_wconf 73' lang='lat' dir='ltr'>ROMANUM</span> 
     </span>
    </p>
   </div>
   <div class='ocr_carea' id='block_1_7' title="bbox 1227 290 1977 1453">
    <p class='ocr_par' dir='ltr' id='par_1_7' title="bbox 1227 290 1977 1293">
     <span class='ocr_line' id='line_1_52' title="bbox 1228 290 1972 335; baseline 0.004 -12"><span class='ocrx_word' id='word_1_257' title='bbox 1228 296 1310 332; x_wconf 86' lang='lat' dir='ltr'>rent,</span> <span class='ocrx_word' id='word_1_258' title='bbox 1338 290 1364 323; x_wconf 91' lang='lat' dir='ltr'>si</span> <span class='ocrx_word' id='word_1_259' title='bbox 1387 291 1531 335; x_wconf 85' lang='lat' dir='ltr'>nosipsi,</span> <span class='ocrx_word' id='word_1_260' title='bbox 1556 291 1596 324; x_wconf 89' lang='lat' dir='ltr'>de</span> <span class='ocrx_word' id='word_1_261' title='bbox 1619 292 1714 325; x_wconf 87' lang='lat' dir='ltr'>simili</span> <span class='ocrx_word' id='word_1_262' title='bbox 1735 292 1872 326; x_wconf 81' lang='lat' dir='ltr'>fratrum</span> <span class='ocrx_word' id='word_1_263' title='bbox 1895 303 1972 328; x_wconf 87' lang='lat' dir='ltr'>con-</span> 
     </span>
     <span class='ocr_line' id='line_1_53' title="bbox 1227 343 1972 389; baseline 0.007 -13"><span class='ocrx_word' id='word_1_264' title='bbox 1227 343 1298 377; x_wconf 89' lang='lat' dir='ltr'>silio</span> <span class='ocrx_word' id='word_1_265' title='bbox 1323 349 1355 377; x_wconf 85' lang='lat' dir='ltr'>et</span> <span class='ocrx_word' id='word_1_266' title='bbox 1378 354 1521 385; x_wconf 85' lang='lat' dir='ltr'>assensu,</span> <span class='ocrx_word' id='word_1_267' title='bbox 1541 345 1594 378; x_wconf 84' lang='lat' dir='ltr'>itta</span> <span class='ocrx_word' id='word_1_268' title='bbox 1619 356 1693 379; x_wconf 89' lang='lat' dir='ltr'>cum</span> <span class='ocrx_word' id='word_1_269' title='bbox 1717 346 1880 389; x_wconf 82' lang='lat' dir='ltr'>praedicto</span> <span class='ocrx_word' id='word_1_270' title='bbox 1897 346 1972 381; x_wconf 85' lang='lat' dir='ltr'>Cae-</span> 
     </span>
     <span class='ocr_line' id='line_1_54' title="bbox 1227 397 1972 441; baseline 0.004 -12"><span class='ocrx_word' id='word_1_271' title='bbox 1227 406 1297 430; x_wconf 83' lang='lat' dir='ltr'>sare</span> <span class='ocrx_word' id='word_1_272' title='bbox 1326 397 1515 430; x_wconf 82' lang='lat' dir='ltr'>nominatim</span> <span class='ocrx_word' id='word_1_273' title='bbox 1548 404 1579 431; x_wconf 89' lang='lat' dir='ltr'>et</span> <span class='ocrx_word' id='word_1_274' title='bbox 1612 398 1644 430; x_wconf 90' lang='lat' dir='ltr'>in</span> <span class='ocrx_word' id='word_1_275' title='bbox 1674 398 1801 441; x_wconf 87' lang='lat' dir='ltr'>specie,</span> <span class='ocrx_word' id='word_1_276' title='bbox 1828 399 1972 434; x_wconf 85' lang='lat' dir='ltr'>etiam.a</span> 
     </span>
     <span class='ocr_line' id='line_1_55' title="bbox 1228 449 1973 494; baseline 0.003 -12"><span class='ocrx_word' id='word_1_277' title='bbox 1228 449 1401 494; x_wconf 83' lang='lat' dir='ltr'>principio,</span> <span class='ocrx_word' id='word_1_278' title='bbox 1429 455 1461 483; x_wconf 88' lang='lat' dir='ltr'>et</span> <span class='ocrx_word' id='word_1_279' title='bbox 1493 450 1681 494; x_wconf 82' lang='lat' dir='ltr'>priusquam</span> <span class='ocrx_word' id='word_1_280' title='bbox 1709 450 1813 484; x_wconf 86' lang='lat' dir='ltr'>dictae</span> <span class='ocrx_word' id='word_1_281' title='bbox 1842 457 1973 485; x_wconf 84' lang='lat' dir='ltr'>nostrae</span> 
     </span>
     <span class='ocr_line' id='line_1_56' title="bbox 1228 502 1973 548; baseline 0.004 -14"><span class='ocrx_word' id='word_1_282' title='bbox 1228 502 1352 535; x_wconf 83' lang='lat' dir='ltr'>litterae</span> <span class='ocrx_word' id='word_1_283' title='bbox 1376 508 1588 543; x_wconf 84' lang='lat' dir='ltr'>emanassent,</span> <span class='ocrx_word' id='word_1_284' title='bbox 1610 502 1823 544; x_wconf 87' lang='lat' dir='ltr'>inivissemus,</span> <span class='ocrx_word' id='word_1_285' title='bbox 1850 514 1973 548; x_wconf 88' lang='lat' dir='ltr'>nosque</span> 
     </span>
     <span class='ocr_line' id='line_1_57' title="bbox 1227 556 1974 599; baseline 0.005 -12"><span class='ocrx_word' id='word_1_286' title='bbox 1227 556 1332 599; x_wconf 87' lang='lat' dir='ltr'>ipsos,</span> <span class='ocrx_word' id='word_1_287' title='bbox 1359 567 1395 589; x_wconf 87' lang='lat' dir='ltr'>ac</span> <span class='ocrx_word' id='word_1_288' title='bbox 1419 566 1621 590; x_wconf 84' lang='lat' dir='ltr'>successores</span> <span class='ocrx_word' id='word_1_289' title='bbox 1653 563 1781 590; x_wconf 87' lang='lat' dir='ltr'>nostros</span> <span class='ocrx_word' id='word_1_290' title='bbox 1814 557 1974 591; x_wconf 85' lang='lat' dir='ltr'>Romanos</span> 
     </span>
     <span class='ocr_line' id='line_1_58' title="bbox 1227 609 1972 654; baseline 0.003 -12"><span class='ocrx_word' id='word_1_291' title='bbox 1227 609 1409 650; x_wconf 79' lang='lat' dir='ltr'>Pontifices,</span> <span class='ocrx_word' id='word_1_292' title='bbox 1429 609 1610 654; x_wconf 77' lang='lat' dir='ltr'>Sedenique</span> <span class='ocrx_word' id='word_1_293' title='bbox 1634 616 1665 643; x_wconf 90' lang='lat' dir='ltr'>et</span> <span class='ocrx_word' id='word_1_294' title='bbox 1688 610 1854 645; x_wconf 81' lang='lat' dir='ltr'>cameram</span> <span class='ocrx_word' id='word_1_295' title='bbox 1879 621 1972 654; x_wconf 84' lang='lat' dir='ltr'>prae-</span> 
     </span>
     <span class='ocr_line' id='line_1_59' title="bbox 1228 662 1974 708; baseline 0.003 -13"><span class='ocrx_word' id='word_1_296' title='bbox 1228 662 1348 703; x_wconf 86' lang='lat' dir='ltr'>dictas,</span> <span class='ocrx_word' id='word_1_297' title='bbox 1376 663 1571 707; x_wconf 86' lang='lat' dir='ltr'>illorumque</span> <span class='ocrx_word' id='word_1_298' title='bbox 1596 663 1680 697; x_wconf 83' lang='lat' dir='ltr'>bona</span> <span class='ocrx_word' id='word_1_299' title='bbox 1706 664 1815 698; x_wconf 83' lang='lat' dir='ltr'>omnia</span> <span class='ocrx_word' id='word_1_300' title='bbox 1838 675 1896 708; x_wconf 92' lang='lat' dir='ltr'>pro</span> <span class='ocrx_word' id='word_1_301' title='bbox 1921 675 1974 697; x_wconf 87' lang='lat' dir='ltr'>eo-</span> 
     </span>
     <span class='ocr_line' id='line_1_60' title="bbox 1228 716 1975 761; baseline 0.005 -13"><span class='ocrx_word' id='word_1_302' title='bbox 1228 727 1298 749; x_wconf 90' lang='lat' dir='ltr'>rum</span> <span class='ocrx_word' id='word_1_303' title='bbox 1323 716 1535 757; x_wconf 80' lang='lat' dir='ltr'>observantia,</span> <span class='ocrx_word' id='word_1_304' title='bbox 1555 717 1640 751; x_wconf 84' lang='lat' dir='ltr'>iuxta</span> <span class='ocrx_word' id='word_1_305' title='bbox 1659 718 1898 761; x_wconf 90' lang='lat' dir='ltr'>praedictorum</span> <span class='ocrx_word' id='word_1_306' title='bbox 1923 729 1975 752; x_wconf 86' lang='lat' dir='ltr'>ca-</span> 
     </span>
     <span class='ocr_line' id='line_1_61' title="bbox 1228 769 1975 814; baseline 0.003 -12"><span class='ocrx_word' id='word_1_307' title='bbox 1228 769 1403 813; x_wconf 89' lang='lat' dir='ltr'>pitulorum</span> <span class='ocrx_word' id='word_1_308' title='bbox 1420 770 1569 812; x_wconf 78' lang='lat' dir='ltr'>formam,</span> <span class='ocrx_word' id='word_1_309' title='bbox 1589 771 1772 814; x_wconf 85' lang='lat' dir='ltr'>specialiter</span> <span class='ocrx_word' id='word_1_310' title='bbox 1795 771 1975 814; x_wconf 80' lang='lat' dir='ltr'>obligamus</span> 
     </span>
     <span class='ocr_line' id='line_1_62' title="bbox 1228 824 1975 868; baseline 0.004 -13"><span class='ocrx_word' id='word_1_311' title='bbox 1228 829 1259 856; x_wconf 90' lang='lat' dir='ltr'>et</span> <span class='ocrx_word' id='word_1_312' title='bbox 1283 824 1547 868; x_wconf 77' lang='lat' dir='ltr'>hypothecamus,</span> <span class='ocrx_word' id='word_1_313' title='bbox 1560 834 1657 867; x_wconf 88' lang='lat' dir='ltr'>super</span> <span class='ocrx_word' id='word_1_314' title='bbox 1681 824 1800 867; x_wconf 90' lang='lat' dir='ltr'>quibus</span> <span class='ocrx_word' id='word_1_315' title='bbox 1824 824 1975 858; x_wconf 89' lang='lat' dir='ltr'>omnibus</span> 
     </span>
     <span class='ocr_line' id='line_1_63' title="bbox 1229 875 1973 921; baseline 0.003 -12"><span class='ocrx_word' id='word_1_316' title='bbox 1229 881 1259 909; x_wconf 88' lang='lat' dir='ltr'>et</span> <span class='ocrx_word' id='word_1_317' title='bbox 1282 877 1427 919; x_wconf 81' lang='lat' dir='ltr'>singulis,</span> <span class='ocrx_word' id='word_1_318' title='bbox 1443 886 1499 909; x_wconf 90' lang='lat' dir='ltr'>seu</span> <span class='ocrx_word' id='word_1_319' title='bbox 1524 875 1669 920; x_wconf 87' lang='lat' dir='ltr'>ipsorum</span> <span class='ocrx_word' id='word_1_320' title='bbox 1693 876 1867 921; x_wconf 80' lang='lat' dir='ltr'>aliquibus,</span> <span class='ocrx_word' id='word_1_321' title='bbox 1879 878 1973 911; x_wconf 82' lang='lat' dir='ltr'>etiam</span> 
     </span>
     <span class='ocr_line' id='line_1_64' title="bbox 1228 929 1972 973; baseline 0.003 -11"><span class='ocrx_word' id='word_1_322' title='bbox 1228 939 1451 973; x_wconf 85' lang='lat' dir='ltr'>quascumque</span> <span class='ocrx_word' id='word_1_323' title='bbox 1482 929 1689 973; x_wconf 83' lang='lat' dir='ltr'>particulares</span> <span class='ocrx_word' id='word_1_324' title='bbox 1722 930 1972 972; x_wconf 86' lang='lat' dir='ltr'>concessiones,</span> 
     </span>
     <span class='ocr_line' id='line_1_65' title="bbox 1228 982 1974 1026; baseline 0.003 -11"><span class='ocrx_word' id='word_1_325' title='bbox 1228 993 1284 1016; x_wconf 88' lang='lat' dir='ltr'>seu</span> <span class='ocrx_word' id='word_1_326' title='bbox 1316 982 1534 1026; x_wconf 84' lang='lat' dir='ltr'>expeditiones</span> <span class='ocrx_word' id='word_1_327' title='bbox 1570 983 1603 1015; x_wconf 90' lang='lat' dir='ltr'>in</span> <span class='ocrx_word' id='word_1_328' title='bbox 1636 983 1738 1016; x_wconf 81' lang='lat' dir='ltr'>forma</span> <span class='ocrx_word' id='word_1_329' title='bbox 1774 982 1866 1017; x_wconf 90' lang='lat' dir='ltr'>solita</span> <span class='ocrx_word' id='word_1_330' title='bbox 1901 994 1974 1017; x_wconf 81' lang='lat' dir='ltr'>curn</span> 
     </span>
     <span class='ocr_line' id='line_1_66' title="bbox 1228 1035 1977 1081; baseline 0 -11"><span class='ocrx_word' id='word_1_331' title='bbox 1228 1036 1379 1070; x_wconf 83' lang='lat' dir='ltr'>clausulis</span> <span class='ocrx_word' id='word_1_332' title='bbox 1397 1042 1428 1069; x_wconf 86' lang='lat' dir='ltr'>ct</span> <span class='ocrx_word' id='word_1_333' title='bbox 1452 1035 1591 1070; x_wconf 81' lang='lat' dir='ltr'>decretis</span> <span class='ocrx_word' id='word_1_334' title='bbox 1608 1037 1796 1070; x_wconf 86' lang='lat' dir='ltr'>necessariis</span> <span class='ocrx_word' id='word_1_335' title='bbox 1812 1042 1843 1070; x_wconf 89' lang='lat' dir='ltr'>et</span> <span class='ocrx_word' id='word_1_336' title='bbox 1860 1047 1977 1081; x_wconf 90' lang='lat' dir='ltr'>oppor-</span> 
     </span>
     <span class='ocr_line' id='line_1_67' title="bbox 1228 1089 1976 1134; baseline 0 -11"><span class='ocrx_word' id='word_1_337' title='bbox 1228 1089 1326 1129; x_wconf 84' lang='lat' dir='ltr'>tunis,</span> <span class='ocrx_word' id='word_1_338' title='bbox 1352 1089 1467 1130; x_wconf 90' lang='lat' dir='ltr'>simul,</span> <span class='ocrx_word' id='word_1_339' title='bbox 1495 1090 1543 1123; x_wconf 87' lang='lat' dir='ltr'>vel</span> <span class='ocrx_word' id='word_1_340' title='bbox 1568 1089 1606 1122; x_wconf 88' lang='lat' dir='ltr'>ad</span> <span class='ocrx_word' id='word_1_341' title='bbox 1632 1095 1853 1133; x_wconf 85' lang='lat' dir='ltr'>praesentem,</span> <span class='ocrx_word' id='word_1_342' title='bbox 1880 1095 1976 1134; x_wconf 89' lang='lat' dir='ltr'>prout</span> 
     </span>
     <span class='ocr_line' id='line_1_68' title="bbox 1227 1142 1976 1188; baseline 0.003 -13"><span class='ocrx_word' id='word_1_343' title='bbox 1227 1142 1331 1176; x_wconf 89' lang='lat' dir='ltr'>eidem</span> <span class='ocrx_word' id='word_1_344' title='bbox 1357 1143 1482 1177; x_wconf 86' lang='lat' dir='ltr'>Caesari</span> <span class='ocrx_word' id='word_1_345' title='bbox 1507 1143 1608 1187; x_wconf 79' lang='lat' dir='ltr'>magis</span> <span class='ocrx_word' id='word_1_346' title='bbox 1632 1143 1801 1187; x_wconf 83' lang='lat' dir='ltr'>placuerit,</span> <span class='ocrx_word' id='word_1_347' title='bbox 1828 1149 1860 1177; x_wconf 84' lang='lat' dir='ltr'>et</span> <span class='ocrx_word' id='word_1_348' title='bbox 1883 1154 1976 1188; x_wconf 89' lang='lat' dir='ltr'>expe-</span> 
     </span>
     <span class='ocr_line' id='line_1_69' title="bbox 1228 1196 1975 1231; baseline 0.001 -2"><span class='ocrx_word' id='word_1_349' title='bbox 1228 1196 1320 1229; x_wconf 91' lang='lat' dir='ltr'>diens</span> <span class='ocrx_word' id='word_1_350' title='bbox 1336 1206 1404 1229; x_wconf 87' lang='lat' dir='ltr'>essc</span> <span class='ocrx_word' id='word_1_351' title='bbox 1419 1196 1578 1230; x_wconf 85' lang='lat' dir='ltr'>videbitur</span> <span class='ocrx_word' id='word_1_352' title='bbox 1594 1206 1653 1231; x_wconf 90' lang='lat' dir='ltr'>nos</span> <span class='ocrx_word' id='word_1_353' title='bbox 1670 1196 1812 1231; x_wconf 80' lang='lat' dir='ltr'>facturos</span> <span class='ocrx_word' id='word_1_354' title='bbox 1829 1197 1860 1230; x_wconf 93' lang='lat' dir='ltr'>in</span> <span class='ocrx_word' id='word_1_355' title='bbox 1877 1196 1975 1231; x_wconf 89' lang='lat' dir='ltr'>verbo</span> 
     </span>
     <span class='ocr_line' id='line_1_70' title="bbox 1228 1249 1763 1293; baseline 0 -10"><span class='ocrx_word' id='word_1_356' title='bbox 1228 1249 1365 1283; x_wconf 85' lang='lat' dir='ltr'>Romani</span> <span class='ocrx_word' id='word_1_357' title='bbox 1390 1249 1536 1283; x_wconf 85' lang='lat' dir='ltr'>Pontifici</span> <span class='ocrx_word' id='word_1_358' title='bbox 1561 1249 1763 1293; x_wconf 81' lang='lat' dir='ltr'>pollicemur.</span> 
     </span>
    </p>

    <p class='ocr_par' dir='ltr' id='par_1_8' title="bbox 1228 1301 1974 1453">
     <span class='ocr_line' id='line_1_71' title="bbox 1273 1301 1973 1346; baseline 0.004 -12"><span class='ocrx_word' id='word_1_359' title='bbox 1273 1301 1287 1343; x_wconf 61' lang='lat' dir='ltr'>,Q</span> <span class='ocrx_word' id='word_1_360' title='bbox 1304 1302 1334 1335; x_wconf 63' lang='lat' dir='ltr'>Ji.</span> <span class='ocrx_word' id='word_1_361' title='bbox 1355 1302 1393 1335; x_wconf 84' lang='lat' dir='ltr'>Et</span> <span class='ocrx_word' id='word_1_362' title='bbox 1417 1301 1553 1335; x_wconf 88' lang='lat' dir='ltr'>ulterius</span> <span class='ocrx_word' id='word_1_363' title='bbox 1573 1312 1630 1346; x_wconf 87' lang='lat' dir='ltr'>pro</span> <span class='ocrx_word' id='word_1_364' title='bbox 1651 1302 1915 1346; x_wconf 81' lang='lat' dir='ltr'>praemissorum,</span> <span class='ocrx_word' id='word_1_365' title='bbox 1935 1314 1973 1337; x_wconf 87' lang='lat' dir='ltr'>ex</span> 
     </span>
     <span class='ocr_line' id='line_1_72' title="bbox 1229 1355 1974 1400; baseline 0.003 -12"><span class='ocrx_word' id='word_1_366' title='bbox 1229 1362 1319 1398; x_wconf 87' lang='lat' dir='ltr'>parte</span> <span class='ocrx_word' id='word_1_367' title='bbox 1344 1362 1465 1396; x_wconf 89' lang='lat' dir='ltr'>nostra,</span> <span class='ocrx_word' id='word_1_368' title='bbox 1484 1355 1641 1399; x_wconf 87' lang='lat' dir='ltr'>Sedisque</span> <span class='ocrx_word' id='word_1_369' title='bbox 1660 1362 1692 1389; x_wconf 83' lang='lat' dir='ltr'>et</span> <span class='ocrx_word' id='word_1_370' title='bbox 1708 1356 1858 1391; x_wconf 78' lang='lat' dir='ltr'>Gamerae</span> <span class='ocrx_word' id='word_1_371' title='bbox 1883 1367 1974 1400; x_wconf 84' lang='lat' dir='ltr'>prae-</span> 
     </span>
     <span class='ocr_line' id='line_1_73' title="bbox 1228 1408 1973 1453; baseline 0.001 -12"><span class='ocrx_word' id='word_1_372' title='bbox 1228 1408 1331 1442; x_wconf 87' lang='lat' dir='ltr'>dictae</span> <span class='ocrx_word' id='word_1_373' title='bbox 1356 1408 1583 1452; x_wconf 74' lang='lat' dir='ltr'>exequutione,</span> <span class='ocrx_word' id='word_1_374' title='bbox 1610 1409 1650 1444; x_wconf 90' lang='lat' dir='ltr'>de</span> <span class='ocrx_word' id='word_1_375' title='bbox 1674 1410 1903 1453; x_wconf 86' lang='lat' dir='ltr'>omnipotentis</span> <span class='ocrx_word' id='word_1_376' title='bbox 1919 1410 1973 1443; x_wconf 88' lang='lat' dir='ltr'>Dei</span> 
     </span>
    </p>
   </div>
   <div class='ocr_carea' id='block_1_8' title="bbox 1209 1462 1974 1503">
    <p class='ocr_par' dir='ltr' id='par_1_9' title="bbox 1209 1462 1974 1503">
     <span class='ocr_line' id='line_1_74' title="bbox 1209 1462 1974 1503; baseline 0.001 -7"><span class='ocrx_word' id='word_1_377' title='bbox 1209 1483 1211 1499; x_wconf 46' lang='grc' dir='ltr'>ι,</span> <span class='ocrx_word' id='word_1_378' title='bbox 1228 1462 1460 1503; x_wconf 81' lang='lat' dir='ltr'>misericordia,</span> <span class='ocrx_word' id='word_1_379' title='bbox 1477 1473 1514 1496; x_wconf 87' lang='lat' dir='ltr'>ac</span> <span class='ocrx_word' id='word_1_380' title='bbox 1539 1463 1708 1497; x_wconf 85' lang='lat' dir='ltr'>Beatorum</span> <span class='ocrx_word' id='word_1_381' title='bbox 1734 1463 1819 1498; x_wconf 80' lang='lat' dir='ltr'>Petri</span> <span class='ocrx_word' id='word_1_382' title='bbox 1837 1470 1867 1497; x_wconf 90' lang='lat' dir='ltr'>et</span> <span class='ocrx_word' id='word_1_383' title='bbox 1884 1463 1974 1497; x_wconf 85' lang='lat' dir='ltr'>Pauli</span> 
     </span>
    </p>
   </div>
   <div class='ocr_carea' id='block_1_9' title="bbox 1226 1515 1978 2467">
    <p class='ocr_par' dir='ltr' id='par_1_10' title="bbox 1226 1515 1978 2467">
     <span class='ocr_line' id='line_1_75' title="bbox 1227 1515 1975 1563; baseline 0.001 -14"><span class='ocrx_word' id='word_1_384' title='bbox 1227 1517 1448 1559; x_wconf 87' lang='lat' dir='ltr'>apostolorum</span> <span class='ocrx_word' id='word_1_385' title='bbox 1476 1516 1551 1550; x_wconf 86' lang='lat' dir='ltr'>Eius</span> <span class='ocrx_word' id='word_1_386' title='bbox 1575 1515 1777 1556; x_wconf 76' lang='lat' dir='ltr'>auctoritate,</span> <span class='ocrx_word' id='word_1_387' title='bbox 1797 1516 1975 1563; x_wconf 24' lang='lat' dir='ltr'>exilla-no-</span> 
     </span>
     <span class='ocr_line' id='line_1_76' title="bbox 1227 1568 1974 1612; baseline 0.004 -12"><span class='ocrx_word' id='word_1_388' title='bbox 1227 1568 1276 1601; x_wconf 87' lang='lat' dir='ltr'>bis</span> <span class='ocrx_word' id='word_1_389' title='bbox 1300 1569 1382 1602; x_wconf 83' lang='lat' dir='ltr'>sicut</span> <span class='ocrx_word' id='word_1_390' title='bbox 1399 1569 1517 1612; x_wconf 81' lang='lat' dir='ltr'>ligandi</span> <span class='ocrx_word' id='word_1_391' title='bbox 1534 1569 1576 1603; x_wconf 87' lang='lat' dir='ltr'>ita</span> <span class='ocrx_word' id='word_1_392' title='bbox 1594 1575 1624 1603; x_wconf 90' lang='lat' dir='ltr'>et</span> <span class='ocrx_word' id='word_1_393' title='bbox 1641 1568 1783 1602; x_wconf 85' lang='lat' dir='ltr'>solvendi</span> <span class='ocrx_word' id='word_1_394' title='bbox 1801 1580 1818 1602; x_wconf 86' lang='lat' dir='ltr'>a</span> <span class='ocrx_word' id='word_1_395' title='bbox 1839 1569 1974 1604; x_wconf 89' lang='lat' dir='ltr'>Domino</span> 
     </span>
     <span class='ocr_line' id='line_1_77' title="bbox 1227 1621 1975 1667; baseline 0.004 -14"><span class='ocrx_word' id='word_1_396' title='bbox 1227 1621 1381 1655; x_wconf 81' lang='lat' dir='ltr'>attributa</span> <span class='ocrx_word' id='word_1_397' title='bbox 1407 1628 1564 1667; x_wconf 76' lang='lat' dir='ltr'>potestate</span> <span class='ocrx_word' id='word_1_398' title='bbox 1590 1621 1713 1663; x_wconf 80' lang='lat' dir='ltr'>contisi,</span> <span class='ocrx_word' id='word_1_399' title='bbox 1737 1622 1776 1655; x_wconf 85' lang='lat' dir='ltr'>de</span> <span class='ocrx_word' id='word_1_400' title='bbox 1800 1622 1896 1656; x_wconf 90' lang='lat' dir='ltr'>simili</span> <span class='ocrx_word' id='word_1_401' title='bbox 1914 1623 1975 1656; x_wconf 81' lang='lat' dir='ltr'>l&#39;ra-</span> 
     </span>
     <span class='ocr_line' id='line_1_78' title="bbox 1228 1676 1974 1718; baseline 0.003 -10"><span class='ocrx_word' id='word_1_402' title='bbox 1228 1682 1313 1709; x_wconf 81' lang='lat' dir='ltr'>trum</span> <span class='ocrx_word' id='word_1_403' title='bbox 1332 1681 1517 1709; x_wconf 88' lang='lat' dir='ltr'>nostrorum</span> <span class='ocrx_word' id='word_1_404' title='bbox 1539 1676 1673 1709; x_wconf 87' lang='lat' dir='ltr'>consilio</span> <span class='ocrx_word' id='word_1_405' title='bbox 1690 1682 1717 1710; x_wconf 91' lang='lat' dir='ltr'>et</span> <span class='ocrx_word' id='word_1_406' title='bbox 1738 1686 1881 1718; x_wconf 87' lang='lat' dir='ltr'>assensu,</span> <span class='ocrx_word' id='word_1_407' title='bbox 1910 1683 1974 1710; x_wconf 78' lang='lat' dir='ltr'>taut</span> 
     </span>
     <span class='ocr_line' id='line_1_79' title="bbox 1229 1728 1974 1774; baseline 0.005 -15"><span class='ocrx_word' id='word_1_408' title='bbox 1229 1728 1428 1772; x_wconf 82' lang='lat' dir='ltr'>praedictum</span> <span class='ocrx_word' id='word_1_409' title='bbox 1454 1730 1620 1764; x_wconf 83' lang='lat' dir='ltr'>Caesarem</span> <span class='ocrx_word' id='word_1_410' title='bbox 1645 1740 1682 1764; x_wconf 84' lang='lat' dir='ltr'>ex</span> <span class='ocrx_word' id='word_1_411' title='bbox 1707 1740 1806 1770; x_wconf 87' lang='lat' dir='ltr'>nunc,</span> <span class='ocrx_word' id='word_1_412' title='bbox 1826 1736 1921 1774; x_wconf 85' lang='lat' dir='ltr'>prout</span> <span class='ocrx_word' id='word_1_413' title='bbox 1938 1741 1974 1764; x_wconf 87' lang='lat' dir='ltr'>ex</span> 
     </span>
     <span class='ocr_line' id='line_1_80' title="bbox 1229 1782 1976 1827; baseline 0.001 -12"><span class='ocrx_word' id='word_1_414' title='bbox 1229 1789 1322 1818; x_wconf 74' lang='lat' dir='ltr'>tunc.</span> <span class='ocrx_word' id='word_1_415' title='bbox 1348 1782 1429 1816; x_wconf 76' lang='lat' dir='ltr'>sacta</span> <span class='ocrx_word' id='word_1_416' title='bbox 1455 1793 1512 1827; x_wconf 89' lang='lat' dir='ltr'>per</span> <span class='ocrx_word' id='word_1_417' title='bbox 1535 1783 1641 1826; x_wconf 80' lang='lat' dir='ltr'>ipsum</span> <span class='ocrx_word' id='word_1_418' title='bbox 1671 1782 1770 1822; x_wconf 87' lang='lat' dir='ltr'>reali,</span> <span class='ocrx_word' id='word_1_419' title='bbox 1796 1783 1913 1818; x_wconf 87' lang='lat' dir='ltr'>actuali</span> <span class='ocrx_word' id='word_1_420' title='bbox 1944 1790 1976 1817; x_wconf 89' lang='lat' dir='ltr'>et</span> 
     </span>
     <span class='ocr_line' id='line_1_81' title="bbox 1228 1835 1976 1870; baseline 0.004 -3"><span class='ocrx_word' id='word_1_421' title='bbox 1228 1835 1327 1868; x_wconf 76' lang='lat' dir='ltr'>liliera</span> <span class='ocrx_word' id='word_1_422' title='bbox 1353 1835 1556 1869; x_wconf 85' lang='lat' dir='ltr'>restitutione</span> <span class='ocrx_word' id='word_1_423' title='bbox 1580 1836 1684 1870; x_wconf 87' lang='lat' dir='ltr'>dictae</span> <span class='ocrx_word' id='word_1_424' title='bbox 1710 1836 1845 1870; x_wconf 85' lang='lat' dir='ltr'>civitatis</span> <span class='ocrx_word' id='word_1_425' title='bbox 1862 1842 1891 1870; x_wconf 88' lang='lat' dir='ltr'>et</span> <span class='ocrx_word' id='word_1_426' title='bbox 1917 1836 1976 1870; x_wconf 90' lang='lat' dir='ltr'>du-</span> 
     </span>
     <span class='ocr_line' id='line_1_82' title="bbox 1226 1888 1976 1933; baseline 0.001 -12"><span class='ocrx_word' id='word_1_427' title='bbox 1226 1893 1317 1921; x_wconf 85' lang='lat' dir='ltr'>catus</span> <span class='ocrx_word' id='word_1_428' title='bbox 1332 1888 1545 1921; x_wconf 80' lang='lat' dir='ltr'>Ferraricnsis</span> <span class='ocrx_word' id='word_1_429' title='bbox 1563 1899 1635 1922; x_wconf 88' lang='lat' dir='ltr'>cum</span> <span class='ocrx_word' id='word_1_430' title='bbox 1657 1889 1808 1922; x_wconf 84' lang='lat' dir='ltr'>omnibus</span> <span class='ocrx_word' id='word_1_431' title='bbox 1822 1889 1888 1922; x_wconf 86' lang='lat' dir='ltr'>suis</span> <span class='ocrx_word' id='word_1_432' title='bbox 1905 1900 1976 1933; x_wconf 90' lang='lat' dir='ltr'>per-</span> 
     </span>
     <span class='ocr_line' id='line_1_83' title="bbox 1228 1940 1975 1980; baseline 0.004 -8"><span class='ocrx_word' id='word_1_433' title='bbox 1228 1940 1371 1974; x_wconf 84' lang='lat' dir='ltr'>tinentiis</span> <span class='ocrx_word' id='word_1_434' title='bbox 1392 1952 1427 1974; x_wconf 86' lang='lat' dir='ltr'>ac</span> <span class='ocrx_word' id='word_1_435' title='bbox 1446 1940 1528 1980; x_wconf 80' lang='lat' dir='ltr'>aliis,</span> <span class='ocrx_word' id='word_1_436' title='bbox 1548 1942 1632 1975; x_wconf 87' lang='lat' dir='ltr'>iuxta</span> <span class='ocrx_word' id='word_1_437' title='bbox 1658 1942 1804 1976; x_wconf 87' lang='lat' dir='ltr'>eamdem</span> <span class='ocrx_word' id='word_1_438' title='bbox 1830 1942 1975 1976; x_wconf 91' lang='lat' dir='ltr'>omnium</span> 
     </span>
     <span class='ocr_line' id='line_1_84' title="bbox 1227 1994 1975 2039; baseline 0.004 -13"><span class='ocrx_word' id='word_1_439' title='bbox 1227 2000 1257 2027; x_wconf 85' lang='lat' dir='ltr'>et</span> <span class='ocrx_word' id='word_1_440' title='bbox 1274 1994 1478 2037; x_wconf 74' lang='lat' dir='ltr'>singulorum</span> <span class='ocrx_word' id='word_1_441' title='bbox 1501 1994 1716 2038; x_wconf 81' lang='lat' dir='ltr'>capitulorum</span> <span class='ocrx_word' id='word_1_442' title='bbox 1736 1995 1975 2039; x_wconf 84' lang='lat' dir='ltr'>praedictorum</span> 
     </span>
     <span class='ocr_line' id='line_1_85' title="bbox 1227 2047 1976 2092; baseline 0.004 -12"><span class='ocrx_word' id='word_1_443' title='bbox 1227 2047 1458 2081; x_wconf 82' lang='lat' dir='ltr'>continentiam</span> <span class='ocrx_word' id='word_1_444' title='bbox 1492 2054 1520 2081; x_wconf 92' lang='lat' dir='ltr'>et</span> <span class='ocrx_word' id='word_1_445' title='bbox 1551 2054 1714 2088; x_wconf 79' lang='lat' dir='ltr'>tenorem,</span> <span class='ocrx_word' id='word_1_446' title='bbox 1747 2060 1844 2092; x_wconf 88' lang='lat' dir='ltr'>quam</span> <span class='ocrx_word' id='word_1_447' title='bbox 1880 2049 1976 2083; x_wconf 89' lang='lat' dir='ltr'>etiam</span> 
     </span>
     <span class='ocr_line' id='line_1_86' title="bbox 1228 2100 1978 2146; baseline 0.001 -12"><span class='ocrx_word' id='word_1_448' title='bbox 1228 2103 1379 2138; x_wconf 72' lang='lat' dir='ltr'>fautores,</span> <span class='ocrx_word' id='word_1_449' title='bbox 1405 2100 1580 2140; x_wconf 82' lang='lat' dir='ltr'>ministros,</span> <span class='ocrx_word' id='word_1_450' title='bbox 1607 2101 1819 2143; x_wconf 81' lang='lat' dir='ltr'>consiliarios,</span> <span class='ocrx_word' id='word_1_451' title='bbox 1845 2102 1978 2146; x_wconf 92' lang='lat' dir='ltr'>compli-</span> 
     </span>
     <span class='ocr_line' id='line_1_87' title="bbox 1228 2154 1973 2199; baseline 0.004 -13"><span class='ocrx_word' id='word_1_452' title='bbox 1228 2164 1291 2191; x_wconf 85' lang='lat' dir='ltr'>ces,</span> <span class='ocrx_word' id='word_1_453' title='bbox 1317 2154 1500 2192; x_wconf 80' lang='lat' dir='ltr'>t&#39;amiliarcs.</span> <span class='ocrx_word' id='word_1_454' title='bbox 1527 2165 1699 2198; x_wconf 76' lang='lat' dir='ltr'>sequaceS,</span> <span class='ocrx_word' id='word_1_455' title='bbox 1726 2154 1895 2199; x_wconf 79' lang='lat' dir='ltr'>populum,</span> <span class='ocrx_word' id='word_1_456' title='bbox 1921 2155 1973 2189; x_wconf 91' lang='lat' dir='ltr'>iu-</span> 
     </span>
     <span class='ocr_line' id='line_1_88' title="bbox 1228 2207 1976 2253; baseline 0.005 -14"><span class='ocrx_word' id='word_1_457' title='bbox 1228 2207 1327 2247; x_wconf 76' lang='lat' dir='ltr'>dices,</span> <span class='ocrx_word' id='word_1_458' title='bbox 1355 2207 1519 2248; x_wconf 81' lang='lat' dir='ltr'>officiales,</span> <span class='ocrx_word' id='word_1_459' title='bbox 1546 2208 1689 2251; x_wconf 84' lang='lat' dir='ltr'>aliosque</span> <span class='ocrx_word' id='word_1_460' title='bbox 1722 2208 1754 2241; x_wconf 92' lang='lat' dir='ltr'>in</span> <span class='ocrx_word' id='word_1_461' title='bbox 1781 2219 1912 2253; x_wconf 77' lang='lat' dir='ltr'>poenas,</span> <span class='ocrx_word' id='word_1_462' title='bbox 1938 2220 1976 2243; x_wconf 85' lang='lat' dir='ltr'>ac</span> 
     </span>
     <span class='ocr_line' id='line_1_89' title="bbox 1227 2261 1978 2306; baseline 0.003 -11"><span class='ocrx_word' id='word_1_463' title='bbox 1227 2262 1322 2295; x_wconf 89' lang='lat' dir='ltr'>etiam</span> <span class='ocrx_word' id='word_1_464' title='bbox 1349 2262 1380 2294; x_wconf 92' lang='lat' dir='ltr'>iu</span> <span class='ocrx_word' id='word_1_465' title='bbox 1407 2261 1565 2303; x_wconf 89' lang='lat' dir='ltr'>eamdem,</span> <span class='ocrx_word' id='word_1_466' title='bbox 1582 2263 1613 2295; x_wconf 88' lang='lat' dir='ltr'>in</span> <span class='ocrx_word' id='word_1_467' title='bbox 1631 2273 1728 2306; x_wconf 87' lang='lat' dir='ltr'>quam</span> <span class='ocrx_word' id='word_1_468' title='bbox 1753 2262 1837 2296; x_wconf 83' lang='lat' dir='ltr'>idem</span> <span class='ocrx_word' id='word_1_469' title='bbox 1863 2264 1978 2297; x_wconf 85' lang='lat' dir='ltr'>Caesar</span> 
     </span>
     <span class='ocr_line' id='line_1_90' title="bbox 1229 2315 1976 2360; baseline 0.001 -11"><span class='ocrx_word' id='word_1_470' title='bbox 1229 2315 1377 2349; x_wconf 79' lang='lat' dir='ltr'>incidisse</span> <span class='ocrx_word' id='word_1_471' title='bbox 1402 2315 1584 2349; x_wconf 88' lang='lat' dir='ltr'>declaratus</span> <span class='ocrx_word' id='word_1_472' title='bbox 1609 2315 1679 2355; x_wconf 85' lang='lat' dir='ltr'>suit,</span> <span class='ocrx_word' id='word_1_473' title='bbox 1707 2317 1863 2350; x_wconf 81' lang='lat' dir='ltr'>hactenus</span> <span class='ocrx_word' id='word_1_474' title='bbox 1887 2326 1976 2360; x_wconf 90' lang='lat' dir='ltr'>quo-</span> 
     </span>
     <span class='ocr_line' id='line_1_91' title="bbox 1230 2368 1978 2412; baseline 0.004 -11"><span class='ocrx_word' id='word_1_475' title='bbox 1230 2369 1402 2403; x_wconf 87' lang='lat' dir='ltr'>modolibet</span> <span class='ocrx_word' id='word_1_476' title='bbox 1433 2368 1592 2408; x_wconf 86' lang='lat' dir='ltr'>incursos,</span> <span class='ocrx_word' id='word_1_477' title='bbox 1618 2375 1649 2402; x_wconf 88' lang='lat' dir='ltr'>et</span> <span class='ocrx_word' id='word_1_478' title='bbox 1675 2368 1705 2402; x_wconf 91' lang='lat' dir='ltr'>in</span> <span class='ocrx_word' id='word_1_479' title='bbox 1731 2369 1904 2412; x_wconf 83' lang='lat' dir='ltr'>praedictis</span> <span class='ocrx_word' id='word_1_480' title='bbox 1920 2380 1978 2404; x_wconf 86' lang='lat' dir='ltr'>no-</span> 
     </span>
     <span class='ocr_line' id='line_1_92' title="bbox 1227 2421 1976 2467; baseline 0.003 -14"><span class='ocrx_word' id='word_1_481' title='bbox 1227 2422 1301 2455; x_wconf 80' lang='lat' dir='ltr'>stris</span> <span class='ocrx_word' id='word_1_482' title='bbox 1328 2421 1441 2455; x_wconf 84' lang='lat' dir='ltr'>litteris</span> <span class='ocrx_word' id='word_1_483' title='bbox 1474 2421 1742 2466; x_wconf 78' lang='lat' dir='ltr'>comprehensos.</span> <span class='ocrx_word' id='word_1_484' title='bbox 1768 2422 1865 2456; x_wconf 89' lang='lat' dir='ltr'>ctiam</span> <span class='ocrx_word' id='word_1_485' title='bbox 1889 2422 1976 2467; x_wconf 89' lang='lat' dir='ltr'>quod</span> 
     </span>
    </p>
   </div>
   <div class='ocr_carea' id='block_1_10' title="bbox 452 2475 1976 2570">
    <p class='ocr_par' dir='ltr' id='par_1_11' title="bbox 452 2475 1976 2570">
     <span class='ocr_line' id='line_1_93' title="bbox 452 2475 1976 2570; baseline 0.003 -11"><span class='ocrx_word' id='word_1_486' title='bbox 452 2528 599 2570; x_wconf 79' lang='lat' dir='ltr'>idemque</span> <span class='ocrx_word' id='word_1_487' title='bbox 625 2529 724 2561; x_wconf 77' lang='lat' dir='ltr'>robur</span> <span class='ocrx_word' id='word_1_488' title='bbox 745 2528 877 2561; x_wconf 85' lang='lat' dir='ltr'>omnino</span> <span class='ocrx_word' id='word_1_489' title='bbox 902 2527 1018 2561; x_wconf 83' lang='lat' dir='ltr'>liaberc</span> <span class='ocrx_word' id='word_1_490' title='bbox 1054 2534 1085 2561; x_wconf 83' lang='lat' dir='ltr'>et</span> <span class='ocrx_word' id='word_1_491' title='bbox 1114 2475 1357 2561; x_wconf 49' lang='lat' dir='ltr'>0}‚¹i-3·¹¹¹‘lu⁰‘¹</span> <span class='ocrx_word' id='word_1_492' title='bbox 1383 2486 1432 2508; x_wconf 73' lang='lat'><strong>¹¹¹⁵</strong></span> <span class='ocrx_word' id='word_1_493' title='bbox 1456 2475 1526 2508; x_wconf 66' lang='lat'>“¹¹¹⁵</span> <span class='ocrx_word' id='word_1_494' title='bbox 1551 2477 1645 2508; x_wconf 52' lang='grc' dir='ltr'>,Πρω</span> <span class='ocrx_word' id='word_1_495' title='bbox 1663 2481 1872 2518; x_wconf 69' lang='lat' dir='ltr'>³⁰‘l¹¹¹s¹¹¹¹m·</span> <span class='ocrx_word' id='word_1_496' title='bbox 1889 2481 1976 2509; x_wconf 64' lang='lat' dir='ltr'>mxm</span> 
     </span>
    </p>
   </div>
   <div class='ocr_carea' id='block_1_11' title="bbox 1228 2527 1976 2677">
    <p class='ocr_par' dir='ltr' id='par_1_12' title="bbox 1228 2527 1976 2677">
     <span class='ocr_line' id='line_1_94' title="bbox 1229 2527 1975 2571; baseline 0.004 -13"><span class='ocrx_word' id='word_1_497' title='bbox 1229 2527 1389 2562; x_wconf 71' lang='lat' dir='ltr'>dictorum</span> <span class='ocrx_word' id='word_1_498' title='bbox 1415 2527 1630 2571; x_wconf 84' lang='lat' dir='ltr'>capitulorum</span> <span class='ocrx_word' id='word_1_499' title='bbox 1657 2528 1810 2568; x_wconf 80' lang='lat' dir='ltr'>sormam,</span> <span class='ocrx_word' id='word_1_500' title='bbox 1836 2538 1975 2571; x_wconf 89' lang='lat' dir='ltr'>quorum</span> 
     </span>
     <span class='ocr_line' id='line_1_95' title="bbox 1228 2580 1976 2624; baseline 0.001 -11"><span class='ocrx_word' id='word_1_501' title='bbox 1228 2581 1373 2614; x_wconf 88' lang='lat' dir='ltr'>omnium</span> <span class='ocrx_word' id='word_1_502' title='bbox 1399 2587 1430 2614; x_wconf 86' lang='lat' dir='ltr'>et</span> <span class='ocrx_word' id='word_1_503' title='bbox 1455 2580 1657 2624; x_wconf 82' lang='lat' dir='ltr'>singulorum</span> <span class='ocrx_word' id='word_1_504' title='bbox 1682 2581 1823 2619; x_wconf 86' lang='lat' dir='ltr'>nomina,</span> <span class='ocrx_word' id='word_1_505' title='bbox 1849 2590 1976 2623; x_wconf 81' lang='lat' dir='ltr'>cogno-</span> 
     </span>
     <span class='ocr_line' id='line_1_96' title="bbox 1229 2633 1976 2677; baseline 0.001 -11"><span class='ocrx_word' id='word_1_506' title='bbox 1229 2633 1325 2673; x_wconf 73' lang='lat' dir='ltr'>mina,</span> <span class='ocrx_word' id='word_1_507' title='bbox 1342 2633 1473 2677; x_wconf 76' lang='lat' dir='ltr'>gradus,</span> <span class='ocrx_word' id='word_1_508' title='bbox 1489 2633 1659 2677; x_wconf 86' lang='lat' dir='ltr'>qualitates</span> <span class='ocrx_word' id='word_1_509' title='bbox 1674 2639 1705 2668; x_wconf 85' lang='lat' dir='ltr'>et</span> <span class='ocrx_word' id='word_1_510' title='bbox 1720 2633 1976 2668; x_wconf 81' lang='lat' dir='ltr'>circumstantias</span> 
     </span>
    </p>
   </div>
   <div class='ocr_carea' id='block_1_12' title="bbox 1986 240 2202 275">
    <p class='ocr_par' dir='ltr' id='par_1_13' title="bbox 1986 230 2251 275">
     <span class='ocr_line' id='line_1_97' title="bbox 1986 240 2202 275; baseline 0.015 -4"><span class='ocrx_word' id='word_1_511' title='bbox 1986 244 2035 271; x_wconf 72' lang='lat' dir='ltr'>An.</span> <span class='ocrx_word' id='word_1_512' title='bbox 2056 244 2085 272; x_wconf 85' lang='lat' dir='ltr'>c.</span> <span class='ocrx_word' id='word_1_513' title='bbox 2102 243 2170 274; x_wconf 77' lang='lat'>159⁸</span> <span class='ocrx_word' id='word_1_514' title='bbox 2197 240 2202 275; x_wconf 77' lang='grc' dir='ltr'>ζ</span> 
     </span>
    </p>
   </div>
   <div class='ocr_carea' id='block_1_13' title="bbox 1989 1310 2174 1364">
    <p class='ocr_par' dir='ltr' id='par_1_14' title="bbox 1989 1310 2174 1364">
     <span class='ocr_line' id='line_1_98' title="bbox 2049 1310 2173 1335; baseline 0 -4"><span class='ocrx_word' id='word_1_515' title='bbox 2049 1310 2162 1331; x_wconf 73' lang='lat' dir='ltr'>Caesarem</span> <span class='ocrx_word' id='word_1_516' title='bbox 2167 1325 2173 1335; x_wconf 86' lang='lat'>.</span> 
     </span>
     <span class='ocr_line' id='line_1_99' title="bbox 1989 1337 2174 1364; baseline 0 -6"><span class='ocrx_word' id='word_1_517' title='bbox 1989 1338 2078 1364; x_wconf 68' lang='lat' dir='ltr'>eiusque</span> <span class='ocrx_word' id='word_1_518' title='bbox 2106 1337 2174 1358; x_wconf 78' lang='lat' dir='ltr'>tauto-</span> 
     </span>
    </p>
   </div>
   <div class='ocr_carea' id='block_1_14' title="bbox 1989 1364 2243 1387">
    <p class='ocr_par' dir='ltr' id='par_1_15' title="bbox 1989 1364 2243 1387">
     <span class='ocr_line' id='line_1_100' title="bbox 1989 1364 2243 1387; baseline -0.008 -2"><span class='ocrx_word' id='word_1_519' title='bbox 1989 1369 2023 1385; x_wconf 79' lang='lat' dir='ltr'>res</span> <span class='ocrx_word' id='word_1_520' title='bbox 2043 1364 2072 1385; x_wconf 73' lang='lat' dir='ltr'>ab</span> <span class='ocrx_word' id='word_1_521' title='bbox 2093 1368 2189 1384; x_wconf 76' lang='lat' dir='ltr'>excom·</span> <span class='ocrx_word' id='word_1_522' title='bbox 2241 1381 2243 1387; x_wconf 33' lang='lat' dir='ltr'><em>A</em></span> 
     </span>
    </p>
   </div>
   <div class='ocr_carea' id='block_1_15' title="bbox 1989 1390 2176 1544">
    <p class='ocr_par' dir='ltr' id='par_1_16' title="bbox 1989 1390 2176 1544">
     <span class='ocr_line' id='line_1_101' title="bbox 1989 1390 2176 1411; baseline 0 0"><span class='ocrx_word' id='word_1_523' title='bbox 1989 1390 2133 1411; x_wconf 70' lang='lat' dir='ltr'>muuicationo</span> <span class='ocrx_word' id='word_1_524' title='bbox 2153 1391 2176 1411; x_wconf 70' lang='lat' dir='ltr'>ot</span> 
     </span>
     <span class='ocr_line' id='line_1_102' title="bbox 1989 1416 2174 1442; baseline 0.005 -5"><span class='ocrx_word' id='word_1_525' title='bbox 1989 1417 2080 1438; x_wconf 73' lang='lat' dir='ltr'>caeteris</span> <span class='ocrx_word' id='word_1_526' title='bbox 2100 1416 2174 1442; x_wconf 71' lang='lat' dir='ltr'>poeni·</span> 
     </span>
     <span class='ocr_line' id='line_1_103' title="bbox 1989 1442 2174 1469; baseline 0 -5"><span class='ocrx_word' id='word_1_527' title='bbox 1989 1447 2032 1464; x_wconf 77' lang='lat' dir='ltr'>tani</span> <span class='ocrx_word' id='word_1_528' title='bbox 2060 1442 2174 1469; x_wconf 77' lang='lat' dir='ltr'>spirituali-</span> 
     </span>
     <span class='ocr_line' id='line_1_104' title="bbox 1990 1471 2175 1500; baseline -0.011 -9"><span class='ocrx_word' id='word_1_529' title='bbox 1990 1472 2028 1491; x_wconf 80' lang='lat' dir='ltr'>bus</span> <span class='ocrx_word' id='word_1_530' title='bbox 2044 1476 2106 1500; x_wconf 81' lang='lat' dir='ltr'>quarn</span> <span class='ocrx_word' id='word_1_531' title='bbox 2122 1471 2175 1490; x_wconf 69' lang='lat' dir='ltr'>tem-</span> 
     </span>
     <span class='ocr_line' id='line_1_105' title="bbox 1989 1495 2174 1523; baseline 0 -6"><span class='ocrx_word' id='word_1_532' title='bbox 1989 1497 2098 1523; x_wconf 71' lang='lat' dir='ltr'>poralibus</span> <span class='ocrx_word' id='word_1_533' title='bbox 2137 1495 2174 1517; x_wconf 77' lang='lat' dir='ltr'>ab·</span> 
     </span>
     <span class='ocr_line' id='line_1_106' title="bbox 1989 1524 2059 1544; baseline 0 0"><span class='ocrx_word' id='word_1_534' title='bbox 1989 1524 2059 1544; x_wconf 71' lang='lat' dir='ltr'>solvit.</span> 
     </span>
    </p>
   </div>
   <div class='ocr_carea' id='block_1_16' title="bbox 2177 0 2253 3195">
    <p class='ocr_par' dir='ltr' id='par_1_17' title="bbox 2177 0 2253 3195">
     <span class='ocr_line' id='line_1_107' title="bbox 2177 0 2253 3195; baseline 0 0"><span class='ocrx_word' id='word_1_535' title='bbox 2177 0 2253 3195; x_wconf 95' lang='lat' dir='ltr'> </span> 
     </span>
    </p>
   </div>
  </div>
 </body>
</html>
