<?xml version="1.0" encoding="UTF-8"?>
<!DOCTYPE html PUBLIC "-//W3C//DTD XHTML 1.0 Transitional//EN"
    "http://www.w3.org/TR/xhtml1/DTD/xhtml1-transitional.dtd">
<html xmlns="http://www.w3.org/1999/xhtml" xml:lang="en" lang="en">
 <head>
  <title>
</title>
<meta http-equiv="Content-Type" content="text/html;charset=utf-8" />
  <meta name='ocr-system' content='tesseract 3.04.00' />
  <meta name='ocr-capabilities' content='ocr_page ocr_carea ocr_par ocr_line ocrx_word'/>
</head>
<body>
  <div class='ocr_page' id='page_1' title='image "./bullarumdiplomat10cath_0171.png"; bbox 0 0 2253 3195; ppageno 0'>
   <div class='ocr_carea' id='block_1_1' title="bbox 10 182 677 272">
    <p class='ocr_par' dir='ltr' id='par_1_1' title="bbox 10 182 677 272">
     <span class='ocr_line' id='line_1_1' title="bbox 10 182 196 210; baseline -0.011 0"><span class='ocrx_word' id='word_1_1' title='bbox 10 184 58 210; x_wconf 72' lang='lat' dir='ltr'>Au.</span> <span class='ocrx_word' id='word_1_2' title='bbox 76 183 106 209; x_wconf 84' lang='lat' dir='ltr'>c.</span> <span class='ocrx_word' id='word_1_3' title='bbox 131 182 196 210; x_wconf 58' lang='lat'>159⁴</span> 
     </span>
     <span class='ocr_line' id='line_1_2' title="bbox 484 233 677 272; baseline 0.01 -7"><span class='ocrx_word' id='word_1_4' title='bbox 484 233 677 272; x_wconf 66' lang='lat' dir='ltr'>Lxxxvnr</span> 
     </span>
    </p>
   </div>
   <div class='ocr_carea' id='block_1_2' title="bbox 833 187 1126 211">
    <p class='ocr_par' dir='ltr' id='par_1_2' title="bbox 833 187 1126 211">
     <span class='ocr_line' id='line_1_3' title="bbox 833 187 1126 211; baseline 0.003 -2"><span class='ocrx_word' id='word_1_5' title='bbox 833 187 980 211; x_wconf 73' lang='lat' dir='ltr'>(JLEMENS</span> <span class='ocrx_word' id='word_1_6' title='bbox 1002 188 1057 210; x_wconf 78' lang='lat' dir='ltr'>vm</span> <span class='ocrx_word' id='word_1_7' title='bbox 1077 188 1126 211; x_wconf 68' lang='lat'>1¹1³.</span> 
     </span>
    </p>
   </div>
   <div class='ocr_carea' id='block_1_3' title="bbox 983 176 1728 332">
    <p class='ocr_par' dir='ltr' id='par_1_3' title="bbox 983 176 1728 332">
     <span class='ocr_line' id='line_1_4' title="bbox 1643 176 1699 208; baseline -0.054 0"><span class='ocrx_word' id='word_1_8' title='bbox 1643 176 1699 208; x_wconf 63' lang='lat'>1:30</span> 
     </span>
     <span class='ocr_line' id='line_1_5' title="bbox 984 234 1728 273; baseline 0.001 -6"><span class='ocrx_word' id='word_1_9' title='bbox 984 241 1152 273; x_wconf 78' lang='lat' dir='ltr'>rectorem,</span> <span class='ocrx_word' id='word_1_10' title='bbox 1182 235 1389 269; x_wconf 85' lang='lat' dir='ltr'>scholasticos</span> <span class='ocrx_word' id='word_1_11' title='bbox 1414 241 1445 268; x_wconf 89' lang='lat' dir='ltr'>et</span> <span class='ocrx_word' id='word_1_12' title='bbox 1469 235 1633 268; x_wconf 87' lang='lat' dir='ltr'>ministros</span> <span class='ocrx_word' id='word_1_13' title='bbox 1654 234 1728 268; x_wconf 89' lang='lat' dir='ltr'>dicti</span> 
     </span>
     <span class='ocr_line' id='line_1_6' title="bbox 983 289 1726 332; baseline 0 -11"><span class='ocrx_word' id='word_1_14' title='bbox 983 290 1120 330; x_wconf 59' lang='lat' dir='ltr'>collegii,</span> <span class='ocrx_word' id='word_1_15' title='bbox 1138 300 1173 322; x_wconf 89' lang='lat' dir='ltr'>ac</span> <span class='ocrx_word' id='word_1_16' title='bbox 1192 289 1300 323; x_wconf 86' lang='lat' dir='ltr'>onmia</span> <span class='ocrx_word' id='word_1_17' title='bbox 1328 295 1359 323; x_wconf 91' lang='lat' dir='ltr'>et</span> <span class='ocrx_word' id='word_1_18' title='bbox 1378 289 1505 332; x_wconf 83' lang='lat' dir='ltr'>singula</span> <span class='ocrx_word' id='word_1_19' title='bbox 1525 289 1610 322; x_wconf 89' lang='lat' dir='ltr'>illius</span> <span class='ocrx_word' id='word_1_20' title='bbox 1629 289 1726 329; x_wconf 88' lang='lat' dir='ltr'>bona,</span> 
     </span>
    </p>
   </div>
   <div class='ocr_carea' id='block_1_4' title="bbox 1747 187 1931 213">
    <p class='ocr_par' dir='ltr' id='par_1_4' title="bbox 1747 187 1931 213">
     <span class='ocr_line' id='line_1_7' title="bbox 1747 187 1931 213; baseline 0.005 -1"><span class='ocrx_word' id='word_1_21' title='bbox 1747 187 1795 213; x_wconf 78' lang='lat' dir='ltr'>An.</span> <span class='ocrx_word' id='word_1_22' title='bbox 1812 187 1839 212; x_wconf 74' lang='lat' dir='ltr'>(J.</span> <span class='ocrx_word' id='word_1_23' title='bbox 1863 187 1931 213; x_wconf 63' lang='lat'>1594</span> 
     </span>
    </p>
   </div>
   <div class='ocr_carea' id='block_1_5' title="bbox 1745 248 1930 349">
    <p class='ocr_par' dir='ltr' id='par_1_5' title="bbox 1745 248 1930 349">
     <span class='ocr_line' id='line_1_8' title="bbox 1765 248 1930 274; baseline 0.006 -6"><span class='ocrx_word' id='word_1_24' title='bbox 1765 248 1930 274; x_wconf 52' lang='lat' dir='ltr'>Etsubs&#39;tposto·</span> 
     </span>
     <span class='ocr_line' id='line_1_9' title="bbox 1745 275 1930 301; baseline 0.005 -7"><span class='ocrx_word' id='word_1_25' title='bbox 1745 275 1798 294; x_wconf 63' lang='lat' dir='ltr'>licut*</span> <span class='ocrx_word' id='word_1_26' title='bbox 1810 276 1872 295; x_wconf 65' lang='lat' dir='ltr'>Sedis</span> <span class='ocrx_word' id='word_1_27' title='bbox 1884 282 1930 301; x_wconf 69' lang='lat' dir='ltr'>pri]-</span> 
     </span>
     <span class='ocr_line' id='line_1_10' title="bbox 1745 304 1929 322; baseline 0.005 -2"><span class='ocrx_word' id='word_1_28' title='bbox 1745 304 1837 321; x_wconf 60' lang='lat' dir='ltr'>tvvuonn</span> <span class='ocrx_word' id='word_1_29' title='bbox 1858 304 1876 321; x_wconf 75' lang='lat' dir='ltr'>ct</span> <span class='ocrx_word' id='word_1_30' title='bbox 1901 308 1929 322; x_wconf 81' lang='lat' dir='ltr'>iu-</span> 
     </span>
     <span class='ocr_line' id='line_1_11' title="bbox 1746 328 1930 349; baseline 0.011 -4"><span class='ocrx_word' id='word_1_31' title='bbox 1746 328 1868 349; x_wconf 48' lang='lat' dir='ltr'>riutivtmuc</span> <span class='ocrx_word' id='word_1_32' title='bbox 1898 334 1930 348; x_wconf 65' lang='lat' dir='ltr'>su-</span> 
     </span>
    </p>
   </div>
   <div class='ocr_carea' id='block_1_6' title="bbox 206 337 1818 438">
    <p class='ocr_par' dir='ltr' id='par_1_6' title="bbox 206 337 1818 438">
     <span class='ocr_line' id='line_1_12' title="bbox 206 337 1818 385; baseline 0.001 -14"><span class='ocrx_word' id='word_1_33' title='bbox 206 337 415 380; x_wconf 74' lang='lat' dir='ltr'>Coufirmntio</span> <span class='ocrx_word' id='word_1_34' title='bbox 435 339 603 372; x_wconf 70' lang='lat' dir='ltr'><em>erectionis</em></span> <span class='ocrx_word' id='word_1_35' title='bbox 622 339 752 382; x_wconf 67' lang='lat' dir='ltr'>collcqii</span> <span class='ocrx_word' id='word_1_36' title='bbox 767 340 949 383; x_wconf 60' lang='lat' dir='ltr'>Anuli&#39;cani</span> <span class='ocrx_word' id='word_1_37' title='bbox 985 343 1115 375; x_wconf 79' lang='lat' dir='ltr'>inobilia</span> <span class='ocrx_word' id='word_1_38' title='bbox 1137 348 1164 375; x_wconf 82' lang='lat' dir='ltr'>ct</span> <span class='ocrx_word' id='word_1_39' title='bbox 1188 342 1378 381; x_wconf 83' lang='lat' dir='ltr'>immobilia,</span> <span class='ocrx_word' id='word_1_40' title='bbox 1396 342 1629 385; x_wconf 82' lang='lat' dir='ltr'>cuiuscumque</span> <span class='ocrx_word' id='word_1_41' title='bbox 1650 353 1729 385; x_wconf 84' lang='lat' dir='ltr'>qua-</span> <span class='ocrx_word' id='word_1_42' title='bbox 1745 355 1818 380; x_wconf 45' lang='lat' dir='ltr'>swa,</span> 
     </span>
     <span class='ocr_line' id='line_1_13' title="bbox 248 391 1730 438; baseline 0.001 -13"><span class='ocrx_word' id='word_1_43' title='bbox 248 391 464 435; x_wconf 70' lang='lat' dir='ltr'>Hispalensis,</span> <span class='ocrx_word' id='word_1_44' title='bbox 489 393 543 425; x_wconf 76' lang='lat' dir='ltr'>cui</span> <span class='ocrx_word' id='word_1_45' title='bbox 566 393 814 436; x_wconf 77' lang='lat' dir='ltr'>quamplurima</span> <span class='ocrx_word' id='word_1_46' title='bbox 843 405 949 427; x_wconf 78' lang='lat' dir='ltr'>conce-</span> <span class='ocrx_word' id='word_1_47' title='bbox 985 395 1080 427; x_wconf 74' lang='lat' dir='ltr'>litatis</span> <span class='ocrx_word' id='word_1_48' title='bbox 1106 402 1132 427; x_wconf 80' lang='lat' dir='ltr'>ct</span> <span class='ocrx_word' id='word_1_49' title='bbox 1168 395 1354 438; x_wconf 69' lang='lat' dir='ltr'>quantitatis</span> <span class='ocrx_word' id='word_1_50' title='bbox 1376 395 1516 435; x_wconf 85' lang='lat' dir='ltr'>fuerint,</span> <span class='ocrx_word' id='word_1_51' title='bbox 1541 395 1599 428; x_wconf 89' lang='lat' dir='ltr'>sub</span> <span class='ocrx_word' id='word_1_52' title='bbox 1621 400 1730 428; x_wconf 85' lang='lat' dir='ltr'>nostra</span> 
     </span>
    </p>
   </div>
   <div class='ocr_carea' id='block_1_7' title="bbox 249 445 611 490">
    <p class='ocr_par' dir='ltr' id='par_1_7' title="bbox 249 445 611 490">
     <span class='ocr_line' id='line_1_14' title="bbox 249 445 611 490; baseline 0.011 -15"><span class='ocrx_word' id='word_1_53' title='bbox 249 445 375 478; x_wconf 56' lang='lat' dir='ltr'>‘leantur</span> <span class='ocrx_word' id='word_1_54' title='bbox 392 446 571 490; x_wconf 71' lang='lat' dir='ltr'>pririlcqia</span> <span class='ocrx_word' id='word_1_55' title='bbox 591 446 611 479; x_wconf 90' lang='lat'>¹.</span> 
     </span>
    </p>
   </div>
   <div class='ocr_carea' id='block_1_8' title="bbox 339 536 821 623">
    <p class='ocr_par' dir='ltr' id='par_1_8' title="bbox 339 536 821 623">
     <span class='ocr_line' id='line_1_15' title="bbox 415 536 735 570; baseline 0.009 -8"><span class='ocrx_word' id='word_1_56' title='bbox 415 536 546 563; x_wconf 80' lang='lat' dir='ltr'>clemens</span> <span class='ocrx_word' id='word_1_57' title='bbox 564 536 642 570; x_wconf 84' lang='lat' dir='ltr'>Papa</span> <span class='ocrx_word' id='word_1_58' title='bbox 657 537 735 567; x_wconf 88' lang='lat' dir='ltr'>VIII.</span> 
     </span>
     <span class='ocr_line' id='line_1_16' title="bbox 339 589 821 623; baseline 0.002 -7"><span class='ocrx_word' id='word_1_59' title='bbox 339 589 373 616; x_wconf 85' lang='lat' dir='ltr'>ad</span> <span class='ocrx_word' id='word_1_60' title='bbox 391 592 566 623; x_wconf 79' lang='lat' dir='ltr'>perpetuam</span> <span class='ocrx_word' id='word_1_61' title='bbox 581 589 626 617; x_wconf 86' lang='lat' dir='ltr'>rei</span> <span class='ocrx_word' id='word_1_62' title='bbox 642 589 821 617; x_wconf 87' lang='lat' dir='ltr'><strong>memoriam.</strong></span> 
     </span>
    </p>
   </div>
   <div class='ocr_carea' id='block_1_9' title="bbox 33 661 953 2635">
    <p class='ocr_par' dir='ltr' id='par_1_9' title="bbox 33 661 953 1454">
     <span class='ocr_line' id='line_1_17' title="bbox 251 661 946 705; baseline 0.003 -12"><span class='ocrx_word' id='word_1_63' title='bbox 251 661 336 694; x_wconf 81' lang='lat' dir='ltr'>luter</span> <span class='ocrx_word' id='word_1_64' title='bbox 357 661 551 705; x_wconf 70' lang='lat' dir='ltr'><strong>multiplices</strong></span> <span class='ocrx_word' id='word_1_65' title='bbox 577 661 676 694; x_wconf 86' lang='lat' dir='ltr'>animi</span> <span class='ocrx_word' id='word_1_66' title='bbox 704 662 803 695; x_wconf 87' lang='lat' dir='ltr'>nostri</span> <span class='ocrx_word' id='word_1_67' title='bbox 833 672 946 702; x_wconf 85' lang='lat' dir='ltr'>curas,</span> 
     </span>
     <span class='ocr_line' id='line_1_18' title="bbox 33 714 951 758; baseline 0.002 -13"><span class='ocrx_word' id='word_1_68' title='bbox 33 717 172 738; x_wconf 66' lang='lat' dir='ltr'>rrmwmium.</span> <span class='ocrx_word' id='word_1_69' title='bbox 207 725 285 757; x_wconf 84' lang='lat' dir='ltr'>quas</span> <span class='ocrx_word' id='word_1_70' title='bbox 302 724 362 758; x_wconf 88' lang='lat' dir='ltr'>pro</span> <span class='ocrx_word' id='word_1_71' title='bbox 382 714 558 758; x_wconf 83' lang='lat' dir='ltr'>apostolico</span> <span class='ocrx_word' id='word_1_72' title='bbox 583 715 676 748; x_wconf 86' lang='lat' dir='ltr'>nobis</span> <span class='ocrx_word' id='word_1_73' title='bbox 709 715 852 748; x_wconf 84' lang='lat' dir='ltr'>iniuncto</span> <span class='ocrx_word' id='word_1_74' title='bbox 882 726 951 748; x_wconf 90' lang='lat' dir='ltr'>mu-</span> 
     </span>
     <span class='ocr_line' id='line_1_19' title="bbox 204 767 950 811; baseline 0.001 -12"><span class='ocrx_word' id='word_1_75' title='bbox 204 777 292 807; x_wconf 88' lang='lat' dir='ltr'>nere,</span> <span class='ocrx_word' id='word_1_76' title='bbox 310 767 396 810; x_wconf 90' lang='lat' dir='ltr'>quod</span> <span class='ocrx_word' id='word_1_77' title='bbox 410 767 562 809; x_wconf 69' lang='lat' dir='ltr'>gerimus,</span> <span class='ocrx_word' id='word_1_78' title='bbox 575 767 784 804; x_wconf 71' lang='lat' dir='ltr'>sustinemus2</span> <span class='ocrx_word' id='word_1_79' title='bbox 805 779 842 801; x_wconf 85' lang='lat' dir='ltr'>ea</span> <span class='ocrx_word' id='word_1_80' title='bbox 860 778 950 811; x_wconf 86' lang='lat' dir='ltr'>prae-</span> 
     </span>
     <span class='ocr_line' id='line_1_20' title="bbox 205 820 951 865; baseline 0.003 -13"><span class='ocrx_word' id='word_1_81' title='bbox 205 820 335 864; x_wconf 87' lang='lat' dir='ltr'>cipuum</span> <span class='ocrx_word' id='word_1_82' title='bbox 357 821 464 853; x_wconf 90' lang='lat' dir='ltr'>locum</span> <span class='ocrx_word' id='word_1_83' title='bbox 486 821 619 862; x_wconf 88' lang='lat' dir='ltr'>obtinet,</span> <span class='ocrx_word' id='word_1_84' title='bbox 644 833 707 865; x_wconf 84' lang='lat' dir='ltr'>qua</span> <span class='ocrx_word' id='word_1_85' title='bbox 733 822 771 854; x_wconf 89' lang='lat' dir='ltr'>de</span> <span class='ocrx_word' id='word_1_86' title='bbox 793 821 951 855; x_wconf 77' lang='lat' dir='ltr'>catholica</span> 
     </span>
     <span class='ocr_line' id='line_1_21' title="bbox 204 873 953 920; baseline 0.001 -13"><span class='ocrx_word' id='word_1_87' title='bbox 204 873 278 914; x_wconf 82' lang='lat' dir='ltr'>fide,</span> <span class='ocrx_word' id='word_1_88' title='bbox 288 874 421 907; x_wconf 86' lang='lat' dir='ltr'>sublatis</span> <span class='ocrx_word' id='word_1_89' title='bbox 430 875 626 913; x_wconf 76' lang='lat' dir='ltr'>haeresibus,</span> <span class='ocrx_word' id='word_1_90' title='bbox 637 875 831 909; x_wconf 83' lang='lat' dir='ltr'>instituenda</span> <span class='ocrx_word' id='word_1_91' title='bbox 839 882 869 908; x_wconf 88' lang='lat' dir='ltr'>et</span> <span class='ocrx_word' id='word_1_92' title='bbox 879 887 953 920; x_wconf 76' lang='lat' dir='ltr'>pro-</span> 
     </span>
     <span class='ocr_line' id='line_1_22' title="bbox 204 927 951 970; baseline 0.004 -11"><span class='ocrx_word' id='word_1_93' title='bbox 204 928 351 970; x_wconf 79' lang='lat' dir='ltr'>paganda</span> <span class='ocrx_word' id='word_1_94' title='bbox 372 927 497 961; x_wconf 82' lang='lat' dir='ltr'>assidue</span> <span class='ocrx_word' id='word_1_95' title='bbox 520 928 648 961; x_wconf 73' lang='lat' dir='ltr'>solliciti</span> <span class='ocrx_word' id='word_1_96' title='bbox 668 940 788 962; x_wconf 89' lang='lat' dir='ltr'>sumus.</span> <span class='ocrx_word' id='word_1_97' title='bbox 813 929 951 962; x_wconf 84' lang='lat' dir='ltr'>Proinde</span> 
     </span>
     <span class='ocr_line' id='line_1_23' title="bbox 206 981 952 1027; baseline 0.003 -13"><span class='ocrx_word' id='word_1_98' title='bbox 206 981 258 1025; x_wconf 88' lang='lat' dir='ltr'>pia</span> <span class='ocrx_word' id='word_1_99' title='bbox 278 981 413 1024; x_wconf 69' lang='lat' dir='ltr'>collegia</span> <span class='ocrx_word' id='word_1_100' title='bbox 433 982 472 1015; x_wconf 85' lang='lat' dir='ltr'>ad</span> <span class='ocrx_word' id='word_1_101' title='bbox 494 981 704 1023; x_wconf 83' lang='lat' dir='ltr'>iuventutem,</span> <span class='ocrx_word' id='word_1_102' title='bbox 728 993 839 1015; x_wconf 87' lang='lat' dir='ltr'>earum</span> <span class='ocrx_word' id='word_1_103' title='bbox 860 993 952 1027; x_wconf 84' lang='lat' dir='ltr'>prae-</span> 
     </span>
     <span class='ocr_line' id='line_1_24' title="bbox 204 1034 951 1078; baseline 0.004 -12"><span class='ocrx_word' id='word_1_104' title='bbox 204 1034 313 1067; x_wconf 88' lang='lat' dir='ltr'>sertim</span> <span class='ocrx_word' id='word_1_105' title='bbox 327 1035 507 1076; x_wconf 69' lang='lat' dir='ltr'>regionum,</span> <span class='ocrx_word' id='word_1_106' title='bbox 525 1046 607 1078; x_wconf 87' lang='lat' dir='ltr'>quae</span> <span class='ocrx_word' id='word_1_107' title='bbox 621 1035 789 1069; x_wconf 79' lang='lat' dir='ltr'><strong>haeresum</strong></span> <span class='ocrx_word' id='word_1_108' title='bbox 805 1042 835 1069; x_wconf 90' lang='lat' dir='ltr'>et</span> <span class='ocrx_word' id='word_1_109' title='bbox 850 1036 951 1069; x_wconf 85' lang='lat' dir='ltr'>schis—</span> 
     </span>
     <span class='ocr_line' id='line_1_25' title="bbox 205 1088 951 1132; baseline 0.004 -13"><span class='ocrx_word' id='word_1_110' title='bbox 205 1093 325 1121; x_wconf 88' lang='lat' dir='ltr'>matum</span> <span class='ocrx_word' id='word_1_111' title='bbox 352 1088 422 1121; x_wconf 86' lang='lat' dir='ltr'>labe</span> <span class='ocrx_word' id='word_1_112' title='bbox 453 1088 603 1132; x_wconf 79' lang='lat' dir='ltr'>pestifera</span> <span class='ocrx_word' id='word_1_113' title='bbox 632 1094 705 1122; x_wconf 86' lang='lat' dir='ltr'>sunt</span> <span class='ocrx_word' id='word_1_114' title='bbox 736 1089 886 1128; x_wconf 79' lang='lat' dir='ltr'>infectae,</span> <span class='ocrx_word' id='word_1_115' title='bbox 919 1090 951 1122; x_wconf 92' lang='lat' dir='ltr'>in</span> 
     </span>
     <span class='ocr_line' id='line_1_26' title="bbox 204 1141 949 1185; baseline 0.001 -11"><span class='ocrx_word' id='word_1_116' title='bbox 204 1141 383 1175; x_wconf 77' lang='lat' dir='ltr'>orthodoxa</span> <span class='ocrx_word' id='word_1_117' title='bbox 396 1152 551 1185; x_wconf 83' lang='lat' dir='ltr'>sacraque</span> <span class='ocrx_word' id='word_1_118' title='bbox 565 1142 711 1175; x_wconf 84' lang='lat' dir='ltr'>doctrina</span> <span class='ocrx_word' id='word_1_119' title='bbox 723 1142 949 1177; x_wconf 84' lang='lat' dir='ltr'>instituendam</span> 
     </span>
     <span class='ocr_line' id='line_1_27' title="bbox 206 1195 952 1241; baseline 0.003 -13"><span class='ocrx_word' id='word_1_120' title='bbox 206 1202 323 1235; x_wconf 86' lang='lat' dir='ltr'>erecta,</span> <span class='ocrx_word' id='word_1_121' title='bbox 339 1195 455 1229; x_wconf 89' lang='lat' dir='ltr'>merito</span> <span class='ocrx_word' id='word_1_122' title='bbox 473 1196 636 1229; x_wconf 80' lang='lat' dir='ltr'>favoribus</span> <span class='ocrx_word' id='word_1_123' title='bbox 657 1202 685 1229; x_wconf 86' lang='lat' dir='ltr'>ct</span> <span class='ocrx_word' id='word_1_124' title='bbox 707 1197 818 1239; x_wconf 75' lang='lat' dir='ltr'>gratiis</span> <span class='ocrx_word' id='word_1_125' title='bbox 834 1208 952 1241; x_wconf 85' lang='lat' dir='ltr'>oppor—</span> 
     </span>
     <span class='ocr_line' id='line_1_28' title="bbox 208 1249 951 1294; baseline 0.003 -12"><span class='ocrx_word' id='word_1_126' title='bbox 208 1249 292 1282; x_wconf 90' lang='lat' dir='ltr'>tunis</span> <span class='ocrx_word' id='word_1_127' title='bbox 309 1249 548 1293; x_wconf 80' lang='lat' dir='ltr'>prosequimur,</span> <span class='ocrx_word' id='word_1_128' title='bbox 566 1255 661 1294; x_wconf 81' lang='lat' dir='ltr'>prout</span> <span class='ocrx_word' id='word_1_129' title='bbox 682 1251 871 1284; x_wconf 84' lang='lat' dir='ltr'>eorumdem</span> <span class='ocrx_word' id='word_1_130' title='bbox 886 1252 951 1284; x_wconf 89' lang='lat' dir='ltr'>col-</span> 
     </span>
     <span class='ocr_line' id='line_1_29' title="bbox 208 1303 950 1349; baseline 0.004 -13"><span class='ocrx_word' id='word_1_131' title='bbox 208 1303 365 1345; x_wconf 79' lang='lat' dir='ltr'>legiorum</span> <span class='ocrx_word' id='word_1_132' title='bbox 399 1303 598 1337; x_wconf 85' lang='lat' dir='ltr'>incremento</span> <span class='ocrx_word' id='word_1_133' title='bbox 633 1310 664 1337; x_wconf 89' lang='lat' dir='ltr'>et.</span> <span class='ocrx_word' id='word_1_134' title='bbox 699 1305 858 1349; x_wconf 70' lang='lat' dir='ltr'>profectui</span> <span class='ocrx_word' id='word_1_135' title='bbox 873 1333 880 1346; x_wconf 94' lang='lat'>,</span> <span class='ocrx_word' id='word_1_136' title='bbox 915 1316 950 1339; x_wconf 85' lang='lat' dir='ltr'>ac</span> 
     </span>
     <span class='ocr_line' id='line_1_30' title="bbox 206 1356 951 1402; baseline 0.003 -13"><span class='ocrx_word' id='word_1_137' title='bbox 206 1356 284 1390; x_wconf 89' lang='lat' dir='ltr'>alias</span> <span class='ocrx_word' id='word_1_138' title='bbox 313 1357 344 1389; x_wconf 87' lang='lat' dir='ltr'>in</span> <span class='ocrx_word' id='word_1_139' title='bbox 370 1357 507 1390; x_wconf 89' lang='lat' dir='ltr'>Domino</span> <span class='ocrx_word' id='word_1_140' title='bbox 537 1357 708 1391; x_wconf 80' lang='lat' dir='ltr'>salubriter</span> <span class='ocrx_word' id='word_1_141' title='bbox 735 1358 951 1402; x_wconf 76' lang='lat' dir='ltr'>conspicimus</span> 
     </span>
     <span class='ocr_line' id='line_1_31' title="bbox 207 1410 368 1454; baseline 0.006 -12"><span class='ocrx_word' id='word_1_142' title='bbox 207 1410 368 1454; x_wconf 79' lang='lat' dir='ltr'>expedire.</span> 
     </span>
    </p>

    <p class='ocr_par' dir='ltr' id='par_1_10' title="bbox 205 1463 953 2472">
     <span class='ocr_line' id='line_1_32' title="bbox 251 1463 950 1509; baseline 0.003 -13"><span class='ocrx_word' id='word_1_143' title='bbox 251 1465 267 1506; x_wconf 66' lang='grc' dir='ltr'>ἓ</span> <span class='ocrx_word' id='word_1_144' title='bbox 288 1463 319 1497; x_wconf 69' lang='grc'>’1.</span> <span class='ocrx_word' id='word_1_145' title='bbox 342 1464 420 1498; x_wconf 87' lang='lat' dir='ltr'>Cum</span> <span class='ocrx_word' id='word_1_146' title='bbox 441 1465 560 1509; x_wconf 86' lang='lat' dir='ltr'>itaque,</span> <span class='ocrx_word' id='word_1_147' title='bbox 584 1465 665 1498; x_wconf 88' lang='lat' dir='ltr'>sicut</span> <span class='ocrx_word' id='word_1_148' title='bbox 696 1466 894 1509; x_wconf 84' lang='lat' dir='ltr'>accepimus,</span> <span class='ocrx_word' id='word_1_149' title='bbox 920 1466 950 1499; x_wconf 91' lang='lat' dir='ltr'>in</span> 
     </span>
     <span class='ocr_line' id='line_1_33' title="bbox 206 1516 949 1561; baseline 0.001 -11"><span class='ocrx_word' id='word_1_150' title='bbox 206 1516 331 1551; x_wconf 86' lang='lat' dir='ltr'>civitate</span> <span class='ocrx_word' id='word_1_151' title='bbox 350 1518 530 1561; x_wconf 86' lang='lat' dir='ltr'>Hispalensi</span> <span class='ocrx_word' id='word_1_152' title='bbox 548 1518 720 1561; x_wconf 79' lang='lat' dir='ltr'>collegium</span> <span class='ocrx_word' id='word_1_153' title='bbox 738 1519 949 1561; x_wconf 74' lang='lat' dir='ltr'>Anglicamun</span> 
     </span>
     <span class='ocr_line' id='line_1_34' title="bbox 206 1571 951 1613; baseline 0.004 -10"><span class='ocrx_word' id='word_1_154' title='bbox 206 1571 306 1613; x_wconf 74' lang='lat' dir='ltr'>regali</span> <span class='ocrx_word' id='word_1_155' title='bbox 336 1571 516 1604; x_wconf 78' lang='lat' dir='ltr'>charissimi</span> <span class='ocrx_word' id='word_1_156' title='bbox 547 1571 579 1604; x_wconf 90' lang='lat' dir='ltr'>in</span> <span class='ocrx_word' id='word_1_157' title='bbox 608 1572 731 1605; x_wconf 89' lang='lat' dir='ltr'>Christo</span> <span class='ocrx_word' id='word_1_158' title='bbox 763 1573 821 1605; x_wconf 83' lang='lat' dir='ltr'>filii</span> <span class='ocrx_word' id='word_1_159' title='bbox 852 1573 951 1606; x_wconf 83' lang='lat' dir='ltr'>nostri</span> 
     </span>
     <span class='ocr_line' id='line_1_35' title="bbox 206 1625 952 1671; baseline 0.003 -13"><span class='ocrx_word' id='word_1_160' title='bbox 206 1625 345 1669; x_wconf 90' lang='lat' dir='ltr'>Philippi</span> <span class='ocrx_word' id='word_1_161' title='bbox 365 1625 593 1669; x_wconf 79' lang='lat' dir='ltr'>Hispaniarum</span> <span class='ocrx_word' id='word_1_162' title='bbox 619 1626 703 1668; x_wconf 76' lang='lat' dir='ltr'>regis</span> <span class='ocrx_word' id='word_1_163' title='bbox 723 1626 871 1660; x_wconf 75' lang='lat' dir='ltr'>catholici</span> <span class='ocrx_word' id='word_1_164' title='bbox 886 1627 952 1671; x_wconf 82' lang='lat' dir='ltr'>pie-</span> 
     </span>
     <span class='ocr_line' id='line_1_36' title="bbox 205 1679 948 1724; baseline 0.003 -12"><span class='ocrx_word' id='word_1_165' title='bbox 205 1684 269 1712; x_wconf 82' lang='lat' dir='ltr'>tate</span> <span class='ocrx_word' id='word_1_166' title='bbox 293 1679 474 1712; x_wconf 87' lang='lat' dir='ltr'>institutum</span> <span class='ocrx_word' id='word_1_167' title='bbox 500 1679 627 1720; x_wconf 81' lang='lat' dir='ltr'>existat,</span> <span class='ocrx_word' id='word_1_168' title='bbox 649 1681 688 1713; x_wconf 91' lang='lat' dir='ltr'>ad</span> <span class='ocrx_word' id='word_1_169' title='bbox 720 1681 807 1724; x_wconf 88' lang='lat' dir='ltr'>quod</span> <span class='ocrx_word' id='word_1_170' title='bbox 836 1681 948 1714; x_wconf 87' lang='lat' dir='ltr'>adole-</span> 
     </span>
     <span class='ocr_line' id='line_1_37' title="bbox 206 1732 952 1776; baseline 0 -9"><span class='ocrx_word' id='word_1_171' title='bbox 206 1738 342 1773; x_wconf 78' lang='lat' dir='ltr'>scentes,</span> <span class='ocrx_word' id='word_1_172' title='bbox 360 1732 414 1776; x_wconf 83' lang='lat' dir='ltr'>qui</span> <span class='ocrx_word' id='word_1_173' title='bbox 435 1733 653 1766; x_wconf 84' lang='lat' dir='ltr'>voluntarium</span> <span class='ocrx_word' id='word_1_174' title='bbox 673 1744 691 1766; x_wconf 85' lang='lat' dir='ltr'>a</span> <span class='ocrx_word' id='word_1_175' title='bbox 708 1744 808 1776; x_wconf 79' lang='lat' dir='ltr'>regno</span> <span class='ocrx_word' id='word_1_176' title='bbox 819 1734 952 1776; x_wconf 73' lang='lat' dir='ltr'>Angliae</span> 
     </span>
     <span class='ocr_line' id='line_1_38' title="bbox 205 1786 951 1831; baseline 0 -10"><span class='ocrx_word' id='word_1_177' title='bbox 205 1787 347 1821; x_wconf 86' lang='lat' dir='ltr'>haeresis</span> <span class='ocrx_word' id='word_1_178' title='bbox 368 1787 440 1819; x_wconf 88' lang='lat' dir='ltr'>labe</span> <span class='ocrx_word' id='word_1_179' title='bbox 461 1786 577 1819; x_wconf 81' lang='lat' dir='ltr'>infecto</span> <span class='ocrx_word' id='word_1_180' title='bbox 592 1787 720 1820; x_wconf 79' lang='lat' dir='ltr'>exilium</span> <span class='ocrx_word' id='word_1_181' title='bbox 743 1798 803 1831; x_wconf 87' lang='lat' dir='ltr'>pro</span> <span class='ocrx_word' id='word_1_182' title='bbox 824 1787 887 1820; x_wconf 83' lang='lat' dir='ltr'>fide</span> <span class='ocrx_word' id='word_1_183' title='bbox 899 1799 951 1821; x_wconf 85' lang='lat' dir='ltr'>ca-</span> 
     </span>
     <span class='ocr_line' id='line_1_39' title="bbox 206 1840 952 1885; baseline 0 -10"><span class='ocrx_word' id='word_1_184' title='bbox 206 1841 325 1875; x_wconf 88' lang='lat' dir='ltr'>tholica</span> <span class='ocrx_word' id='word_1_185' title='bbox 345 1841 523 1883; x_wconf 85' lang='lat' dir='ltr'>elegerunt,</span> <span class='ocrx_word' id='word_1_186' title='bbox 546 1840 710 1873; x_wconf 86' lang='lat' dir='ltr'>confluere</span> <span class='ocrx_word' id='word_1_187' title='bbox 731 1841 870 1885; x_wconf 69' lang='lat' dir='ltr'>possint,</span> <span class='ocrx_word' id='word_1_188' title='bbox 894 1852 952 1875; x_wconf 92' lang='lat' dir='ltr'>nos</span> 
     </span>
     <span class='ocr_line' id='line_1_40' title="bbox 206 1894 948 1937; baseline -0.001 -9"><span class='ocrx_word' id='word_1_189' title='bbox 206 1894 333 1937; x_wconf 79' lang='lat' dir='ltr'>collegii</span> <span class='ocrx_word' id='word_1_190' title='bbox 365 1894 601 1927; x_wconf 88' lang='lat' dir='ltr'>incrementum</span> <span class='ocrx_word' id='word_1_191' title='bbox 634 1895 674 1927; x_wconf 87' lang='lat' dir='ltr'>ad</span> <span class='ocrx_word' id='word_1_192' title='bbox 701 1894 878 1928; x_wconf 85' lang='lat' dir='ltr'>catholicae</span> <span class='ocrx_word' id='word_1_193' title='bbox 908 1895 948 1927; x_wconf 84' lang='lat' dir='ltr'>fi-</span> 
     </span>
     <span class='ocr_line' id='line_1_41' title="bbox 206 1947 949 1991; baseline 0.001 -11"><span class='ocrx_word' id='word_1_194' title='bbox 206 1947 257 1980; x_wconf 89' lang='lat' dir='ltr'>dei</span> <span class='ocrx_word' id='word_1_195' title='bbox 270 1947 537 1991; x_wconf 73' lang='lat' dir='ltr'>propagationem</span> <span class='ocrx_word' id='word_1_196' title='bbox 551 1958 758 1991; x_wconf 86' lang='lat' dir='ltr'>summopere</span> <span class='ocrx_word' id='word_1_197' title='bbox 772 1948 949 1991; x_wconf 82' lang='lat' dir='ltr'>cupientes,</span> 
     </span>
     <span class='ocr_line' id='line_1_42' title="bbox 206 2000 952 2044; baseline 0.003 -11"><span class='ocrx_word' id='word_1_198' title='bbox 206 2001 377 2044; x_wconf 86' lang='lat' dir='ltr'>ipsumque</span> <span class='ocrx_word' id='word_1_199' title='bbox 411 2000 583 2042; x_wconf 78' lang='lat' dir='ltr'>collegium</span> <span class='ocrx_word' id='word_1_200' title='bbox 597 2028 604 2041; x_wconf 93' lang='lat'>,</span> <span class='ocrx_word' id='word_1_201' title='bbox 637 2012 674 2034; x_wconf 90' lang='lat' dir='ltr'>ac</span> <span class='ocrx_word' id='word_1_202' title='bbox 706 2001 773 2034; x_wconf 88' lang='lat' dir='ltr'>eius</span> <span class='ocrx_word' id='word_1_203' title='bbox 804 2002 952 2035; x_wconf 88' lang='lat' dir='ltr'>alumnos</span> 
     </span>
     <span class='ocr_line' id='line_1_43' title="bbox 206 2053 952 2099; baseline 0.003 -12"><span class='ocrx_word' id='word_1_204' title='bbox 206 2054 399 2098; x_wconf 82' lang='lat' dir='ltr'>specialibus</span> <span class='ocrx_word' id='word_1_205' title='bbox 425 2053 587 2087; x_wconf 82' lang='lat' dir='ltr'>favoribus</span> <span class='ocrx_word' id='word_1_206' title='bbox 608 2060 638 2087; x_wconf 91' lang='lat' dir='ltr'>et</span> <span class='ocrx_word' id='word_1_207' title='bbox 662 2054 772 2097; x_wconf 74' lang='lat' dir='ltr'>gratiis</span> <span class='ocrx_word' id='word_1_208' title='bbox 801 2056 952 2099; x_wconf 83' lang='lat' dir='ltr'>prosequi</span> 
     </span>
     <span class='ocr_line' id='line_1_44' title="bbox 207 2108 953 2148; baseline 0.001 -7"><span class='ocrx_word' id='word_1_209' title='bbox 207 2109 361 2148; x_wconf 86' lang='lat' dir='ltr'>volentes,</span> <span class='ocrx_word' id='word_1_210' title='bbox 386 2108 581 2141; x_wconf 79' lang='lat' dir='ltr'>erectionem</span> <span class='ocrx_word' id='word_1_211' title='bbox 600 2114 630 2141; x_wconf 89' lang='lat' dir='ltr'>et</span> <span class='ocrx_word' id='word_1_212' title='bbox 651 2109 885 2142; x_wconf 85' lang='lat' dir='ltr'>institutionem</span> <span class='ocrx_word' id='word_1_213' title='bbox 907 2109 953 2142; x_wconf 90' lang='lat' dir='ltr'>di-</span> 
     </span>
     <span class='ocr_line' id='line_1_45' title="bbox 207 2161 953 2205; baseline 0.001 -10"><span class='ocrx_word' id='word_1_214' title='bbox 207 2162 248 2195; x_wconf 89' lang='lat' dir='ltr'>cti</span> <span class='ocrx_word' id='word_1_215' title='bbox 269 2161 408 2204; x_wconf 73' lang='lat' dir='ltr'>collegii,</span> <span class='ocrx_word' id='word_1_216' title='bbox 431 2172 467 2194; x_wconf 86' lang='lat' dir='ltr'>ac</span> <span class='ocrx_word' id='word_1_217' title='bbox 488 2161 598 2195; x_wconf 86' lang='lat' dir='ltr'>omnia</span> <span class='ocrx_word' id='word_1_218' title='bbox 617 2167 648 2195; x_wconf 89' lang='lat' dir='ltr'>et</span> <span class='ocrx_word' id='word_1_219' title='bbox 664 2162 790 2205; x_wconf 81' lang='lat' dir='ltr'>singula</span> <span class='ocrx_word' id='word_1_220' title='bbox 810 2163 885 2196; x_wconf 86' lang='lat' dir='ltr'>inde</span> <span class='ocrx_word' id='word_1_221' title='bbox 905 2175 953 2196; x_wconf 79' lang='lat' dir='ltr'>se-</span> 
     </span>
     <span class='ocr_line' id='line_1_46' title="bbox 208 2215 953 2260; baseline 0 -11"><span class='ocrx_word' id='word_1_222' title='bbox 208 2221 317 2260; x_wconf 89' lang='lat' dir='ltr'>quuta,</span> <span class='ocrx_word' id='word_1_223' title='bbox 343 2215 520 2259; x_wconf 87' lang='lat' dir='ltr'>apostolica</span> <span class='ocrx_word' id='word_1_224' title='bbox 540 2215 742 2255; x_wconf 83' lang='lat' dir='ltr'>auctoritate,</span> <span class='ocrx_word' id='word_1_225' title='bbox 765 2221 848 2249; x_wconf 79' lang='lat' dir='ltr'>etex</span> <span class='ocrx_word' id='word_1_226' title='bbox 867 2222 953 2249; x_wconf 84' lang='lat' dir='ltr'>certa</span> 
     </span>
     <span class='ocr_line' id='line_1_47' title="bbox 207 2268 952 2312; baseline 0.001 -10"><span class='ocrx_word' id='word_1_227' title='bbox 207 2275 316 2303; x_wconf 85' lang='lat' dir='ltr'>nostra</span> <span class='ocrx_word' id='word_1_228' title='bbox 335 2268 479 2309; x_wconf 85' lang='lat' dir='ltr'>scientia,</span> <span class='ocrx_word' id='word_1_229' title='bbox 501 2269 719 2312; x_wconf 81' lang='lat' dir='ltr'>approbamus</span> <span class='ocrx_word' id='word_1_230' title='bbox 733 2275 764 2302; x_wconf 85' lang='lat' dir='ltr'>et</span> <span class='ocrx_word' id='word_1_231' title='bbox 777 2270 952 2303; x_wconf 84' lang='lat' dir='ltr'>confirma-</span> 
     </span>
     <span class='ocr_line' id='line_1_48' title="bbox 208 2322 951 2366; baseline -0.001 -10"><span class='ocrx_word' id='word_1_232' title='bbox 208 2333 290 2363; x_wconf 87' lang='lat' dir='ltr'>mus,</span> <span class='ocrx_word' id='word_1_233' title='bbox 307 2333 344 2356; x_wconf 88' lang='lat' dir='ltr'>ac</span> <span class='ocrx_word' id='word_1_234' title='bbox 357 2333 470 2356; x_wconf 90' lang='lat' dir='ltr'>omnes</span> <span class='ocrx_word' id='word_1_235' title='bbox 487 2327 518 2355; x_wconf 89' lang='lat' dir='ltr'>et</span> <span class='ocrx_word' id='word_1_236' title='bbox 531 2322 675 2364; x_wconf 75' lang='lat' dir='ltr'>singulos</span> <span class='ocrx_word' id='word_1_237' title='bbox 689 2328 752 2355; x_wconf 83' lang='lat' dir='ltr'>tam</span> <span class='ocrx_word' id='word_1_238' title='bbox 765 2322 842 2355; x_wconf 89' lang='lat' dir='ltr'>iuris</span> <span class='ocrx_word' id='word_1_239' title='bbox 856 2333 951 2366; x_wconf 69' lang='lat' dir='ltr'>quzun</span> 
     </span>
     <span class='ocr_line' id='line_1_49' title="bbox 209 2375 953 2419; baseline 0 -10"><span class='ocrx_word' id='word_1_240' title='bbox 209 2376 283 2409; x_wconf 86' lang='lat' dir='ltr'>sacti</span> <span class='ocrx_word' id='word_1_241' title='bbox 304 2376 456 2416; x_wconf 77' lang='lat' dir='ltr'>defectus,</span> <span class='ocrx_word' id='word_1_242' title='bbox 480 2375 505 2408; x_wconf 87' lang='lat' dir='ltr'>si</span> <span class='ocrx_word' id='word_1_243' title='bbox 524 2375 578 2419; x_wconf 91' lang='lat' dir='ltr'>qui</span> <span class='ocrx_word' id='word_1_244' title='bbox 597 2375 828 2409; x_wconf 81' lang='lat' dir='ltr'>intervenerint</span> <span class='ocrx_word' id='word_1_245' title='bbox 848 2376 879 2408; x_wconf 89' lang='lat' dir='ltr'>in</span> <span class='ocrx_word' id='word_1_246' title='bbox 892 2376 953 2409; x_wconf 88' lang='lat' dir='ltr'>eis-</span> 
     </span>
     <span class='ocr_line' id='line_1_50' title="bbox 209 2429 516 2472; baseline -0.003 -10"><span class='ocrx_word' id='word_1_247' title='bbox 209 2429 294 2469; x_wconf 86' lang='lat' dir='ltr'>dem,</span> <span class='ocrx_word' id='word_1_248' title='bbox 318 2429 516 2472; x_wconf 88' lang='lat' dir='ltr'>supplemus.</span> 
     </span>
    </p>

    <p class='ocr_par' dir='ltr' id='par_1_11' title="bbox 210 2482 953 2572">
     <span class='ocr_line' id='line_1_51' title="bbox 256 2482 953 2528; baseline 0.001 -13"><span class='ocrx_word' id='word_1_249' title='bbox 256 2485 272 2525; x_wconf 66' lang='grc' dir='ltr'>ξ</span> <span class='ocrx_word' id='word_1_250' title='bbox 290 2482 320 2515; x_wconf 74' lang='lat'>⁶2.</span> <span class='ocrx_word' id='word_1_251' title='bbox 341 2484 404 2516; x_wconf 88' lang='lat' dir='ltr'>Nec</span> <span class='ocrx_word' id='word_1_252' title='bbox 425 2494 489 2516; x_wconf 90' lang='lat' dir='ltr'>non</span> <span class='ocrx_word' id='word_1_253' title='bbox 510 2484 681 2525; x_wconf 73' lang='lat' dir='ltr'>collegium</span> <span class='ocrx_word' id='word_1_254' title='bbox 704 2484 820 2527; x_wconf 87' lang='lat' dir='ltr'>ipsum,</span> <span class='ocrx_word' id='word_1_255' title='bbox 841 2494 900 2528; x_wconf 87' lang='lat' dir='ltr'>pro</span> <span class='ocrx_word' id='word_1_256' title='bbox 919 2484 953 2516; x_wconf 89' lang='lat' dir='ltr'>il-</span> 
     </span>
     <span class='ocr_line' id='line_1_52' title="bbox 210 2537 953 2572; baseline 0.001 -2"><span class='ocrx_word' id='word_1_257' title='bbox 210 2537 271 2571; x_wconf 89' lang='lat' dir='ltr'>lius</span> <span class='ocrx_word' id='word_1_258' title='bbox 285 2537 406 2571; x_wconf 85' lang='lat' dir='ltr'>salubri</span> <span class='ocrx_word' id='word_1_259' title='bbox 418 2538 594 2572; x_wconf 81' lang='lat' dir='ltr'>directione</span> <span class='ocrx_word' id='word_1_260' title='bbox 614 2544 645 2572; x_wconf 89' lang='lat' dir='ltr'>et</span> <span class='ocrx_word' id='word_1_261' title='bbox 657 2538 739 2572; x_wconf 82' lang='lat' dir='ltr'>felici</span> <span class='ocrx_word' id='word_1_262' title='bbox 754 2538 953 2572; x_wconf 76' lang='lat' dir='ltr'>incremento</span> 
     </span>
    </p>

    <p class='ocr_par' dir='ltr' id='par_1_12' title="bbox 248 2599 757 2635">
     <span class='ocr_line' id='line_1_53' title="bbox 248 2599 757 2635; baseline 0.002 -9"><span class='ocrx_word' id='word_1_263' title='bbox 248 2600 257 2626; x_wconf 86' lang='grc'>1</span> <span class='ocrx_word' id='word_1_264' title='bbox 277 2599 314 2626; x_wconf 76' lang='lat' dir='ltr'>Ex</span> <span class='ocrx_word' id='word_1_265' title='bbox 334 2599 441 2635; x_wconf 77' lang='lat' dir='ltr'>llegcst.</span> <span class='ocrx_word' id='word_1_266' title='bbox 463 2600 489 2627; x_wconf 90' lang='lat' dir='ltr'>in</span> <span class='ocrx_word' id='word_1_267' title='bbox 503 2600 604 2628; x_wconf 82' lang='lat' dir='ltr'>Secret.</span> <span class='ocrx_word' id='word_1_268' title='bbox 622 2600 757 2628; x_wconf 84' lang='lat' dir='ltr'>Brevium.</span> 
     </span>
    </p>
   </div>
   <div class='ocr_carea' id='block_1_10' title="bbox 5 1517 190 1623">
    <p class='ocr_par' dir='ltr' id='par_1_13' title="bbox 25 1517 189 1544">
     <span class='ocr_line' id='line_1_54' title="bbox 25 1517 189 1544; baseline 0.012 -6"><span class='ocrx_word' id='word_1_269' title='bbox 25 1517 139 1544; x_wconf 66' lang='lat' dir='ltr'>Collegium</span> <span class='ocrx_word' id='word_1_270' title='bbox 151 1521 189 1541; x_wconf 70' lang='lat' dir='ltr'>An-</span> 
     </span>
    </p>

    <p class='ocr_par' dir='ltr' id='par_1_14' title="bbox 5 1544 190 1623">
     <span class='ocr_line' id='line_1_55' title="bbox 7 1544 190 1572; baseline 0.016 -9"><span class='ocrx_word' id='word_1_271' title='bbox 7 1544 86 1569; x_wconf 72' lang='lat' dir='ltr'>glorum</span> <span class='ocrx_word' id='word_1_272' title='bbox 114 1546 190 1572; x_wconf 74' lang='lat' dir='ltr'>Hispa-</span> 
     </span>
     <span class='ocr_line' id='line_1_56' title="bbox 5 1570 189 1594; baseline 0.016 -3"><span class='ocrx_word' id='word_1_273' title='bbox 5 1570 62 1592; x_wconf 74' lang='lat' dir='ltr'>tonse</span> <span class='ocrx_word' id='word_1_274' title='bbox 97 1576 189 1594; x_wconf 73' lang='lat' dir='ltr'>erectum</span> 
     </span>
     <span class='ocr_line' id='line_1_57' title="bbox 6 1597 120 1623; baseline 0.026 -6"><span class='ocrx_word' id='word_1_275' title='bbox 6 1597 120 1623; x_wconf 80' lang='lat' dir='ltr'>confirmat,</span> 
     </span>
    </p>
   </div>
   <div class='ocr_carea' id='block_1_11' title="bbox 965 447 1737 2420">
    <p class='ocr_par' dir='ltr' id='par_1_15' title="bbox 965 447 1730 598">
     <span class='ocr_line' id='line_1_58' title="bbox 965 447 1729 492; baseline 0.001 -13"><span class='ocrx_word' id='word_1_276' title='bbox 965 447 967 491; x_wconf 59' lang='lat' dir='ltr'>l</span> <span class='ocrx_word' id='word_1_277' title='bbox 984 459 1019 479; x_wconf 82' lang='lat' dir='ltr'>uc</span> <span class='ocrx_word' id='word_1_278' title='bbox 1041 448 1072 480; x_wconf 87' lang='lat' dir='ltr'>B.</span> <span class='ocrx_word' id='word_1_279' title='bbox 1090 448 1182 485; x_wconf 59' lang='lat' dir='ltr'>Petri,</span> <span class='ocrx_word' id='word_1_280' title='bbox 1200 460 1235 481; x_wconf 76' lang='lat' dir='ltr'>uc</span> <span class='ocrx_word' id='word_1_281' title='bbox 1256 448 1350 481; x_wconf 88' lang='lat' dir='ltr'>huius</span> <span class='ocrx_word' id='word_1_282' title='bbox 1371 449 1401 482; x_wconf 89' lang='lat' dir='ltr'>S.</span> <span class='ocrx_word' id='word_1_283' title='bbox 1417 449 1507 482; x_wconf 87' lang='lat' dir='ltr'>Sedis</span> <span class='ocrx_word' id='word_1_284' title='bbox 1527 448 1729 492; x_wconf 85' lang='lat' dir='ltr'>Apostolicac</span> 
     </span>
     <span class='ocr_line' id='line_1_59' title="bbox 966 495 1730 545; baseline 0.004 -14"><span class='ocrx_word' id='word_1_285' title='bbox 966 495 1182 543; x_wconf 58' lang='lat' dir='ltr'>lprotccticnu·</span> <span class='ocrx_word' id='word_1_286' title='bbox 1205 501 1389 535; x_wconf 85' lang='lat' dir='ltr'>immediate</span> <span class='ocrx_word' id='word_1_287' title='bbox 1410 502 1612 545; x_wconf 82' lang='lat' dir='ltr'>suscipimus,</span> <span class='ocrx_word' id='word_1_288' title='bbox 1626 512 1663 535; x_wconf 84' lang='lat' dir='ltr'>ac</span> <span class='ocrx_word' id='word_1_289' title='bbox 1674 512 1730 534; x_wconf 90' lang='lat' dir='ltr'>no-</span> 
     </span>
     <span class='ocr_line' id='line_1_60' title="bbox 965 554 1577 598; baseline 0.003 -13"><span class='ocrx_word' id='word_1_290' title='bbox 965 560 967 594; x_wconf 52' lang='lat'>]</span> <span class='ocrx_word' id='word_1_291' title='bbox 986 554 1031 585; x_wconf 65' lang='lat' dir='ltr'>bi&gt;v</span> <span class='ocrx_word' id='word_1_292' title='bbox 1050 560 1080 586; x_wconf 81' lang='lat' dir='ltr'>ct</span> <span class='ocrx_word' id='word_1_293' title='bbox 1100 554 1204 587; x_wconf 75' lang='lat' dir='ltr'>cidem</span> <span class='ocrx_word' id='word_1_294' title='bbox 1228 565 1358 598; x_wconf 81' lang='lat' dir='ltr'>prorsus</span> <span class='ocrx_word' id='word_1_295' title='bbox 1379 555 1577 587; x_wconf 65' lang='lat' dir='ltr'>subiit-imus.</span> 
     </span>
    </p>

    <p class='ocr_par' dir='ltr' id='par_1_16' title="bbox 985 607 1734 1343">
     <span class='ocr_line' id='line_1_61' title="bbox 1030 607 1729 650; baseline 0.001 -11"><span class='ocrx_word' id='word_1_296' title='bbox 1030 610 1045 647; x_wconf 68' lang='grc' dir='ltr'>ξ</span> <span class='ocrx_word' id='word_1_297' title='bbox 1067 608 1096 639; x_wconf 65' lang='grc'>3.</span> <span class='ocrx_word' id='word_1_298' title='bbox 1122 607 1183 639; x_wconf 72' lang='lat' dir='ltr'>Nec</span> <span class='ocrx_word' id='word_1_299' title='bbox 1209 618 1272 640; x_wconf 90' lang='lat' dir='ltr'>non</span> <span class='ocrx_word' id='word_1_300' title='bbox 1303 608 1446 650; x_wconf 71' lang='lat' dir='ltr'>regimen</span> <span class='ocrx_word' id='word_1_301' title='bbox 1479 614 1509 640; x_wconf 83' lang='lat' dir='ltr'>ct</span> <span class='ocrx_word' id='word_1_302' title='bbox 1537 608 1729 650; x_wconf 75' lang='lat' dir='ltr'>gubernium</span> 
     </span>
     <span class='ocr_line' id='line_1_62' title="bbox 986 660 1731 704; baseline 0.005 -13"><span class='ocrx_word' id='word_1_303' title='bbox 986 660 1207 693; x_wconf 83' lang='lat' dir='ltr'>immediatum</span> <span class='ocrx_word' id='word_1_304' title='bbox 1246 661 1321 694; x_wconf 87' lang='lat' dir='ltr'>dicti</span> <span class='ocrx_word' id='word_1_305' title='bbox 1359 662 1485 704; x_wconf 76' lang='lat' dir='ltr'>collegii</span> <span class='ocrx_word' id='word_1_306' title='bbox 1522 662 1663 704; x_wconf 70' lang='lat' dir='ltr'>generali</span> <span class='ocrx_word' id='word_1_307' title='bbox 1701 667 1731 695; x_wconf 80' lang='lat' dir='ltr'>et</span> 
     </span>
     <span class='ocr_line' id='line_1_63' title="bbox 985 714 1732 759; baseline 0.003 -13"><span class='ocrx_word' id='word_1_308' title='bbox 985 714 1172 758; x_wconf 84' lang='lat' dir='ltr'>provinciali</span> <span class='ocrx_word' id='word_1_309' title='bbox 1188 715 1354 748; x_wconf 66' lang='lat' dir='ltr'>societatis</span> <span class='ocrx_word' id='word_1_310' title='bbox 1367 716 1437 749; x_wconf 86' lang='lat' dir='ltr'>Iesu</span> <span class='ocrx_word' id='word_1_311' title='bbox 1452 716 1483 748; x_wconf 85' lang='lat' dir='ltr'>in</span> <span class='ocrx_word' id='word_1_312' title='bbox 1498 716 1662 759; x_wconf 73' lang='lat' dir='ltr'>provincia</span> <span class='ocrx_word' id='word_1_313' title='bbox 1675 716 1732 749; x_wconf 85' lang='lat' dir='ltr'>Be-</span> 
     </span>
     <span class='ocr_line' id='line_1_64' title="bbox 986 768 1732 813; baseline 0.001 -13"><span class='ocrx_word' id='word_1_314' title='bbox 986 768 1057 807; x_wconf 60' lang='lat' dir='ltr'>tim,</span> <span class='ocrx_word' id='word_1_315' title='bbox 1075 774 1104 801; x_wconf 63' lang='lat' dir='ltr'>et,</span> <span class='ocrx_word' id='word_1_316' title='bbox 1126 769 1242 801; x_wconf 82' lang='lat' dir='ltr'>rectori</span> <span class='ocrx_word' id='word_1_317' title='bbox 1265 769 1364 812; x_wconf 85' lang='lat' dir='ltr'>ipsius</span> <span class='ocrx_word' id='word_1_318' title='bbox 1385 769 1512 811; x_wconf 67' lang='lat' dir='ltr'>collegii</span> <span class='ocrx_word' id='word_1_319' title='bbox 1530 770 1569 802; x_wconf 85' lang='lat' dir='ltr'>ab</span> <span class='ocrx_word' id='word_1_320' title='bbox 1591 769 1666 813; x_wconf 85' lang='lat' dir='ltr'>ipsis</span> <span class='ocrx_word' id='word_1_321' title='bbox 1678 770 1732 802; x_wconf 90' lang='lat' dir='ltr'>de-</span> 
     </span>
     <span class='ocr_line' id='line_1_65' title="bbox 986 821 1732 866; baseline 0.003 -13"><span class='ocrx_word' id='word_1_322' title='bbox 986 821 1109 861; x_wconf 62' lang='lat' dir='ltr'>signato</span> <span class='ocrx_word' id='word_1_323' title='bbox 1128 822 1357 865; x_wconf 80' lang='lat' dir='ltr'>supponiums:</span> <span class='ocrx_word' id='word_1_324' title='bbox 1384 822 1426 855; x_wconf 86' lang='lat' dir='ltr'>ita</span> <span class='ocrx_word' id='word_1_325' title='bbox 1447 829 1570 863; x_wconf 86' lang='lat' dir='ltr'>tamen,</span> <span class='ocrx_word' id='word_1_326' title='bbox 1592 823 1679 866; x_wconf 85' lang='lat' dir='ltr'>quod</span> <span class='ocrx_word' id='word_1_327' title='bbox 1700 822 1732 855; x_wconf 92' lang='lat' dir='ltr'>in</span> 
     </span>
     <span class='ocr_line' id='line_1_66' title="bbox 986 876 1732 920; baseline 0.003 -13"><span class='ocrx_word' id='word_1_328' title='bbox 986 876 1089 908; x_wconf 87' lang='lat' dir='ltr'>causis</span> <span class='ocrx_word' id='word_1_329' title='bbox 1109 876 1269 918; x_wconf 58' lang='lat' dir='ltr'>gravibus,</span> <span class='ocrx_word' id='word_1_330' title='bbox 1294 887 1376 920; x_wconf 71' lang='lat' dir='ltr'>(piae</span> <span class='ocrx_word' id='word_1_331' title='bbox 1400 888 1457 920; x_wconf 86' lang='lat' dir='ltr'>per</span> <span class='ocrx_word' id='word_1_332' title='bbox 1484 877 1569 920; x_wconf 86' lang='lat' dir='ltr'>ipsos</span> <span class='ocrx_word' id='word_1_333' title='bbox 1590 876 1732 920; x_wconf 82' lang='lat' dir='ltr'>expediri</span> 
     </span>
     <span class='ocr_line' id='line_1_67' title="bbox 987 931 1730 974; baseline 0.001 -13"><span class='ocrx_word' id='word_1_334' title='bbox 987 940 1050 962; x_wconf 86' lang='lat' dir='ltr'>non</span> <span class='ocrx_word' id='word_1_335' title='bbox 1072 936 1234 973; x_wconf 83' lang='lat' dir='ltr'>poterunt,</span> <span class='ocrx_word' id='word_1_336' title='bbox 1248 931 1286 963; x_wconf 84' lang='lat' dir='ltr'>ad</span> <span class='ocrx_word' id='word_1_337' title='bbox 1309 941 1480 974; x_wconf 84' lang='lat' dir='ltr'>personam</span> <span class='ocrx_word' id='word_1_338' title='bbox 1500 931 1730 964; x_wconf 81' lang='lat' dir='ltr'>nominandam</span> 
     </span>
     <span class='ocr_line' id='line_1_68' title="bbox 986 983 1732 1026; baseline 0.004 -12"><span class='ocrx_word' id='word_1_339' title='bbox 986 993 1044 1026; x_wconf 87' lang='lat' dir='ltr'>pcr</span> <span class='ocrx_word' id='word_1_340' title='bbox 1065 983 1216 1016; x_wconf 79' lang='lat' dir='ltr'>dilectum</span> <span class='ocrx_word' id='word_1_341' title='bbox 1243 983 1347 1016; x_wconf 89' lang='lat' dir='ltr'>filium</span> <span class='ocrx_word' id='word_1_342' title='bbox 1368 989 1515 1017; x_wconf 85' lang='lat' dir='ltr'>nostrum</span> <span class='ocrx_word' id='word_1_343' title='bbox 1537 984 1732 1017; x_wconf 90' lang='lat' dir='ltr'>Gulielmum</span> 
     </span>
     <span class='ocr_line' id='line_1_69' title="bbox 987 1037 1730 1075; baseline 0.003 -6"><span class='ocrx_word' id='word_1_344' title='bbox 987 1037 1136 1074; x_wconf 62' lang='lat' dir='ltr'>Altinum,</span> <span class='ocrx_word' id='word_1_345' title='bbox 1152 1037 1234 1069; x_wconf 84' lang='lat' dir='ltr'>tituli</span> <span class='ocrx_word' id='word_1_346' title='bbox 1255 1037 1361 1070; x_wconf 78' lang='lat' dir='ltr'>Sancti</span> <span class='ocrx_word' id='word_1_347' title='bbox 1375 1037 1500 1070; x_wconf 87' lang='lat' dir='ltr'>Martini</span> <span class='ocrx_word' id='word_1_348' title='bbox 1515 1037 1545 1070; x_wconf 90' lang='lat' dir='ltr'>in</span> <span class='ocrx_word' id='word_1_349' title='bbox 1560 1037 1730 1075; x_wconf 84' lang='lat' dir='ltr'>Montibus,</span> 
     </span>
     <span class='ocr_line' id='line_1_70' title="bbox 986 1089 1728 1134; baseline 0.003 -13"><span class='ocrx_word' id='word_1_350' title='bbox 986 1089 1209 1134; x_wconf 83' lang='lat' dir='ltr'>presbytcrum</span> <span class='ocrx_word' id='word_1_351' title='bbox 1230 1090 1428 1123; x_wconf 86' lang='lat' dir='ltr'>cardinalem</span> <span class='ocrx_word' id='word_1_352' title='bbox 1449 1091 1583 1133; x_wconf 69' lang='lat' dir='ltr'>Angliae</span> <span class='ocrx_word' id='word_1_353' title='bbox 1601 1102 1728 1124; x_wconf 89' lang='lat' dir='ltr'>nuncu-</span> 
     </span>
     <span class='ocr_line' id='line_1_71' title="bbox 987 1143 1733 1187; baseline 0.005 -14"><span class='ocrx_word' id='word_1_354' title='bbox 987 1148 1108 1186; x_wconf 85' lang='lat' dir='ltr'>patum,</span> <span class='ocrx_word' id='word_1_355' title='bbox 1134 1143 1187 1187; x_wconf 90' lang='lat' dir='ltr'>qui</span> <span class='ocrx_word' id='word_1_356' title='bbox 1209 1143 1413 1177; x_wconf 83' lang='lat' dir='ltr'>omnimodas</span> <span class='ocrx_word' id='word_1_357' title='bbox 1434 1144 1517 1177; x_wconf 75' lang='lat' dir='ltr'>vices</span> <span class='ocrx_word' id='word_1_358' title='bbox 1546 1155 1619 1177; x_wconf 83' lang='lat' dir='ltr'>suas</span> <span class='ocrx_word' id='word_1_359' title='bbox 1643 1144 1733 1177; x_wconf 87' lang='lat' dir='ltr'>alteri</span> 
     </span>
     <span class='ocr_line' id='line_1_72' title="bbox 987 1197 1734 1241; baseline 0.001 -12"><span class='ocrx_word' id='word_1_360' title='bbox 987 1198 1194 1235; x_wconf 81' lang='lat' dir='ltr'>demandare,</span> <span class='ocrx_word' id='word_1_361' title='bbox 1219 1197 1344 1241; x_wconf 88' lang='lat' dir='ltr'>quoties</span> <span class='ocrx_word' id='word_1_362' title='bbox 1374 1197 1402 1230; x_wconf 85' lang='lat' dir='ltr'>ci</span> <span class='ocrx_word' id='word_1_363' title='bbox 1435 1198 1536 1230; x_wconf 81' lang='lat' dir='ltr'>visum</span> <span class='ocrx_word' id='word_1_364' title='bbox 1566 1198 1678 1237; x_wconf 84' lang='lat' dir='ltr'>suerit,</span> <span class='ocrx_word' id='word_1_365' title='bbox 1703 1204 1734 1231; x_wconf 87' lang='lat' dir='ltr'>et</span> 
     </span>
     <span class='ocr_line' id='line_1_73' title="bbox 987 1251 1734 1295; baseline 0.003 -12"><span class='ocrx_word' id='word_1_366' title='bbox 987 1251 1195 1284; x_wconf 82' lang='lat' dir='ltr'>demandatas</span> <span class='ocrx_word' id='word_1_367' title='bbox 1213 1251 1485 1294; x_wconf 87' lang='lat' dir='ltr'>quandocumque</span> <span class='ocrx_word' id='word_1_368' title='bbox 1498 1259 1648 1284; x_wconf 83' lang='lat' dir='ltr'>revocare</span> <span class='ocrx_word' id='word_1_369' title='bbox 1662 1262 1734 1295; x_wconf 85' lang='lat' dir='ltr'>pos-</span> 
     </span>
     <span class='ocr_line' id='line_1_74' title="bbox 985 1304 1257 1343; baseline -0.004 -6"><span class='ocrx_word' id='word_1_370' title='bbox 985 1304 1035 1343; x_wconf 89' lang='lat' dir='ltr'>sit,</span> <span class='ocrx_word' id='word_1_371' title='bbox 1059 1310 1257 1337; x_wconf 84' lang='lat' dir='ltr'>recurratur.</span> 
     </span>
    </p>

    <p class='ocr_par' dir='ltr' id='par_1_17' title="bbox 986 1357 1734 1820">
     <span class='ocr_line' id='line_1_75' title="bbox 1032 1357 1732 1402; baseline 0.003 -13"><span class='ocrx_word' id='word_1_372' title='bbox 1032 1360 1047 1400; x_wconf 65' lang='grc' dir='ltr'>ξ</span> <span class='ocrx_word' id='word_1_373' title='bbox 1068 1357 1098 1390; x_wconf 73' lang='grc'>4.</span> <span class='ocrx_word' id='word_1_374' title='bbox 1116 1358 1273 1402; x_wconf 80' lang='lat' dir='ltr'>Quodque</span> <span class='ocrx_word' id='word_1_375' title='bbox 1294 1369 1492 1391; x_wconf 80' lang='lat' dir='ltr'>oeconomus</span> <span class='ocrx_word' id='word_1_376' title='bbox 1513 1363 1543 1391; x_wconf 83' lang='lat' dir='ltr'>et</span> <span class='ocrx_word' id='word_1_377' title='bbox 1564 1358 1617 1391; x_wconf 88' lang='lat' dir='ltr'>alii</span> <span class='ocrx_word' id='word_1_378' title='bbox 1639 1358 1732 1391; x_wconf 88' lang='lat' dir='ltr'>mini-</span> 
     </span>
     <span class='ocr_line' id='line_1_76' title="bbox 986 1411 1731 1456; baseline -0.001 -11"><span class='ocrx_word' id='word_1_379' title='bbox 986 1412 1041 1445; x_wconf 78' lang='lat' dir='ltr'>stri</span> <span class='ocrx_word' id='word_1_380' title='bbox 1063 1417 1090 1444; x_wconf 89' lang='lat' dir='ltr'>ct</span> <span class='ocrx_word' id='word_1_381' title='bbox 1116 1412 1290 1444; x_wconf 81' lang='lat' dir='ltr'>servientes</span> <span class='ocrx_word' id='word_1_382' title='bbox 1321 1412 1353 1444; x_wconf 86' lang='lat' dir='ltr'>in</span> <span class='ocrx_word' id='word_1_383' title='bbox 1387 1412 1471 1445; x_wconf 83' lang='lat' dir='ltr'>dicto</span> <span class='ocrx_word' id='word_1_384' title='bbox 1504 1411 1639 1454; x_wconf 81' lang='lat' dir='ltr'>collegio</span> <span class='ocrx_word' id='word_1_385' title='bbox 1671 1412 1731 1456; x_wconf 88' lang='lat' dir='ltr'>ipsi</span> 
     </span>
     <span class='ocr_line' id='line_1_77' title="bbox 987 1465 1729 1505; baseline 0 -7"><span class='ocrx_word' id='word_1_386' title='bbox 987 1465 1103 1499; x_wconf 82' lang='lat' dir='ltr'>rectori</span> <span class='ocrx_word' id='word_1_387' title='bbox 1118 1471 1145 1498; x_wconf 85' lang='lat' dir='ltr'>et</span> <span class='ocrx_word' id='word_1_388' title='bbox 1162 1465 1309 1498; x_wconf 84' lang='lat' dir='ltr'>ministro</span> <span class='ocrx_word' id='word_1_389' title='bbox 1323 1477 1379 1499; x_wconf 81' lang='lat' dir='ltr'>seu</span> <span class='ocrx_word' id='word_1_390' title='bbox 1393 1465 1581 1499; x_wconf 69' lang='lat' dir='ltr'>vic-erectori</span> <span class='ocrx_word' id='word_1_391' title='bbox 1593 1466 1729 1505; x_wconf 82' lang='lat' dir='ltr'>subsint,</span> 
     </span>
     <span class='ocr_line' id='line_1_78' title="bbox 986 1519 1733 1564; baseline 0.001 -12"><span class='ocrx_word' id='word_1_392' title='bbox 986 1526 1014 1553; x_wconf 83' lang='lat' dir='ltr'>et</span> <span class='ocrx_word' id='word_1_393' title='bbox 1037 1520 1076 1553; x_wconf 84' lang='lat' dir='ltr'>ad</span> <span class='ocrx_word' id='word_1_394' title='bbox 1097 1520 1164 1553; x_wconf 88' lang='lat' dir='ltr'>cius</span> <span class='ocrx_word' id='word_1_395' title='bbox 1182 1519 1415 1564; x_wconf 87' lang='lat' dir='ltr'>praescriptum</span> <span class='ocrx_word' id='word_1_396' title='bbox 1439 1525 1468 1554; x_wconf 86' lang='lat' dir='ltr'>et</span> <span class='ocrx_word' id='word_1_397' title='bbox 1490 1521 1677 1553; x_wconf 88' lang='lat' dir='ltr'>mandatum</span> <span class='ocrx_word' id='word_1_398' title='bbox 1700 1532 1733 1553; x_wconf 91' lang='lat'>0-</span> 
     </span>
     <span class='ocr_line' id='line_1_79' title="bbox 987 1573 1734 1617; baseline 0.003 -12"><span class='ocrx_word' id='word_1_399' title='bbox 987 1573 1097 1606; x_wconf 89' lang='lat' dir='ltr'>mnino</span> <span class='ocrx_word' id='word_1_400' title='bbox 1122 1573 1358 1616; x_wconf 83' lang='lat' dir='ltr'>obsequantur:</span> <span class='ocrx_word' id='word_1_401' title='bbox 1384 1573 1515 1617; x_wconf 81' lang='lat' dir='ltr'>ipseque</span> <span class='ocrx_word' id='word_1_402' title='bbox 1536 1584 1734 1607; x_wconf 88' lang='lat' dir='ltr'>oeconomus</span> 
     </span>
     <span class='ocr_line' id='line_1_80' title="bbox 987 1627 1732 1670; baseline 0.001 -11"><span class='ocrx_word' id='word_1_403' title='bbox 987 1627 1072 1660; x_wconf 89' lang='lat' dir='ltr'>dicto</span> <span class='ocrx_word' id='word_1_404' title='bbox 1091 1627 1209 1660; x_wconf 84' lang='lat' dir='ltr'>rectori</span> <span class='ocrx_word' id='word_1_405' title='bbox 1230 1627 1348 1660; x_wconf 85' lang='lat' dir='ltr'>volenti</span> <span class='ocrx_word' id='word_1_406' title='bbox 1371 1633 1399 1660; x_wconf 92' lang='lat' dir='ltr'>et</span> <span class='ocrx_word' id='word_1_407' title='bbox 1422 1627 1611 1670; x_wconf 82' lang='lat' dir='ltr'>requirenti,</span> <span class='ocrx_word' id='word_1_408' title='bbox 1633 1627 1681 1660; x_wconf 87' lang='lat' dir='ltr'>bis</span> <span class='ocrx_word' id='word_1_409' title='bbox 1701 1627 1732 1660; x_wconf 89' lang='lat' dir='ltr'>in</span> 
     </span>
     <span class='ocr_line' id='line_1_81' title="bbox 986 1680 1729 1724; baseline 0.001 -12"><span class='ocrx_word' id='word_1_410' title='bbox 986 1690 1082 1717; x_wconf 85' lang='lat' dir='ltr'>anno,</span> <span class='ocrx_word' id='word_1_411' title='bbox 1100 1680 1147 1712; x_wconf 78' lang='lat' dir='ltr'>vel</span> <span class='ocrx_word' id='word_1_412' title='bbox 1166 1680 1435 1724; x_wconf 60' lang='lat' dir='ltr'>quotiescui‘nque</span> <span class='ocrx_word' id='word_1_413' title='bbox 1453 1680 1480 1713; x_wconf 85' lang='lat' dir='ltr'>ci</span> <span class='ocrx_word' id='word_1_414' title='bbox 1503 1680 1603 1713; x_wconf 70' lang='lat' dir='ltr'>visum</span> <span class='ocrx_word' id='word_1_415' title='bbox 1624 1680 1729 1720; x_wconf 85' lang='lat' dir='ltr'>suerit,</span> 
     </span>
     <span class='ocr_line' id='line_1_82' title="bbox 986 1733 1734 1767; baseline 0.003 -2"><span class='ocrx_word' id='word_1_416' title='bbox 986 1733 1145 1766; x_wconf 87' lang='lat' dir='ltr'>rationem</span> <span class='ocrx_word' id='word_1_417' title='bbox 1168 1734 1206 1766; x_wconf 87' lang='lat' dir='ltr'>de</span> <span class='ocrx_word' id='word_1_418' title='bbox 1227 1733 1506 1767; x_wconf 83' lang='lat' dir='ltr'>administratione</span> <span class='ocrx_word' id='word_1_419' title='bbox 1529 1734 1665 1767; x_wconf 87' lang='lat' dir='ltr'>reddere</span> <span class='ocrx_word' id='word_1_420' title='bbox 1689 1739 1734 1767; x_wconf 88' lang='lat' dir='ltr'>te-</span> 
     </span>
     <span class='ocr_line' id='line_1_83' title="bbox 987 1793 1112 1820; baseline 0 -1"><span class='ocrx_word' id='word_1_421' title='bbox 987 1793 1112 1820; x_wconf 83' lang='lat' dir='ltr'>neatur.</span> 
     </span>
    </p>

    <p class='ocr_par' dir='ltr' id='par_1_18' title="bbox 986 1839 1737 2420">
     <span class='ocr_line' id='line_1_84' title="bbox 1031 1839 1734 1883; baseline 0.003 -11"><span class='ocrx_word' id='word_1_422' title='bbox 1031 1842 1047 1882; x_wconf 64' lang='lat' dir='ltr'>g</span> <span class='ocrx_word' id='word_1_423' title='bbox 1062 1839 1091 1873; x_wconf 71' lang='grc' dir='ltr'>ἶ).</span> <span class='ocrx_word' id='word_1_424' title='bbox 1109 1841 1277 1873; x_wconf 85' lang='lat' dir='ltr'>Praeterea</span> <span class='ocrx_word' id='word_1_425' title='bbox 1291 1840 1439 1883; x_wconf 79' lang='lat' dir='ltr'>collegio,</span> <span class='ocrx_word' id='word_1_426' title='bbox 1458 1840 1574 1873; x_wconf 88' lang='lat' dir='ltr'>rectori</span> <span class='ocrx_word' id='word_1_427' title='bbox 1593 1846 1624 1874; x_wconf 87' lang='lat' dir='ltr'>et</span> <span class='ocrx_word' id='word_1_428' title='bbox 1641 1840 1734 1874; x_wconf 91' lang='lat' dir='ltr'>scho-</span> 
     </span>
     <span class='ocr_line' id='line_1_85' title="bbox 986 1887 1734 1938; baseline 0.001 -12"><span class='ocrx_word' id='word_1_429' title='bbox 986 1893 1104 1927; x_wconf 87' lang='lat' dir='ltr'>lasticis</span> <span class='ocrx_word' id='word_1_430' title='bbox 1124 1893 1295 1937; x_wconf 89' lang='lat' dir='ltr'>praedictis</span> <span class='ocrx_word' id='word_1_431' title='bbox 1316 1887 1403 1938; x_wconf 82' lang='lat' dir='ltr'>quod</span> <span class='ocrx_word' id='word_1_432' title='bbox 1424 1894 1528 1927; x_wconf 87' lang='lat' dir='ltr'>donec</span> <span class='ocrx_word' id='word_1_433' title='bbox 1542 1894 1621 1927; x_wconf 93' lang='lat' dir='ltr'>illud</span> <span class='ocrx_word' id='word_1_434' title='bbox 1639 1895 1734 1928; x_wconf 85' lang='lat' dir='ltr'>dura-</span> 
     </span>
     <span class='ocr_line' id='line_1_86' title="bbox 986 1947 1730 1992; baseline 0 -12"><span class='ocrx_word' id='word_1_435' title='bbox 986 1947 1084 1987; x_wconf 87' lang='lat' dir='ltr'>verit,</span> <span class='ocrx_word' id='word_1_436' title='bbox 1119 1947 1270 1981; x_wconf 89' lang='lat' dir='ltr'>omnibus</span> <span class='ocrx_word' id='word_1_437' title='bbox 1299 1953 1329 1980; x_wconf 88' lang='lat' dir='ltr'>et</span> <span class='ocrx_word' id='word_1_438' title='bbox 1363 1947 1498 1990; x_wconf 76' lang='lat' dir='ltr'>singulis</span> <span class='ocrx_word' id='word_1_439' title='bbox 1532 1947 1708 1992; x_wconf 78' lang='lat' dir='ltr'>privilegiis</span> <span class='ocrx_word' id='word_1_440' title='bbox 1723 1975 1730 1988; x_wconf 92' lang='lat'>,</span> 
     </span>
     <span class='ocr_line' id='line_1_87' title="bbox 987 2000 1735 2045; baseline 0 -11"><span class='ocrx_word' id='word_1_441' title='bbox 987 2000 1255 2045; x_wconf 85' lang='lat' dir='ltr'>exemptionibus,</span> <span class='ocrx_word' id='word_1_442' title='bbox 1273 2001 1485 2041; x_wconf 84' lang='lat' dir='ltr'>libertatibus,</span> <span class='ocrx_word' id='word_1_443' title='bbox 1503 2001 1624 2043; x_wconf 77' lang='lat' dir='ltr'>gratiis,</span> <span class='ocrx_word' id='word_1_444' title='bbox 1649 2002 1735 2034; x_wconf 85' lang='lat' dir='ltr'>savo-</span> 
     </span>
     <span class='ocr_line' id='line_1_88' title="bbox 986 2055 1736 2099; baseline 0 -11"><span class='ocrx_word' id='word_1_445' title='bbox 986 2055 1086 2096; x_wconf 86' lang='lat' dir='ltr'>ribus,</span> <span class='ocrx_word' id='word_1_446' title='bbox 1111 2055 1385 2099; x_wconf 84' lang='lat' dir='ltr'>praeeminentiis,</span> <span class='ocrx_word' id='word_1_447' title='bbox 1411 2055 1618 2098; x_wconf 75' lang='lat' dir='ltr'>indulgentiis</span> <span class='ocrx_word' id='word_1_448' title='bbox 1639 2061 1668 2088; x_wconf 87' lang='lat' dir='ltr'>et</span> <span class='ocrx_word' id='word_1_449' title='bbox 1688 2055 1736 2087; x_wconf 85' lang='lat' dir='ltr'>in-</span> 
     </span>
     <span class='ocr_line' id='line_1_89' title="bbox 988 2108 1732 2153; baseline 0 -11"><span class='ocrx_word' id='word_1_450' title='bbox 988 2110 1095 2150; x_wconf 86' lang='lat' dir='ltr'>dultis,</span> <span class='ocrx_word' id='word_1_451' title='bbox 1119 2109 1237 2153; x_wconf 88' lang='lat' dir='ltr'>quibus</span> <span class='ocrx_word' id='word_1_452' title='bbox 1250 2109 1386 2151; x_wconf 79' lang='lat' dir='ltr'>collegia</span> <span class='ocrx_word' id='word_1_453' title='bbox 1403 2110 1581 2151; x_wconf 76' lang='lat' dir='ltr'>Anglorum</span> <span class='ocrx_word' id='word_1_454' title='bbox 1602 2114 1632 2142; x_wconf 90' lang='lat' dir='ltr'>et</span> <span class='ocrx_word' id='word_1_455' title='bbox 1652 2108 1732 2142; x_wconf 89' lang='lat' dir='ltr'>Ger-</span> 
     </span>
     <span class='ocr_line' id='line_1_90' title="bbox 987 2162 1735 2206; baseline 0 -10"><span class='ocrx_word' id='word_1_456' title='bbox 987 2174 1170 2204; x_wconf 87' lang='lat' dir='ltr'>manorum,</span> <span class='ocrx_word' id='word_1_457' title='bbox 1192 2174 1227 2196; x_wconf 89' lang='lat' dir='ltr'>ac</span> <span class='ocrx_word' id='word_1_458' title='bbox 1252 2163 1315 2197; x_wconf 81' lang='lat' dir='ltr'>alia</span> <span class='ocrx_word' id='word_1_459' title='bbox 1333 2163 1469 2205; x_wconf 78' lang='lat' dir='ltr'>collegia</span> <span class='ocrx_word' id='word_1_460' title='bbox 1489 2173 1526 2195; x_wconf 83' lang='lat' dir='ltr'>ac</span> <span class='ocrx_word' id='word_1_461' title='bbox 1545 2162 1598 2206; x_wconf 84' lang='lat' dir='ltr'>pia</span> <span class='ocrx_word' id='word_1_462' title='bbox 1619 2163 1690 2196; x_wconf 83' lang='lat' dir='ltr'>loca</span> <span class='ocrx_word' id='word_1_463' title='bbox 1703 2163 1735 2196; x_wconf 89' lang='lat' dir='ltr'>in</span> 
     </span>
     <span class='ocr_line' id='line_1_91' title="bbox 988 2216 1735 2260; baseline -0.001 -10"><span class='ocrx_word' id='word_1_464' title='bbox 988 2217 1082 2257; x_wconf 85' lang='lat' dir='ltr'>Urbe,</span> <span class='ocrx_word' id='word_1_465' title='bbox 1095 2223 1125 2250; x_wconf 90' lang='lat' dir='ltr'>et</span> <span class='ocrx_word' id='word_1_466' title='bbox 1144 2217 1316 2260; x_wconf 72' lang='lat' dir='ltr'>collegium</span> <span class='ocrx_word' id='word_1_467' title='bbox 1330 2217 1508 2259; x_wconf 78' lang='lat' dir='ltr'>Anglorum</span> <span class='ocrx_word' id='word_1_468' title='bbox 1527 2217 1685 2249; x_wconf 81' lang='lat' dir='ltr'>Remense</span> <span class='ocrx_word' id='word_1_469' title='bbox 1703 2216 1735 2249; x_wconf 92' lang='lat' dir='ltr'>in</span> 
     </span>
     <span class='ocr_line' id='line_1_92' title="bbox 987 2269 1732 2312; baseline -0.001 -9"><span class='ocrx_word' id='word_1_470' title='bbox 987 2270 1089 2303; x_wconf 87' lang='lat' dir='ltr'>Gallia</span> <span class='ocrx_word' id='word_1_471' title='bbox 1104 2275 1134 2303; x_wconf 85' lang='lat' dir='ltr'>et</span> <span class='ocrx_word' id='word_1_472' title='bbox 1144 2270 1317 2312; x_wconf 79' lang='lat' dir='ltr'>collegium</span> <span class='ocrx_word' id='word_1_473' title='bbox 1334 2271 1498 2303; x_wconf 88' lang='lat' dir='ltr'>Duacense</span> <span class='ocrx_word' id='word_1_474' title='bbox 1519 2269 1549 2301; x_wconf 90' lang='lat' dir='ltr'>in</span> <span class='ocrx_word' id='word_1_475' title='bbox 1570 2269 1732 2309; x_wconf 79' lang='lat' dir='ltr'>Fhmdria,</span> 
     </span>
     <span class='ocr_line' id='line_1_93' title="bbox 988 2323 1737 2367; baseline 0 -11"><span class='ocrx_word' id='word_1_476' title='bbox 988 2329 1083 2367; x_wconf 88' lang='lat' dir='ltr'>atque</span> <span class='ocrx_word' id='word_1_477' title='bbox 1104 2323 1137 2356; x_wconf 89' lang='lat' dir='ltr'>in</span> <span class='ocrx_word' id='word_1_478' title='bbox 1165 2324 1209 2357; x_wconf 83' lang='lat' dir='ltr'>eis</span> <span class='ocrx_word' id='word_1_479' title='bbox 1237 2324 1389 2366; x_wconf 80' lang='lat' dir='ltr'>degentes</span> <span class='ocrx_word' id='word_1_480' title='bbox 1416 2333 1575 2367; x_wconf 87' lang='lat' dir='ltr'>personae</span> <span class='ocrx_word' id='word_1_481' title='bbox 1601 2333 1737 2366; x_wconf 89' lang='lat' dir='ltr'>quomo-</span> 
     </span>
     <span class='ocr_line' id='line_1_94' title="bbox 989 2376 1737 2420; baseline 0 -10"><span class='ocrx_word' id='word_1_482' title='bbox 989 2377 1111 2410; x_wconf 85' lang='lat' dir='ltr'>dolibet</span> <span class='ocrx_word' id='word_1_483' title='bbox 1130 2383 1286 2415; x_wconf 88' lang='lat' dir='ltr'>utuntur,</span> <span class='ocrx_word' id='word_1_484' title='bbox 1312 2377 1482 2417; x_wconf 84' lang='lat' dir='ltr'>fruuntur,</span> <span class='ocrx_word' id='word_1_485' title='bbox 1512 2376 1681 2420; x_wconf 88' lang='lat' dir='ltr'>potiuntur</span> <span class='ocrx_word' id='word_1_486' title='bbox 1707 2382 1737 2410; x_wconf 88' lang='lat' dir='ltr'>et</span> 
     </span>
    </p>
   </div>
   <div class='ocr_carea' id='block_1_12' title="bbox 964 651 971 1920">
    <p class='ocr_par' dir='ltr' id='par_1_19' title="bbox 964 651 971 1920">
     <span class='ocr_line' id='line_1_95' title="bbox 964 651 971 1920; baseline 0 0"><span class='ocrx_word' id='word_1_487' title='bbox 964 651 971 1920; x_wconf 95' lang='lat' dir='ltr'> </span> 
     </span>
    </p>
   </div>
   <div class='ocr_carea' id='block_1_13' title="bbox 964 651 972 2295">
    <p class='ocr_par' dir='ltr' id='par_1_20' title="bbox 964 651 972 2295">
     <span class='ocr_line' id='line_1_96' title="bbox 964 651 972 2295; baseline 0 0"><span class='ocrx_word' id='word_1_488' title='bbox 964 651 972 2295; x_wconf 95' lang='lat' dir='ltr'> </span> 
     </span>
    </p>
   </div>
   <div class='ocr_carea' id='block_1_14' title="bbox 948 2430 1733 2474">
    <p class='ocr_par' dir='ltr' id='par_1_21' title="bbox 948 2430 1733 2474">
     <span class='ocr_line' id='line_1_97' title="bbox 948 2430 1733 2474; baseline 0.001 -11"><span class='ocrx_word' id='word_1_489' title='bbox 948 2433 951 2437; x_wconf 48' lang='lat'>¹</span> <span class='ocrx_word' id='word_1_490' title='bbox 988 2431 1145 2472; x_wconf 71' lang='lat' dir='ltr'>gaudent,</span> <span class='ocrx_word' id='word_1_491' title='bbox 1167 2442 1203 2463; x_wconf 88' lang='lat' dir='ltr'>ac</span> <span class='ocrx_word' id='word_1_492' title='bbox 1221 2431 1285 2471; x_wconf 89' lang='lat' dir='ltr'>uti,</span> <span class='ocrx_word' id='word_1_493' title='bbox 1309 2430 1407 2474; x_wconf 87' lang='lat' dir='ltr'>potiri</span> <span class='ocrx_word' id='word_1_494' title='bbox 1428 2436 1458 2463; x_wconf 88' lang='lat' dir='ltr'>et</span> <span class='ocrx_word' id='word_1_495' title='bbox 1478 2431 1619 2472; x_wconf 75' lang='lat' dir='ltr'>gaudere</span> <span class='ocrx_word' id='word_1_496' title='bbox 1639 2436 1733 2474; x_wconf 88' lang='lat' dir='ltr'>pote-</span> 
     </span>
    </p>
   </div>
   <div class='ocr_carea' id='block_1_15' title="bbox 969 2483 1736 2636">
    <p class='ocr_par' dir='ltr' id='par_1_22' title="bbox 969 2483 1736 2636">
     <span class='ocr_line' id='line_1_98' title="bbox 989 2483 1736 2527; baseline 0 -10"><span class='ocrx_word' id='word_1_497' title='bbox 989 2490 1063 2517; x_wconf 87' lang='lat' dir='ltr'>runt</span> <span class='ocrx_word' id='word_1_498' title='bbox 1083 2484 1115 2517; x_wconf 90' lang='lat' dir='ltr'>in</span> <span class='ocrx_word' id='word_1_499' title='bbox 1137 2485 1281 2517; x_wconf 85' lang='lat' dir='ltr'>futurum</span> <span class='ocrx_word' id='word_1_500' title='bbox 1302 2485 1455 2527; x_wconf 84' lang='lat' dir='ltr'>(quorum</span> <span class='ocrx_word' id='word_1_501' title='bbox 1478 2483 1622 2516; x_wconf 86' lang='lat' dir='ltr'>omnium</span> <span class='ocrx_word' id='word_1_502' title='bbox 1646 2489 1736 2517; x_wconf 87' lang='lat' dir='ltr'>teno-</span> 
     </span>
     <span class='ocr_line' id='line_1_99' title="bbox 989 2537 1736 2581; baseline 0.001 -11"><span class='ocrx_word' id='word_1_503' title='bbox 989 2548 1039 2572; x_wconf 87' lang='lat' dir='ltr'>res</span> <span class='ocrx_word' id='word_1_504' title='bbox 1059 2537 1111 2571; x_wconf 88' lang='lat' dir='ltr'>hic</span> <span class='ocrx_word' id='word_1_505' title='bbox 1131 2537 1243 2571; x_wconf 86' lang='lat' dir='ltr'>haberi</span> <span class='ocrx_word' id='word_1_506' title='bbox 1264 2538 1413 2571; x_wconf 81' lang='lat' dir='ltr'>volumus</span> <span class='ocrx_word' id='word_1_507' title='bbox 1433 2547 1493 2581; x_wconf 87' lang='lat' dir='ltr'>pro</span> <span class='ocrx_word' id='word_1_508' title='bbox 1515 2537 1681 2581; x_wconf 86' lang='lat' dir='ltr'>expressis,</span> <span class='ocrx_word' id='word_1_509' title='bbox 1705 2544 1736 2571; x_wconf 87' lang='lat' dir='ltr'>et</span> 
     </span>
     <span class='ocr_line' id='line_1_100' title="bbox 969 2580 1732 2636; baseline -0.001 -11"><span class='ocrx_word' id='word_1_510' title='bbox 969 2580 974 2636; x_wconf 73' lang='grc' dir='ltr'>Ι</span> <span class='ocrx_word' id='word_1_511' title='bbox 991 2597 1054 2625; x_wconf 85' lang='lat' dir='ltr'>tam</span> <span class='ocrx_word' id='word_1_512' title='bbox 1072 2602 1186 2625; x_wconf 87' lang='lat' dir='ltr'>eorum</span> <span class='ocrx_word' id='word_1_513' title='bbox 1207 2591 1366 2633; x_wconf 89' lang='lat' dir='ltr'>omnium,</span> <span class='ocrx_word' id='word_1_514' title='bbox 1381 2601 1479 2636; x_wconf 90' lang='lat' dir='ltr'>quam</span> <span class='ocrx_word' id='word_1_515' title='bbox 1500 2591 1732 2635; x_wconf 84' lang='lat' dir='ltr'>praesentium,</span> 
     </span>
    </p>
   </div>
   <div class='ocr_carea' id='block_1_16' title="bbox 1747 620 1932 854">
    <p class='ocr_par' dir='ltr' id='par_1_23' title="bbox 1747 620 1932 854">
     <span class='ocr_line' id='line_1_101' title="bbox 1774 620 1932 648; baseline 0 -8"><span class='ocrx_word' id='word_1_516' title='bbox 1774 620 1932 648; x_wconf 73' lang='lat' dir='ltr'>Dircctiuuique</span> 
     </span>
     <span class='ocr_line' id='line_1_102' title="bbox 1748 647 1931 667; baseline 0 0"><span class='ocrx_word' id='word_1_517' title='bbox 1748 647 1785 667; x_wconf 76' lang='grc' dir='ltr'>ΓΡ.</span> <span class='ocrx_word' id='word_1_518' title='bbox 1816 647 1931 667; x_wconf 44' lang='lat' dir='ltr'>sim-,ictinus</span> 
     </span>
     <span class='ocr_line' id='line_1_103' title="bbox 1747 673 1931 694; baseline 0 -1"><span class='ocrx_word' id='word_1_519' title='bbox 1747 675 1793 694; x_wconf 65' lang='lat' dir='ltr'>lesu</span> <span class='ocrx_word' id='word_1_520' title='bbox 1822 673 1931 694; x_wconf 78' lang='lat' dir='ltr'>cmumittil</span> 
     </span>
     <span class='ocr_line' id='line_1_104' title="bbox 1747 700 1932 721; baseline 0.005 -1"><span class='ocrx_word' id='word_1_521' title='bbox 1747 703 1775 720; x_wconf 62' lang='lat' dir='ltr'>ui</span> <span class='ocrx_word' id='word_1_522' title='bbox 1793 703 1862 720; x_wconf 74' lang='lat' dir='ltr'>tamen</span> <span class='ocrx_word' id='word_1_523' title='bbox 1877 702 1899 720; x_wconf 87' lang='lat' dir='ltr'>ut</span> <span class='ocrx_word' id='word_1_524' title='bbox 1913 700 1932 721; x_wconf 86' lang='lat' dir='ltr'>in</span> 
     </span>
     <span class='ocr_line' id='line_1_105' title="bbox 1748 727 1931 751; baseline -0.005 -4"><span class='ocrx_word' id='word_1_525' title='bbox 1748 727 1810 747; x_wconf 78' lang='lat' dir='ltr'>rebus</span> <span class='ocrx_word' id='word_1_526' title='bbox 1831 727 1931 751; x_wconf 63' lang='lat' dir='ltr'>gratiori-</span> 
     </span>
     <span class='ocr_line' id='line_1_106' title="bbox 1747 753 1932 774; baseline 0 0"><span class='ocrx_word' id='word_1_527' title='bbox 1747 754 1786 774; x_wconf 59' lang='lat' dir='ltr'>bus</span> <span class='ocrx_word' id='word_1_528' title='bbox 1812 753 1840 773; x_wconf 82' lang='lat' dir='ltr'>ad</span> <span class='ocrx_word' id='word_1_529' title='bbox 1864 753 1932 774; x_wconf 72' lang='lat' dir='ltr'>carili-</span> 
     </span>
     <span class='ocr_line' id='line_1_107' title="bbox 1747 781 1932 806; baseline -0.011 -6"><span class='ocrx_word' id='word_1_530' title='bbox 1747 781 1814 801; x_wconf 73' lang='lat' dir='ltr'>nalem</span> <span class='ocrx_word' id='word_1_531' title='bbox 1826 782 1932 806; x_wconf 66' lang='lat' dir='ltr'>pretet-10-</span> 
     </span>
     <span class='ocr_line' id='line_1_108' title="bbox 1748 812 1932 827; baseline -0.005 0"><span class='ocrx_word' id='word_1_532' title='bbox 1748 813 1790 827; x_wconf 67' lang='lat' dir='ltr'>rem</span> <span class='ocrx_word' id='word_1_533' title='bbox 1835 812 1932 827; x_wconf 71' lang='lat' dir='ltr'>recursus</span> 
     </span>
     <span class='ocr_line' id='line_1_109' title="bbox 1747 834 1859 854; baseline -0.009 0"><span class='ocrx_word' id='word_1_534' title='bbox 1747 834 1859 854; x_wconf 57' lang='lat' dir='ltr'>habeatur.</span> 
     </span>
    </p>
   </div>
   <div class='ocr_carea' id='block_1_17' title="bbox 1747 1366 1933 1467">
    <p class='ocr_par' dir='ltr' id='par_1_24' title="bbox 1747 1366 1933 1467">
     <span class='ocr_line' id='line_1_110' title="bbox 1781 1366 1933 1396; baseline 0.013 -11"><span class='ocrx_word' id='word_1_535' title='bbox 1781 1366 1881 1387; x_wconf 75' lang='lat' dir='ltr'>Caeteros</span> <span class='ocrx_word' id='word_1_536' title='bbox 1896 1366 1933 1396; x_wconf 71' lang='lat' dir='ltr'>mi3</span> 
     </span>
     <span class='ocr_line' id='line_1_111' title="bbox 1747 1394 1931 1414; baseline 0 0"><span class='ocrx_word' id='word_1_537' title='bbox 1747 1394 1823 1414; x_wconf 81' lang='lat' dir='ltr'>nistros</span> <span class='ocrx_word' id='word_1_538' title='bbox 1855 1395 1931 1414; x_wconf 77' lang='lat' dir='ltr'>rectori</span> 
     </span>
     <span class='ocr_line' id='line_1_112' title="bbox 1748 1419 1933 1450; baseline 0 -10"><span class='ocrx_word' id='word_1_539' title='bbox 1748 1420 1869 1450; x_wconf 68' lang='lat' dir='ltr'>&#39;tinniediato</span> <span class='ocrx_word' id='word_1_540' title='bbox 1885 1419 1933 1440; x_wconf 56' lang='lat' dir='ltr'>sub‘</span> 
     </span>
     <span class='ocr_line' id='line_1_113' title="bbox 1748 1449 1800 1467; baseline 0 0"><span class='ocrx_word' id='word_1_541' title='bbox 1748 1449 1800 1467; x_wconf 74' lang='lat' dir='ltr'>neit.</span> 
     </span>
    </p>
   </div>
   <div class='ocr_carea' id='block_1_18' title="bbox 1749 1847 1934 2001">
    <p class='ocr_par' dir='ltr' id='par_1_25' title="bbox 1762 1847 1933 1868">
     <span class='ocr_line' id='line_1_114' title="bbox 1762 1847 1933 1868; baseline -0.006 0"><span class='ocrx_word' id='word_1_542' title='bbox 1762 1847 1847 1868; x_wconf 69' lang='lat' dir='ltr'>Hectori</span> <span class='ocrx_word' id='word_1_543' title='bbox 1859 1849 1878 1867; x_wconf 76' lang='lat' dir='ltr'>ct</span> <span class='ocrx_word' id='word_1_544' title='bbox 1890 1848 1933 1867; x_wconf 82' lang='lat' dir='ltr'>alu·</span> 
     </span>
    </p>

    <p class='ocr_par' dir='ltr' id='par_1_26' title="bbox 1749 1874 1934 2001">
     <span class='ocr_line' id='line_1_115' title="bbox 1749 1874 1934 1900; baseline -0.005 -6"><span class='ocrx_word' id='word_1_545' title='bbox 1749 1874 1801 1894; x_wconf 70' lang='lat' dir='ltr'>runis</span> <span class='ocrx_word' id='word_1_546' title='bbox 1816 1874 1934 1900; x_wconf 67' lang='lat' dir='ltr'>privilegia.</span> 
     </span>
     <span class='ocr_line' id='line_1_116' title="bbox 1749 1901 1934 1927; baseline 0 -6"><span class='ocrx_word' id='word_1_547' title='bbox 1749 1901 1826 1927; x_wconf 74' lang='lat' dir='ltr'>quibus</span> <span class='ocrx_word' id='word_1_548' title='bbox 1848 1903 1934 1921; x_wconf 82' lang='lat' dir='ltr'>caetera</span> 
     </span>
     <span class='ocr_line' id='line_1_117' title="bbox 1749 1928 1933 1952; baseline 0 -5"><span class='ocrx_word' id='word_1_549' title='bbox 1749 1928 1860 1952; x_wconf 66' lang='lat' dir='ltr'>Anglorum</span> <span class='ocrx_word' id='word_1_550' title='bbox 1892 1928 1933 1948; x_wconf 77' lang='lat' dir='ltr'>col-</span> 
     </span>
     <span class='ocr_line' id='line_1_118' title="bbox 1749 1954 1934 1979; baseline -0.005 -4"><span class='ocrx_word' id='word_1_551' title='bbox 1749 1954 1804 1979; x_wconf 75' lang='lat' dir='ltr'>legia</span> <span class='ocrx_word' id='word_1_552' title='bbox 1834 1954 1934 1977; x_wconf 78' lang='lat' dir='ltr'>fruuntur,</span> 
     </span>
     <span class='ocr_line' id='line_1_119' title="bbox 1750 1981 1854 2001; baseline -0.01 0"><span class='ocrx_word' id='word_1_553' title='bbox 1750 1981 1854 2001; x_wconf 82' lang='lat' dir='ltr'>concedit.</span> 
     </span>
    </p>
   </div>
  </div>
 </body>
</html>
