2253 3195
467 265 532 300 938

1022 274 1199 299 BULLARIUM
1223 274 1375 300 ROMANUM

434 337 626 371 LXXXVIII.
648 336 856 371 Confirmatio
869 336 1040 370 erectionis
1054 337 1179 379 collegii
1216 336 1337 372 XCVII.
1366 338 1500 372 Cavetur
1523 348 1564 371 ne
1590 337 1662 382 quis
1683 337 1862 372 monachus
1882 348 1960 372 con-

521 391 689 434 Anglicani
711 391 918 435 Hispalensis,
940 391 990 424 cui
1009 391 1182 435 quamplu-

521 445 604 478 rima
625 445 852 479 conceduntur
876 445 1055 489 privilegia,
1079 445 1154 479 139.

435 507 601 540 mxxlx.
625 507 798 541 Dissolutio
817 507 948 541 unionis
969 507 1181 541 Pientinensis

435 623 496 656 XC.

523 567 552 594 et
574 561 741 595 llcinensis
761 561 983 602 ecclesiarum,
1007 560 1083 595 143.

1304 392 1503 435 gregationis
1526 392 1642 426 Beatae
1667 391 1784 426 Mariae
1809 392 1849 426 de
1869 393 1962 426 Alco-

1303 446 1410 487 batia,
1434 445 1564 480 Ordinis
1588 445 1822 487 Cistercfflnsis,
1847 456 1963 489 regno-

1303 510 1377 533 rum
1401 499 1639 542 Portugalliae‚
1664 509 1776 533 coram
1801 499 1962 533 iudicibus

1305 553 1528 588 saecularibus
1546 553 1768 595 conveniatur,
1792 553 1868 587 176.

520 623 726 657 Luceoriensi
749 623 901 667 episcopo
923 624 1091 666 delegatur
1111 634 1182 657 exe·
1217 624 1353 659 XCVIII.
1390 625 1643 670 Archiepiscopo
1679 625 1896 659 Valentinensi
1927 636 1964 659 ac

522 677 635 720 quutio
660 676 889 720 primm-iarum
921 688 1057 721 precum
1088 678 1185 711 Polo—

522 730 594 764 niae
615 730 683 772 regi
706 741 956 772 concessarum,
982 742 1039 764 seu
1065 731 1181 765 indulti

522 784 710 817 conserendi
732 784 793 817 tria
812 784 971 817 beneficia
991 785 1098 828 primo
1123 795 1179 817 va-

523 844 634 872 catura
653 839 862 872 ecclesiarum
880 838 1086 880 Guesnensis,
1109 839 1183 873 Cra-

523 892 681 925 coviensis
696 919 703 933 ,
732 892 1007 926 WladislavicnSis
1022 919 1029 933 ,
1061 892 1181 925 Posna-

523 945 656 986 niensis,
665 946 826 979 Plocensis
839 952 868 979 et
879 945 1182 987 WarmiensisAM.

435 1008 515 1043 XCI.
543 1009 587 1042 De
614 1009 787 1052 largitione
814 1020 986 1043 munerum
1013 1009 1183 1053 utriusque

524 1073 618 1096 sexus
638 1063 853 1106 Regularihus
877 1063 1059 1104 interdicta,
1082 1063 1158 1097 146.

437 1124 533 1159 XCII.
557 1125 705 1158 Facultas
735 1125 938 1169 patriarchae
970 1125 1185 1170 Aquileiensis

526 1179 676 1213 visitandi
709 1180 905 1213 monasteria
936 1180 1116 1225 domosque
1135 1191 1186 1213 re·
1223 1177 1331 1213 xctx.
1355 1179 1537 1212 Nonnullae
1558 1179 1794 1213 declarationes
1814 1179 1853 1212 ad
1873 1178 1968 1213 Ordi-

527 1233 689 1276 gularium
719 1239 964 1278 exemptorum,
993 1244 1113 1278 eosque
1145 1234 1184 1268 ad

527 1297 660 1320 suorum
692 1287 898 1320 decretorum
935 1287 1184 1332 exequutionem

527 1341 757 1385 compellendi,
778 1340 854 1375 150.

1304 678 1464 712 Oriolensi
1492 684 1523 712 et
1547 677 1772 722 Segobricensi
1805 678 1964 723 episcopis

1306 732 1539 774 committitur,
1568 738 1605 765 ut
1635 737 1847 775 augmentum
1877 731 1965 765 deci-

1305 796 1432 819 marum
1458 791 1490 819 et
1515 786 1678 819 novalium
1707 786 1899 830 proveniens
1927 796 1965 819 ex

1309 839 1554 882 irrigationibus
1572 839 1715 873 fluminis
1731 836 1818 873 T‘ibis
1838 839 1871 872 in
1887 839 1966 872 locis

1306 893 1346 926 de
1370 893 1533 934 Alicante,
1557 892 1625 936 regi
1646 893 1806 927 catholico
1827 891 1966 937 persolvi

1306 952 1437 987 curent,
1471 957 1599 980 necnon
1631 957 1705 980 cum
1741 946 1899 991 operariis
1934 945 1964 978 in

1307 1000 1501 1034 deductione
1530 1006 1561 1034 et
1589 1000 1779 1043 irrigatione
1807 1010 1965 1044 aquarum

1307 1053 1385 1087 dicti
1405 1053 1549 1087 fluminis
1569 1054 1759 1098 dispensent
1783 1064 1881 1098 super
1909 1053 1963 1086 ob-

1307 1107 1487 1141 servatione
1507 1108 1674 1148 festorum,
1698 1106 1774 1141 178.

1308 1233 1358 1267 nis
1378 1233 1538 1267 Minorum
1557 1233 1663 1267 Sancti
1678 1233 1840 1267 Francisci
1854 1234 1893 1267 (Ie
1906 1233 1969 1267 Ob-

1309 1287 1469 1321 servantia
1489 1287 1756 1321 reformationem
1774 1297 1968 1321 conservan-

1310 1341 1383 1375 dam
1403 1346 1434 1375 et
1454 1341 1722 1386 promovendam,
1743 1340 1819 1375 482.

439 1394 770 1429 xcm..c⁰nfirmaiio
791 1396 963 1429 erectionis
983 1396 1110 1439 collegii
1131 1397 1187 1430 So·
1221 1411 1254 1446 C.
1279 1412 1488 1447 Confirmatio
1509 1413 1753 1447 ordinationum
1779 1412 1967 1458 praefinita,

527 1449 650 1482 cietatis
663 1450 732 1483 Iesu
746 1449 1009 1490 Comutaviensis‚
1019 1449 1187 1492 I‘ragensis

528 1502 694 1543 dioecesis,
710 1502 741 1535 in
760 1513 824 1546 quo
845 1502 1187 1545 erigiturUniversitas

527 1556 625 1590 studii
653 1557 836 1598 generalis,
868 1567 941 1590 cum
978 1556 1187 1590 concessione

528 1609 787 1654 privilegiorum,
811 1610 886 1644 151.

440 1662 543 1698 XCIV.
566 1663 775 1698 Confirmatio
803 1664 998 1698 concordiae
1029 1664 1113 1698 inter
1139 1675 1188 1698 re-

529 1727 601 1760 gem
623 1716 818 1751 catholicum
837 1717 970 1762 eiusque
987 1728 1189 1751 successores

530 1776 561 1805 et
574 1771 854 1815 archiepiscopum
869 1772 1114 1805 Toletancnsem
1130 1781 1188 1815 pro

533 1830 679 1868 tempore
703 1824 890 1858 existentem
922 1836 1020 1869 super
1049 1825 1188 1859 adinini-

531 1878 687 1913 stratione
717 1879 843 1921 collegii
869 1879 1028 1921 virginum
1058 1890 1186 1913 nuncu-

531 1932 596 1976 pati
623 1931 783 1965 Dominae
802 1932 939 1966 Nostrae
974 1933 1012 1966 cle
1037 1933 1190 1967 Remedio

534 1985 567 2019 in
593 1985 720 2019 civitate
739 1986 892 2019 'I'oletana
912 1986 1022 2028 erecti,
1046 1986 1121 2019 163.

447 2047 535 2083 XCV.
563 2047 736 2092 Pompeius
767 2048 979 2090 Arrigonius,
1003 2049 1190 2083 commissa-

533 2102 611 2143 rius,
629 2102 796 2143 delegatur
813 2102 852 2135 ad
871 2103 1114 2137 constituendos
1130 2109 1191 2137 ter-

534 2156 639 2190 minos
669 2155 754 2188 inter
784 2156 965 2190 dominium
998 2156 1192 2190 ecclesiasti-

535 2221 608 2244 cum
630 2215 661 2243 et
679 2215 798 2243 statum
820 2211 927 2254 magni
951 2211 1046 2245 Ducis
1070 2211 1192 2245 IIctru-

535 2264 613 2304 riae,
636 2263 711 2299 17I.

448 2317 552 2352 XCVI.
583 2320 792 2354 Confirmatio
824 2319 995 2354 erectionis
1024 2320 1193 2354 arcliicon-

536 2373 743 2407 I'ratcrnitatis
765 2375 796 2407 Il.
821 2373 937 2408 Mariae
959 2374 998 2406 de
1018 2373 1190 2415 Suffragio,

536 2425 586 2458 cui
615 2425 699 2460 inter
727 2427 789 2460 alia
816 2426 1005 2461 conceditur
1033 2426 1192 2460 indultum

536 2490 622 2513 anno
649 2481 795 2524 quolibet
824 2492 924 2514 unum
955 2492 1045 2514 reum
1074 2481 1193 2515 conde-

1310 1477 1383 1500 rum
1403 1477 1463 1511 pro
1482 1467 1570 1501 bono
1587 1466 1746 1510 regimine
1762 1466 1890 1501 Ordinis
1906 1466 1970 1500 sra-

1311 1526 1396 1554 trum
1437 1521 1552 1555 Beatae
1586 1521 1704 1555 Mariae
1744 1521 1784 1555 de
1822 1520 1968 1555 Mercede

1310 1575 1555 1620 Redemptionis
1585 1575 1813 1620 Captivorum,
1847 1580 1879 1609 et
1908 1585 1969 1619 pro

1311 1629 1470 1663 electione
1505 1628 1650 1672 magistri
1686 1627 1846 1672 generalis
1884 1627 1969 1663 eius-

1311 1683 1397 1724 dem,
1420 1682 1496 1716 184.

1223 1745 1271 1779 CI.
1302 1746 1429 1780 Decano
1455 1745 1645 1789 collegiatae
1677 1745 1830 1779 ecclesiae
1859 1745 1971 1779 Zamo-

1311 1800 1368 1834 scii
1384 1827 1392 1841 ‚
1415 1799 1593 1833 Kelmensis
1617 1799 1792 1840 dioecesis,
1821 1797 1971 1833 concedi-

1314 1859 1366 1887 tur
1385 1864 1461 1887 usus
1482 1853 1608 1893 mitrae,
1636 1852 1742 1886 baculi
1768 1857 1800 1886 et
1830 1851 1968 1886 aliorum

1314 1907 1487 1950 insignium
1514 1905 1765 1952 pontificalium,
1788 1904 1863 1940 189.

1225 1978 1288 2013 CII.
1305 1977 1514 2013 Confirmatio
1532 1977 1728 2012 concordiae
1747 1977 1832 2011 inter
1847 1976 1970 2010 archie-

1313 2031 1484 2076 piscopum
1504 2037 1535 2066 et
1554 2031 1732 2076 capitulum
1751 2030 1905 2065 ecclesiae
1916 2030 1972 2064 Ca·
2023 2034 2026 2039 '

1313 2085 1509 2123 meracensis
1529 2095 1628 2130 super
1647 2084 1820 2119 collatione
1839 2083 1972 2118 canoni-

1315 2145 1444 2174 catuum
1479 2145 1509 2174 et
1539 2139 1799 2184 praebendarum
1828 2137 1971 2172 eiusdem

1315 2192 1481 2235 ecclesiae,
1504 2192 1581 2226 190.
1610 2202 1616 2209 ·

1226 2256 1306 2292 CIII.
1329 2256 1514 2292 Subsidium
1545 2260 1712 2290 scutorum
1737 2253 1973 2299 quinquaginta

1317 2311 1454 2345 millium
1490 2321 1589 2355 super
1628 2309 1783 2344 fructibus
1819 2319 1975 2354 quorum-

1317 2375 1456 2409 cumque
1487 2363 1722 2398 benesiciorum
1759 2363 1792 2397 in
1828 2362 1974 2397 dominio

1316 2419 1513 2453 Venetorum
1535 2416 1741 2451 exiStentIum
1762 2426 1822 2461 pro
1841 2415 1974 2450 Camerti

1317 2468 1974 2517 Apostolicaunicariccexigenduin,193.

538 2539 682 2567 innatum
703 2535 861 2568 liberandi
891 2535 922 2568 in
945 2536 1024 2568 sesto
1042 2535 1193 2568 Omnium
1230 2543 1304 2578 (ην,
1328 2543 1537 2578 Confirmatio
1567 2541 1811 2587 privilegiorum
1844 2551 1903 2586 per
1928 2539 1976 2574 di-

538 2587 728 2621 Sanctorum
748 2589 794 2622 vel
814 2589 843 2622 in
855 2589 907 2622 die
920 2589 1104 2629 parasceve,
1117 2588 1191 2623 1702.

582 2649 733 2693 Sequitur
751 2650 910 2684 indultum
925 2650 1081 2685 liberandi
1096 2661 1194 2684 unum

540 2703 806 2745 condemnatum,
829 2703 903 2737 1723.

1318 2608 1426 2631 versos
1447 2597 1608 2631 Ilomanos
1637 2595 1810 2630 Pontifices
1841 2604 1975 2628 conces-

1318 2661 1428 2685 sorum
1444 2649 1520 2684 Duci
1541 2655 1572 2684 et
1590 2648 1712 2684 nationi
1731 2647 1912 2683 Sabaudiae
1924 2658 1977 2680 su-

1320 2714 1378 2748 per
1396 2702 1579 2748 provisione
1598 2701 1846 2743 beneficiorum,
1867 2699 1945 2734 196.
