2253 3195
258 213 309 238 An.
327 212 355 238 c.
377 212 443 239 1594
490 202 553 235 <156

1042 208 1227 233 BULLARIUM
1246 207 1401 232 ROMANUM

456 260 524 293 eius
548 260 658 293 vicarii
688 259 857 297 manibus,
881 258 967 290 iuxta
998 256 1202 290 constitutio·
1239 255 1348 288 omnia
1381 254 1591 299 possidendi,
1625 255 1735 299 eisque
1763 256 1925 298 gaudendi
1954 262 1985 289 et

455 324 529 346 nem
550 313 651 346 felicis
668 310 902 345 recordationis
919 309 966 343 Pii
978 309 1036 342 ΡΡ.
1048 309 1097 349 IV,
1109 319 1203 352 prae·
1239 308 1377 349 fruendi,
1391 308 1614 342 omnimodam
1628 308 1810 342 libertatem
1823 308 1981 352 permisit.

456 365 633 399 decessoris
653 365 771 401 nostri,
795 363 925 407 praevio
951 372 1104 406 processu
1119 389 1126 402 ,
1154 362 1202 394 vel

456 418 564 451 habita
585 417 692 451 debita
722 415 950 449 informatione
981 415 1020 448 de
1047 414 1202 457 religione

456 477 486 503 et
507 471 570 504 fide
592 470 750 504 catholica
771 469 939 509 emisisset,
956 468 1091 512 ipseque
1110 479 1203 512 prae-

456 529 578 567 ceptor,
603 523 860 557 ludimoderator
889 532 946 555 seu
977 521 1131 564 magister
1163 521 1202 554 ab

455 579 569 611 eodem
596 582 720 610 rectore
740 577 788 609 vel
819 576 858 608 ab
890 576 949 613 iis,
973 575 1028 619 qui
1060 575 1201 619 deputati

456 632 570 668 forent,
585 631 723 663 formam
741 635 771 663 et
788 629 948 662 rationem
966 628 1127 672 acciperet
1138 634 1201 661 tam

455 684 619 727 profanos,
643 693 743 726 quam
762 693 871 716 sat-ros
892 688 922 716 et
941 682 1013 726 pios
1037 681 1137 714 libros
1156 681 1203 714 le-

454 737 561 779 gendi,
586 742 615 769 et
638 736 837 770 iuventutem
857 735 1067 774 ins01·mandi;
1091 734 1200 768 deela-

456 790 536 822 ravit
561 789 657 823 etiam
685 789 747 823 hoc
772 788 946 822 voluntatis
966 798 1042 821 suae
1063 798 1142 828 esse,
1163 798 1204 820 ne

455 843 627 887 quisquam
648 843 688 876 ad
710 842 891 876 functiones
910 841 1098 875 huiusmodi
1121 841 1204 874 litte-

455 897 554 929 rarias
574 896 606 929 in
632 895 810 929 ditionibus
830 895 896 929 suis
916 906 933 927 a
956 894 1200 934 communitate,

455 949 604 994 parochis
626 950 675 982 vel
702 949 911 982 ecclesiarum
935 948 1126 988 rectoribus,
1147 958 1203 981 seu

454 1003 647 1036 officialibus
682 1002 758 1036 dicti
789 1001 918 1045 Georgii
947 1001 995 1034 vel
1026 1001 1203 1034 haeredum

454 1068 491 1090 ac
510 1062 715 1100 posterorum
737 1066 871 1089 suorum
889 1060 1120 1095 assumeretur,
1142 1054 1203 1087 nisi

457 1120 474 1142 a
495 1115 621 1143 rectore
641 1108 798 1153 praedicti
813 1107 940 1150 collegii
961 1107 1161 1151 approbatus
1174 1113 1204 1140 et

458 1163 669 1196 confirmatus
691 1163 782 1195 soret.

501 1218 517 1258 ξ
540 1215 591 1248 ll.
615 1216 684 1255 Quo
705 1220 813 1248 autem
842 1214 1008 1259 praedicta
1028 1213 1138 1247 omnia
1158 1213 1204 1246 sic

255 1270 574 1325 „113322233122110118121
594 1275 623 1303 et
644 1274 801 1313 perpetuo
821 1268 976 1301 attributa
1000 1267 1076 1301 dicti
1097 1274 1204 1301 rector

255 1331 388 1378 gggggm‘ggss
407 1332 440 1347 τε-
456 1329 485 1357 et
504 1322 687 1365 collegiales
710 1322 875 1366 possidere
895 1321 1050 1365 quietius,
1073 1321 1203 1364 suisque

330 1369 334 1375 ’
382 1369 386 1373 ’
457 1375 643 1409 ministeriis
664 1386 781 1410 vacare,
797 1375 929 1408 liberius
948 1381 1077 1418 possent
1098 1380 1129 1408 et
1148 1384 1202 1407 va-

455 1430 578 1469 terent,
602 1429 699 1462 voluit
723 1440 758 1461 ac
779 1428 888 1461 statuit
920 1434 952 1461 ut
984 1429 1100 1461 domus
1115 1455 1122 1468 ,
1146 1438 1202 1461 seu

455 1483 640 1526 collegium,
663 1493 699 1515 ac
721 1482 806 1515 illius
827 1482 961 1515 ecclesia
982 1493 1042 1515 nee
1061 1492 1126 1515 non
1147 1493 1199 1515 sa-

455 1538 585 1575 cellum,
603 1537 688 1570 horti
704 1543 733 1570 et
749 1543 875 1570 caetera
890 1547 1115 1580 quaecumque
1129 1548 1201 1570 cum

454 1590 605 1624 omnibus
630 1590 695 1623 suis
725 1590 868 1629 iuribus,
893 1590 1049 1623 limitibus
1074 1597 1103 1623 et
1129 1591 1202 1624 atti-

455 1643 572 1677 nentiis
593 1643 716 1687 quaeri,
732 1649 762 1676 et
781 1643 848 1686 ipsa
866 1643 1078 1687 pecuniarum
1091 1644 1202 1687 pensio

454 1708 572 1736 annua,
588 1703 621 1730 ut
642 1698 833 1740 praefertur,
849 1697 966 1730 donata
987 1702 1017 1730 et
1034 1697 1198 1738 attributa,

455 1750 557 1783 libera
577 1756 607 1783 et
631 1750 787 1783 immunia
808 1755 913 1783 essent
933 1750 1098 1794 perpetuis
1119 1751 1203 1784 sutu-

455 1804 498 1836 ris
523 1804 723 1847 temporibus
749 1804 789 1836 ab
819 1803 970 1836 omnihus
994 1802 1148 1836 oneribus
1173 1810 1203 1836 et

455 1856 615 1895 censibus,
640 1861 703 1888 tani
732 1855 896 1893 civilibus,
925 1866 1022 1899 quam
1055 1866 1202 1890 camerae

454 1919 531 1942 suae
551 1908 764 1952 obligatoriis,
787 1920 843 1942 seu
863 1909 902 1941 ad
924 1919 994 1942 eam
1013 1909 1202 1952 pertinenti-

454 1963 525 2002 bus,
549 1973 605 1996 seu
626 1962 792 2006 quibusvis
812 1962 883 1995 aliis
906 1962 989 1995 notis
1014 1967 1044 1995 et
1066 1962 1198 2003 ignotis,

454 2016 549 2049 etiam
571 2016 628 2055 eis,
653 2026 735 2059 quae
757 2015 967 2059 imposterum
991 2017 1071 2049 t'orte
1099 2016 1201 2060 impc-

454 2069 522 2102 dire
543 2075 683 2113 possent,
708 2068 786 2102 nihil
807 2069 867 2102 sihi
893 2080 929 2101 ac
957 2069 1093 2112 posteris
1113 2069 1198 2109 suis,

453 2133 509 2156 seu
531 2122 645 2155 suturis
666 2122 872 2162 haeredibus,
896 2133 950 2155 seu
971 2121 1050 2154 alias
1069 2133 1201 2167 quoquo

454 2176 552 2209 modo
578 2175 773 2214 nominatis,
797 2175 851 2219 qui
875 2175 923 2208 ius
943 2175 1075 2219 aliquod
1096 2175 1200 2208 domi-

454 2229 509 2267 nii,
532 2234 762 2273 sequestratus,
795 2228 1040 2272 praesidentiae,
1066 2228 1198 2271 regimi-

454 2282 513 2319 nis,
538 2282 635 2321 iuris,
658 2282 722 2315 sive
743 2281 885 2321 legitime
905 2282 970 2314 sive
991 2282 1175 2326 usurpative
1190 2310 1197 2322 ,

455 2346 508 2367 scu
531 2346 566 2368 ex
589 2335 733 2368 iniuncto
754 2335 893 2374 allegare
913 2340 1053 2378 possent,
1069 2346 1200 2379 [wat-su-

456 2394 590 2423 merent.
616 2389 662 2420 vot
693 2388 849 2421 auderent
878 2388 954 2421 iuris
983 2389 1196 2431 reservando,

454 2440 635 2484 quinimmo
657 2441 832 2484 plenariam
865 2453 902 2474 ac
934 2441 1067 2474 libor-'un
1094 2441 1199 2485 (iuxta

455 2493 621 2537 utriusque
655 2494 731 2527 iuris·
765 2500 826 2527 tant
859 2494 1065 2528 ‹·‹:‹·t‹·siastici
1102 2505 1198 2539 quam

1283 364 1299 404 ξ
1321 361 1373 395 ¹1⁹2.
1397 362 1505 395 Voluit
1530 367 1717 405 praeterea,
1741 363 1828 406 quod
1858 362 1884 395 si
1906 362 1984 406 quis

1238 415 1414 449 haeredum
1431 443 1438 455 ,
1461 425 1686 450 successorum
1711 425 1748 448 ac
1778 416 1984 458 posterorum

1236 479 1370 502 suorum
1388 468 1554 512 quidpiam
1576 470 1608 501 in
1629 469 1784 502 damnum
1808 465 1865 501 seu
1886 469 1984 502 detri-

1237 527 1382 555 mentum
1397 522 1471 555 dicti
1487 521 1627 564 collegii,
1639 532 1697 555 seu
1713 521 1982 566 impedimentum

1237 581 1466 608 consuetorum
1487 575 1725 616 exercitiorum,
1750 581 1815 608 tam
1834 574 1984 618 spiritua·

1237 628 1316 661 lium
1338 639 1435 672 quam
1455 628 1687 662 litterariorum
1710 628 1815 662 dictae
1835 627 1980 661 Societa-

1239 681 1288 722 tis,
1311 687 1469 716 attentare
1496 689 1736 726 praesumeret,
1759 688 1795 716 ut
1812 688 1898 722 tunc,
1922 682 1981 714 de-

1239 734 1425 768 monstratis
1442 731 1601 768 eiusmodi
1616 734 1858 779 impedimentis
1871 739 1902 767 et
1915 743 1984 766 mo-

1239 788 1462 822 lestationibus
1482 794 1593 832 aperte
1613 793 1645 822 et
1657 788 1826 822 manifeste
1838 787 1984 832 probatis

1238 851 1349 875 coram
1370 841 1456 874 dieto
1476 841 1649 885 Rodulpho
1679 851 1755 883 rege
1784 840 1818 874 in
1844 841 1986 884 impera-

1240 899 1343 927 torem
1369 895 1493 934 electo,
1518 894 1701 938 futurisque
1728 893 1861 936 regibus
1884 893 1986 927 Bohe-

1240 947 1334 987 miae,
1358 958 1395 980 ac
1414 947 1575 991 supremis
1595 947 1685 990 regni
1707 946 1910 988 officialibus,
1935 952 1983 980 te-

1238 1006 1394 1034 nerentur
1413 1001 1472 1045 (sic
1492 1000 1655 1034 iudicante
1678 1000 1768 1043 regia
1795 1000 1961 1033 maiestate
1975 1027 1983 1040 ‚

1238 1053 1379 1098 ipsisque
1400 1054 1490 1097 regni
1512 1054 1673 1098 supremis
1693 1053 1899 1097 officialibus)
1919 1064 1983 1098 po-

1238 1108 1313 1141 steri
1334 1108 1383 1141 sui
1397 1135 1404 1145 ,
1428 1113 1459 1141 et
1488 1108 1634 1152 quisquis
1664 1119 1886 1152 possessorum
1908 1108 1985 1142 dicti

1239 1161 1373 1194 dominii
1399 1160 1652 1194 Comutaviensis
1677 1167 1733 1196 aut
1756 1161 1871 1195 haeres
1890 1161 1982 1202 soret,

1238 1214 1320 1247 infra
1333 1224 1453 1248 annum
1465 1214 1582 1248 rectori
1596 1219 1626 1247 et
1642 1214 1865 1256 collegialihus
1879 1214 1986 1248 dictae

1238 1268 1406 1302 Societatis
1426 1268 1511 1301 bona
1531 1267 1657 1300 stabilia
1677 1267 1874 1311 ubicumque
1895 1267 1984 1302 loco-

1238 1332 1322 1362 rum,
1345 1326 1443 1365 prout
1462 1321 1539 1365 ipsis
1559 1321 1590 1354 id
1611 1321 1727 1355 liberet
1748 1321 1781 1354 in
1802 1322 1982 1365 regnoBo-

1236 1374 1374 1414 hemiae,
1389 1380 1420 1408 et
1436 1384 1520 1418 quae
1533 1373 1592 1418 ipsi
1605 1374 1762 1417 eligerent
1774 1375 1828 1418 (de
1845 1385 1984 1418 quorum

1236 1428 1353 1473 pretio,
1365 1428 1467 1472 utipsi
1485 1429 1603 1462 rectori
1624 1434 1655 1462 et
1675 1428 1898 1471 collegialibus
1910 1439 1983 1462 cum

1236 1481 1404 1515 venditore
1429 1481 1545 1515 licitari
1576 1487 1607 1515 ct
1637 1481 1812 1515 convenire
1843 1481 1983 1515 liberum

1237 1543 1330 1577 esset,
1356 1537 1455 1571 voluit
1467 1547 1528 1581 pro
1542 1542 1671 1571 centum
1693 1537 1836 1570 millibus
1855 1546 1984 1579 sexage-

1237 1590 1285 1623 nis
1300 1590 1507 1624 misnentium
1525 1590 1705 1635 quamlibet
1721 1599 1914 1633 sexagenum
1935 1601 1984 1624 se-

1238 1643 1364 1686 xaginta
1378 1643 1483 1688 parvis
1495 1643 1625 1687 grossis,
1641 1654 1790 1687 grossum
1805 1642 1984 1687 quemlibet.

1236 1697 1376 1741 septenis
1388 1696 1494 1740 parvis
1505 1696 1608 1730 obolis
1619 1696 1851 1740 computando)
1860 1706 1980 1736 emere,

1236 1761 1292 1784 seu
1309 1751 1444 1789 solvere,
1459 1760 1562 1794 eaque
1579 1750 1619 1783 de
1633 1749 1759 1792 integro
1779 1749 1901 1794 absque
1918 1750 1984 1784 ulla

1237 1803 1463 1841 diminutione,
1488 1803 1590 1847 iisque
1616 1803 1733 1836 rectori
1758 1808 1789 1836 ct
1809 1803 1982 1846 collegiali-

1236 1857 1296 1890 bus
1309 1868 1381 1890 cum
1396 1857 1492 1900 pleno
1507 1855 1577 1889 iure
1590 1866 1653 1889 non
1666 1856 1770 1889 solum
1785 1856 1980 1897 usufructus,

1237 1910 1292 1943 sed
1313 1915 1341 1943 et
1363 1909 1496 1943 dominii
1517 1910 1645 1950 tradere
1665 1914 1761 1953 atquc
1779 1908 1980 1952 consignare.

1238 1961 1400 1995 invariatis
1419 1972 1547 2005 semper
1567 1967 1597 1995 et
1614 1960 1852 2005 impermutatis
1872 1961 1979 1995 censi-

1236 2015 1296 2048 bus
1315 2015 1355 2048 ab
1381 2015 1448 2059 ipsa
1468 2014 1627 2048 Societate
1653 2014 1716 2047 iam
1744 2013 1924 2048 constitutis
1952 2020 1984 2048 et

1237 2069 1446 2113 imposterum
1478 2068 1727 2109 constituendis,
1758 2078 1839 2112 quos
1869 2079 1983 2102 census

1237 2121 1346 2162 voluit,
1371 2127 1405 2154 ut
1426 2121 1510 2154 dieta
1530 2121 1671 2155 Societas
1688 2121 1800 2165 quavis
1820 2121 1979 2162 locorum,

1235 2174 1420 2208 Coinutavia
1441 2174 1578 2213 exclusa,
1602 2179 1876 2218 consequeretur,
1899 2174 1982 2208 sicut

1236 2234 1266 2261 et
1283 2227 1392 2261 omnia
1405 2227 1625 2260 emolumenta
1645 2238 1681 2260 cx
1702 2226 1839 2267 donatis,
1856 2226 1978 2270 legatis,

1236 2281 1352 2325 emptis
1367 2309 1374 2320 ,
1398 2281 1563 2325 acquisitis
1578 2309 1585 2321 ,
1608 2281 1673 2314 sive
1698 2273 1946 2324 quomodolibet
1963 2291 1981 2314 a

1236 2335 1319 2368 dicta
1339 2334 1496 2369 societate
1517 2333 1666 2375 obtentis,
1684 2333 1715 2366 in
1736 2333 1854 2377 quibus
1873 2333 1977 2373 bonis,

1234 2388 1299 2421 sive
1316 2388 1391 2421 alibi
1407 2388 1437 2420 in
1452 2398 1552 2431 regno
1570 2385 1752 2425 lloltemiac,
1765 2386 1818 2419 ubi
1840 2397 1900 2430 pro
1913 2396 1981 2419 ma-

1236 2440 1293 2474 iori
1307 2441 1392 2474 bono
1405 2440 1560 2474 ecclesiae
1580 2439 1732 2482 expedire
1753 2438 1976 2479 iudicaverint,

1235 2500 1361 2538 possent
1391 2506 1427 2527 ac
1459 2493 1613 2527 ‹lebet-ent
1643 2492 1806 2536 praedicta
1837 2491 1980 2526 Societas

453 2547 638 2585 saecularis,
663 2558 720 2580 nec
742 2558 804 2581 nou
826 2553 1026 2596 statutorum
1050 2554 1081 2580 ct
1104 2548 1199 2592 priii-
1235 2548 1321 2581 aliud
1353 2548 1525 2591 collegium
1561 2546 1746 2581 constructo
1778 2545 1883 2580 simile
1918 2545 1978 2579 sub

456 2600 614 2641 legioruiu
648 2600 790 2633 ciusdem
820 2601 1009 2642 Societatis)
1037 2601 1201 2645 praedit-‚ta
1234 2600 1364 2635 nomine
1393 2612 1430 2634 ae
1456 2600 1547 2634 titulo
1575 2599 1650 2633 dieti
1671 2598 1798 2642 Georgii
1827 2597 1978 2633 exaedifi-

1960 468 1966 473 .
1999 455 2068 480 tegio,
2095 454 2183 484 titium!

1998 207 2047 235 An.
2064 207 2092 235 C.
2116 202 2191 242 ¹591*ss

2022 375 2129 405 Haeredes
2139 375 2193 405 [ιω-ᾗ

2000 401 2079 422 daturis
2101 407 2118 423 si
2138 408 2166 424 m
2183 426 2190 430 ⁴

1999 428 2046 448 tosti
2056 428 2159 452 suet-mlv·
2172 430 2190 450 ,ἱ

1999 480 2145 502 esseda—clarat.
2165 496 2167 499 -

1998 507 2051 528 rturi
2074 507 2148 534 collegi
2161 519 2189 526 ι.

1998 534 2066 559 ipsum
2083 539 2131 554 cuin
2145 533 2179 555 hv

1998 561 2031 581 nis
2041 560 2188 582 omnibusati

1999 587 2118 608 transferre.
2172 587 2175 589 ’
