2253 3195
69 225 119 252 An.
138 224 164 251 C.
184 224 252 252 ¹596

105 867 135 888 Do
151 869 199 888 taxa
215 872 248 887 cx-

64 899 182 921 pensarum.

88 2564 117 2586 De
133 2565 232 2586 manuali.

885 224 1032 248 CLEMENS
1051 224 1109 248 VIII
1130 225 1179 249 1²1³.

265 273 452 306 societatum
465 272 645 305 officiorum
663 273 827 316 pecunias,
851 283 1005 305 censuum

265 336 301 358 ac
321 325 456 358 aliorum
476 325 614 358 cuiusvis
631 325 756 367 generis
769 330 1003 362 contractuum,
1023 359 1024 364 ¹

265 378 359 412 etiam
377 378 601 422 procuratorio
631 378 762 411 nomine
783 378 921 419 exigere,
956 387 1006 409 re-

265 432 371 476 cipere
392 437 422 464 et
441 442 539 475 penes
552 442 584 464 se
605 431 717 474 quovis
739 431 835 463 modo
853 430 1003 469 retinere,

264 491 438 518 tractareet
453 485 583 525 habere,
607 485 703 517 etiam
725 485 763 517 de
782 484 906 522 ordine,
931 494 1006 516 con-

264 549 358 572 sensu
380 544 411 571 et
425 539 585 571 voluntate
600 537 738 581 partium
760 547 823 569 non
853 536 1003 575 audeant3

265 597 295 625 et
308 590 519 624 nihilominus
539 589 654 623 notarii
670 590 709 622 ad
731 590 849 622 damna
874 594 905 621 et
925 589 1006 621 inte-

265 655 361 684 resse,
385 655 468 688 quae
490 645 584 687 culpa
602 643 847 676 substitutorum
861 642 1005 686 partibus

265 698 437 737 evenerint,
468 703 638 730 teneantur
667 703 698 729 et
722 696 855 738 obligati
879 696 952 735 sint,
976 701 1003 728 et

264 758 375 784 contra
392 762 446 784 eos
466 751 497 783 in
517 751 553 783 iis
573 750 763 794 exequutive
784 750 915 793 procedi
934 760 1005 793 pos-

264 804 304 837 sit
328 809 359 837 et
383 804 507 837 debeat.
544 804 590 837 Ad
616 803 694 836 haec
730 802 947 846 praecipimus
976 807 1006 835 et

265 857 466 897 mandamus,
490 862 524 889 ut
544 857 641 889 iidem
667 856 783 889 notarii
818 856 857 888 ad
874 866 1004 888 omnem

265 910 508 954 requisitionem
540 909 680 953 partium
705 909 857 942 interesse
886 909 1006 941 haben-

265 963 355 1003 tium,
370 963 582 997 instrumenta
593 968 624 995 et
639 962 867 996 testamentain
877 962 1006 1006 publica

265 1017 368 1050 forma
389 1017 539 1050 exhibere
559 1022 739 1055 teneantur,
763 1021 793 1049 et
813 1026 871 1059 pro
892 1026 1004 1048 eorum

265 1070 413 1103 mercede
440 1070 657 1113 infrascriptas
681 1075 786 1109 taxas,
811 1079 875 1102 non
901 1069 1002 1109 ultra,

265 1123 391 1166 exigere
410 1123 544 1167 possint,
567 1122 735 1156 videlicet:
888 1128 891 1130 '

332 1177 378 1210 Ab
404 1187 470 1210 uno
490 1182 580 1210 scuto
600 1187 701 1220 usque
719 1176 758 1209 ad
778 1182 858 1210 scut.
883 1176 935 1216 25,

376 1230 482 1263 bolen.
506 1229 559 1269 453

331 1286 356 1318 A
376 1283 472 1317 scutis
503 1283 545 1316 025
575 1294 677 1328 usque
703 1284 743 1317 ad
771 1289 850 1316 scut.
875 1282 934 1323 50,

376 1337 484 1370 bolen.
511 1336 563 1375 753

332 1392 353 1424 Α
381 1390 478 1424 scutis
505 1389 547 1422 50
566 1401 668 1434 usque
689 1391 729 1423 ad
753 1395 832 1424 scut.
856 1389 934 1431 100,

375 1450 455 1477 scut.
486 1443 515 1483 t;

331 1499 354 1531 Α
373 1497 470 1530 scutis
490 1495 554 1529 100
572 1508 673 1541 usque
694 1498 733 1530 ad
745 1503 833 1531 scuta
861 1496 935 1538 500,

376 1556 455 1583 scut.
476 1561 577 1583 unum
598 1560 657 1594 pro
680 1551 847 1595 quodlibet
866 1562 939 1584 cen·

377 1603 512 1643 tenario;

332 1658 355 1691 A
376 1662 455 1690 scut.
478 1655 542 1689 500
562 1667 663 1700 usque
684 1657 723 1690 ad
742 1667 935 1701 quamcum-

375 1721 437 1755 que
469 1721 628 1743 summam
649 1710 796 1744 baiocchi
820 1710 862 1744 ΞΟ
881 1722 939 1755 pro

376 1764 520 1809 quolibet
537 1765 733 1805 centenario,
764 1766 940 1799 dummodo

375 1818 407 1851 in
418 1824 519 1852 totum
529 1819 613 1852 ultra
626 1824 705 1852 seut.
718 1818 782 1852 400
796 1830 855 1863 pro
864 1831 941 1864 qua—

375 1870 453 1904 libet
469 1882 595 1908 summa
609 1872 754 1915 recipere
766 1879 937 1916 nequeant.

265 1925 330 1958 Nec
349 1935 413 1957 non
434 1925 530 1957 etiam
547 1924 666 1958 eisdem
686 1925 818 1958 notariis
842 1927 1004 1971 praecipi-

267 1989 337 2011 mus
351 1978 409 2011 sub
423 1989 528 2021 poena
546 1978 733 2022 privationis
747 1979 855 2019 officii,
872 1990 911 2013 ne
931 1981 1005 2014 scri-

266 2038 377 2076 pturas
397 2033 569 2076 productas
590 2043 687 2076 penes
707 2033 783 2066 sein
801 2034 936 2077 pulpito,
954 2041 1006 2068 aut

268 2085 343 2119 alibi
357 2085 525 2125 retineant,
537 2086 591 2118 sed
601 2085 705 2118 statim
727 2086 861 2121 eiisdem
874 2089 1007 2121 manda-

268 2149 339 2172 mus
357 2144 391 2171 ut
410 2138 480 2171 illas
500 2139 694 2179 describant,
710 2145 741 2172 et
758 2150 869 2173 eorum
888 2142 1008 2184 produ-

268 2192 408 2225 ctionem
424 2192 455 2224 in
470 2192 611 2224 manuali
624 2197 746 2232 notent,
773 2193 883 2227 etillas
895 2194 926 2227 in
939 2195 1008 2228 filsa

268 2251 436 2289 teponant.
461 2245 654 2279 Ordinamus
674 2251 839 2289 praeterea
867 2253 901 2279 ut
927 2248 1005 2280 sub-

267 2298 366 2332 stituti
387 2304 418 2332 et
437 2299 489 2331 alii
508 2299 765 2339 intervenientes,
781 2310 837 2333 seu
858 2300 1008 2342 degentes

268 2351 300 2384 in
312 2352 416 2385 officio
430 2352 545 2385 notarii
563 2352 706 2395 rogantis
727 2353 937 2386 instrumenta
950 2365 1009 2397 pro
1025 2365 1027 2387 t

269 2406 402 2439 testibus
422 2406 454 2438 in
486 2406 725 2445 instrumentis,
756 2407 953 2439 testamentis
980 2414 1027 2448 et;

271 2459 340 2492 aliis
366 2459 510 2499 actibus,
544 2459 599 2492 ubi
626 2465 720 2492 testes
741 2460 779 2492 de
800 2459 869 2492 iure
896 2460 1006 2503 requi-

272 2518 404 2552 rantur,
436 2513 581 2546 adhiberi
611 2524 675 2546 non
706 2513 837 2557 possint,
872 2513 926 2546 sed
957 2508 1028 2560 alii}

272 2567 404 2600 omnino
429 2566 652 2600 adhibeantur.
683 2568 818 2610 Insuper
843 2566 1028 2600 statuimus*

272 2626 307 2653 ut
331 2620 544 2654 instrumenta
558 2620 589 2653 in
610 2620 659 2653 his
680 2619 883 2653 manualibus
900 2620 1010 2653 dietim

1689 215 1747 249 291

1041 273 1254 306 extendantur
1275 278 1303 305 et
1325 273 1558 313 describantur,
1583 278 1614 305 et
1633 269 1721 306 filsae
1736 273 1782 306 in-

1041 331 1294 359 strumentorum
1320 327 1359 359 ad
1381 326 1486 359 minus
1507 326 1590 359 infra
1611 332 1674 359 tres
1693 338 1782 360 men-

1040 390 1089 411 ses
1110 379 1140 411 in
1162 379 1390 419 voluminibus,
1412 390 1467 412 seu
1488 379 1560 411 libri
1582 380 1732 419 sormam,
1748 386 1783 414 ut

1041 431 1139 464 moris
1160 438 1217 469 cst,
1252 433 1449 472 redigantur,
1475 438 1505 465 et
1527 433 1690 466 manualia
1714 433 1781 477 ipsa

1041 484 1210 525 diligenter
1230 490 1257 517 et
1288 491 1436 517 accurate
1466 486 1698 518 custodiantur.
1721 486 1780 519 De-

1040 538 1201 570 cernimus
1229 538 1369 581 pariter.
1405 544 1438 571 ut
1467 539 1582 572 notarii
1613 545 1782 572 teneantur

1040 591 1194 623 adnotare
1226 591 1393 623 disdictam
1418 592 1578 625 societatis
1598 592 1695 625 officii
1716 603 1781 626 non

1040 645 1142 677 solum
1157 645 1186 676 in
1201 644 1283 677 libro
1299 645 1450 683 manuali,
1471 647 1525 678 sed
1547 647 1683 679 etiamin
1699 657 1782 680 mar-

1040 697 1112 737 gine
1139 697 1343 731 instrumenti
1364 698 1525 731 societatis
1546 710 1603 742 per
1614 700 1709 733 verba
1723 700 1781 734 hu-

1041 751 1189 791 iusmodi,
1206 751 1365 791 videlicet,
1390 752 1441 784 die
1456 753 1507 784 tali
1523 752 1668 793 disdicta,
1685 760 1716 786 et.
1730 754 1781 787 die

1041 805 1094 837 tali
1116 805 1319 848 reproducta.
1341 806 1558 848 Reproductio
1583 812 1689 839 autem
1711 807 1778 840 dis-

1041 857 1144 890 dictae
1169 857 1198 889 in
1220 857 1298 890 actis
1321 858 1451 891 alterius
1478 859 1593 891 notarii
1615 860 1653 891 de
1674 860 1778 893 socie·-

1042 916 1104 943 tate
1124 921 1189 943 nou
1211 911 1318 952 rogari
1341 912 1429 944 nullo
1455 913 1552 945 modo
1577 912 1647 945 fieri
1668 913 1778 956 possit,

1041 964 1099 996 nisi
1125 964 1179 996 ubi
1200 970 1384 997 contractus
1409 965 1570 998 societatis
1595 972 1678 999 esset
1696 972 1783 999 extra

1040 1017 1158 1050 Urbem
1189 1023 1339 1059 rogatus,
1370 1029 1453 1061 quae
1481 1018 1596 1051 debeat
1624 1019 1728 1052 statim
1751 1020 1782 1052 in

1041 1070 1183 1103 manuali
1204 1071 1385 1112 registrari,
1421 1077 1453 1103 ut
1475 1072 1574 1104 moris
1595 1078 1651 1112 est,
1676 1078 1707 1105 et
1726 1082 1783 1105 no-

1040 1124 1112 1156 tarii
1149 1124 1332 1157 omittentes
1362 1135 1482 1165 severe,
1513 1125 1648 1158 arbitrio
1673 1131 1728 1159 tuo
1753 1131 1783 1159 et

1040 1187 1260 1210 successorum
1293 1183 1420 1210 tuorum
1443 1178 1701 1220 praedictorum,
1722 1190 1782 1222 pu-

1040 1231 1180 1263 niantur.
1209 1232 1312 1274 Atque
1337 1230 1422 1263 idem
1443 1231 1563 1263 servari
1584 1231 1732 1264 volumus
1750 1231 1782 1265 in

1022 1284 1273 1323 ,nominatione
1298 1294 1423 1316 necnon
1444 1284 1475 1316 in
1496 1284 1706 1317 translatione
1727 1295 1783 1328 pe-

1041 1338 1132 1370 riculi
1152 1337 1244 1376 vitae,
1269 1348 1351 1381 quae
1372 1348 1436 1370 non
1458 1337 1586 1377 officiat,
1618 1344 1673 1370 aut
1690 1337 1782 1381 quid-

1022 1397 1136 1435 }quani
1158 1391 1269 1434 prosit,
1295 1391 1354 1424 nisi
1383 1391 1464 1434 parti
1486 1391 1570 1423 infra
1595 1396 1722 1435 tempus
1742 1392 1782 1425 ad

1040 1445 1274 1478 nominandum
1295 1445 1343 1477 vel
1369 1444 1627 1477 transferendum
1653 1444 1781 1478 intime-

1041 1505 1102 1538 tur,
1116 1504 1144 1531 et
1158 1508 1215 1541 per
1229 1498 1402 1538 notarium,
1416 1504 1448 1531 ut
1468 1509 1576 1542 supra,
1596 1499 1778 1532 adnotetur.

1085 1554 1101 1594 ξ
1123 1551 1174 1584 15.
1199 1551 1282 1584 Nulli
1304 1562 1380 1593 ergo
1398 1552 1531 1584 omnino
1552 1551 1721 1584 hominum
1738 1552 1779 1584 li-

1041 1611 1110 1638 ceat
1135 1605 1215 1637 hanc
1232 1605 1383 1648 paginam
1410 1610 1537 1637 nostrae
1558 1605 1779 1645 absolutionis,

1041 1657 1297 1697 concessionum,
1331 1657 1569 1699 assignationis,
1601 1658 1782 1702 deputatio-

1023 1712 1100 1751 :nis,
1124 1710 1369 1750 substitutionis,
1390 1710 1639 1752 subrogationis,
1664 1721 1782 1754 appro-

1023 1760 1196 1803 ⁵l›ationis,
1235 1763 1513 1803 confirmationis,
1546 1763 1779 1804 innovationis,

1042 1817 1247 1855 extensionis,
1280 1817 1508 1860 ampliationis,
1542 1817 1780 1860 impartitionis,

1042 1871 1269 1914 obligationis,
1300 1871 1517 1915 hypothecae,
1562 1870 1780 1911 remissionis,

1042 1924 1305 1965 condonationis,
1331 1924 1589 1969 commissionis,
1617 1923 1783 1957 inhibitio-

1043 1980 1100 2019 nis,
1117 1979 1328 2017 induhorum,
1344 1978 1559 2016 decretorum,
1576 1983 1780 2018 statutorum,

1043 2031 1217 2076 praecepti,
1246 2031 1484 2070 mandatorum,
1517 2030 1780 2070 ordinationum,

1042 2086 1254 2124 voluntatum,
1276 2083 1495 2126 derogationis
1512 2089 1543 2116 et
1558 2084 1784 2118 declarationis

1044 2139 1239 2181 infringere,
1264 2137 1311 2169 vel
1337 2136 1365 2169 ei
1391 2148 1471 2169 ausu
1500 2137 1674 2170 temerario
1706 2148 1783 2171 con-

1042 2193 1150 2231 traire;
1174 2193 1199 2225 si
1221 2192 1291 2235 quis
1312 2198 1417 2225 autem
1439 2192 1500 2224 hoc
1521 2197 1677 2224 attentare
1693 2202 1785 2235 prae-

1024 2246 1234 2298 isumpserit,
1268 2245 1521 2287 indignationem
1555 2244 1785 2288 omnipotentis

1044 2299 1109 2339 Dei,
1139 2309 1175 2331 ac
1199 2298 1367 2331 beatorum
1390 2298 1472 2330 Petri
1495 2303 1525 2330 et
1546 2297 1635 2330 Pauli
1656 2303 1781 2341 aposto-

1044 2353 1147 2385 lorum
1169 2351 1242 2383 Eius
1262 2362 1295 2384 se
1317 2351 1440 2383 noverit
1460 2351 1676 2383 incursurum

1087 2405 1201 2438 Datum
1224 2405 1344 2437 Romae
1366 2404 1450 2447 apud
1472 2404 1501 2436 S.
1519 2404 1671 2444 Marcum,
1699 2415 1784 2438 anno

1026 2458 1275 2491 =lncarnationis
1296 2457 1480 2491 Dominicae
1501 2457 1672 2491 millesimo
1693 2458 1785 2502 quin-

1046 2511 1223 2554 gentesimo
1253 2510 1463 2553 nonagesimo
1488 2516 1598 2551 sexto,
1633 2511 1786 2545 kalendas

1046 2565 1183 2608 augusti,
1211 2564 1417 2609 pontificatus
1438 2564 1536 2597 nostri
1558 2574 1643 2597 anno
1663 2574 1693 2597 v.

1080 2628 1140 2655 Dat.
1158 2627 1201 2654 die
1219 2629 1234 2654 1
1253 2626 1359 2663 augusti
1377 2626 1454 2662 1590,
1472 2626 1567 2662 pontif.
1589 2635 1633 2653 an.
1651 2633 1678 2653 v.

1799 226 1845 251 An.
1865 227 1894 253 C.
1913 227 1981 254 1596

1810 553 1840 574 De
1856 553 1959 575 disdlctis.

1804 818 1981 846 Reproductioua

1812 1560 1923 1582 clausulae
1933 1566 1983 1588 poe·

1798 1588 1864 1608 uates.
