2253 3195
256 245 309 272 An.
326 243 355 272 c.
371 244 442 273 1602
488 236 554 271 844

457 407 489 435 et
507 402 677 436 Francisco
692 402 819 436 Gisbert
838 402 1051 436 familiaribus
1068 402 1197 442 nostris,

457 455 591 489 testibus
620 455 661 488 ad
692 455 871 500 praemissa
897 455 1080 500 specialiter
1105 466 1200 489 voca-

457 509 507 550 tis,
523 513 580 542 etc.

446 560 449 562 ’
534 607 536 610 y
577 562 731 607 Iosephus
750 563 926 608 Episcopus
946 563 1130 605 Oriolensis‚
1144 567 1200 597 etc.

656 617 741 650 Loco
760 617 786 660 -l-
804 616 916 660 sigini.

499 669 537 703 Et
556 669 622 713 Ego
642 670 778 704 Ioannes
797 670 938 714 Baptista
959 670 1111 713 Bervegal
1137 671 1198 704 Te-

455 721 594 755 rulensis
621 721 792 765 publicus,
822 722 861 755 de
888 722 1020 766 speciali
1051 722 1202 755 commis-

455 774 547 808 sione
567 775 694 818 collegii
715 775 910 819 scriptorum
932 775 1064 808 archivii
1084 776 1202 809 Roma-

455 838 515 861 nae
534 828 658 869 Curiae,
671 829 849 873 apostolica
862 828 1054 863 auctoritate
1076 835 1202 863 creatus

455 881 612 922 notarius,
629 882 704 916 etin
719 883 834 916 eodem
854 882 996 917 archivio
1008 882 1198 927 descriptus,

455 935 627 980 scribaque
647 936 756 970 curiae
773 935 1009 970 ecclesiasticae
1029 935 1203 970 OriOlensis

456 989 533 1033 quia
545 989 731 1034 praemissis
742 989 895 1024 omnibus
908 995 939 1023 et
949 990 1094 1032 singulis,
1110 990 1199 1029 dum,

455 1042 538 1077 sicut
557 1043 777 1088 praedicitur,
799 1043 916 1078 fierent
943 1049 975 1077 et
1005 1049 1200 1086 agerentur,

455 1107 521 1130 una
540 1108 613 1130 cum
635 1097 889 1141 praenominatis
906 1097 1040 1131 testibus
1057 1097 1200 1137 interfui,

457 1161 559 1196 eaque
579 1151 626 1185 sic
651 1150 721 1185 fieri
747 1152 812 1186 vidi
838 1158 870 1186 et
897 1152 1003 1186 audivi
1019 1180 1027 1193 ,
1048 1152 1121 1185 ideo
1151 1151 1204 1185 hic

457 1215 520 1246 me,
537 1205 577 1240 de
597 1205 749 1239 mandato
766 1205 944 1250 praefatio.
963 1205 1025 1240 mei
1046 1205 1201 1250 episcopi,

457 1259 643 1304 subscripsi,
672 1271 710 1294 ac
733 1271 842 1294 meum
867 1260 998 1294 solitum
1019 1265 1050 1293 et
1070 1270 1204 1294 consue-

458 1318 526 1347 tum
555 1314 691 1360 apposui
715 1315 843 1357 signum
870 1314 903 1348 in
927 1313 1026 1348 fidem
1057 1320 1087 1348 et
1118 1314 1204 1348 testi-

459 1366 606 1402 monium
627 1368 891 1412 praemissorum.

517 1422 519 1425 '
637 1420 721 1455 Loco
741 1422 767 1465 ’ί-
787 1421 885 1464 Signi.

503 1474 590 1508 Haec
609 1474 717 1517 igitur,
741 1475 926 1508 Beatissime
945 1475 1050 1516 Pater,
1065 1473 1205 1519 applica-

459 1527 557 1562 tionis
578 1533 609 1561 et
629 1528 799 1561 taxationis
820 1529 923 1562 forma
940 1528 988 1561 his
1008 1527 1206 1572 praeceden-

460 1581 546 1615 tibus
572 1581 656 1615 soliis
688 1581 934 1626 comprehensa,
958 1586 989 1615 et
1006 1591 1024 1615 a
1043 1581 1206 1615 licentiato

460 1634 622 1668 Feliciano
641 1635 680 1669 de
702 1635 861 1679 Figueroa
879 1641 909 1668 ct
926 1635 1046 1669 Ioanne
1066 1634 1207 1679 Baptista

460 1687 628 1722 Formerio
648 1699 721 1722 meo
742 1689 862 1722 vicario
883 1688 1026 1732 generali
1041 1687 1206 1726 designata

461 1748 492 1775 et
511 1742 682 1786 descripta,
705 1742 781 1775 mihi
803 1742 934 1786 quidem
955 1741 1052 1784 digna
1065 1741 1132 1775 visa
1145 1746 1202 1781 est,

460 1801 495 1829 ut
516 1806 534 1829 a
553 1795 725 1830 Sanctitate
756 1795 866 1829 Vestra
896 1795 997 1829 robur
1022 1801 1053 1829 et
1073 1796 1207 1839 Aposto-

461 1849 541 1884 licae
555 1849 813 1884 confirmationis
834 1849 1103 1894 approbationem
1126 1849 1207 1882 acci-

460 1903 542 1948 piat:
575 1914 648 1937 cum
681 1903 712 1936 in
745 1904 800 1937 illa
829 1903 988 1947 quidquid
1021 1903 1059 1936 ad
1091 1902 1206 1936 harum

460 1957 669 1991 ecclesiarum
691 1957 924 2001 parochialium
947 1956 1155 1990 commodum
1177 1963 1204 1991 et

460 2000 631 2044 utilitatem
653 2016 799 2054 spectare
820 2009 937 2054 possit,
962 2009 1202 2051 contineantur,

461 2070 491 2098 et
511 2063 692 2108 conscripta
712 2063 776 2096 sint
796 2074 832 2097 ea
853 2073 935 2107 quac
956 2063 1136 2096 animarum
1158 2074 1206 2096 sa-

461 2117 518 2151 luti
540 2123 571 2151 ct
591 2117 841 2151 christianorum
864 2116 1124 2150 neothcricoruni
1147 2116 1207 2149 nti-

461 2171 541 2204 litati
560 2172 755 2205 conducunt.
780 2171 861 2204 Deus
874 2171 1019 2214 optimus
1035 2170 1202 2211 maximus,

461 2225 502 2260 Te
528 2225 594 2265 diu,
611 2225 644 2258 B.
667 2225 714 2265 P„
731 2225 925 2258 incolumem
948 2230 1066 2261 servet,
1091 2223 1129 2257 ad
1152 2225 1207 2257 tiv-

462 2278 577 2312 clcsiac
597 2278 775 2312 catholicae
796 2278 986 2320 dignitatem
1009 2284 1036 2310 ct
1061 2278 1202 2311 laudeni.

462 2332 495 2365 ln
516 2342 654 2376 quorum
677 2332 774 2364 iidem
805 2337 834 2363 et
861 2330 1082 2364 testiinonium
1108 2341 1203 2374 prae-

463 2391 567 2418 sentes
591 2385 707 2418 conlici
730 2384 953 2417 mandavimus
975 2395 1070 2417 :nanu
1099 2390 1207 2418 nosti-a

463 2439 658 2483 subscriptas
673 2466 680 2479 ‚
704 2438 875 2482 sigilloque
897 2443 1026 2478 nostro,
1050 2443 1079 2471 ct
1103 2449 1207 2472 secrc-

464 2492 535 2525 tarii
568 2492 759 2536 infrascripti
786 2491 1023 2535 subscription·-
1055 2491 1203 2526 inanitas.

463 2545 577 2578 Datnin
592 2546 621 2578 in
636 2545 756 2589 oppido
778 2546 816 2579 dc
837 2545 953 2578 (Jatntet
977 2551 1104 2578 nostrae
1118 2544 1208 2579 Orio-

465 2597 560 2630 lensis
585 2598 752 2637 dicem-sis,
777 2598 828 2630 (lic
847 2608 886 2631 xv
908 2597 1047 2630 l‘ebrfflui
1074 2607 1203 2632 iinxctx.

647 2651 801 2695 losepltus
821 2651 993 2697 episcopus
1017 2651 1202 2686 Oriolcnsis.

1037 246 1224 272 BULLARmM
1247 246 1401 271 Romnum

457 306 476 328 a
491 295 658 329 Nativitate
677 295 804 329 Domini
820 304 962 336 unxerit,
975 295 1201 339 praesentibus
1215 297 1220 314 ⁸

457 348 577 382 ibidem
604 349 766 382 Ludovico
797 348 957 383 Guttierez
988 349 1198 393 presbytero,
1235 349 1396 386 Guttierez
1413 349 1616 382 secretarius.

1223 2492 1457 2551 *comi-oyciac·
1479 2497 1549 2524 orta
1581 2491 1695 2530 sucrit,
1719 2491 1824 2524 adhuc
1845 2490 1986 2534 pendeat

1992 247 2090 276 Amo.
2105 242 2176 276 11:1²7?
2195 247 2197 250 ⁴
2247 254 2253 271 υ

1278 295 1322 328 De
1340 295 1494 329 mandato
1507 296 1542 329 D.
1555 295 1619 329 mei
1632 295 1786 340 episcopi,
1798 296 1979 331 Ludovicus
2017 309 2026 314 ⁸
2128 280 2131 282 ς

1412 403 1498 436 Loco
1514 403 1540 445 ἢ·
1559 402 1674 445 Sigitli.
1942 430 1946 432 .

1280 457 1297 497 ἓ
1317 455 1348 488 4.
1362 455 1426 488 Nos
1445 461 1552 488 autem
1575 455 1615 488 ad
1635 465 1682 496 ea,
1700 465 1783 499 quae
1803 453 1980 490 catholicae

1235 509 1311 543 fidei
1329 509 1620 550 conservationem,
1633 514 1690 543 etc.
1707 509 1857 554 (Caetera
1869 511 1982 544 omnia

1235 575 1338 608 usque
1355 564 1399 597 ad
1416 564 1526 607 finem,
1546 568 1645 608 prout
1668 564 1706 597 in
1726 564 1958 608 praecedenti).

1279 617 1394 651 Datum
1415 617 1536 651 Romae
1554 618 1641 662 apud
1660 617 1833 651 &Petrum
1853 616 1912 651 sub
1926 627 1982 651 an-

1235 671 1313 704 nulo
1343 671 1534 713 piscatoris,
1567 671 1618 705 die
1648 681 1745 705 xxvnt
1771 671 1846 705 maii
1871 680 1978 713 uncti,

1236 724 1443 769 pontificatus
1463 725 1565 759 nostri
1586 735 1670 758 anno
1690 735 1734 759 xi.

1272 787 1330 815 Dat.
1349 788 1393 816 die
1407 789 1442 817 ⁶28
1461 789 1524 816 maii
1545 788 1624 824 1602,
1640 788 1737 825 pontif.
1754 797 1800 817 an.
1811 796 1848 816 xt.

1547 984 1666 1020 CCXCI.

1236 1076 1393 1129 Episcopo
1413 1088 1442 1117 et
1459 1082 1611 1127 capituto
1634 1083 1880 1116 Lucanensibus
1903 1092 1984 1117 con-

1282 1146 1409 1180 ceditur
1419 1146 1562 1190 facultas
1575 1147 1686 1179 omm'a
1699 1149 1728 1179 et
1739 1145 1885 1190 siuqula,
1901 1155 1985 1191 quae

1282 1210 1325 1243 acl
1345 1209 1497 1243 divinum
1517 1209 1642 1243 cultum
1661 1210 1699 1242 in
1722 1208 1834 1242 eadem
1853 1208 1986 1243 ecclesia

1279 1273 1466 1318 pertinent,
1493 1271 1679 1312 statuendi,
1707 1275 1736 1304 et
1768 1270 1985 1305 inobedientes

1284 1335 1573 1368 distributionibus
1590 1333 1795 1378 quotidianis
1814 1344 1852 1366 ac
1870 1333 1986 1377 fructi-

1284 1397 1340 1431 bus
1359 1407 1498 1430 suarum
1510 1396 1773 1442 capellaniarum
1790 1396 1950 1440 privandi
1960 1396 1981 1430 ¹.
2028 1404 2031 1406 ·

1239 1489 1410 1517 Venerabili
1430 1488 1517 1516 fratri
1537 1488 1678 1523 episcopo
1697 1488 1877 1523 motinensi,
1890 1491 1922 1516 et
1938 1489 1985 1517 di-

1275 1543 1364 1571 lectis
1381 1542 1452 1570 fillis
1470 1542 1605 1577 Capitale
1625 1541 1772 1570 ecclesiae
1800 1542 1985 1571 Lucauensin

1421 1600 1577 1631 Clemens
1597 1599 1692 1641 Papa
1711 1599 1804 1630 VIII.

1259 1670 1444 1699 Venerabilis
1467 1671 1560 1698 frater
1580 1673 1612 1698 et
1631 1670 1735 1698 dilecti
1755 1670 1822 1705 filii,
1839 1671 1968 1699 salutem

1355 1727 1386 1752 et
1406 1724 1603 1759 apostolicam
1623 1723 1873 1752 benedictionem.

1285 1796 1394 1840 Nuper
1413 1806 1430 1829 a
1450 1795 1544 1829 nobis
1569 1801 1761 1829 emanarunt
1781 1795 1919 1836 litterae,
1941 1800 1986 1830 te-

1241 1849 1329 1883 noris
1349 1849 1575 1893 subsequentis
1594 1848 1759 1883 videlicet:

1286 1903 1302 1944 ξ
1322 1901 1350 1935 l.
1376 1902 1422 1935 Ad
1441 1902 1581 1935 suun-am
1602 1901 1648 1935 rei
1671 1901 1873 1935 memoriam.
1891 1901 1988 1935 Decet
2018 1907 2153 1938 Remu!

2001 1939 2043 1957 ras.
2053 1933 2137 1962 quibus,

1242 1957 1422 1990 Romanum
1435 1955 1625 1989 Pontificem
1647 1955 1678 1988 in
1696 1955 1745 1989 his
1762 1954 1984 1989 auctoritatem
2002 1962 2125 2010 :3313ss
2137 1962 2146 2003 J·

1240 2020 1330 2044 suam
1353 2009 1570 2053 interponere,
1593 2019 1651 2053 per
1664 2019 1746 2053 quae
1764 2008 1862 2042 divini
1883 2008 1987 2042 cultus
2001 2008 2146 2067 ffitalgffiflf

1241 2063 1476 2097 conservationi
1489 2068 1671 2107 opportune
1679 2062 1886 2107 prospicitur.
1894 2062 1986 2104 Sane,
2001 2067 2148 2121 ῗὶῃινιῑξιῑὲιυ

1241 2128 1313 2151 cum
1346 2118 1428 2151 sieut
1459 2117 1660 2161 accepimus,
1690 2117 1772 2150 inter
1803 2116 1987 2161 capellanos
2001 2120 2084 2142 ⁵¹³⁰st

1242 2171 1401 2205 Ecclesiae
1422 2172 1585 2211 Lucanae,
1610 2170 1664 2215 qui
1693 2180 1829 2204 numero
1850 2170 1987 2214 quadra-

1242 2225 1328 2268 ginta
1350 2225 1546 2263 existunt,cx
1561 2234 1599 2257 co
1612 2224 1698 2267 quod
1713 2234 1748 2257 cx
1763 2223 1838 2267 ipsis
1857 2222 1995 2269 triginta

1242 2285 1271 2311 ct
1294 2273 1376 2311 unus
1394 2289 1410 2310 a
1429 2277 1557 2311 servitio
1579 2276 1733 2310 ccclesiae
1754 2275 1938 2321 praedictae
1955 2286 1988 2310 se

1242 2338 1408 2376 exemptos
1427 2342 1506 2371 csse,
1520 2342 1556 2364 cx
1570 2331 1714 2371 ciusdem
1735 2329 1889 2363 ccclesiae
1912 2340 1988 2364 con-

1241 2385 1428 2426 suetudine„
1453 2391 1480 2417 rt
1503 2384 1646 2429 reliquos
1667 2394 1781 2417 noveni
1809 2384 1848 2416 ad
1877 2382 1988 2417 huius-

1243 2439 1328 2471 modi
1347 2438 1512 2471 sci-vitium
1529 2438 1627 2471 tenori
1643 2437 1866 2482 praetendant,
1882 2436 1920 2470 lis
1932 2447 1988 2470 seu

1243 2544 1395 2584 indecisa,
1419 2551 1446 2577 et
1471 2544 1597 2578 interint
1621 2544 1754 2578 ccclesia
1773 2543 1935 2589 praedicta
1955 2542 1986 2576 in

1242 2598 1358 2632 divinis
1382 2608 1445 2631 non
1469 2598 1631 2632 modicum
1653 2598 1793 2642 patiatur
1813 2595 1987 2630 detrimen-

1279 2663 1287 2688 ¹
1314 2660 1348 2688 Ex
1371 2660 1479 2695 liegest.
1501 2660 1527 2687 in
1548 2659 1651 2688 Secrct.
1675 2658 1808 2687 lli-evium.
