2253 3195
11 219 70 249 stin.
88 222 115 249 it.
141 222 206 248 icoo

49 441 168 461 (ilaiixiilie.

839 223 984 246 uitfitiiffls
1006 223 1061 245 x'til
1085 223 1132 245 1¹1³.

215 270 363 310 debeant,
392 270 519 314 plenam
542 270 741 314 liberamque
773 269 974 315 facultatem}

217 323 397 356 tribuimus.

260 378 275 418 ξ
298 376 326 409 7.
359 377 572 410 Decerneiites
597 377 773 420 praeniissa
795 377 904 410 omnia
927 383 973 423 et]

215 430 350 472 singula,
366 442 401 463 ae
422 436 605 474 praesentes
619 431 752 471 litteras,
769 431 858 464 nullo
878 442 952 464 uin-

215 494 309 526 quani
327 489 470 527 tempore
485 483 594 526 (etiam
614 494 673 526 pro
688 494 725 516 eo
742 484 829 527 quod
841 494 955 516 causae
971 519 973 535 A

215 543 346 580 propter
366 548 444 580 quas
458 537 537 570 liaec
558 537 667 569 omnia
693 538 775 569 l'acta
799 542 882 576 sunt,
901 540 973 570 c0-¹

215 600 283 622 rani
309 590 394 632 dieto
427 589 559 627 vicario,
591 589 637 622 rel
666 600 871 633 quocumque
893 590 973 624 alio,

215 643 424 683 examinatae,
441 642 624 675 verificatae
643 648 671 675 et
693 643 902 686 approbatae,
920 654 956 676 ae

216 696 412 739 quicumque
433 695 588 728 interesse
609 695 763 727 babentes
788 696 826 727 ad
846 707 881 728 ea
904 692 973 728 vo-l

215 749 275 782 cati
297 759 361 781 non
382 748 522 787 suerint,
546 759 605 781 nec
627 748 747 781 eisdem
773 748 973 802 praemissis}

215 801 455 840 consenserint,
489 801 554 834 sive
587 801 664 834 alias
696 801 973 845 quibuscumque

214 855 330 898 causis)
352 855 390 888 de
411 855 628 898 subreptionis
653 855 699 888 vel
729 855 931 898 obreptionis
945 883 952 896 ,

214 914 268 941 aut
293 908 448 941 nullitatis
469 908 568 945 vitio,
593 919 646 940 seu
674 908 861 941 intentionis
891 920 952 941 iio-

213 967 315 1002 strae,
339 962 385 994 vel
414 972 621 1005 quocumque
652 961 715 994 alio
743 962 868 995 defectu
896 954 973 995 iio-l

216 1014 294 1053 tari,
329 1015 533 1058 impugnari,
567 1015 745 1055 retractarI,
774 1026 830 1048 seu
860 998 973 1074 etiam}

214 1068 369 1108 revocari,
386 1068 550 1111 suspendi,
566 1068 727 1110 restringi,
745 1068 888 1107 limitari,
902 1075 955 1102 aut
971 1080 973 1116 j

215 1122 246 1154 in
278 1122 325 1154 ius
367 1122 414 1154 vel
442 1122 693 1155 controversiam
734 1122 863 1159 vocari,
900 1132 973 1169 seu}

215 1176 253 1209 ad
287 1176 441 1209 terminos
474 1175 551 1208 iuris
576 1176 687 1209 reduci
716 1187 827 1219 posse.
852 1173 973 1220 iieqiie³

214 1229 272 1262 sub
294 1229 458 1273 quibusvis
487 1229 640 1262 similium
674 1230 722 1263 vel
751 1223 975 1271 dissimilium}

214 1283 389 1325 gratiarum
435 1283 716 1320 revocationibus,
767 1283 975 1332 suspensio-3

214 1336 323 1377 uilius,
349 1336 610 1377 liinitationibus,
641 1337 954 1377 modificationibus,

215 1389 495 1432 derogationibus,
524 1395 577 1422 aut
598 1389 667 1422 aliis
693 1389 863 1423 contrariis
889 1390 976 1437 (Πει-1

214 1442 445 1486 positionibus,
477 1443 572 1475 etiam
597 1453 655 1486 per
685 1453 743 1475 nos
769 1449 798 1476 et
827 1453 976 1476 succes-¹

215 1506 302 1529 sores
341 1501 468 1528 nostros
502 1497 664 1530 Romanos
693 1496 865 1529 Pontifices
900 1506 977 1540 pro¹

217 1555 362 1592 tempore
388 1548 569 1589 existentesy
601 1561 638 1582 ae
658 1549 773 1583 Sedeni
796 1549 956 1589 eamdem,
976 1549 978 1590 ᾗ

215 1602 273 1634 sub
299 1601 561 1645 quibuscumque
593 1602 765 1635 verborum
792 1602 905 1635 formis
931 1608 978 1655 ets

217 1655 499 1699 expressionibus,
524 1667 559 1688 ac
587 1667 659 1688 euin
682 1656 846 1699 quibusvis
867 1657 956 1689 elau-
976 1659 978 1671 ³

216 1708 292 1742 sulis
314 1714 345 1742 et
365 1709 502 1742 decretis
523 1720 582 1753 pro
613 1715 758 1753 tempore
780 1711 978 1754 quomodo-⁴

216 1762 294 1796 libet
323 1763 413 1795 saetis
441 1763 673 1806 comprehendi
705 1764 751 1796 vel
784 1765 956 1805 confundi,

216 1816 272 1848 sed
292 1827 420 1859 semper
440 1817 479 1849 ab
498 1817 560 1850 illis
570 1817 683 1860 excipi,
702 1823 729 1850 et
749 1818 874 1861 quoties
888 1819 961 1852 illae

218 1869 433 1907 emanabant,
468 1869 560 1903 toties
589 1869 620 1902 in
642 1870 812 1913 pristinum
833 1877 862 1904 et
883 1872 959 1904 vali-

218 1922 386 1955 dissimum
416 1928 532 1956 statum
557 1923 729 1964 restitutas,
756 1924 912 1967 repositas
930 1931 961 1958 et

216 1975 360 2020 plenarie
382 1976 592 2019 reintegratus
607 2004 614 2018 ,
643 1988 677 2010 ac
700 1978 738 2010 de
760 1988 842 2011 novo
864 1978 959 2011 etiam

219 2030 277 2062 sub
299 2029 470 2073 posteriori
503 2031 576 2063 data
596 2041 653 2074 per
675 2036 845 2072 rectorem,
867 2040 978 2072 eece-5

219 2092 346 2121 nomos,
370 2083 551 2124 magistros,
575 2090 813 2128 praeceptores,
836 2080 978 2118 schola:

218 2147 267 2169 res
289 2142 317 2169 et
340 2136 419 2169 alios
445 2136 608 2169 ministros
636 2137 763 2180 collegii
784 2149 842 2181 pei·
862 2149 957 2181 prae-

217 2195 322 2222 sentes
340 2189 438 2222 erecti
452 2190 638 2223 huiusmodi
658 2200 716 2234 pro
739 2196 884 2234 tempore
898 2191 962 2223 exi-

218 2248 355 2281 stentes,
383 2243 658 2287 quandocumque
684 2244 844 2284 eligenda,
879 2255 958 2277 con-

219 2307 321 2329 cessas
346 2308 413 2329 esse
435 2302 463 2329 et
486 2298 564 2337 l'ore,
591 2308 730 2340 suosque
752 2297 913 2340 plenarios
933 2303 962 2330 et

220 2348 359 2390 integros
391 2349 522 2382 ell'eetus
549 2349 654 2382 soi·tii·i
682 2356 711 2382 et
737 2350 882 2383 obtinere
908 2350 964 2382 de-

219 2403 306 2439 bere,
332 2413 389 2435 iiec
420 2413 616 2446 quemquam
652 2404 691 2435 ad
719 2404 846 2436 easdem
870 2415 963 2446 prae-

218 2461 323 2488 ¹sentes
345 2455 376 2487 in
394 2456 526 2488 Cainera
546 2455 711 2499 praedicta
737 2456 821 2488 iuxta
843 2457 962 2489 consti-

221 2508 377 2541 tutionem
408 2508 479 2552 piae
507 2508 683 2541 memoriae
712 2509 758 2541 Pii
780 2510 883 2553 Papae
912 2509 959 2547 iv,

220 2562 315 2595 etiaiu
338 2562 594 2605 praedecessoris
615 2562 727 2602 nostri,
745 2562 884 2606 desuper
897 2562 964 2595 edi-

221 2621 295 2655 tam,
321 2620 374 2648 aut
405 2615 482 2648 alias
504 2616 777 2659 quandocumque
808 2626 960 2659 praesen-

1636 208 1699 240 sulti

992 270 1143 309 tandum,
1183 268 1409 301 insinuandum
1439 273 1467 300 et
1495 265 1657 309 registrari
1688 266 1731 298 sa-

972 322 1139 365 ¹ciendum
1175 320 1293 357 teneri,
1324 331 1427 364 neque
1464 325 1636 363 propterea
1662 318 1731 350 illas

990 375 1096 408 irritas
1121 386 1208 415 esse,
1240 375 1296 407 sed
1332 374 1465 407 omnino
1499 373 1613 410 valere,
1643 383 1677 404 ae
1706 371 1731 404 si

990 428 1175 461 constitutio
1214 427 1390 472 praedicta,
1421 432 1448 459 et
1481 426 1542 459 alia
1572 424 1732 458 contraria

990 482 1123 515 minime
1152 486 1365 515 emanassent.
1399 479 1514 523 Sicque
1542 490 1599 523 per
1629 489 1728 522 quos-

990 546 1129 578 cumque
1162 534 1294 571 iudices,
1320 533 1413 567 etiam
1442 531 1731 575 caiisaruiiipalatii

990 587 1154 630 apostolici
1173 587 1348 627 auditores,
1372 597 1408 619 ac
1433 586 1577 619 eiusdem
1596 585 1626 618 S.
1640 585 1675 617 u.
1695 585 1727 617 E.

990 640 1179 677 cardinales,
1201 639 1326 672 sublata
1350 639 1394 672 eis
1415 644 1446 671 et
1467 649 1579 671 eorum
1603 637 1733 670 cuilibet

990 693 1099 736 quavis
1135 693 1227 725 aliter
1253 692 1416 725 iudicandi
1449 697 1479 724 et
1499 690 1731 735 interpretamli

991 747 1139 779 t'acultate
1161 751 1188 778 et
1209 745 1410 786 auctoritate,
1435 744 1570 778 iudicari
1593 750 1619 777 et
1653 744 1732 777 deli-

990 800 1051 832 iiiri
1073 800 1207 840 debere,
1237 799 1361 831 irritum
1384 809 1514 842 quoque
1542 803 1570 830 et
1594 797 1688 830 inane
1709 797 1733 829 si

989 864 1080 886 secus
1108 864 1204 896 super
1229 852 1278 885 liis
1307 864 1323 885 a
1345 862 1521 895 quoquam,
1546 851 1655 894 quavis
1676 861 1733 883 au-

972 907 1147 952 kctoritatey
1171 906 1308 940 scienter
1329 906 1375 938 rel
1399 905 1597 948 ignoranter,
1622 903 1728 937 conti-

990 961 1072 1004 gerit
1092 959 1252 993 attentari.

1034 1014 1087 1057 38,
1109 1014 1265 1053 Quocirca
1280 1013 1403 1046 dilectis
1417 1013 1664 1045 liliiscausaruin
1681 1023 1732 1044 cu*

990 1068 1054 1101 riae
1069 1068 1171 1100 dictae
1191 1067 1342 1100 Gamerae
1363 1066 1503 1108 generali
1525 1065 1674 1103 auditori,
1698 1076 1734 1097 ae

990 1121 1218 1167 archidiacono
1236 1120 1388 1153 ecclesiae
1404 1119 1585 1160 Mileteiisis,
1598 1130 1634 1152 ae
1652 1118 1734 1151 vica-

991 1175 1038 1207 rio
1054 1174 1244 1207 venerabilis
1257 1173 1361 1205 fratris
1377 1173 1474 1205 nostri
1487 1172 1634 1216 Episcopi
1648 1172 1734 1205 Mile-

991 1228 1099 1267 tensis‚
1113 1227 1143 1260 in
1154 1227 1374 1270 spiritualibus
1383 1226 1535 1269 generali,
1546 1232 1736 1270 peraposto-

992 1282 1050 1314 lica
1073 1281 1191 1325 scripta
1207 1281 1414 1319 mandamus,
1432 1287 1590 1324 quatenns
1611 1281 1669 1324 ipsi
1689 1282 1735 1314 vel

973 1335 1067 1376 ]duo‚
1092 1340 1146 1368 aut
1166 1346 1248 1367 uinis
1270 1345 1382 1367 eorum
1405 1345 1463 1378 per
1483 1345 1536 1374 se,
1561 1335 1607 1367 rel
1637 1334 1737 1367 aliurn

992 1400 1047 1422 seu
1066 1388 1169 1428 alios,
1201 1394 1385 1431 praesentes
1414 1388 1534 1421 litteras
1567 1393 1598 1421 et
1632 1387 1664 1420 in
1693 1388 1738 1421 eis

993 1447 1143 1475 contenta
1157 1452 1392 1484 quaecumque,
1409 1441 1461 1473 ubi
1473 1446 1503 1473 et
1513 1441 1642 1484 quando
1658 1451 1738 1484 opus

994 1495 1107 1532 suerit,
1132 1505 1168 1527 ac
1190 1494 1314 1538 quoties
1335 1504 1393 1538 pro
1415 1499 1505 1538 parte
1530 1494 1735 1538 protectoris,

994 1548 1138 1588 rectoris,
1156 1557 1424 1586 oeconomorum,
1442 1547 1649 1587 scholarium,
1665 1558 1735 1580 nia-

994 1602 1181 1644 gistrorum,
1206 1606 1467 1644 praeceptorum,
1491 1600 1689 1641 officialium,
1710 1607 1737 1634 et

995 1654 1216 1687 ministrorum
1240 1654 1367 1696 collegii
1388 1664 1446 1697 per
1459 1659 1645 1697 praesentes
1666 1665 1737 1688 ere-

995 1708 1035 1741 cti
1057 1707 1241 1741 huiusmodi
1262 1719 1320 1751 pro
1354 1713 1500 1751 tempore
1522 1707 1736 1745 existentium,

994 1773 1052 1795 seu
1078 1762 1214 1795 alieuius
1235 1772 1347 1795 eornm
1370 1761 1487 1794 suerint
1509 1761 1666 1805 requisiti.
1690 1772 1741 1794 so-

977 1815 1145 1848 'lemniter
1176 1815 1397 1859 publicantes,
1434 1815 1543 1858 eisque
1575 1814 1606 1847 in
1639 1825 1737 1858 prae—

997 1869 1101 1902 missis
1122 1868 1260 1902 essieaeis
1283 1868 1477 1901 defensionis
1510 1867 1627 1900 auxilio
1658 1867 1738 1901 assi-

995 1928 1130 1961 stentes,
1161 1922 1275 1955 saciant
1295 1921 1484 1954 auctoritate
1510 1928 1619 1954 nostra
1641 1932 1738 1965 prae-

995 1982 1099 2009 sentes
1126 1981 1153 2008 et
1185 1976 1215 2008 in
1246 1975 1291 2008 cis
1313 1980 1461 2007 contenta
1490 1974 1676 2008 luiiusniodi
1701 1975 1740 2007 ab

995 2029 1156 2069 omuibus,
1175 2029 1214 2062 ad
1232 2039 1312 2072 quos
1330 2033 1451 2071 spectat
1469 2034 1498 2061 et
1519 2038 1577 2071 pro
1597 2033 1741 2071 tempore

995 2083 1167 2127 spectabit„
1207 2083 1346 2115 tirmiter
1374 2081 1548 2115 observari.
1591 2082 1742 2124 Ipsosque

977 2135 979 2141 '
996 2142 1224 2180 protectorem,
1244 2141 1413 2173 t'(¹i“l()l't.'ltl,
1431 2135 1742 2173 oecononiosfficlio-

996 2191 1089 2230 lares,
1114 2196 1352 2233 praeceptores,
1378 2188 1564 2230 magistros,
1589 2188 1742 2221 officiales

996 2250 1024 2277 et
1047 2243 1212 2276 ministros
1233 2243 1294 2276 illis
1309 2243 1439 2287 pacitice
1459 2242 1519 2274 frui
1538 2248 1567 2274 et
1587 2243 1738 2284 gaudere,

996 2306 1060 2328 non
1082 2296 1304 2339 permittentes
1325 2296 1407 2333 illos,
1432 2295 1476 2328 iel
1499 2305 1611 2328 eorum
1630 2306 1742 2338 queni-

997 2347 1650 2392 piamdesuperquomodolibetindebite
1670 2358 1740 2381 iiio-

998 2401 1379 2435 lestari.Contraulictores
1391 2401 1551 2444 quoslibet
1564 2406 1593 2433 et
1606 2401 1742 2434 rebelles·

997 2467 1054 2499 per
1075 2455 1261 2492 sententias,
1282 2466 1434 2489 censuras
1448 2461 1475 2487 et
1500 2466 1620 2498 poenas
1640 2456 1742 2488 eccle-

997 2509 1150 2549 siasticas,
1174 2508 1300 2552 aliaque
1319 2514 1501 2552 opportuna
1523 2508 1599 2541 iuris
1625 2514 1653 2541 et
1670 2508 1741 2541 l'aeti

998 2562 1151 2602 remedia,
1169 2562 1386 2606 appellatione
1408 2561 1595 2605 postposita,
1613 2572 1743 2606 compe-

998 2616 1137 2655 scendO,
1162 2627 1198 2649 ae
1219 2615 1369 2657 legitimis
1389 2627 1486 2659 super
1507 2615 1567 2648 lioc
1587 2615 1743 2649 liabendis

1747 217 1794 242 An.
1816 217 1843 244 C.
1863 216 1930 243 iooo

1763 1018 1876 1044 tiopuiaiiu
1888 1024 1935 1039 exe-

1750 1048 1861 1074 qiiiitoruin
1872 1045 1935 1074 lii-iius

1750 1074 1914 1093 constitutionis.
