2253 3195
276 219 326 245 An.
347 219 375 246 c.
395 219 463 247 ¹594
508 209 572 243 130

272 1715 322 1732 ιιιιιι
334 1713 389 1731 *lh-m
405 1712 457 1731 futu·

273 1745 308 1758 ’.Ἂν
339 1741 416 1757 dutum!
438 1746 456 1757 ll*

273 1772 292 1785 ΙΙΙ
311 1765 363 1784 Ubi·
380 1771 417 1789 pru
432 1772 456 1783 ru

272 1792 409 1812 mmmmm.

474 322 642 361 fruuntur,
667 321 802 363 gloriam
823 321 1052 364 perducantur.
1089 319 1221 353 Summa

475 375 613 417 deniqne
644 373 862 417 responsionis
890 379 999 406 nostra
1034 373 1113 406 haec
1144 372 1216 405 fuit:

474 428 567 460 nobis
587 427 717 471 quidem
745 437 814 459 esse
835 426 1045 460 constitutum
1072 426 1220 468 gravissi-

475 492 544 513 mae
572 480 654 513 illius
682 480 829 523 petitioni
858 490 923 512 non
948 480 1075 520 deesse,
1106 490 1220 512 causae

475 541 580 566 tamen
609 533 862 576 magnitudinem
889 533 1016 566 obstare
1048 533 1221 577 quominus

474 587 517 629 (in
543 597 668 619 summa
690 587 788 630 ipsius
815 587 974 630 totiusque
999 587 1046 619 sui
1067 587 1220 620 roloniae

474 640 564 681 regni
584 639 764 681 voluntate)
788 650 839 673 res
863 640 930 683 ipsa
957 651 974 672 a
995 640 1087 673 nobis
1115 640 1220 673 adhuc

474 692 628 735 praestari
650 692 761 735 possit,
784 698 816 725 ut
848 693 965 736 quibus
990 694 1102 726 eadem
1125 693 1164 726 de
1186 704 1219 725 re.

475 757 547 778 eum
570 746 806 779 venerabilibus
827 747 979 780 fratribus
1004 747 1121 780 nostris
1141 747 1220 780 San-

462 805 543 846 ·ctae
563 800 726 832 Romanae
757 799 916 833 Ecclesiae
945 800 1162 834 cardinalibus
1190 806 1216 833 et

475 853 610 885 cacteris
631 853 791 897 episeopis
817 853 989 896 diligenter
1015 854 1218 887 tractandum

475 912 566 939 esset.
591 906 748 945 Quocirca
760 908 891 940 eosdem
914 907 1095 940 cardinales
1109 913 1139 940 et
1153 907 1219 951 epi-

474 970 598 1003 scopos,
621 960 715 992 etiam
734 967 829 1004 atque
847 961 955 1001 etiam,
973 961 1168 998 monuimus,
1186 967 1219 994 nt

474 1023 538 1045 non
559 1013 664 1045 solum
683 1023 906 1057 quaecumque
921 1013 979 1046 hac
992 1014 1059 1057 ipsa
1078 1014 1108 1046 in
1124 1024 1219 1047 causa

475 1073 689 1107 versarentur,
713 1067 802 1099 omni
827 1067 934 1100 studio
958 1067 1114 1105 adhibito,
1147 1078 1219 1101 exa-

475 1120 644 1160 minarent‘,
668 1131 778 1153 verum
792 1120 900 1159 etiam,
918 1121 1097 1153 coniunctis
1115 1121 1218 1164 preci-

474 1173 543 1213 bus,
576 1174 675 1206 Deum
707 1174 958 1217 deprecarentur
995 1180 1027 1206 ut
1059 1174 1218 1207 mentibus

474 1226 592 1259 nostris
617 1227 720 1259 lucem
751 1228 927 1270 praeferret
955 1227 1062 1266 adea
1087 1228 1216 1261 demum

475 1280 609 1320 agenda,
628 1280 744 1323 quibus
765 1280 890 1313 divinae
905 1280 990 1313 illius
1010 1281 1130 1323 gloriae
1144 1292 1215 1314 am·

475 1334 610 1377 plitudo,
628 1340 658 1368 et
680 1335 776 1368 totius
797 1334 955 1368 Ecclesiae
975 1334 1095 1368 utilitas
1115 1346 1215 1378 auge-

476 1394 575 1420 retur.

521 1442 536 1481 ξ
562 1440 613 1473 20.
642 1441 733 1474 Hisce
768 1441 884 1473 deinde
920 1441 1069 1484 perfectis
1099 1442 1214 1481 rebus,

414 1505 458 1544 Ἤ
475 1495 698 1528 consistorium
719 1501 876 1528 secretum
898 1501 1007 1528 torsus
1032 1495 1215 1535 indiximus,

475 1548 505 1580 in
527 1559 591 1591 quo
609 1548 704 1581 etiam
727 1547 939 1592 patriarchae,
960 1548 1215 1592 archicpiscopi,

474 1601 626 1645 episcopi,
651 1601 704 1645 qni
727 1607 800 1633 tunc
822 1601 852 1633 in
874 1601 957 1634 Urbe
975 1608 1077 1641 erant,
1103 1613 1139 1635 ac
1160 1613 1219 1636 no-

281 1640 305 1678 ¹=
343 1639 451 1678 'imni-¹¹¹1
473 1654 527 1686 stri
549 1660 577 1687 et
599 1654 688 1687 Sedis
715 1654 916 1698 Apostolicac
943 1655 1057 1687 notarii
1084 1661 1113 1687 et
1138 1656 1219 1689 sacri

473 1707 580 1751 palatii
609 1708 771 1740 auditores
799 1708 950 1741 mandato
983 1715 1091 1741 nostro
1117 1710 1218 1742 vocati

472 1761 653 1793 adfuerunt.
684 1761 771 1793 Tunc
792 1761 888 1802 igitur
911 1771 968 1794 nos
989 1772 1047 1805 pro
1068 1768 1177 1795 nostra
1190 1769 1217 1795 et

472 1814 605 1847 Sanctae
627 1814 720 1847 buius
737 1814 838 1852 Sedis,
864 1814 893 1846 in
916 1825 979 1858 qua
999 1825 1016 1847 a
1036 1815 1100 1848 Deo
1121 1816 1220 1849 collo-

472 1867 532 1900 cati
547 1878 668 1905 sumus,
686 1868 874 1901 auctoritate
889 1873 919 1900 et
932 1874 1101 1912 potestate,
1119 1874 1147 1902 ct
1161 1880 1219 1913 pro

472 1920 624 1960 singulari
645 1920 782 1964 Spiritus
803 1921 908 1954 Sam-ti
932 1921 961 1953 in
988 1922 1135 1955 eamdem
1165 1923 1218 1956 Se-

473 1974 544 2006 d‹·m
567 1976 663 2017 (quae
685 1974 783 2017 ipsius
806 1974 961 2006 infallibili
983 1975 1138 2018 sapientia
1159 1987 1217 2018 gu-

473 2027 639 2068 bernatur)
660 2027 832 2071 praesidio,
853 2038 889 2060 ea
910 2027 1058 2066 diximus,
1075 2040 1156 2072 quae
1178 2030 1216 2062 ad

473 2091 539 2112 reni
562 2081 772 2124 propositam,
796 2087 893 2124 atque
913 2082 952 2113 ad
981 2081 1065 2114 illins
1088 2088 1215 2126 tempo—

473 2133 514 2165 ris
535 2134 691 2167 rationem
714 2134 744 2166 in
766 2134 877 2178 primis
895 2136 1137 2168 accommodata
1149 2147 1216 2169 csse

472 2187 671 2220 videbantur.
697 2188 864 2220 Postremo
889 2199 961 2221 cuni
994 2188 1114 2221 eisdem
1147 2200 1216 2222 rar-

472 2241 630 2274 ‹linalibus
658 2242 856 2286 eateterisqne
885 2243 1043 2287 episi-opis
1069 2243 1213 2283 eatinus,

472 2301 502 2327 ut
527 2296 667 2338 praecise
687 2297 931 2340 responderent,
955 2302 1061 2329 utrum
1088 2309 1123 2330 cx
1145 2309 1217 2341 pro-

471 2360 572 2386 cessu,
593 2355 620 2380 et
641 2360 675 2381 ex
698 2350 793 2382 rebus
811 2349 841 2382 in
860 2360 898 2382 eo
919 2350 1161 2394 comprclwnsis
1179 2362 1216 2384 ae

472 2402 624 2444 probatis,
636 2402 745 2434 beatus
763 2403 959 2446 llyacintlms
977 2403 1217 2436 canoni-candus

472 2454 642 2488 videri-tur.
660 2457 701 2489 :lc
723 2456 863 2499 primum
886 2457 1015 2500 quidem
1037 2457 1132 2490 iidem
1148 2468 1217 2490 car-

472 2507 604 2546 ‹limita-s,
619 2508 838 2541 ‹li-indeetiam
850 2509 1060 2553 patriarchae,
1076 2521 1111 2543 ac
1125 2510 1216 2542 dein-

472 2572 546 2604 ceps
557 2561 788 2605 archiepiscopi
803 2569 828 2595 et
844 2563 997 2606 episcopi,
1011 2574 1068 2596 suo
1083 2563 1218 2606 quisque

472 2615 595 2654 ordine,
608 2615 821 2647 concordibus
834 2616 1010 2656 sententiis,
1025 2621 1217 2650 censuerunt

1060 218 1246 243 numanum
1265 218 1420 242 Romnum

477 268 617 312 peditius
634 268 674 301 ad
700 268 883 307 coelestem,
908 277 971 310 qua
985 266 1044 310 ipsi
1064 267 1128 298 iam
1146 277 1220 310 per·
1253 267 1286 299 Β.
1310 266 1524 311 Hyacinthum
1549 277 1586 299 ex
1616 259 1732 308 relius,
1756 267 1874 310 quibus
1893 267 1999 300 omnis

1254 319 1338 353 illius
1367 320 1449 353 vitae
1481 331 1650 364 processus
1682 326 1825 362 constat,
1857 331 1875 354 a
1905 321 1998 355 nobis

1254 373 1376 416 optimo
1396 373 1466 406 iure
1485 373 1678 406 Sanctorum
1696 383 1833 407 numero
1854 384 1922 407 esse
1943 374 1998 407 ad-

1252 426 1470 460 scribendum.
1493 427 1603 470 Itaque
1624 427 1710 470 quod
1735 437 1837 459 unum
1857 427 1921 460 iam
1941 438 1995 460 re-

1253 480 1356 513 stabat
1368 481 1408 514 de
1430 481 1547 514 talibus
1563 486 1692 524 tamque
1711 480 1795 514 inter
1813 491 1847 514 se
1865 491 2000 515 eonsen-

1254 533 1405 566 tientibus
1418 534 1589 576 suffragiis,
1603 534 1668 567 Deo
1678 534 1840 567 bonorum
1853 535 1997 579 omnium

1252 586 1376 620 auctori
1410 587 1528 627 gratias
1557 594 1699 629 agentes,
1727 598 1764 620 ac
1788 587 1863 621 laeti
1888 599 1998 621 rerum

1253 646 1299 673 tot
1317 641 1356 673 ab
1376 641 1451 673 hinc
1471 641 1563 674 annis
1594 648 1779 685 caeptarum
1806 642 1890 675 felici
1920 653 1996 675 suc-

1253 704 1354 734 cessu,
1369 694 1454 727 diem
1469 694 1721 728 canonizationis
1738 695 1945 738 praefiximus
1958 697 1998 730 ad

1252 757 1291 780 xv
1311 747 1464 780 kalendas
1483 748 1592 788 maias,
1617 748 1813 781 dominicam
1832 749 1998 782 scilicetin

1252 801 1350 840 Albis,
1371 811 1443 834 cum
1462 801 1616 834 nimirum
1634 802 1793 845 paschalis
1812 802 1999 836 solemnitas

1252 854 1419 887 festivitate
1437 854 1651 895 concluditur,
1676 855 1913 900 neophytorum
1935 855 1996 888 ha-

1252 906 1336 939 bitus
1355 906 1554 947 immutatur,
1567 899 1734 951 paschales
1754 908 1905 951 denique,
1917 908 1999 942 idest,

1253 959 1469 1002 indulgentiae
1498 971 1533 994 ac
1567 960 1780 999 remissionis,
1810 961 1877 994 dies
1910 962 1996 995 cele-

1252 1014 1396 1051 brantur,
1410 1020 1445 1047 ut
1462 1020 1507 1048 tot
1527 1014 1686 1058 tantisque
1700 1015 1894 1049 coelestibus
1906 1025 1999 1059 prae-

1251 1067 1339 1101 sidiis
1359 1068 1470 1107 adiuti,
1487 1068 1600 1101 melius
1613 1079 1649 1102 ac
1664 1068 1785 1102 facilius
1802 1074 1913 1103 nostro
1925 1079 1998 1102 mu-

1252 1131 1328 1154 nere
1346 1122 1566 1163 sungeremur.
2187 1162 2191 1166 .

1296 1175 1312 1216 g
1334 1173 1386 1207 21.
1412 1174 1470 1208 Ubi
1497 1175 1594 1217 igitur
1613 1175 1681 1219 ipsa
1702 1175 1865 1208 dominica
1885 1175 1917 1208 in
1937 1174 1994 1209 At-
2039 1184 2060 1205 1n
2075 1189 2118 1210 quo
2131 1176 2188 1206 0²

2011 1210 2052 1231 bus
2066 1211 2102 1231 tue
2111 1208 2173 1233 enuffi
2186 1217 2192 1224 ’·

1251 1228 1310 1269 bis,
1334 1228 1491 1261 hodierna
1507 1228 1626 1261 scilicet
1648 1229 1715 1262 dies
1739 1229 1861 1270 illuxit,
1884 1240 1943 1263 nos
1966 1236 1998 1263 et
2011 1232 2194 1290 33533533153rl

1252 1283 1348 1316 iidem
1370 1283 1560 1323 cardinales,
1577 1293 1703 1316 necnon
1717 1283 1931 1327 patriarchae,
1947 1294 1998 1317 ar-
2010 1289 2187 1338 ἰοιῖξῗὴξὲἱηέὲξ

1252 1335 1446 1380 cbiepiscopi
1468 1342 1498 1369 et
1528 1336 1681 1380 episcopi,
1703 1336 1758 1380 qui
1787 1336 1819 1369 in
1839 1337 1996 1380 capellam
2011 1350 2057 1391 ζειτζ
2085 1342 2193 1392 ⁶3¹3,

1250 1395 1392 1422 nostram
1414 1389 1613 1433 pontificiam
1637 1389 1870 1433 nobiscumque
1900 1390 1939 1423 ad
1965 1389 1997 1423 id
2011 1396 2171 1444 affinga-<51:333

1251 1448 1477 1483 convenerant,
1487 1442 1586 1476 sacris
1599 1442 1738 1476 vestibus
1750 1443 1864 1483 induti,
1877 1442 1998 1488 hymno
2012 1450 2181 1498 ‹cffifflffqurgaefflffl

1251 1496 1319 1529 Ave
1343 1496 1447 1528 Maris
1472 1496 1586 1535 Stella,
1615 1497 1654 1529 ad
1675 1495 1834 1530 honorem
1851 1496 1998 1530 beatissi-
2086 1490 2091 1497 ¹
2170 1515 2172 1518 -

1253 1560 1324 1582 mae
1350 1549 1486 1591 Virginis
1513 1549 1650 1590 Mariae,
1677 1549 1768 1583 cuius
1798 1560 1892 1594 opem
1922 1554 1998 1583 tunc

1254 1603 1390 1636 maxime
1410 1602 1621 1636 invocandam
1648 1603 1808 1643 duximus,
1833 1602 1995 1643 inchoato,

1253 1657 1433 1700 eodemque
1454 1656 1508 1689 illo
1538 1657 1577 1689 ab
1607 1656 1750 1690 eiusdem
1771 1657 1995 1714 capellae-no-

1252 1717 1336 1744 strae
1356 1710 1542 1744 cantoribus
1555 1710 1594 1742 ad
1608 1709 1705 1743 finem
1728 1720 1829 1753 usqne
1847 1709 1998 1755 deinceps

1254 1764 1432 1802 decantato,
1447 1763 1581 1807 aliisque
1593 1763 1688 1797 etiam
1706 1764 1871 1797 Romanae
1884 1763 1998 1797 Curiae

1254 1817 1402 1861 praelatis
1426 1823 1456 1850 et
1485 1817 1695 1857 officialibus,
1720 1817 1998 1862 familiaribusque

1253 1870 1369 1903 nostris
1390 1881 1453 1903 una
1475 1881 1547 1903 cum
1569 1870 1703 1903 caeteris
1723 1870 1819 1904 totius
1849 1870 1998 1904 ecetesia-

1251 1923 1319 1957 stici
1340 1923 1513 1957 saecularis
1533 1930 1562 1957 et
1584 1923 1740 1964 regularis
1765 1923 1888 1957 ordinis
1907 1922 1994 1964 viris,

1252 1977 1348 2019 longo
1369 1977 1486 2021 pioque
1507 1977 1620 2010 ordine
1636 1977 1874 2021 praceuntibus,
1884 1987 1997 2011 omnes

1252 2041 1323 2063 runt
1343 2031 1529 2064 ardentibus
1550 2030 1650 2063 cereis
1675 2031 1714 2064 ad
1734 2030 1821 2064 lllius
1841 2030 1992 2073 gloriam,

1251 2083 1305 2127 qui
1326 2094 1382 2116 sna
1404 2084 1473 2116 luce
1491 2089 1518 2116 et
1533 2083 1706 2127 splendore
1719 2084 1827 2117 coelos
1840 2083 1992 2128 complet,

1251 2149 1286 2170 ex
1309 2137 1427 2181 palatio
1449 2143 1559 2170 nostro
1581 2137 1759 2181 apostolico
1779 2147 1905 2170 summa
1922 2147 1995 2171 cum

1251 2190 1434 2224 celebritate
1448 2190 1663 2234 processimus
1676 2190 1716 2224 ad
1730 2189 1893 2223 basilicam
1905 2188 1996 2223 Prin-

1251 2243 1330 2288 cipis
1351 2244 1592 2288 Apostolorum,
1617 2249 1691 2277 tunc
1713 2253 1830 2286 magno
1851 2242 1996 2287 undique

1251 2302 1515 2330 ornamentorum
1530 2302 1684 2341 apparatu
1701 2296 1900 2338 instructam,
1915 2295 1997 2330 adeo

1251 2356 1284 2383 ut
1307 2350 1478 2391 singularis
1499 2349 1637 2383 laetitiae
1663 2349 1825 2393 specimen
1847 2349 1936 2383 omni
1960 2360 1997 2383 ex

1251 2409 1340 2447 parte
1372 2404 1591 2447 praeseferret.
1619 2404 1792 2443 Suggestus
1817 2403 1902 2436 enim
1935 2401 1996 2436 loci

1250 2456 1464 2500 amplitudine
1491 2455 1645 2497 insignis,
1675 2455 1817 2489 eiusdem
1852 2456 1935 2499 regis
1966 2461 1997 2490 et

1251 2509 1450 2543 Dominicani
1476 2508 1603 2543 Ordinis
1630 2508 1782 2553 impensis
1811 2514 1993 2549 extructus,

1253 2562 1294 2595 ibi
1325 2562 1464 2606 primum
1486 2562 1659 2601 eminebat,
1689 2561 1720 2595 in
1748 2572 1813 2606 quo
1832 2562 1931 2596 altare
1955 2562 1995 2596 ad

1251 2621 1490 2649 sacrosanctum
1513 2615 1626 2649 missac
1647 2615 1840 2649 sacrificium
1859 2614 1995 2649 solemni
