2253 3195
11 641 12 645 ,
33 622 123 644 Dubium
132 628 190 642 amr<

10 655 50 676 um
57 654 120 675 super
129 649 190 669 inti-r·

10 676 124 696 emtione
142 681 191 695 cun-

18 702 120 724 titutionis
127 703 156 723 Pii
164 702 189 722 Π

14 256 57 274 ω.
74 245 101 274 e.
129 246 194 274 150:-

829 248 976 272 CLEMENS
995 248 1051 272 Vlll
1071 249 1120 272 PP-

205 294 401 335 tuordecim,
425 295 542 339 partim
576 295 756 330 doctorales
788 307 843 330 seu
873 296 950 329 alias

204 349 363 391 graduali,
381 355 411 382 et
430 349 547 393 partim
566 350 792 389 sacerdotales,
809 361 864 383 seu
879 361 950 394 prc-

205 402 379 446 sbyterales
410 403 450 435 ad
473 403 625 447 Capituli,
659 403 774 447 reliqui
803 414 878 436 vcro
912 404 951 436 ad

204 447 436 500 archiepiscopi
450 457 688 500 praedictorum
703 457 907 490 collationem
923 462 950 488 et

206 508 428 542 omnimodam
456 509 698 553 dispositionem
728 509 949 553 pertinebant,

218 561 301 594 inter
311 562 492 606 Capitulum
510 564 755 606 praetendentes
776 563 891 595 mentis
906 563 953 595 di-

207 614 248 647 cti
283 615 329 647 Pii
354 615 391 648 IV
416 626 480 649 non
506 616 602 649 fuisse
633 616 734 649 dictos
766 626 841 649 suos
873 626 951 659 qua-

209 669 386 702 tuordecim
405 669 613 703 canonicatus
627 675 655 703 ct
670 670 881 713 praebendas,
897 670 951 713 qni

208 721 270 754 iam
298 723 506 763 doctoribus,
534 734 589 756 seu
618 724 695 756 alias
727 723 891 766 gradualis
923 730 951 756 et

205 775 420 820 presbyteris,
448 787 504 809 seu
535 777 757 810 sacerdotibus
786 777 951 810 mediatim

205 828 310 862 affecti
342 835 454 869 erant,
476 830 507 862 in
539 841 676 864 numero
702 831 814 864 decem
846 831 951 874 primo

205 888 431 916 vacaturorum
445 883 642 923 huiusmodi,
658 885 947 928 comprehendere,

209 941 240 968 et
259 936 556 981 archiepiscopum,
580 937 656 981 qui,
680 937 805 970 ratione
833 944 864 971 et
889 949 948 971 ne-

205 989 350 1023 cessitate
379 996 581 1034 temporum,
603 997 637 1024 ut
663 991 723 1024 sibi
751 992 790 1024 de
825 991 951 1024 adinto-

204 1043 253 1076 rio
274 1054 371 1087 quam
393 1045 536 1088 primum
563 1045 798 1089 provideretur,
826 1046 952 1088 exigere

205 1098 443 1140 contendebat,
485 1099 683 1132 contrarium
730 1105 948 1139 asserentem,

205 1152 401 1195 quaestionis
430 1153 564 1186 materia
600 1153 732 1186 suborta
767 1158 866 1194 esset,
896 1164 952 1186 seu

204 1205 345 1238 suboriri
372 1206 622 1248 formidaretur,
653 1207 844 1240 recolendae
878 1203 949 1240 me-

204 1259 328 1292 moriae
347 1259 422 1293 Pius
441 1259 583 1303 PapaV,
604 1261 833 1304 praedecessor
856 1260 950 1293 etiam

205 1317 325 1353 noster,
349 1318 438 1346 motu
468 1313 600 1357 proprio
628 1314 820 1347 decrevisset
841 1320 872 1347 et
891 1315 949 1347 de-

206 1365 376 1407 clarasset,
416 1367 582 1413 decretum
620 1373 651 1400 et
688 1373 841 1401 statutum
876 1367 952 1401 dicti

205 1419 252 1453 Pii
272 1419 322 1461 lv,
343 1420 476 1467 eiusque
496 1421 617 1454 litteras
635 1422 774 1465 desuper
793 1422 953 1455 confectas

207 1484 226 1506 a
245 1473 297 1507 die
325 1474 570 1516 insinuationis,
592 1486 648 1508 seu
670 1475 881 1509 intimationis
899 1487 952 1510 ea-

207 1537 278 1560 rum
305 1527 398 1561 dictis
423 1528 666 1572 archiepiscopo
687 1534 716 1561 et
737 1529 881 1573 Capitulo
902 1530 950 1563 fa-

208 1587 299 1622 ctae,
324 1581 367 1615 ita
397 1582 505 1615 locum
531 1582 651 1616 habere
673 1588 707 1616 ut
731 1583 874 1627 quinque
895 1595 950 1617 ca-

208 1635 377 1668 nonicatus
394 1641 423 1668 et
445 1636 660 1679 praebendae,
675 1636 729 1680 qui
747 1642 818 1680 post
837 1636 953 1670 indulti

208 1689 343 1732 praefati
363 1689 509 1723 notitiam
531 1701 589 1734 per
609 1701 663 1724 eos
683 1691 838 1731 habitam,
863 1702 953 1725 vaea-

207 1743 320 1784 verint,
345 1749 375 1776 et
395 1743 472 1776 alias
492 1744 532 1776 ad
553 1744 758 1777 collationem
780 1744 879 1788 ipsius
904 1756 954 1778 ar-

208 1796 404 1840 chiepiscopi
424 1797 630 1840 spectabant,
659 1797 717 1830 sub
748 1798 862 1830 eodem
889 1803 953 1831 sta-

208 1854 276 1883 tuto
303 1851 676 1894 comprehenderentur3
706 1862 770 1894 quo
806 1862 881 1885 vero
913 1852 952 1884 ad

207 1902 349 1947 reliquos
376 1903 539 1947 quinque,
563 1904 618 1948 qui
640 1904 679 1937 ad
701 1915 859 1937 summam
891 1905 950 1938 de-

207 1967 277 1989 cem
297 1956 544 1990 canonicatuum
571 1963 601 1990 et
621 1958 881 2002 praebendarum
903 1960 950 1990 sa-

208 2010 354 2044 ciendam
377 2011 527 2051 deerunt,
553 2016 620 2044 trex
651 2022 687 2044 ex
717 2011 953 2055 pertinentibus

208 2064 249 2098 ad
269 2064 374 2108 ipsum
396 2065 687 2109 archiepiscopum,
704 2076 740 2098 ac
758 2066 874 2110 reliqui
889 2066 952 2100 duo

208 2129 245 2151 ex
265 2119 483 2163 spectantibus
494 2119 535 2152 ad
553 2119 675 2152 dictum
693 2119 887 2163 Capitulum,
905 2131 953 2153 sa-

209 2172 425 2206 cerdotalibus
450 2178 589 2213 tantum,
613 2183 694 2216 quos
714 2173 820 2217 primo
841 2173 953 2217 quovis

210 2225 306 2259 modo
334 2236 446 2259 vacare
477 2225 676 2268 contigeret,
700 2226 899 2270 computari,
924 2232 955 2259 et

209 2290 267 2324 per
278 2281 408 2314 eosdem
422 2280 701 2324 archiepiscopum
716 2286 746 2313 et
758 2280 950 2324 Capitulum,

209 2333 314 2377 prima
337 2333 406 2367 vice
438 2339 468 2367 et
499 2333 685 2367 successivis
715 2333 950 2374 vacationibus,

210 2386 305 2420 etiam
316 2397 375 2431 per
389 2387 468 2421 alios
482 2387 654 2420 canoniros
667 2387 851 2430 graduat0s‚
869 2387 954 2420 iuxta

210 2440 286 2474 dicti
306 2441 352 2475 Pii
372 2441 411 2475 lv
438 2442 705 2486 dispositionem,
729 2441 896 2486 personis,
920 2447 955 2474 ut

209 2494 392 2538 praefertur
407 2522 414 2535 ‚
435 2495 626 2539 qualificatis
654 2494 857 2533 conserendi,
881 2505 953 2538 pcr-

210 2552 306 2590 petuo
332 2547 435 2581 affecti
460 2559 628 2582 remanere
661 2549 835 2589 deberent,
857 2554 953 2592 prout

210 2601 307 2635 etiam
327 2602 359 2635 in
379 2602 522 2636 eiusdem
551 2602 597 2636 Pii
627 2603 650 2635 V
679 2602 792 2635 litteris
816 2602 954 2646 desuper

211 2655 375 2701 expeditis,
399 2657 524 2701 plenius
545 2657 736 2691 continetur,

1634 238 1690 270 «tut

1031 298 1046 338 ξ
1061 295 1091 329 .3.
1109 296 1143 329 Et
1158 296 1375 340 postmodum,
1391 296 1575 330 huiusmodi
1586 297 1729 329 declara-

988 350 1072 383 tione
1094 350 1184 383 dictis
1209 350 1415 394 praeposito,
1440 351 1561 383 decano
1583 356 1614 383 et
1633 350 1726 394 Capi-

987 405 1053 437 tulo
1075 404 1233 437 insinuata
1255 414 1313 447 pro
1328 410 1416 448 parte
1428 405 1616 438 eorumdem
1639 415 1730 448 prae-

987 457 1092 500 positi,
1117 458 1227 490 deeani
1254 464 1281 491 et
1305 458 1459 501 Capituli,
1488 458 1595 502 plures
1620 469 1655 491 ac
1677 459 1727 491 di-

987 521 1094 543 versae
1117 521 1230 543 causae
1251 517 1278 544 et
1304 512 1444 545 rationes
1465 513 1549 545 dieto
1570 512 1731 545 ludovico

987 564 1229 608 archiepisropo
1255 566 1414 598 exhibitae
1441 566 1590 605 fuissent,
1615 566 1732 608 quilius

987 617 1089 650 eidem
1104 618 1348 660 persuaderent,
1364 619 1423 651 sibi
1446 625 1476 652 ct
1496 619 1599 652 dictae
1618 619 1728 652 Eccle-

986 670 1051 703 siae
1072 671 1274 704 ‹zaommodius
1295 678 1322 705 ct
1349 672 1458 705 utilius
1485 673 1572 713 sore,
1594 678 1628 705 ut
1649 673 1732 705 dieta

987 723 1162 756 declaratio
1187 724 1232 756 Pii
1254 725 1276 756 V
1309 725 1454 758 nonnihil
1482 726 1728 765 moderaretur;

988 776 1115 809 tandem
1137 784 1207 820 post
1227 777 1356 820 longam
1379 784 1407 811 et
1428 784 1587 811 maturam
1611 779 1732 812 delibe-

985 829 1162 871 rationem,
1186 842 1245 874 pro
1267 832 1464 865 confovenda
1484 843 1562 876 paee
1592 838 1621 865 et
1650 843 1728 866 con-

986 883 1112 923 cordia,
1143 884 1201 917 sub
1222 891 1331 918 nostro
1356 891 1387 918 et
1414 885 1504 919 Sedis
1530 886 1731 929 Apostolicae

1744 249 1791 275 Au.
1815 249 1844 276 (l.
1863 249 1931 276 1505

1778 309 1859 330 Exin-tis
1874 313 1930 336 psist-

1699 351 1704 356 .
1745 337 1930 365 modumnunnul-

1746 364 1770 392 lis
1808 366 1930 384 t'otiti‘oiut-

1746 396 1794 413 sus,

1787 951 1933 977 Archiepisco-

986 936 1198 980 beneplacito,
1223 938 1326 971 dictus
1356 939 1535 972 Ludovicus
1567 939 1728 983 archiepi-

985 1000 1101 1034 scopus
1119 992 1336 1031 consensitut,
1361 1003 1426 1025 non
1447 993 1594 1026 obstante
1615 993 1728 1026 huius-

986 1044 1073 1076 modi
1094 1045 1313 1079 declaratione
1339 1046 1383 1079 Pii
1405 1047 1509 1090 Papae
1530 1047 1564 1087 V,
1586 1057 1732 1080 remane—

987 1102 1034 1130 ret.
1054 1097 1146 1133 dictis
1167 1099 1363 1142 praeposite,
1389 1100 1512 1132 decano
1534 1106 1565 1132 et
1588 1100 1732 1144 Capitulo

987 1150 1115 1183 collatio
1140 1151 1300 1185 dictorum
1329 1153 1573 1196 quatuordecim
1594 1154 1730 1186 canoni-

987 1210 1116 1238 catuum
1135 1212 1166 1239 et
1185 1206 1456 1250 praebendarum,
1474 1218 1546 1240 eum
1569 1218 1606 1240 ea
1628 1212 1733 1241 tamen

987 1259 1178 1293 limitatione
1192 1266 1222 1293 et
1236 1260 1448 1301 restrictione,
1463 1267 1495 1293 ut
1513 1261 1538 1293 si
1559 1267 1632 1294 ante
1647 1272 1735 1294 ‹tom-

987 1313 1108 1356 pletum
1131 1324 1303 1347 numerum
1324 1314 1506 1355 denarium,
1532 1325 1644 1355 unum,
1669 1315 1734 1348 duo

987 1366 1034 1399 vel
1057 1372 1119 1400 tres
1145 1378 1180 1400 ex
1210 1367 1302 1400 dictis
1327 1373 1450 1411 septem
1481 1373 1605 1401 tantum
1631 1378 1735 1401 sacer-

987 1420 1148 1454 dotalibus
1161 1421 1404 1454 canonicatibus
1418 1427 1449 1454 et
1461 1421 1666 1466 praebendis,
1679 1422 1735 1454 ali-

988 1478 1035 1507 ter
1052 1485 1149 1518 quam
1169 1486 1227 1518 per
1246 1475 1519 1519 permutationem
1533 1486 1646 1509 vacare
1658 1486 1734 1509 con-

989 1528 1135 1570 tingeret,
1151 1529 1297 1572 deposita
1309 1529 1462 1573 qualitate
1476 1530 1646 1563 sacerdotii
1659 1530 1735 1563 alia.-

987 1593 1049 1626 que
1069 1582 1169 1626 priori
1195 1583 1382 1623 affectione,
1405 1594 1564 1628 personae
1587 1594 1643 1617 seu
1664 1595 1735 1628 per-

987 1635 1074 1668 sonis
1099 1635 1264 1677 graduatis
1280 1663 1287 1677 ,
1311 1637 1489 1669 seeundum
1516 1643 1662 1670 tenorem
1684 1637 1733 1670 lit-

988 1695 1130 1721 terarum
1143 1689 1190 1722 Pii
1210 1689 1248 1722 IV
1269 1696 1299 1723 et
1319 1690 1365 1723 Pii
1384 1690 1418 1729 V,
1433 1691 1732 1734 praedecessorum,

988 1743 1228 1784 conferrentur,
1244 1745 1407 1788 quodque,
1424 1744 1509 1778 dicto
1527 1755 1664 1777 numero
1679 1745 1735 1777 de-

987 1796 1078 1829 nario
1099 1797 1272 1841 completo,
1297 1797 1381 1830 idem
1404 1797 1665 1842 archiepiscopus
1686 1809 1736 1831 re-

987 1850 1153 1890 stitueret,
1188 1851 1339 1884 redderet
1367 1857 1394 1883 et
1428 1851 1621 1884 concederet
1642 1850 1734 1884 dictis

987 1903 1187 1947 praeposito,
1211 1905 1334 1937 decano
1355 1910 1386 1937 et
1406 1904 1555 1948 Capitulo
1575 1910 1621 1937 tot
1641 1914 1736 1937 cano-

987 1956 1110 1990 nicatus
1131 1962 1161 1990 et
1179 1958 1380 2000 praebendas
1401 1958 1546 2001 proxime
1566 1963 1735 1991 vacaturos

987 2022 1024 2043 ex
1053 2010 1164 2044 liberis
1189 2012 1350 2055 (quorum
1379 2012 1585 2045 collationem
1606 2022 1736 2055 semper

988 2064 1156 2108 habuerat)
1175 2071 1254 2109 quot
1267 2076 1303 2099 ex
1324 2065 1416 2099 dietis
1432 2071 1555 2099 tantum
1576 2066 1730 2099 sacerdo-

989 2118 1104 2151 talibus
1121 2118 1189 2162 ipse
1203 2119 1476 2163 archiepiscopus,
1493 2125 1525 2152 ut
1540 2119 1730 2165 praefertur,

988 2171 1191 2210 contulisset,
1216 2173 1420 2206 consentiens
1441 2172 1536 2206 etiam
1563 2178 1597 2205 ut
1617 2172 1731 2206 huius-

988 2226 1075 2259 modi
1093 2227 1300 2261 canonicatus
1321 2233 1349 2260 et
1373 2227 1588 2271 praebendae.
1613 2227 1658 2259 sie
1683 2237 1733 2259 re-

987 2278 1139 2313 stituendi
1161 2286 1192 2313 et
1217 2281 1373 2314 reddendi
1402 2280 1494 2313 dictis
1523 2280 1731 2324 praeposito,

988 2334 1110 2367 decano
1132 2340 1162 2367 et
1177 2334 1334 2378 Capitulo,
1351 2334 1570 2367 subintrarent
1581 2334 1612 2366 in
1627 2334 1734 2367 locum

988 2397 1112 2427 corum,
1130 2398 1210 2431 quos
1229 2399 1264 2421 ex
1283 2388 1377 2420 dictis
1397 2392 1519 2431 septem
1535 2387 1732 2427 contulisset,

988 2441 1255 2485 efficeremurque
1282 2442 1426 2475 eiusdem
1454 2442 1549 2486 plane
1570 2442 1601 2474 in
1622 2442 1731 2475 omni-

988 2495 1046 2527 bus
1065 2500 1095 2527 et
1115 2505 1174 2538 per
1194 2495 1304 2528 omnia
1329 2494 1491 2539 qualitatis
1505 2522 1512 2535 ,
1537 2494 1732 2529 conditionis

988 2554 1015 2582 et
1030 2554 1164 2581 naturae
1182 2559 1255 2581 cum
1277 2548 1409 2592 reliquis
1429 2548 1592 2582 dictorum
1612 2554 1735 2593 septem

988 2603 1080 2636 di'ctis
1100 2602 1303 2647 praeposito,
1328 2603 1452 2636 decano
1470 2608 1502 2636 et
1520 2602 1666 2647 Capitulo
1686 2613 1736 2636 re-

989 2656 1167 2691 mansuris.
1194 2662 1225 2689 nt
1248 2657 1471 2690 conferrentur
1492 2656 1531 2689 ab
1558 2656 1677 2690 eisdem
1700 2660 1747 2690 ω(

1747 982 1785 1002 pus
1808 981 1828 997 et
1847 978 1933 1003 Capitu-

1747 1006 1787 1023 lum
1797 1006 1932 1025 vom-nntium

1748 1031 1860 1056 quam-lam
1882 1032 1932 1052 inis:-

1749 1060 1802 1077 runt.
