2253 3195
296 251 344 276 ΛΗ.
367 249 394 276 c.
415 249 480 277 1600
525 239 588 273 613

311 1425 358 1451 Mag

299 1486 327 1500 HS
343 1486 361 1499 ΠΙ

299 1513 364 1526 6011(ἵὲ

363 1426 412 1445 isti-1·
426 1427 483 1445 acto—

299 1459 343 1473 rum
357 1453 483 1477 gubernata-

364 1480 453 1499 andatur
463 1481 483 1498 ut

439 1506 484 1525 assi-

368 1512 411 1526 --M

299 1533 337 1554 das
353 1533 456 1558 registret.

317 2333 365 2352 Aur·

305 2360 361 2377 rhu„

369 2331 488 2352 cumiani·-

399 2366 418 2377 ιι*
430 2363 433 2377 Ι
453 2367 487 2378 uu·

1076 247 1260 271 britanum
1280 247 1433 270 ROMANUM

495 297 644 342 praeerit,
669 297 809 340 ipsarum
831 306 963 339 precum
985 300 1016 328 et
1035 295 1232 331 decretiue-
1271 294 1450 337 putandum
1476 294 1661 328 offendisset
1680 295 1914 337 interficiendo,
1937 296 2008 329 vul-

495 362 594 394 super
607 349 786 394 interpositi
802 350 985 393 exemplum
1000 349 1233 389 transmittere,
1271 348 1427 388 nerando,
1451 353 1506 381 aut
1524 348 1747 392 percutiendo,
1763 349 1802 382 ad
1819 360 2012 393 permanen-

497 404 643 437 affidatus
658 414 733 436 vero
745 414 800 436 seu
821 408 1022 436 assecuratus
1042 402 1137 435 ctiam
1156 402 1236 434 infra

496 458 577 490 duos
606 467 732 490 menses
762 457 876 489 affidae
904 467 959 490 seu
991 455 1237 489 assecurationis

495 510 680 543 huiusmodi
724 510 1003 543 confirmationem
1039 521 1056 543 a
1093 510 1237 554 praefata

496 564 641 597 consulta
656 570 764 607 petere
786 569 816 597 et
836 563 983 597 obtinere
995 569 1152 603 teneatur,
1167 563 1237 607 qui-

495 617 554 650 bus
575 617 700 661 elapsis,
725 623 753 651 et
775 617 1032 657 confirmatione,
1056 623 1091 650 ut
1111 617 1236 661 praedi-

495 670 596 710 citur,
617 681 682 704 non
711 671 854 711 obtenta,
879 677 907 703 et
940 682 997 714 per
1014 670 1119 714 ipsum
1140 682 1237 714 penes

496 730 568 757 actu
588 724 814 766 gubernatoris
844 735 908 757 non
938 724 1080 757 exhibito
1095 751 1102 764 ‚
1126 730 1161 758 ut
1180 735 1238 768 per

495 778 582 811 illius
609 778 770 811 notarium
802 778 1012 820 registretur;
1039 778 1064 811 si
1090 779 1175 811 ultra
1194 778 1238 811 vi-

495 831 574 874 ginti
588 838 727 874 quatuor
743 831 896 864 horarum
915 831 1053 875 spatium
1072 831 1103 864 in
1125 832 1237 865 eadem

496 883 621 915 civitate
643 883 749 915 eiusve
769 882 931 915 territorio
951 888 982 915 et
1002 882 1156 915 comitatu
1171 893 1238 916 mo-

497 948 566 970 ram
587 937 760 977 traxerint,
784 937 879 970 affida
899 948 954 970 seu
975 937 1234 977 assecuratione,

496 1001 593 1034 quam
628 1001 646 1023 a
675 990 890 1032 gubernatore
922 990 1138 1029 obtinuerint,
1174 1000 1238 1023 non

497 1044 655 1085 obstante,
680 1050 744 1077 tam
776 1055 834 1088 per
861 1044 983 1077 curiam
1012 1044 1147 1087 praefati
1175 1054 1236 1086 gu-

496 1097 698 1137 bernatoris,
722 1108 818 1140 quam
844 1108 902 1140 per
922 1097 1021 1130 alium
1042 1107 1236 1141 quemcum-

497 1160 559 1194 que
577 1150 775 1183 ordinariam
798 1150 1051 1184 iurisdictionem
1074 1150 1106 1183 in
1127 1151 1238 1184 eadem

497 1204 623 1237 civitate
644 1204 815 1237 habentem
831 1232 838 1245 ,
862 1205 932 1248 capi
960 1210 990 1238 et
1011 1204 1180 1244 carcerari,
1204 1215 1240 1237 ac

498 1259 537 1291 de
557 1258 746 1291 criminibus
767 1258 863 1292 etiam
886 1258 917 1291 in
936 1269 1035 1301 regno
1048 1259 1180 1303 patratis
1194 1258 1240 1291 in-

498 1312 582 1355 quiri
601 1318 629 1345 et
648 1312 754 1355 puniri
773 1313 883 1356 possit.

543 1367 559 1407 g
580 1365 611 1398 4.
640 1365 826 1398 Mandamus
847 1365 942 1399 etiam
964 1372 1109 1400 aetorum
1133 1367 1236 1409 magi—

499 1425 564 1453 stro
585 1420 810 1461 gubernatoris
839 1420 974 1453 civitatis
1005 1420 1147 1453 eiusdem
1181 1431 1240 1464 pro

501 1478 646 1516 tempore
667 1472 824 1511 existenti,
853 1473 911 1506 sub
933 1483 1037 1516 poena
1059 1473 1240 1507 amissionis

501 1526 596 1559 officii
623 1532 653 1559 et
677 1526 886 1559 inhabilitatis
907 1527 946 1559 ad
967 1527 1045 1559 illud
1074 1533 1103 1559 ct
1125 1527 1241 1560 similia

501 1580 711 1624 imposterum
744 1580 938 1618 obtinenda,
969 1586 1000 1613 et
1029 1581 1099 1613 aliis
1129 1581 1241 1625 poenis

500 1634 595 1667 ctiam
628 1634 824 1677 pecuniariis
848 1633 982 1667 arbitrio
1014 1634 1242 1676 gubernatoris

499 1687 721 1731 imponendis,
746 1688 815 1731 ipso
846 1688 928 1720 sacto
954 1687 1176 1728 incurrendis,
1209 1694 1241 1721 ut

501 1747 564 1774 tam
586 1741 699 1775 affidac
717 1752 771 1775 seu
790 1732 1042 1774 assecurationes
1055 1752 1113 1785 per
1126 1741 1243 1784 guber-

500 1801 629 1828 natores
649 1795 734 1838 ipsos
754 1806 818 1828 una
838 1806 909 1828 cum
932 1795 1058 1828 illarum
1079 1795 1242 1838 supplica—

502 1848 653 1887 tionibus,
674 1859 770 1892 quam
792 1848 887 1882 etiam
910 1848 1172 1882 confirmationes
1186 1860 1243 1893 per

501 1903 698 1947 praedictam
730 1903 928 1942 consultam,
961 1909 992 1935 ut
1020 1902 1238 1947 praedicitur,

501 1956 648 1989 obtentas
673 1956 753 1988 int'ra
784 1956 916 1988 biduum
947 1967 963 1988 a
985 1956 1059 1995 (lic,
1084 1967 1148 2000 quo
1170 1947 1260 1989 illaex

502 2009 560 2053 ipsi
579 2009 738 2042 exhibitae
761 2009 889 2048 suerint,
915 2009 944 2042 in
967 2010 1055 2042 libris
1075 2010 1113 2042 ad
1137 2010 1166 2042 id
1188 2010 1242 2043 dc-

501 2063 625 2095 stiuatis
646 2063 826 2103 registrare,
852 2063 984 2106 illasque
1003 2063 1108 2095 videre
1128 2064 1239 2096 volen-

503 2116 602 2154 tibus,
631 2116 729 2158 gratis
755 2122 785 2148 ct
817 2116 903 2148 nulla
937 2116 1062 2159 penitus
1095 2117 1241 2150 niercede

502 2170 748 2213 recs·pt:1,ctiat¹i
770 2181 787 2202 a
808 2176 920 2214 sponte
941 2170 1090 2203 dantibus
1105 2171 1150 2202 vel
1166 2171 1243 2203 osse-

503 2224 657 2261 reutibus,
681 2223 831 2256 exhibere
853 2223 988 2256 debeant
1010 2230 1041 2256 et
1062 2230 1238 2257 teneantur.

548 2279 564 2319 5
586 2279 615 2310 (ἰ,
640 2278 796 2320 Quodque
818 2277 847 2309 iu
869 2277 994 2309 civitate
1021 2278 1144 2316 cadem,
1162 2278 1243 2310 eius-

504 2341 565 2374 que
598 2331 758 2363 territorio
779 2336 807 2363 et
828 2330 993 2367 comitatu,
1018 2342 1112 2363 nemo
1133 2331 1240 2363 ruitis-

331 2393 342 2429 ’Υ
358 2389 488 2431 .¹'¹'''-t''.'.'t'l,‘.'{
505 2384 548 2416 vis
569 2390 679 2422 status,
703 2385 831 2424 gratius,
856 2384 1018 2424 diguitatis
1036 2390 1066 2417 ct
1087 2384 1244 2417 conditio-

375 2472 379 2484 ·
420 2446 438 2457 ”¹
454 2447 486 2484 .'.].']
506 2438 552 2470 uis
573 2438 696 2475 existat,
713 2438 766 2481 qui
790 2438 987 2470 tntum-itinn·
1007 2438 1148 2481 aliquam
1171 2449 1242 2470 ruiti

372 2499 382 2511 ¹·
426 2501 442 2511 '¹
457 2499 477 2511 '⁴¹
505 2492 762 2534 aliquot·ivc,rs·l
786 2491 900 2530 int-ola,
918 2503 972 2523 seu
992 2491 1180 2523 ‹listi-irinati
1202 2491 1243 2523 ‹xi-

505 2544 607 2576 vitatis
633 2545 814 2588 praedictae
848 2545 1000 2584 baberi-t,
1025 2545 1130 2577 eiusve
1162 2555 1240 2577 run-

505 2599 707 2636 sanguim-os,
722 2610 775 2630 seu
791 2599 901 2630 attint-s
915 2609 1015 2641 usquc
1033 2598 1071 2630 ad
1093 2605 1242 2641 quaruuu

506 2652 639 2694 gradum
655 2652 692 2683 (1(ι
715 2652 782 2684 iuic
803 2652 958 2685 canonico
981 2652 1132 2684 inclusive
1155 2662 1242 2683 ‹vum-

1271 401 1347 433 dum
1370 401 1401 433 in
1423 401 1548 435 civitate
1569 403 1693 443 eadem,
1722 403 1828 437 eiusve
1851 403 2012 437 territorio

1271 460 1302 487 et
1321 455 1476 488 comitatu
1496 455 1632 496 affidari,
1649 467 1705 490 seu
1725 457 1904 490 assecurari
1923 457 2013 491 nullo

1272 509 1369 541 modo
1387 509 1500 542 valeat.
1524 509 1709 548 Quinimmo
1729 509 1755 543 si
1773 509 1844 553 ipsi,
1860 510 1909 543 vel
1929 510 2014 553 ipso-

1271 572 1343 594 rum
1361 553 1501 606 aliquis,
1525 562 1579 606 qui
1600 563 1639 596 ad
1659 563 1736 596 inibi
1757 563 2013 607 permanendum

1272 615 1389 648 suerint
1410 615 1531 649 affidati
1551 626 1607 649 seu
1627 616 1817 656 assecurati,
1839 615 1935 649 etiam
1957 626 2014 660 per

1271 679 1330 702 nos
1350 674 1380 702 et
1396 679 1599 702 successores
1616 675 1743 703 nostros
1756 670 1918 703 Romanos
1932 670 2015 703 Pon-

1272 722 1384 761 tifices,
1396 732 1452 755 seu
1466 732 1578 755 eorum
1588 722 1783 764 Consultam,
1797 723 1938 767 aliquam
1953 722 2014 756 ini·

1273 775 1428 808 micitiam
1458 776 1675 809 contraxerint
1707 787 1780 809 cum
1802 776 1945 817 civibus,
1965 776 2015 810 vel

1273 830 1396 870 incolis,
1420 841 1475 863 seu
1497 830 1685 864 districtuali
1704 831 1837 864 civitatis
1855 831 2012 871 eiusdem,

1273 883 1400 916 illorum
1414 883 1554 927 aliquem
1569 884 1791 927 percutiendo,
1802 884 2012 925 vulnerando,

1273 943 1327 970 aut
1347 937 1372 970 si
1394 937 1561 970 mulierem
1589 937 1740 981 pudicam
1765 938 2012 979 attentaverint,

1273 991 1320 1023 vel
1346 991 1496 1024 iniuriam
1529 991 1683 1034 aliquam,
1715 991 1812 1024 etiarn
1837 991 2012 1032 verbalem,

1273 1049 1415 1077 atrocem
1438 1049 1555 1084 tamen,
1570 1050 1690 1078 attenta
1706 1055 1920 1089 personarum
1938 1055 2016 1089 qua-

1274 1098 1379 1138 litate,
1403 1104 1516 1131 contra
1535 1098 1711 1141 quemlibet
1734 1098 1877 1142 ipsorum
1899 1104 2012 1142 protu-

1274 1151 1380 1191 lerint,
1404 1156 1459 1184 aut
1484 1151 1515 1183 in
1536 1151 1613 1195 ipsis
1633 1151 1816 1195 participes,
1840 1162 1896 1185 seu
1920 1151 2012 1184 auxi-

1275 1204 1405 1237 liatores
1423 1204 1560 1240 suerint.
1584 1215 1649 1237 non
1670 1210 1794 1238 tantum
1815 1205 1855 1238 ad
1875 1204 2012 1239 solutio-

1274 1268 1348 1291 nem
1380 1258 1536 1291 eautionis
1566 1269 1625 1302 per
1658 1259 1743 1302 ipsos
1778 1259 1949 1302 praestitae
1977 1258 2017 1292 de

1275 1312 1375 1351 bene,
1399 1311 1506 1356 quiete
1526 1318 1557 1345 et
1577 1312 1712 1356 pacifice
1732 1312 1866 1346 virendo
1889 1312 2012 1352 teneri,

1274 1366 1329 1399 sed
1350 1366 1445 1398 etiam
1467 1365 1536 1408 ipso
1557 1365 1638 1398 sacto
1659 1365 1799 1398 disfidati
1812 1371 2013 1407 censeantur,

1275 1418 1463 1462 etamplius
1494 1418 1533 1451 ad
1562 1419 1820 1462 permanendum
1846 1419 1878 1452 in
1904 1419 2016 1453 eadem

1275 1472 1401 1506 civitate
1422 1472 1545 1506 affidari
1565 1483 1621 1506 seu
1647 1473 1825 1506 assecurari
1853 1483 1917 1506 non
1942 1483 2017 1517 pos-

1275 1526 1347 1564 sint,
1363 1532 1393 1559 et
1413 1526 1499 1569 quod
1521 1531 1583 1559 tam
1605 1536 1664 1569 pro
1685 1525 1871 1560 huiusmodi
1892 1525 2018 1560 delictis

1276 1590 1332 1624 per
1360 1579 1446 1623 ipsos
1471 1585 1534 1612 tam
1557 1579 1587 1611 in
1616 1579 1741 1613 civitate
1769 1579 2014 1621 Beneventana,

1276 1634 1381 1667 eiusve
1402 1633 1566 1667 territorio
1587 1638 1617 1666 et
1637 1633 1802 1674 comitatu,
1823 1644 1920 1677 quam
1941 1633 2018 1666 alibi

1276 1686 1474 1726 commissis,
1502 1686 1625 1719 etiamsi
1656 1686 1695 1719 de
1727 1686 1772 1720 eis
1802 1685 1922 1720 affidati
1961 1696 2018 1720 seu

1276 1739 1449 1773 assecurati
1472 1739 1601 1779 suerint,
1623 1739 1741 1783 inquiri
1763 1745 1793 1773 et
1813 1739 1920 1783 puniri
1946 1749 2020 1784 pos-

1276 1794 1336 1827 sint
1358 1804 1416 1837 per
1433 1793 1517 1826 illius
1538 1793 1673 1826 civitatis
1697 1793 1959 1835 gubernatorem.

1321 1847 1335 1891 ἓ
1357 1846 1386 1880 7,
1403 1846 1492 1886 Quod
1514 1846 1539 1879 si
1557 1846 1756 1888 gubernator
1774 1845 1840 1889 ipse
1861 1856 1920 1890 pro
1938 1851 2018 1880 tem·

1276 1911 1354 1944 pore
1375 1899 1511 1932 existens
1531 1899 1706 1943 praemissa
1724 1899 1843 1939 omnia,
1861 1899 1947 1932 iuxta
1964 1909 2018 1933 eo-

1277 1965 1348 1987 rum
1371 1954 1505 1987 sormam
1520 1981 1527 1993 ,
1550 1953 1689 1992 seriem,
1714 1959 1745 1987 et
1778 1958 1921 1987 tenorem
1953 1964 2018 1987 non

1276 2007 1515 2046 observaverit,
1539 2018 1594 2040 seu
1615 2007 1654 2040 ab
1677 2007 1759 2047 illis,
1783 2007 1823 2041 ad
1848 2017 1929 2051 quos
1948 2018 2019 2052 spe-

1259 2066 1351 2106 Ὶιςιιιῑ,
1372 2061 1536 2094 observari
1558 2071 1621 2094 non
1644 2060 1813 2098 curaverit,
1834 2060 2020 2104 privationis

1277 2115 1385 2154 officii,
1409 2120 1438 2148 ct
1461 2113 1672 2147 inhabilitatis
1692 2114 1731 2146 ad
1753 2113 1831 2147 illud
1852 2119 1881 2147 et
1902 2113 2020 2147 similia

1278 2169 1488 2212 imposterum
1520 2167 1718 2208 obtinenda,
1754 2178 1790 2200 ac
1821 2167 1917 2200 ctiam
1949 2166 2019 2201 aliis

1278 2222 1389 2266 poenis
1402 2220 1535 2254 arbitrio
1550 2226 1660 2254 nostro
1680 2227 1711 2254 et
1727 2231 1947 2254 successorum
1963 2230 2020 2254 no-

1278 2282 1415 2309 strorum
1431 2275 1638 2308 Summorutu
1658 2274 1850 2308 Pontificum
1866 2285 1925 2319 pro
1941 2280 2019 2308 tem-

1280 2340 1357 2374 pore
1375 2328 1576 2361 existentium
1600 2328 1668 2372 ipso
1690 2328 1773 2361 sacto
1793 2328 1944 2362 incu'rrat.

1323 2384 1338 2426 ἓ
1359 2382 1389 2415 8.
1413 2382 1547 2426 Sit-que,
1575 2388 1604 2414 ct
1634 2392 1697 2415 non
1719 2381 1822 2422 aliter,
1847 2391 1904 2425 per
1923 2391 2018 2425 quos-

1279 2447 1417 2480 cumque
1442 2436 1563 2468 iudices
1587 2435 1769 2469 ordinarios
1797 2441 1828 2468 et
1856 2435 2019 2478 delegatos

1281 2490 1413 2523 iudicari
1435 2496 1463 2522 ct
1486 2489 1612 2522 deliniri
1634 2490 1763 2527 debere.
1787 2500 1823 2522 ac
1845 2489 1968 2523 irritum
1989 2494 2020 2523 et

1280 2545 1372 2577 inane
1398 2543 1600 2577 derernimus
1625 2543 1780 2587 quidquid
1808 2553 1898 2576 secus
1923 2552 2020 2586 super

1280 2598 1327 2630 bis
1347 2609 1363 2629 a
1385 2608 1560 2641 quoquam,
1576 2596 1686 2640 quavis
1700 2596 1900 2634 auctoritate,
1917 2594 2020 2628 scien-

1281 2657 1326 2684 ter
1350 2651 1396 2682 vot
1420 2650 1614 2693 ignoranter,
1638 2648 1804 2692 contigerit
1824 2647 1985 2682 attentari.

2026 245 2076 272 An.
2093 246 2120 272 (ἶ.
2146 244 2210 274 1500

2045 1851 2131 1873 Poenae
2145 1853 2215 1875 centn

2033 1878 2214 1904 gubernatur-emti

2032 1905 2142 1932 prm-,uicta
2175 1910 2214 1928 non

2033 1932 2184 1954 observaverit.

2059 2384 2178 2408 ctmtsutu.
