2253 3195
39 158 89 184 An.
109 156 137 183 C.
158 155 221 183 1:593

58 479 135 500 Sensus
142 478 221 499 littera-

39 512 82 527 ruin
95 507 222 531 apostotica-

39 539 83 554 rum
98 532 221 558 explicatur.

854 157 999 181 eitiziiizx’s

239 203 360 238 litterae
381 211 580 241 emanarent,
605 216 639 237 ac
663 205 745 238 iuxta
768 206 902 237 sormam
926 205 976 237 lit·
996 208 998 261 t

238 264 377 291 terarum
418 258 463 290 l'ii
504 259 760 301 praedecessoris
797 259 979 291 lmiusmodi
997 266 999 312 t

237 312 506 344 convertebantur
519 324 573 344 seu
588 312 873 352 distsumebantur,
893 319 918 344 et
937 313 980 344 uti
998 323 1000 365 ᾖ

237 364 393 397 haetenus
414 365 481 397 lieri
504 365 678 402 consuevit,
701 365 825 406 erogari
848 366 1000 410 onininog

237 418 385 451 debeant.
410 418 564 462 Quodque
591 419 732 460 magistri
758 419 982 459 grammatices

238 471 369 514 praefati
393 471 422 503 in
448 471 624 514 quantitate
647 471 809 514 praedicta
833 472 907 516 ipsis
928 483 979 504 as-

238 523 372 565 signata.
408 524 439 556 in
471 535 520 563 eo,
545 525 631 567 quod
663 525 765 557 dictae
797 525 983 568 quantitatis

237 583 433 619 augumento
452 578 600 616 desuerit,
617 578 778 621 patiuntur
796 584 823 611 et
846 579 984 612 sentiant
1000 569 1001 596 i

237 631 560 674 proportionabiliter
573 632 719 665 eamdem
735 632 982 667 diminutionem
1000 623 1001 633 ¹

237 689 268 717 et
288 685 401 717 eodem
425 686 520 718 modo
539 691 567 718 et
590 686 702 726 forma,
719 686 799 719 sicut
820 685 1001 729 patiuntur

237 744 268 771 et
288 738 441 779 sentiunt,
454 745 484 772 et
504 739 658 772 hactenus
671 750 875 784 quacumque
889 752 983 774 eausa
1000 742 1002 758 “

238 798 268 825 et
287 793 456 826 occasione
476 794 558 837 passi
581 795 707 827 suerunt
722 800 750 827 et
771 794 981 838 imposterum

237 847 400 889 patientur
412 847 464 879 alii
486 847 630 881 eiusdem
643 848 863 881 Universitatis
885 849 983 882 lecto-

238 909 299 940 res,
323 906 354 934 et
373 902 480 945 quoad
509 902 569 935 hoc
596 903 679 935 inter
699 903 834 936 lectores
854 903 1001 936 Univer-'

239 953 339 987 sitatis
353 955 534 998 praedictae
547 955 766 997 intelligantur
779 962 807 989 et
820 956 882 989 sint
897 968 984 989 coin-
1000 949 1002 955 ’

238 1007 420 1051 praehensi‚
437 1009 546 1052 sicque
561 1015 588 1042 et
611 1020 675 1042 non
693 1009 785 1042 aliter
802 1010 983 1053 intelligan-

240 1067 300 1102 tur,
325 1067 355 1095 et
374 1062 481 1095 locum
503 1063 643 1096 babeant
663 1063 766 1097 dietae
788 1069 913 1097 nostrae
934 1064 984 1097 lit-

239 1121 337 1155 terae,
353 1115 637 1149 etdismembratio
658 1127 713 1149 seu
734 1117 907 1161 applicatio
929 1128 985 1161 per

239 1168 359 1202 dictum
380 1170 585 1203 Doniinicum
607 1170 816 1211 cardinalem,
840 1171 918 1204 alias
939 1171 986 1204 di-

239 1228 308 1256 ctae
329 1223 465 1257 civitatis
485 1224 637 1266 legatum,
662 1225 701 1258 ad
724 1226 863 1258 savorem
894 1225 982 1269 ipso-

239 1287 311 1310 rum
341 1278 569 1320 magistrorum
602 1279 692 1312 sae-ta.
730 1278 886 1323 Quodque
916 1279 986 1312 uni-

239 1341 329 1365 versa
350 1331 456 1375 portio
485 1332 629 1372 dimidia,
654 1344 736 1376 quae
757 1333 852 1366 hodie
874 1344 890 1366 a
911 1344 983 1366 mo-

240 1385 387 1418 nasteriis
402 1392 431 1419 et
443 1386 646 1429 regularibus
658 1386 720 1419 iam
735 1387 826 1420 dictis
841 1393 987 1420 remanet

241 1439 404 1479 solvenda,
422 1439 452 1471 in
475 1446 604 1473 moneta
622 1446 785 1483 argentea,
800 1440 888 1473 nulla
909 1451 987 1485 qua-

241 1498 406 1526 trenorum
428 1500 518 1537 parte.
539 1494 690 1534 admixta,
712 1494 845 1527 omnino
867 1495 988 1538 persol-

243 1552 342 1587 vatur,
367 1553 462 1591 prout
483 1547 579 1580 etiam
611 1547 641 1579 in
671 1547 766 1580 simili
800 1554 927 1581 moneta
949 1549 988 1581 sle

241 1600 344 1643 paulis
357 1601 527 1643 argenteis,
543 1606 570 1634 et
588 1611 652 1633 non
674 1600 765 1634 aliter
782 1601 897 1634 debitis
909 1606 989 1634 teni·

240 1654 374 1698 poribus
385 1655 524 1698 persolvi
545 1656 693 1688 volumus
713 1655 743 1687 in
767 1655 914 1688 manibus
935 1656 1007 1689 dest

241 1708 385 1752 positarii
407 1709 446 1741 ab
466 1709 586 1742 eisdem
604 1708 780 1742 lectoribus
800 1709 985 1753 deputandi,

242 1763 402 1806 integrum
427 1763 580 1796 salarium
612 1762 726 1796 iisdem
748 1763 827 1796 solvi
859 1763 1007 1796 solitum

241 1827 299 1860 per
318 1822 466 1850 nostrum
488 1822 516 1850 et
532 1816 622 1849 Sedis
636 1816 837 1860 Apostolicae
856 1816 886 1849 in
906 1816 989 1850 dicta
1006 1825 1007 1829 ’

242 1869 368 1904 civitate
390 1869 639 1910 thesaurarium,
657 1870 809 1913 quodque
823 1880 880 1914 per
901 1881 990 1903 euni-

242 1924 315 1958 dem
337 1924 574 1957 thesaurarium
596 1934 681 1956 nunc
707 1930 734 1956 et
764 1934 823 1967 pro
845 1927 1008 1967 tempore}

244 1978 431 2021 existentem
453 1988 488 2011 ex
516 1974 779 2022 'quibuscumque
810 1977 1008 2011 redditibus⁴

243 2037 274 2064 et
294 2025 503 2075 proventibus
522 2031 673 2064 Gamerae
699 2036 827 2064 nostrae
848 2032 988 2074 Aposto-
1007 2039 1009 2058 ;

243 2085 334 2126 licae,
358 2090 390 2118 et.
417 2095 482 2118 non
504 2095 561 2128 per
581 2085 666 2118 illius
687 2096 743 2118 seu
769 2085 912 2118 eiusdem
934 2085 990 2119 Ca-

244 2149 352 2172 merae
374 2138 547 2179 debitores,
572 2138 655 2171 iuxta
683 2138 783 2171 dictas
804 2138 925 2171 litteras
944 2139 991 2172 Pii

244 2192 502 2237 praedecessoris
523 2192 675 2225 solvatur.
691 2192 727 2225 Et
747 2192 821 2236 quia
841 2192 925 2225 libra
945 2193 992 2237 pi-

245 2246 346 2279 scium
377 2246 598 2283 minutorum,
633 2256 729 2289 super
757 2245 874 2288 quibus
906 2252 993 2279 certa

246 2300 390 2333 eiusdem
412 2300 554 2333 aumenti
584 2305 666 2336 rata,
691 2299 775 2332 iuxta
797 2299 896 2343 ipsius
916 2300 992 2333 Sixti

246 2354 503 2397 praedecessoris
516 2354 649 2391 litteras,
667 2353 825 2395 assignata
840 2353 993 2390 si.1it,tunc

247 2407 402 2450 temporis
416 2418 474 2451 pro
487 2407 630 2450 quinque
651 2405 815 2450 quatrenis
835 2407 994 2439 vendeba-

247 2465 310 2500 tur,
324 2459 399 2493 licet
418 2465 490 2504 post
511 2459 723 2492 mutationem
747 2459 862 2493 valoris
883 2470 994 2493 mone-

249 2519 299 2546 tae
319 2505 372 2546 sex
392 2513 556 2557 quati-enis
576 2513 745 2553 vendatur,
769 2517 799 2545 et
819 2513 994 2547 conducto-

251 2576 301 2600 res
321 2566 407 2600 lacus
427 2567 571 2600 Perusini
589 2578 626 2600 ex
643 2567 755 2600 eodeni
778 2573 947 2610 quatreno,
961 2573 993 2600 ut

334 2629 411 2657 Buzl.
434 2630 509 2658 Rom.
535 2631 594 2658 Vol.
611 2630 637 2657 Χ
833 2631 867 2657 10

1021 157 1076 180 vui
1099 159 1147 181 rr.

1015 207 1204 249 praefertur,
1222 212 1315 239 aucto
1338 213 1400 240 tres
1424 212 1544 240 tantum
1564 218 1598 241 ex
1621 214 1759 251 quatuor

1016 259 1158 302 partibus
1182 271 1253 291 rere
1275 260 1394 293 babere
1416 261 1544 299 debent,
1569 262 1608 294 ad
1636 261 1696 294 lioc
1727 267 1761 294 ut

1017 312 1152 345 babeant
1170 320 1231 345 tres
1253 313 1394 355 integros
1415 321 1589 357 quatrenos
1610 315 1654 347 eis
1674 325 1757 355 vere,

1016 367 1192 399 sei-undum
1226 367 1391 410 antiquam
1423 374 1596 407 monetam,
1622 368 1758 407 debitos,

999 429 1074 450 ¹nos
1102 419 1258 463 rrdiquam
1281 427 1427 464 quartam
1456 427 1581 465 partem
1614 422 1761 465 quatreni

1000 473 1170 517 3praedirti
1190 475 1228 506 ad
1251 475 1391 507 savorem
1414 482 1443 507 et
1464 476 1672 509 commodum
1687 476 1763 509 Uni-

1019 524 1173 557 versitatis
1195 526 1351 557 lectorum
1382 527 1619 569 praedictorum
1648 527 1763 560 cedere

1000 577 1151 615 ,omnino
1185 578 1347 615 volumus,
1373 586 1468 623 prout
1499 581 1586 613 illam
1615 592 1652 614 ex
1679 591 1763 614 nunc

1019 630 1138 663 eisdem
1161 631 1363 665 t'niversitati
1393 638 1424 666 et
1444 634 1629 674 lectoribus,
1654 640 1763 667 aueto-

1001 718 1002 723 ,
1020 684 1111 717 ritate
1132 690 1163 717 et
1184 691 1293 718 tenore
1313 686 1500 729 praedictis,
1524 687 1673 720 similiter
1692 698 1765 732 per-

1000 728 1115 785 }petuo
1145 738 1344 782 applicamus
1371 746 1399 772 et
1428 740 1698 784 appropriamus,
1733 747 1764 775 et

1018 803 1223 836 quacumque
1256 793 1443 837 exceptione
1473 805 1527 828 seu
1560 795 1764 828 excusatione

1019 847 1217 881 cessantibus
1235 854 1265 880 et
1285 848 1418 881 omnino
1445 849 1640 893 postpositis,
1664 849 1761 882 reali--

1019 905 1066 933 ter
1087 906 1116 934 et
1137 912 1210 934 cum
1239 901 1354 934 effectu
1386 902 1524 946 persolvi
1556 903 1704 936 volumus
1734 909 1764 936 et

1020 955 1220 988 mandamus.
1257 956 1445 993 Postremo,
1484 956 1638 1000 quoniam
1671 956 1764 990 nobis

1019 1008 1155 1041 maxime
1178 1009 1266 1042 cordi
1281 1015 1325 1042 est
1340 1010 1542 1054 gymnasium
1561 1010 1762 1050 Perusinum,

1020 1063 1211 1095 mandamus
1228 1063 1351 1105 legatis,
1373 1063 1576 1105 vice-legatis
1598 1070 1627 1097 et
1647 1064 1765 1106 guber-

1019 1116 1186 1149 natoribus
1200 1116 1335 1149 civitatis
1347 1117 1532 1160 praedictae
1547 1127 1606 1161 pro
1621 1123 1766 1161 tempore

1020 1170 1239 1209 existentibus,
1264 1177 1298 1204 ut
1319 1182 1447 1204 causam
1462 1171 1682 1205 Universitatis
1695 1172 1765 1205 Stu-

1020 1224 1062 1257 dii
1095 1235 1130 1257 ac
1156 1224 1312 1257 lectorum
1342 1225 1559 1267 praefatorum
1592 1225 1767 1270 praecipue

1002 1304 1004 1321 ζ
1020 1278 1157 1311 habeant
1182 1278 1454 1318 commendatam,
1476 1285 1655 1323 curentque
1670 1289 1766 1323 quam

1002 1322 1265 1375 {diligentissime
1286 1339 1318 1366 ut
1340 1334 1478 1366 lectores
1499 1333 1657 1377 praedicti
1678 1334 1768 1367 dehi-

1022 1387 1060 1420 tis
1080 1386 1281 1430 temporibus
1308 1386 1429 1419 nullam
1452 1386 1482 1419 in
1511 1387 1675 1420 exactione
1695 1397 1769 1420 suo-

1021 1451 1093 1473 rum
1114 1440 1306 1473 salariorum
1328 1440 1516 1474 dilationem
1537 1441 1715 1485 patiantur,
1739 1447 1770 1474 et

1022 1499 1133 1527 eontra
1154 1504 1376 1537 quoscumque
1397 1494 1520 1527 solvere
1551 1494 1704 1528 debentes
1730 1494 1768 1527 ad

1023 1547 1223 1580 effeetualem
1245 1547 1440 1580 solutionem
1461 1558 1498 1580 ae
1518 1547 1769 1581 satisfactionem

1023 1612 1059 1635 ex
1081 1612 1164 1645 puro
1185 1606 1214 1634 et
1236 1611 1327 1634 mero
1348 1612 1461 1634 eorum
1484 1601 1603 1641 officio,
1618 1601 1714 1634 nullis
1726 1601 1771 1635 se-

1026 1655 1092 1695 riis,
1117 1660 1168 1687 aut
1191 1655 1253 1687 alia
1274 1654 1462 1698 exceptione
1495 1661 1523 1687 et
1556 1655 1771 1698 appellatione

1024 1714 1158 1747 remota,
1180 1709 1368 1752 procedant.

1069 1765 1085 1805 g
1117 1762 1147 1794 6.
1182 1762 1397 1795 Det-eruentes
1433 1767 1617 1805 praesentes
1649 1762 1771 1796 litteras

1686 149 1726 182 75}
1774 159 1822 185 An.
1841 159 1868 186 c.
1893 160 1959 185 1503

1810 221 1881 241 Cassio
1897 221 1959 246 pretii

1775 247 1864 272 piscium
1899 247 1958 267 lacus

1776 274 1891 294 'la-astinem
1903 274 1959 294 saro-

1776 306 1797 320 re
1813 302 1920 321 tectorum.

1813 1771 1924 1793 clausulae
1933 1777 1971 1798 pro

1025 1816 1113 1848 nullo
1136 1826 1288 1859 umquam
1313 1821 1457 1858 tempore
1483 1815 1522 1847 de
1554 1815 1771 1859 subreptionis
1785 1798 1971 1847 iiiieffiissfflfflffl

1785 1852 1858 1873 mttate
1871 1855 1889 1872 et
1899 1852 1970 1872 obser—

1025 1871 1070 1903 vel
1094 1870 1294 1913 obreptionis
1314 1869 1402 1910 vitio,
1426 1880 1482 1902 seu
1503 1869 1691 1903 intentionis
1711 1880 1770 1904 no-
1787 1879 1865 1900 vanua.

1025 1930 1109 1957 strae
1129 1929 1180 1956 aut
1204 1923 1267 1956 alio
1285 1933 1491 1967 quocumque
1514 1923 1651 1963 defectu,
1675 1923 1771 1956 etiam

1026 1990 1061 2011 ex
1083 1990 1120 2011 co
1142 1979 1229 2022 quod
1251 1978 1403 2011 interesse
1425 1978 1580 2011 habentes
1602 1978 1648 2011 vel
1674 1989 1769 2022 prae-

1028 2033 1192 2065 tendentes
1213 2033 1252 2065 ad
1272 2032 1332 2065 boe
1354 2031 1456 2065 vocati
1478 2042 1542 2064 non
1564 2031 1701 2071 fuerint,
1725 2032 1772 2065 vel

1025 2085 1209 2129 praemissis
1227 2096 1292 2118 non
1305 2084 1537 2124 consenserint,
1559 2090 1613 2117 aut
1626 2084 1704 2117 alias
1717 2095 1774 2117 no-

1026 2139 1096 2177 tari,
1122 2139 1318 2183 impugnari,
1339 2139 1504 2172 invalidari
1526 2144 1580 2171 aut
1600 2138 1640 2171 ad
1661 2138 1773 2171 termi-

1027 2204 1084 2226 nos
1113 2193 1191 2226 iuris
1223 2193 1345 2229 reduci,
1370 2203 1425 2225 seu
1448 2192 1479 2224 in
1501 2192 1549 2224 ius
1577 2192 1625 2224 vel
1647 2197 1774 2225 contro—

1026 2247 1161 2281 versiam
1194 2247 1334 2281 revocari
1368 2258 1432 2280 non
1464 2257 1574 2289 posse3
1602 2245 1712 2290 sieque
1743 2252 1775 2279 et

1026 2312 1091 2333 non
1123 2301 1214 2334 aliter
1234 2311 1292 2344 per
1322 2301 1420 2344 ipsius
1451 2299 1587 2332 civitatis
1618 2300 1770 2342 legatum,

1027 2354 1268 2397 vice-legatum,
1283 2354 1534 2397 gubernatorem
1549 2359 1576 2385 et
1588 2353 1667 2386 alios
1678 2363 1774 2397 quos-

1028 2418 1166 2452 cumque
1196 2407 1328 2447 iudices,
1361 2407 1472 2451 quavis
1493 2406 1683 2440 auctoritate
1704 2407 1774 2440 sun-

1028 2466 1148 2504 gentes,
1173 2471 1258 2493 nunc
1279 2466 1309 2493 et
1336 2471 1394 2504 pro
1423 2466 1569 2504 tempore
1590 2459 1771 2500 existentes,

1028 2514 1124 2548 etiam
1145 2514 1175 2548 S.
1199 2515 1235 2547 R.
1263 2514 1296 2547 E.
1331 2514 1510 2548 cardinales
1542 2520 1573 2546 et
1604 2524 1774 2547 causarum

1029 2567 1138 2612 palatii
1160 2567 1328 2612 apostolici
1360 2567 1540 2609 auditores,
1575 2567 1701 2600 sublata
1730 2568 1775 2601 eis
