2253 3195
25 227 73 255 An.
90 227 119 255 C.
138 228 206 255 1596

49 495 164 520 Qualitates
173 500 205 516 re-

23 521 138 549 quirendae
149 522 168 542 in
179 522 205 542 iis

23 547 58 575 qni
77 547 104 568 ad
119 549 205 569 canunt-

23 575 205 600 catusprunumut

23 600 105 622 debent.

74 2141 160 2165 Collatia
179 2143 206 2164 ad

27 2174 78 2196 quos
92 2171 205 2196 pertineat.

828 228 975 253 CLEMENS
995 228 1053 252 vm
1074 228 1123 252 Pr.

219 276 352 320 possint,
376 275 459 309 dicta
481 276 670 309 auctoritate
690 276 785 309 etiam
806 282 963 320 perpetuo

220 329 321 365 unias,
346 334 509 366 annectes,
534 329 744 373 incorpores,
768 330 910 373 applices
934 335 964 362 et

220 383 408 426 appropries
429 384 615 427 respective.

265 438 281 478 ξ
306 436 337 469 4.
361 437 494 481 Insuper
511 437 598 481 quod
625 447 661 470 ex
692 437 841 470 undecim
868 447 963 469 cano-

220 489 378 522 nicatibus
399 496 427 524 et
449 492 642 535 praebendis
662 492 813 535 praefatis
831 501 913 523 unus
934 495 963 522 et

221 552 285 575 una
299 554 358 586 pro
370 555 435 577 uno
450 545 655 579 decretorum
671 546 813 582 doctore,
824 544 872 576 vel
886 543 963 576 alias

221 595 252 628 in
274 597 336 630 illis
356 599 512 640 graduato
533 600 564 632 in
583 600 690 643 aliqua
703 598 879 642 approbata
894 596 963 629 uni-

221 650 367 684 versitate.
386 652 481 684 studii
503 653 672 695 generalis,
690 663 725 685 ac
747 651 827 684 alins
849 656 877 684 et
901 650 962 683 alia

219 713 279 746 pro
292 714 356 737 nno
371 705 523 747 magistro
537 706 569 739 in
583 706 756 748 theologia,
769 705 822 749 qui
839 705 963 738 Adven-

219 761 269 789 tus
289 762 320 789 et
339 757 622 801 Quadragesimae,
640 759 773 803 aliisque
795 758 869 791 anni
884 763 962 790 tem-

218 810 351 853 poribus
372 817 402 844 et
427 812 688 845 solemnitatibus
719 811 908 844 concionem
931 810 962 843 in

219 862 302 896 dicta
331 864 498 906 collegiata
518 865 652 903 habeat,
676 875 801 897 necnon
827 864 908 896 alins
933 869 963 896 et

219 916 281 949 alia
306 917 547 960 poenitentiarii
574 917 795 962 nuncupandi,
820 927 878 960 pro
898 927 963 949 uno

218 971 481 1014 poenitentiario,
497 972 550 1016 qui
573 972 788 1005 consessiones
809 971 918 1004 audiat
935 976 964 1003 et

219 1023 281 1056 alia
302 1024 542 1067 poenitentiarii
564 1025 717 1063 officium,
735 1025 820 1057 iuxta
833 1023 963 1058 Concilii

219 1076 397 1110 Tridentini
419 1077 675 1122 dispositionem,
698 1077 792 1110 saciat
812 1082 843 1110 et
863 1077 965 1110 adim-

219 1130 324 1174 pleat.;
354 1131 498 1175 aliusque
521 1137 550 1164 et
584 1131 645 1164 alia
679 1131 876 1173 theologales
904 1141 964 1174 pro

218 1194 284 1217 uno
308 1194 438 1228 quoque
462 1185 616 1227 magistro
641 1185 673 1217 in
702 1184 881 1226 theologia,
910 1184 964 1228 qui

218 1238 348 1271 Sacram
365 1238 580 1282 Scripturam,
604 1238 690 1271 iuxta
716 1238 813 1282 ipsius
834 1238 965 1272 Concilii

218 1291 367 1329 formam,
381 1291 459 1324 inibi
472 1292 557 1333 legat
570 1297 600 1326 et
612 1292 853 1335 interpretetur,
870 1292 966 1325 alius-

219 1355 281 1388 que
309 1351 340 1378 et
367 1345 428 1378 alia
457 1355 516 1389 pro
543 1355 608 1378 uno
641 1345 703 1378 alio
725 1345 888 1387 theologo,
916 1346 963 1378 vel

218 1398 384 1442 utriusque
404 1399 483 1432 iuris
504 1399 619 1443 perito,
635 1399 690 1442 qui
711 1399 854 1441 negociis
867 1399 961 1443 Capi—

220 1451 277 1484 tuli
298 1451 458 1492 intendat3
490 1463 526 1485 ac
552 1452 634 1485 alius
654 1458 685 1485 et
705 1452 767 1485 alia
787 1452 964 1485 diaconalis

219 1514 279 1548 pro
298 1515 364 1538 uno
384 1505 543 1545 diacono,
568 1516 626 1539 nec
650 1516 716 1538 non
742 1505 823 1538 alius
850 1511 881 1538 et
903 1505 965 1542 alia

220 1558 459 1592 subdiaconalis
479 1569 538 1602 pro
567 1569 633 1592 uno
665 1558 886 1599 subdiacono,
910 1558 964 1602 qui

220 1610 385 1652 diaconus,
409 1618 440 1645 et
459 1612 676 1645 subdiaconus
702 1612 854 1656 episcopo
874 1611 965 1645 Orio-

220 1664 300 1698 lensi
320 1675 379 1709 pro
395 1670 541 1709 tempore
553 1665 712 1706 existenti,
726 1665 802 1698 dum
813 1665 853 1698 ad
863 1665 963 1709 ipsam

220 1717 422 1761 collegiatam
447 1718 615 1752 ecclesiam
636 1719 787 1759 accedet,
811 1719 962 1752 missam-

220 1782 283 1816 que
294 1772 471 1806 solemnem
485 1772 606 1806 ibidem
620 1772 807 1810 celebrabit,
819 1772 965 1806 assistere

221 1825 370 1866 debeant,
394 1836 430 1859 ac
450 1826 537 1870 quod
558 1825 701 1867 sacrista,
725 1836 851 1859 necnon
873 1825 964 1859 theo-

220 1879 313 1922 logus
338 1879 465 1922 legens,
490 1884 520 1913 et
539 1879 820 1923 poenitentiarius,
843 1879 965 1912 hebdo-

221 1932 420 1976 madariique
451 1932 587 1976 praefati
617 1933 679 1966 illis
710 1932 819 1974 horis,
849 1933 965 1977 quibus

220 1985 439 2019 functionibus
452 1992 483 2020 et
495 1986 608 2019 officiis
621 1987 686 2019 suis
700 1986 845 2030 impediti
857 1992 962 2025 erunt,

221 2049 281 2082 pro
301 2039 525 2083 praesentibus
544 2039 735 2073 habeantur.

267 2092 282 2135 g
303 2091 332 2124 5.
350 2091 506 2135 Quodque
526 2092 699 2125 decanatus
724 2093 763 2125 ad
784 2093 964 2125 Romanum

223 2144 412 2178 Pontificem
433 2156 492 2189 pro
514 2150 660 2189 tempore
681 2146 868 2179 existentem
896 2150 966 2178 tan-

222 2203 303 2238 tum,
330 2198 571 2242 poenitentiarii
599 2209 675 2231 vero
704 2198 903 2242 nuncupati,
931 2209 967 2231 ac

223 2251 360 2284 aliorum
377 2257 526 2295 quatuor,
542 2262 608 2284 non
630 2258 748 2293 tamen,
770 2258 803 2285 ut
818 2252 963 2296 praeser-

225 2310 285 2346 tur,
309 2305 498 2338 affectorum
529 2305 778 2338 canonicatuum
808 2311 839 2338 et
868 2315 964 2348 prae-

223 2358 403 2392 bendarum
424 2352 465 2392 ad
485 2359 636 2392 eumdem
657 2360 839 2392 Romanum
861 2358 968 2391 Ponti-

224 2411 328 2452 ficem,
340 2423 395 2445 seu
410 2412 680 2446 reservationibus
698 2418 729 2445 et
746 2411 968 2445 affectionibus

224 2465 407 2508 apostolicis
426 2465 635 2503 cessantibus,
657 2466 697 2498 ad
716 2465 898 2509 praefatum
912 2464 969 2498 Or·

224 2517 397 2559 dinarium,
421 2519 748 2552 hebdomadariarum
776 2524 904 2559 autem,
932 2529 968 2551 ac

223 2571 416 2604 vicariarum
432 2576 464 2605 et
473 2572 612 2605 duorum
626 2571 855 2614 erigendorum
872 2571 969 2604 bene-

224 2623 372 2659 ficiorum
392 2625 587 2667 huiusmodi,
604 2630 669 2659 tam
683 2625 742 2659 hac
762 2625 865 2670 prima
885 2624 964 2662 vice,

999 287 1094 320 quam
1113 276 1265 319 deinceps
1286 274 1449 320 perpetuis
1470 275 1584 309 suturis
1610 280 1737 319 tempo-

999 329 1097 367 ribus,
1122 329 1394 372 quandocumque
1422 329 1475 361 illa
1504 339 1616 361 vacare
1637 329 1741 361 conti-

997 381 1113 423 gerint,
1137 382 1288 421 collatio,
1321 382 1461 426 provisio
1493 387 1522 414 et
1554 382 1741 415 omnimoda

997 434 1058 467 alia
1089 435 1256 478 dispositio
1287 436 1326 468 ad
1358 435 1508 468 eumdem
1535 435 1740 468 Ordinarium

997 489 1161 521 dumtaxat
1176 494 1297 532 spectet
1315 495 1345 522 et
1365 490 1542 533 pertineat;
1564 490 1602 523 de
1621 489 1742 523 hebdo-

997 541 1150 574 madariis
1177 547 1283 574 autem
1305 548 1333 575 et
1355 542 1465 575 vicarii
1491 543 1659 586 praefatis,
1684 554 1738 576 ea-

997 605 1068 627 rum
1094 595 1259 629 vacatione
1280 606 1339 639 pro
1359 602 1506 639 tempore
1532 602 1738 637 occurrente,

997 649 1108 692 positis
1139 649 1251 683 edictis
1281 655 1311 682 et
1347 650 1478 693 praevio
1514 661 1674 683 concursu
1704 661 1741 683 ac

997 702 1090 740 alias,
1114 702 1200 735 iuxta
1221 703 1426 736 decretorum
1449 703 1525 736 dicti
1545 703 1688 743 Concilii,
1706 714 1741 736 ac

998 756 1235 790 constitutionis
1253 756 1352 789 felicis
1374 756 1606 790 recordationis
1626 757 1671 789 Pii
1685 757 1743 789 Pa-

998 820 1056 852 pae
1072 810 1106 850 V,
1127 810 1382 853 praedecessoris
1402 810 1515 850 nostri,
1533 821 1629 854 super
1645 810 1742 843 modo

998 863 1186 896 conserendi
1217 864 1419 907 parochiales
1452 863 1602 896 ecclesias
1638 863 1742 896 editae

999 917 1148 953 sormam,
1174 917 1300 960 disponi
1331 917 1469 955 debeat,
1502 927 1627 950 necnon
1656 917 1743 961 quod

999 969 1152 1008 cantoria,
1176 970 1330 1009 sacristia,
1355 970 1563 1003 canonicatus
1590 975 1621 1003 et
1645 980 1740 1014 prae-

999 1023 1135 1062 bendae,
1159 1023 1445 1063 hebdomadariae,
1465 1023 1603 1056 vicariae
1628 1029 1658 1056 et
1681 1023 1743 1056 dua

999 1076 1151 1118 erigenda
1165 1076 1322 1109 beneficia
1335 1076 1533 1116 huiusmodi,
1551 1076 1677 1120 quoties
1691 1087 1744 1109 eo-

1000 1140 1071 1162 rum
1093 1129 1234 1169 collatio,
1258 1130 1399 1173 provisio
1420 1135 1451 1163 et
1468 1130 1598 1173 quaevis
1616 1130 1677 1162 alia
1698 1130 1745 1163 di-

999 1183 1133 1227 spositio
1161 1184 1202 1216 ad
1232 1183 1439 1217 Ordinarium
1465 1184 1663 1227 praefatum,
1695 1184 1743 1217 vel

1000 1236 1216 1280 praesentatio
1237 1247 1394 1280 personae
1412 1237 1547 1270 idoneae
1571 1237 1610 1270 ad
1631 1237 1685 1269 illa
1705 1237 1743 1269 ad

1000 1290 1222 1333 infrascriptos
1241 1296 1395 1334 patronos
1422 1300 1481 1334 pro
1508 1295 1653 1334 tempore
1674 1301 1745 1334 spe-

1000 1344 1110 1383 ctabit,
1134 1343 1230 1376 nullis
1255 1344 1388 1377 omnino
1416 1344 1578 1384 conferri,
1602 1354 1661 1376 nec
1687 1354 1745 1388 per

1000 1397 1125 1441 aliquos
1139 1397 1252 1442 quovis
1267 1398 1364 1431 modo
1377 1397 1516 1430 obtineri
1533 1397 1667 1441 possint,
1684 1397 1744 1430 nisi

1000 1450 1054 1494 qui
1075 1461 1111 1483 ex
1132 1450 1219 1484 dicto
1240 1451 1360 1495 oppido
1374 1451 1413 1484 de.
1434 1451 1741 1491 Alicante,aclocis‚

999 1515 1056 1537 seu
1076 1504 1203 1547 oppidis
1224 1505 1263 1538 de
1284 1504 1459 1537 Muchiavel
1481 1510 1511 1538 et
1537 1504 1745 1538 Sanctiloan-

1000 1557 1059 1597 nis,
1084 1568 1119 1590 ac
1145 1558 1183 1591 de
1212 1558 1439 1600 Bemmagres.
1461 1568 1520 1591 nec
1539 1568 1616 1599 non,
1641 1557 1745 1591 muni-

1000 1609 1110 1653 cipiis,
1135 1610 1271 1649 mansis,
1305 1616 1335 1643 et
1365 1610 1524 1653 Algueriis
1549 1610 1744 1654 nuncupatis

1000 1664 1082 1696 infra
1099 1664 1242 1697 civitates
1254 1669 1284 1696 et
1298 1664 1454 1697 terminos
1469 1664 1613 1697 eiusdem
1633 1663 1744 1707 oppidi

1000 1718 1039 1750 de
1066 1717 1209 1751 Alicante
1230 1717 1496 1758 consistentibus,
1520 1717 1669 1761 concepti
1689 1728 1745 1751 seu

1000 1771 1061 1804 orti
1088 1770 1233 1810 existant,
1258 1771 1290 1803 in
1315 1771 1454 1815 quibus,
1482 1776 1513 1804 et
1540 1771 1587 1807 illi
1611 1782 1742 1812 omnes,

1000 1825 1066 1869 qui,
1083 1835 1235 1869 casuquo
1256 1824 1288 1857 in
1310 1824 1379 1858 aliis
1400 1824 1528 1869 oppidis
1550 1830 1646 1869 atque
1667 1824 1746 1858 locis

1000 1877 1145 1921 concepti
1166 1883 1221 1910 aut
1245 1877 1311 1910 nati
1335 1877 1415 1917 sint,
1439 1883 1493 1910 aut
1510 1888 1570 1921 pro
1599 1883 1748 1921 tempore

1000 1937 1104 1971 erunt,
1128 1941 1267 1975 quorum
1290 1936 1397 1964 tamen
1417 1937 1567 1975 parentes
1588 1931 1619 1963 in
1631 1931 1746 1964 eodem

1000 1984 1120 2028 oppido
1133 1985 1171 2018 de
1186 1985 1329 2018 Alicante
1341 1985 1543 2018 domicilium
1557 1985 1740 2026 habuerint,

1000 2048 1125 2071 necnon
1151 2048 1263 2071 omnes
1283 2038 1460 2082 'presbyteri
1493 2043 1521 2070 et
1549 2037 1668 2078 clerici⁷
1693 2036 1747 2081 qui

1001 2091 1039 2124 de
1062 2091 1224 2134 praesenti
1254 2092 1294 2124 ad
1323 2092 1445 2125 fructus
1472 2097 1503 2124 et
1529 2091 1748 2124 emolumenta

1000 2145 1208 2178 ecclesiarum
1231 2145 1261 2179 S.
1287 2145 1409 2178 Nicolai
1433 2150 1464 2177 et
1490 2145 1521 2178 S.
1549 2145 1666 2178 Mariae
1686 2145 1747 2177 hu-

1002 2198 1141 2231 iusmodi
1161 2198 1292 2231 admissi
1317 2203 1402 2239 sunt,
1427 2197 1748 2241 comprehendantur

1001 2256 1032 2283 et
1056 2251 1282 2295 comprehensi
1314 2251 1557 2293 intelligantur3
1597 2261 1656 2284 nec
1683 2261 1748 2284 non

1002 2305 1089 2347 quod
1103 2304 1299 2348 quicumque
1316 2304 1454 2338 voluerit
1469 2305 1604 2337 fundare
1618 2304 1650 2336 in
1666 2304 1750 2337 dicta

1002 2357 1169 2399 collegiata
1199 2358 1333 2391 ecclesia
1358 2358 1582 2391 canonicatum
1605 2363 1634 2390 et
1651 2368 1747 2400 prae-

1002 2409 1160 2450 bendam,
1182 2416 1329 2444 teneatur
1345 2410 1417 2443 illos
1438 2411 1549 2443 dotare
1570 2410 1601 2442 in
1620 2416 1749 2443 centum

1003 2468 1033 2496 et
1066 2463 1299 2507 quinquaginta
1332 2464 1489 2497 librarum
1517 2463 1670 2496 similium
1701 2463 1750 2497 vel

1002 2516 1157 2560 amplius,
1191 2516 1277 2549 iuxta
1308 2516 1469 2550 Ordinarii
1494 2516 1630 2560 praefati
1662 2516 1750 2550 ordi-

1002 2569 1168 2603 nationem
1198 2576 1229 2603 et
1259 2570 1466 2611 taxationem,
1492 2569 1672 2603 redditibus
1696 2580 1752 2603 an-

1003 2624 1075 2659 nuis
1096 2629 1126 2658 et
1147 2624 1358 2669 proventibus
1378 2625 1409 2658 in
1432 2630 1509 2666 toto,
1524 2625 1571 2659 vel
1594 2625 1625 2658 in
1646 2631 1748 2670 parte,

1647 217 1711 251 263
1758 228 1808 253 An.
1825 227 1853 254 c.
1872 226 1941 254 1596

1782 1299 1861 1323 Quibus
1871 1305 1944 1325 supra·

1760 1326 1816 1346 :licta
1841 1326 1944 1346 benoncia

1759 1353 1801 1373 sint
1808 1353 1935 1373 conterenda
