2253 3195
4 253 52 277 ιιι.
73 248 100 275 C.
119 249 181 276 1601
817 249 964 273 (1111111116
984 248 1041 272 ν111
1062 248 1111 272 rr.
1626 234 1689 268 <597

4 294 5 323 Ῐ
43 310 183 336 Corporis-qne
200 296 295 329 totius
314 296 449 329 civitatis
473 296 573 336 luctu,
599 306 635 328 ac
657 297 839 341 principum
863 297 945 329 viro-
981 296 1063 329 mnis
1084 297 1174 340 lepra
1195 306 1230 328 ex
1250 295 1317 328 eius
1336 293 1489 327 membris
1507 293 1649 337 collapsa
1662 299 1720 331 est,

1737 245 1786 270 An.
1804 245 1831 270 C.
1855 245 1916 271 100¹

14 337 117 359 tanslatio.

6 594 9 604 Δ
51 575 134 596 iraculis
145 576 186 595 cla-

29 575 48 624 ΓΞ

66 1637 188 1659 Guillelmus

28 1664 122 1690 inan-agui
131 1665 188 1691 lepra

29 1692 122 1712 undatur.

201 360 272 382 rum
305 349 433 389 dolore,
469 348 648 382 honorifice
679 350 846 383 humatum
880 356 942 390 est,

200 403 287 447 quod
314 403 423 446 paucis
451 403 542 436 annis
572 408 643 446 post
674 403 705 435 in
737 404 944 447 sepulchrum

201 466 420 489 marmoreum
448 457 636 490 translatum
663 457 730 490 suit.

245 511 261 551 g
292 509 344 542 43.
380 510 648 543 Barchinonensis
680 510 818 553 populus
852 510 945 542 beato

199 563 389 612 Raymundo
417 562 478 595 vita
499 564 629 601 functo,
653 563 743 606 quasi
767 563 863 595 totius
889 574 944 605 pa-

202 615 279 649 triae
304 616 426 650 lumine
451 617 608 657 extincto,
633 627 781 649 moerore
811 616 946 649 afflictus

201 669 339 711 graviter
359 670 558 712 angebatur,
580 676 676 714 atque
709 671 749 703 ob
782 674 943 703 recentem

201 723 353 757 virtutum
363 724 431 757 eius
444 735 481 757 ac
492 724 688 758 beneficioru
696 735 724 756 m
740 724 942 761 memoriam,

202 787 239 809 eo
271 787 382 810 carere
414 777 565 810 omnibus
597 777 842 811 acerbissimum
865 782 941 809 erat.

201 830 262 864 Sed
282 837 374 874 pater
387 831 683 864 misericordiarum
705 837 735 864 et
755 832 837 864 Deus
851 830 946 864 totius

202 884 442 922 consolationis,
453 884 507 928 qui
517 885 694 918 secundum
706 884 945 918 multitudinem

202 937 351 970 dolorum
373 938 649 971 consolationibus
669 938 734 971 suis
763 938 946 971 timentium

202 1001 234 1023 se
253 991 352 1024 corda
376 991 540 1032 laetificat,
564 991 648 1024 beati
674 991 854 1036 Raymundi
879 1002 946 1024 me-

202 1043 271 1076 ritis
292 1044 447 1077 beneficia
465 1045 497 1077 in
518 1055 630 1078 omnes
650 1045 862 1085 ‹·0nse1·end0,
881 1046 947 1088 ple-

202 1098 275 1130 bem
296 1109 387 1131 suam
409 1098 544 1132 mirifice
570 1099 736 1132 recrearit.
764 1100 843 1132 Nam
870 1100 948 1131 tide-

202 1151 313 1184 lissimi
333 1152 427 1185 huius
444 1152 525 1185 servi
545 1152 759 1194 integritatem
780 1158 810 1185 et
829 1152 947 1185 sancti-

203 1205 357 1245 moniam,
374 1206 482 1238 multis
496 1205 626 1249 quidem
647 1206 677 1238 in
698 1206 761 1238 vita
783 1206 947 1239 miraculis

203 1258 334 1299 claram,
358 1259 504 1302 pluribus
532 1259 630 1301 signis
655 1265 726 1303 post
751 1260 875 1292 obitum
902 1259 948 1291 in-

205 1311 292 1353 genti
305 1311 451 1344 omnium
466 1312 587 1345 laetitia
600 1312 832 1356 comprobavit.
845 1314 948 1356 Atque

203 1370 238 1397 ut
266 1375 378 1398 omnes
403 1365 499 1399 etiam
521 1366 737 1408 intelligerent
766 1377 863 1410 quam
883 1366 948 1399 Deo

203 1419 323 1463 placita
345 1425 427 1453 esset
451 1420 558 1453 anima
589 1421 678 1461 eius,
703 1431 740 1454 eo
772 1421 841 1464 ipso
868 1426 948 1453 tem-

202 1484 293 1517 pore,
317 1484 381 1518 quo
402 1485 439 1507 ex
459 1474 518 1507 hac
531 1474 594 1508 vita
613 1475 759 1517 migravit
781 1476 821 1507 ad
842 1475 949 1508 Domi-

203 1537 293 1567 num,
323 1527 439 1570 insigni
461 1528 617 1561 miraculo
639 1534 686 1561 est
706 1528 916 1561 declaratum.

253 1582 269 1622 5
294 1579 348 1613 44.
376 1581 451 1613 Erat
482 1580 513 1613 in
543 1592 580 1613 ea
608 1581 734 1614 civitate
759 1581 950 1614 Guillelmus

204 1634 243 1666 de
264 1633 442 1676 Villaragnt
461 1635 527 1678 qui,
551 1634 725 1668 inveterata
743 1635 888 1678 corporis
906 1635 951 1667 le-

203 1697 271 1731 pra,
301 1687 439 1729 graviter
458 1688 637 1729 laborabat,
661 1699 767 1732 neque
788 1699 861 1721 eum
887 1690 951 1722 soe-

205 1741 286 1775 ditas
316 1742 421 1775 morbi
455 1742 614 1775 dolorisve
648 1743 806 1776 acerbitas
832 1743 863 1775 in
893 1755 951 1787 pu-

205 1795 325 1827 blicum
346 1796 490 1839 prodire,
511 1796 685 1840 solitasque
707 1796 951 1830 exet-‹tzitationes

206 1853 236 1881 et
255 1848 389 1890 negocia
403 1849 494 1882 obire
511 1849 704 1893 patiebatur.
721 1849 845 1889 Medici,
862 1850 952 1883 adlii-

206 1901 279 1935 bitis
300 1903 416 1935 frustra
437 1902 682 1936 medicamentis
704 1903 865 1943 omnihus,
890 1904 948 1937 de-

206 1955 331 1999 plorata
351 1966 404 1997 re,
427 1956 571 1990 animum
598 1957 857 2001 desponderant3
886 1959 953 2001 ipse

206 2020 299 2051 vero,
328 2010 393 2043 Deo
425 2010 467 2043 ita
499 2010 701 2055 disponente,
726 2011 778 2055 qui
801 2011 951 2045 Sanctum

206 2074 299 2096 suum
319 2063 553 2097 clarificaturus
574 2070 654 2106 erat,
679 2065 709 2098 in
732 2066 828 2099 aedes
853 2076 950 2109 quas-

207 2117 280 2150 dam
314 2117 511 2151 monasterio
532 2118 660 2151 Ordinis
690 2119 951 2153 Praedicatorum

206 2170 337 2211 vicinas,
361 2181 398 2204 ea
419 2171 487 2215 ipsa
507 2177 619 2212 nocte,
643 2183 706 2215 qua
731 2172 843 2205 beatus
874 2174 954 2217 Ray-

208 2225 348 2258 mundus
378 2225 511 2258 excessit
538 2236 553 2258 e
579 2225 658 2266 vita,
683 2226 874 2267 diverterat,
898 2226 953 2259 ubi

209 2289 280 2311 cnm
304 2278 494 2320 gravissimo
516 2279 718 2323 elephantiae
749 2280 860 2313 dolore
887 2285 953 2313 tor-

209 2337 373 2375 queretur,
402 2343 418 2364 a
444 2331 497 2375 pio
523 2332 664 2376 quodam
686 2332 766 2372 viro,
790 2334 954 2366 Bernardo

209 2385 248 2418 de
261 2385 415 2418 Molendis
436 2392 634 2430 nuncupato,
651 2386 807 2420 canonico
828 2387 955 2420 Barchi-

209 2438 344 2472 nonensi
358 2439 543 2473 admonitus
557 2444 604 2472 est
618 2445 652 2472 ut
666 2440 749 2472 beati
761 2440 952 2484 Rayunmdi,

210 2492 265 2535 qui
291 2502 329 2525 eo
351 2497 496 2535 tempore
526 2492 702 2525 dormierat
734 2493 764 2524 in
794 2493 953 2535 Domino,

211 2545 334 2578 meritis
352 2555 385 2578 se
406 2545 665 2585 commendaret;
687 2545 775 2589 quod
797 2546 848 2579 illc
866 2557 957 2580 recu-

210 2598 373 2641 perandae
390 2598 582 2631 valetudinis
603 2598 843 2642 cupidissimus,
860 2599 955 2632 siuml

980 360 1016 382 ac
1037 360 1149 381 sanum
1176 359 1293 392 corpus
1320 347 1468 391 reliquit3
1493 347 1523 379 in
1556 346 1646 379 cuius
1677 346 1723 379 rei

980 402 1106 443 signum
1138 408 1166 435 et
1200 401 1320 445 accepti
1353 400 1499 434 beneficii
1533 399 1722 433 memoriam

980 455 1064 488 idem
1080 456 1270 489 Guilleluius
1289 460 1499 488 monumento
1520 464 1674 498 suspenso
1694 453 1725 486 in

982 509 1100 551 templo
1119 520 1184 541 rem
1206 509 1356 541 omnihus
1372 513 1515 541 testatam
1531 518 1598 541 esse
1610 507 1721 547 voluit,

981 568 1010 594 et
1028 562 1223 605 posteritatis
1245 562 1421 595 memoriae
1442 561 1692 595 commendavit.

1026 615 1116 657 {45-
1148 616 1230 648 Illud
1262 627 1336 648 vero
1370 615 1545 648 maximum
1578 620 1625 648 est
1657 614 1725 647 eins

981 669 1156 702 sanctitatis
1189 674 1436 712 argumentum,
1464 668 1551 712 quod
1581 673 1726 701 mortuos

981 723 1076 755 etiam
1097 723 1136 756 ad
1154 723 1249 756 vitam
1273 723 1440 755 revocarit.
1465 722 1543 755 Nam
1566 722 1725 765 quaedam

981 778 1099 820 puella,
1116 778 1284 820 Margarita
1298 777 1441 817 nomine,
1459 776 1586 809 Ioannis
1604 775 1727 819 physici

981 829 1058 869 fitia,
1083 837 1222 874 quatuor
1253 837 1306 863 aut
1338 830 1467 863 circiter
1499 839 1599 862 annos
1627 834 1724 868 nata,

982 883 1135 916 diuturna
1155 884 1234 917 febri
1257 884 1482 927 continuisque
1501 882 1561 915 alvi
1580 881 1728 915 fluxioni-

981 937 1040 970 bus
1066 937 1234 979 exhausta,
1259 937 1345 971 diem
1367 937 1492 970 obierat
1523 941 1724 976 extremum,

982 1001 1118 1034 eamque
1138 1002 1211 1024 vere
1240 997 1400 1024 mortuam
1435 1001 1502 1023 esse
1531 989 1636 1034 pallor
1661 989 1727 1033 ipse

982 1045 1098 1085 vultus,
1120 1050 1304 1078 contractae
1325 1055 1441 1085 nares,
1466 1044 1551 1077 oculi
1573 1043 1725 1082 extincti,

982 1098 1105 1131 horridi
1128 1098 1257 1137 dentes,
1282 1104 1474 1141 caeteraque
1505 1097 1622 1130 indicia
1649 1107 1727 1130 con-

983 1152 1166 1191 firmabant,
1191 1152 1268 1195 quin
1289 1158 1319 1185 et.
1344 1152 1428 1184 idem
1458 1152 1593 1184 Ioannes
1617 1156 1725 1194 pater,

982 1205 1126 1238 medicae
1154 1205 1230 1238 artis
1251 1205 1508 1249 expertissimus,
1533 1204 1669 1237 asseruit
1696 1215 1730 1237 0-

984 1258 1070 1291 mnia
1092 1258 1215 1298 mortis7
1237 1258 1326 1291 nulla
1346 1258 1429 1291 vitae
1451 1257 1582 1299 vestigia
1609 1257 1639 1289 in
1662 1257 1730 1290 eius

983 1324 1120 1357 corpore
1139 1313 1290 1346 extitisse.
1307 1313 1447 1345 Honesta
1466 1311 1593 1345 interim
1617 1311 1732 1344 mulier

983 1368 1105 1400 Remea
1126 1367 1269 1400 eiusdem
1292 1366 1480 1409 ll'largaritae
1503 1371 1624 1405 mater,
1649 1377 1730 1409 quae

984 1421 1079 1465 paulo
1094 1427 1167 1453 ante
1178 1421 1217 1453 ad
1231 1420 1315 1453 beati
1330 1420 1509 1464 Raymundi
1520 1419 1729 1463 sepulchrum

984 1480 1182 1514 accesserat,
1207 1479 1236 1506 et
1257 1473 1410 1506 auxilium
1441 1473 1480 1505 ab
1513 1483 1551 1505 eo
1580 1473 1730 1516 filiaeque

984 1528 1200 1561 valetudinem
1222 1527 1427 1571 precabatur,
1445 1526 1499 1559 ubi
1515 1526 1553 1559 de
1569 1532 1672 1559 morte
1694 1526 1730 1558 si-

985 1582 1045 1614 liae
1067 1582 1185 1615 certior
1215 1592 1232 1613 a
1257 1581 1375 1614 Ioanne
1404 1580 1472 1613 eius
1504 1579 1619 1612 marito
1650 1580 1730 1612 facta

985 1642 1049 1672 est,
1084 1635 1123 1667 ab
1155 1635 1270 1667 eodem
1296 1633 1423 1677 saepius
1457 1634 1554 1666 domo
1581 1639 1730 1665 revocata

985 1687 1052 1727 suit,
1070 1697 1134 1730 quo
1157 1687 1209 1719 illa
1230 1686 1350 1719 nuncio
1371 1685 1517 1729 perculsa
1540 1690 1625 1717 tanto
1647 1684 1731 1717 filiae

986 1740 1228 1784 recuperandae
1254 1739 1416 1772 desiderio
1445 1739 1643 1771 inflammata
1664 1745 1728 1777 est,

986 1801 1017 1827 ut
1035 1806 1140 1838 neque
1155 1795 1229 1828 inde
1243 1805 1275 1827 se
1289 1794 1461 1832 abituram,
1478 1803 1583 1836 neque
1598 1793 1730 1825 domum

985 1859 1186 1882 reversuram
1212 1848 1404 1888 affirmaret,
1429 1846 1507 1886 nisi,
1531 1846 1614 1879 beati
1637 1846 1732 1878 liqus

986 1902 1043 1935 viri
1055 1901 1175 1935 meritis
1185 1901 1465 1941 etintercessione,
1479 1899 1649 1942 Margarita
1665 1899 1732 1932 eius

986 1955 1051 1988 filia
1073 1955 1153 1988 vitae
1184 1955 1417 1988 restitueretur.
1446 1955 1557 1997 ltaque
1582 1952 1732 1996 lacrymis

987 2020 1024 2042 ac
1043 2008 1192 2042 lamentis
1213 2008 1322 2041 omnia
1342 2007 1488 2045 miscere,
1513 2012 1543 2040 et
1568 2006 1732 2039 ardentius

988 2062 1125 2096 orationi
1146 2062 1283 2101 instare,
1308 2066 1403 2104 atque
1424 2072 1440 2093 a
1461 2061 1546 2100 Deo,
1568 2070 1626 2103 per
1646 2059 1730 2092 beati

988 2117 1045 2150 viri
1076 2116 1211 2155 merita,
1242 2114 1376 2148 summis
1404 2114 1555 2157 precibus
1586 2113 1732 2155 flagitare

988 2171 1093 2215 eoepit
1113 2176 1147 2203 ut
1171 2169 1270 2202 filiam
1297 2168 1378 2201 vitae
1403 2168 1529 2211 sibique
1558 2167 1729 2205 redderem

988 2225 1078 2257 euius
1098 2227 1355 2268 perseverantem
1376 2221 1560 2254 firmissima
1578 2219 1641 2253 side
1661 2231 1733 2253 ora-

988 2277 1108 2310 tionem
1130 2277 1265 2320 respexit
1289 2276 1381 2312 Deus,
1403 2285 1461 2307 nec
1481 2273 1600 2317 sprevit
1620 2274 1733 2317 depre—

989 2331 1130 2363 cationes
1163 2330 1242 2362 eius.
1274 2330 1351 2361 Nam
1385 2328 1443 2361 sul)
1476 2337 1626 2360 occasum
1658 2327 1733 2360 solis

989 2384 1158 2426 Margarita
1179 2383 1255 2423 filia,
1277 2382 1373 2425 paulo
1395 2387 1465 2425 post
1486 2381 1654 2413 meridiem
1677 2381 1732 2414 de-

990 2440 1108 2478 functa,
1132 2447 1197 2470 non
1223 2437 1319 2469 modo
1341 2436 1435 2472 vitae,
1459 2435 1514 2468 sed
1535 2434 1629 2467 etiam
1652 2434 1733 2468 inte-

990 2503 1065 2535 grae
1083 2491 1256 2524 valetudini
1277 2496 1320 2523 est
1337 2489 1464 2533 penitus
1483 2488 1637 2528 restituta,
1652 2499 1734 2532 quae

991 2545 1145 2590 postridie
1182 2544 1213 2576 in
1251 2543 1405 2587 templum
1443 2542 1541 2585 pedes
1578 2541 1656 2574 adiit
1694 2543 1733 2575 ad

990 2599 1109 2642 gratias
1130 2609 1188 2642 pro
1220 2603 1308 2630 tanto
1337 2596 1496 2629 beneficio
1517 2596 1679 2637 agendas,
1704 2602 1730 2629 et

212 2657 306 2694 atque
332 2651 502 2693 diligenter
529 2652 704 2695 praestitit,
730 2653 897 2685 confestim
921 2664 955 2685 o—
991 2654 1100 2686 decem
1124 2658 1151 2684 et
1175 2657 1314 2695 quatuor
1334 2660 1435 2684 annos
1455 2649 1639 2693 supervixit.

302 2714 376 2740 Ball*
400 2715 473 2742 Hom.
500 2715 559 2741 Vol.
577 2716 609 2741 X.
810 2716 843 2741 88

1812 625 1925 652 Margarita

1741 653 1809 679 puella
1833 653 1925 672 remmi-

1742 682 1775 699 tur
1797 680 1858 699 vitae.
