2253 3195
65 269 114 298 An.
135 267 166 296 C.
182 267 250 295 1598

95 1233 233 1255 Prooemium.

102 2458 214 2480 conuitium
223 2464 270 2480 cen-

84 2489 127 2507 tum
144 2488 234 2507 vii-orum
249 2485 269 2506 in

85 2513 270 2534 urbeFerrartenti

85 2540 182 2560 innituit.

873 264 1018 289 CLEMENS
1039 263 1096 288 vul
1117 263 1166 287 PP.

264 314 573 351 consuetudinibus,
610 313 807 357 caeterisque
839 312 1009 346 contrariis

264 371 534 415 quibuscumque.

308 425 421 458 Datum
443 424 619 465 Ferrariae,
643 424 701 457 suli
723 423 842 456 annulo
863 422 1006 455 Piscato-

266 478 320 519 ris,
344 478 394 511 die
413 489 443 512 v1
465 478 543 511 iunii
564 487 720 518 mnxcvtu,
736 476 939 520 pontificatus
954 485 1011 507 no-

265 532 321 564 stri
343 542 427 565 anno
453 542 508 565 vu.

303 593 360 620 Dat.
379 593 422 621 die
436 594 453 621 6
473 592 538 620 iunii
558 592 636 627 1598,
654 591 749 628 pontis.
769 599 812 619 an.
827 598 875 617 vu.

598 736 680 770 CXC.

267 827 437 860 Institutio
456 826 671 869 magyt'stratus
695 829 723 858 et
740 825 871 858 consilii
886 828 1014 857 centum

314 881 457 913 cirormn
486 880 522 912 m
551 880 680 912 civitate
704 879 734 912 F
734 879 889 917 errariue,
922 879 1015 910 cuius

311 932 713 966 comrmmitatinonnulla
721 932 940 966 conceduntur
945 933 1016 975 pri-

312 986 436 1030 vileyt'a
454 986 475 1020 ¹.

482 1059 616 1086 Clemens
632 1059 711 1092 Papa
722 1058 789 1086 vm
795 1079 801 1090 ,

395 1113 432 1140 ad
450 1115 626 1146 perpetuam
646 1112 693 1140 roi
707 1112 890 1140 memoriam.

314 1175 402 1207 inter
418 1174 610 1218 praecipuas
624 1185 717 1208 curas
730 1180 759 1207 et
769 1173 1013 1214 sollicitudines,

271 1238 351 1271 quas
369 1228 400 1260 111
421 1238 572 1272 suprema
596 1227 764 1272 apostolici
786 1227 940 1267 muneris,
964 1227 1015 1259 di-

271 1281 344 1314 vina
371 1281 581 1325 dispositione
613 1281 707 1314 nobis
733 1280 907 1321 commissi,
941 1282 1015 1313 sun-

272 1334 377 1367 ctione
409 1334 477 1368 dies
508 1340 684 1378 noctesque
711 1334 819 1367 animo
839 1344 1015 1374 versamur,

271 1393 441 1432 postquam
463 1388 617 1421 nimirum
639 1387 764 1421 divinae
785 1387 905 1431 placuit
926 1387 1019 1421 boni-

273 1442 344 1483 tati,
377 1448 412 1475 ut
439 1441 599 1475 civitatem
633 1448 660 1474 et
691 1442 842 1475 ducatum
873 1449 1020 1475 nostrum

273 1494 511 1528 Ferrariensem
533 1495 572 1528 ad
590 1505 649 1528 nos
669 1499 701 1527 et
717 1495 831 1528 Sedem
854 1495 1018 1539 Apostoli-

275 1558 344 1581 cam
359 1558 464 1592 nuper
480 1547 623 1590 legitime
633 1548 818 1581 devolutum
833 1558 893 1592 pro
908 1549 1020 1582 eadem

275 1602 357 1635 Sede
386 1612 666 1645 recuperaremus,
699 1612 734 1635 ea
763 1612 840 1635 sane
869 1602 1022 1645 cogitatio

275 1660 439 1698 postrema
459 1665 524 1688 nou
547 1660 605 1693 est,
626 1666 688 1699 qua
710 1655 788 1688 illud
807 1656 895 1689 omni
917 1656 1023 1689 studio

276 1708 462 1752 quaerimus
484 1714 580 1752 atque
600 1708 837 1749 contendimus,
851 1715 884 1742 ut
903 1715 1022 1743 rectam

276 1762 416 1806 aliquam
438 1762 581 1796 eiusdem
604 1762 739 1795 civitatis
759 1762 841 1795 bene
867 1768 895 1796 et
919 1763 1021 1796 felici-

277 1822 325 1849 ter
344 1815 618 1849 administrandae
630 1815 801 1857 rationem,
819 1816 849 1849 in
872 1816 909 1850 iis
927 1817 1023 1850 etiam

277 1880 359 1914 quae
380 1870 420 1903 ad
447 1869 580 1903 dilectos
605 1869 688 1903 filios
708 1871 973 1904 communitatem
995 1877 1044 1904 οιἸ

278 1923 426 1956 homines
446 1923 589 1957 eiusdem
610 1923 745 1957 civitatis
759 1924 906 1965 attinent,
924 1936 1027 1969 aequa

280 1988 316 2010 ac
335 1976 440 2010 stabili
462 1977 598 2017 consilii,
617 1977 820 2020 magistratus
841 1989 877 2011 ae
898 1978 1027 2021 regimi-

280 2030 329 2063 nis
349 2030 434 2063 illius
455 2031 628 2064 constituta
649 2031 752 2064 forma
766 2031 921 2065 ineamus.
936 2033 1027 2072 Quod

281 2089 367 2117 certe
388 2094 425 2117 eo
447 2083 533 2116 inter
553 2084 615 2117 alia
647 2084 781 2118 oonsilio
813 2085 964 2127 facimus,
994 2092 1029 2120 ut

281 2138 470 2171 eorumdem
482 2138 722 2172 communitatis
735 2139 942 2173 ethominum
953 2151 1029 2183 erga

280 2202 338 2225 nos
367 2197 397 2225 et
416 2192 625 2236 apostolicam
647 2192 761 2226 Sedem
782 2192 863 2226 fides
894 2199 925 2227 et
951 2194 1028 2227 obe-

281 2245 402 2279 dientia
419 2256 457 2279 eo
489 2251 582 2290 paeto
604 2245 826 2287 confirmetur,
851 2252 881 2280 et
902 2252 936 2280 ut
957 2259 1029 2281 mu-

282 2304 335 2332 tua
357 2298 440 2332 inter
461 2309 515 2332 eos
528 2309 587 2343 pax
610 2304 705 2343 atque
719 2300 894 2333 concordia
911 2300 943 2334 in
963 2301 1030 2335 dies

285 2352 385 2395 magis
406 2358 572 2395 augeatur.

329 2406 345 2449 ἓ
365 2405 395 2438 l.
419 2406 481 2439 Pro
502 2406 588 2440 bono
609 2407 707 2450 igitur
736 2407 870 2441 civitatis
902 2414 1030 2442 nostrae

285 2459 497 2493 Ferrariensis
527 2460 684 2503 regimine
722 2472 823 2494 unum
860 2462 1030 2495 consilium

286 2518 415 2546 centum
442 2513 597 2555 virorum,
621 2515 812 2549 auctoritate
841 2516 1028 2560 apostolica,

287 2573 398 2600 tenore
423 2567 662 2610 praesentium,
693 2574 850 2612 perpetuo
878 2569 1032 2611 erigimus

287 2626 317 2653 et
338 2620 550 2659 instituimus,
575 2620 744 2665 ipsumque
764 2622 933 2655 consilium
960 2622 1032 2654 uni-

325 2683 332 2708 1
359 2682 392 2709 Ex
410 2682 516 2718 Regest.
538 2683 563 2709 in
579 2683 683 2710 Secret.
703 2683 835 2711 Brevium.

390 2737 466 2765 nult.
488 2738 566 2764 llom.
593 2737 649 2765 Vol.
668 2737 700 2765 X.
915 2740 946 2766 57

1044 322 1166 345 versam
1190 310 1348 343 civitatem
1375 316 1400 341 ct
1423 308 1688 342 communitatem
1708 309 1786 341 For-

1045 365 1219 398 rariensem
1239 370 1493 408 repraesentare,
1518 374 1552 395 ac
1579 362 1786 395 deliberatio-

1045 430 1100 451 nes
1113 429 1172 462 per
1185 418 1305 450 ‹lit-tum
1325 417 1494 450 eonsilium
1511 416 1747 460 suscipiendas,
1762 421 1793 447 et

1044 472 1249 515 exequutioni
1265 471 1517 508 ‹tetiiaiidaiiidas,
1531 475 1721 513 caeteraque
1735 480 1793 513 per

1045 525 1165 557 dietum
1197 524 1364 557 eonsilium
1387 525 1548 565 gerenda,
1573 524 1657 556 iuxta
1685 528 1792 555 tamen

1047 578 1213 611 facultates
1235 578 1463 620 infrascriptos,
1481 577 1628 610 eamdem
1648 576 1723 613 vim,
1740 586 1793 608 ro-

1046 631 1107 663 lmr
1128 637 1157 663 ct
1172 631 1346 664 efficaciam
1365 630 1510 663 obtinere
1525 630 1672 663 volumus
1686 635 1714 662 et
1733 634 1795 661 sta-

1048 683 1182 723 luimus,
1214 695 1249 717 ac
1269 684 1293 717 si
1316 683 1483 716 universus
1509 683 1648 726 populus
1677 683 1791 715 Ferra-

1047 737 1161 771 riensis
1191 738 1221 770 in
1244 738 1305 770 illis
1326 747 1478 781 praesens
1495 737 1616 775 suisset,
1640 742 1667 769 et
1701 746 1794 769 suum

1048 791 1268 835 unusquisque
1287 792 1325 824 de
1347 791 1467 834 populo
1480 800 1670 823 consensum
1692 790 1720 822 111
1736 789 1796 822 eis-

1048 845 1121 878 dem
1142 844 1362 889 praestitisset.

1094 901 1110 941 ἓ
1131 898 1161 932 2,
1185 899 1292 942 Ipsum
1314 908 1390 931 vero
1412 897 1580 931 consilium
1604 897 1642 930 de
1659 897 1796 930 triennio

1050 952 1080 985 in
1107 952 1293 990 triennium,
1312 957 1346 984 ut
1367 951 1463 989 infra,
1489 950 1636 983 renovari
1666 960 1702 983 ac
1728 960 1798 982 11111-

1051 1005 1109 1039 tari
1132 1006 1250 1039 debere
1268 1005 1448 1039 statuimus.

1096 1061 1111 1101 ξ
1138 1059 1168 1092 3.
1204 1060 1266 1092 Pro
1295 1058 1554 1092 consiliariorum
1585 1063 1692 1091 autem
1723 1056 1798 1090 dicti

1051 1112 1175 1146 consilii
1200 1112 1368 1153 electione,
1393 1112 1451 1145 liac
1473 1112 1577 1155 prima
1597 1111 1678 1151 viee,
1703 1111 1800 1143 intra-

1050 1166 1186 1210 scriptos
1200 1166 1383 1209 octuaginta
1398 1166 1496 1198 duos'
1516 1164 1715 1198 consiliarios
1735 1175 1796 1197 no-

1052 1220 1213 1253 minamus
1234 1226 1261 1253 et
1288 1220 1446 1263 eligimus,
1464 1220 1553 1252 nulla
1573 1229 1796 1263 personarum,

1052 1275 1186 1317 gradus,
1218 1285 1273 1307 seu
1306 1273 1579 1318 praeeminentiae
1611 1272 1720 1305 hahita
1751 1282 1801 1304 ra-

1054 1329 1151 1369 tione,
1172 1328 1307 1372 perinde
1329 1338 1364 1360 ae
1379 1327 1403 1359 si
1425 1332 1509 1360 sorte
1532 1326 1663 1359 extracti
1681 1331 1797 1358 essent.

1054 1383 1114 1416 Per
1137 1381 1297 1415 eiusmodi
1324 1391 1398 1414 vero
1427 1381 1619 1413 electionem
1645 1385 1699 1412 aut
1717 1379 1799 1412 scri-

1056 1442 1168 1480 pturae
1187 1435 1336 1469 ordinem
1355 1434 1488 1473 nemini,
1510 1433 1616 1477 quoad
1631 1443 1803 1477 praeroga-

1057 1490 1134 1523 tivas
1163 1488 1362 1533 antiquitatis
1392 1494 1447 1521 aut
1474 1487 1659 1525 nobilitatis,
1695 1486 1804 1530 aliquo

1056 1549 1149 1588 pacto
1163 1543 1422 1587 praeiudicatum
1442 1552 1510 1575 esse
1525 1541 1732 1579 intendimus,
1748 1540 1804 1572 sed

1056 1607 1334 1641 unumquemque,
1353 1595 1407 1640 qui
1422 1596 1481 1628 hac
1502 1595 1606 1639 prima
1624 1594 1691 1627 viee
1706 1594 1737 1626 in
1759 1593 1805 1626 di-

1058 1657 1144 1684 ctum
1166 1650 1335 1683 eonsilium
1351 1651 1530 1693 cooptatus,
1548 1654 1601 1681 aut
1616 1648 1646 1680 in
1668 1657 1805 1680 numero

1058 1704 1167 1747 viginti
1192 1709 1316 1747 septem
1350 1703 1495 1736 locorum
1529 1701 1805 1745 insrascriptorum

1059 1763 1188 1791 nostrae
1203 1756 1352 1790 electioni
1376 1761 1611 1789 reservatorum
1640 1764 1807 1798 comprae-

1060 1812 1178 1845 hensus
1198 1821 1263 1844 non
1279 1810 1385 1851 suerit,
1402 1810 1432 1843 in
1452 1809 1573 1843 eisdem
1592 1808 1737 1842 terminis
1751 1818 1807 1841 no-

1060 1865 1203 1903 bilitatis,
1228 1865 1346 1907 gradus
1364 1870 1392 1897 et
1408 1863 1552 1903 lionoris,
1569 1863 1600 1895 in
1620 1862 1736 1906 quibus
1752 1872 1808 1895 an—

1062 1924 1109 1952 tea
1128 1918 1363 1962 reperiebatur,
1381 1917 1467 1950 iuxta
1485 1917 1636 1961 propriae
1650 1915 1808 1949 conditio-

1061 1972 1121 2011 nis,
1146 1982 1303 2016 personae
1322 1977 1352 2004 et
1369 1971 1509 2004 familiae
1527 1980 1602 2003 suae
1623 1970 1757 2012 gradum
1778 1973 1807 2002 et

1063 2025 1282 2059 conditionem
1301 2036 1336 2058 ae
1357 2030 1474 2058 statum
1490 2034 1670 2064 remanere,
1688 2023 1809 2055 minus-

1062 2091 1124 2124 que
1145 2080 1298 2124 aliquam,
1323 2090 1360 2113 ea
1389 2080 1427 2112 de
1458 2089 1565 2120 causa,
1596 2077 1807 2110 differentiani

1064 2134 1146 2167 inter
1170 2134 1319 2173 eosdem,
1347 2132 1443 2165 etiam
1473 2137 1621 2176 respectu
1645 2130 1810 2163 electionis

1063 2187 1103 2220 ad
1117 2187 1186 2219 loca
1207 2186 1318 2229 viginti
1341 2191 1463 2229 septem
1483 2186 1640 2229 praefata,
1657 2183 1810 2216 eonstitu-

1064 2245 1127 2273 tam
1149 2250 1216 2273 esse.
1238 2245 1292 2272 aut
1313 2239 1380 2272 sore
1401 2238 1613 2271 declaramus.

1064 2310 1201 2344 Nomina
1227 2316 1334 2343 autem
1363 2309 1621 2343 consiliariorum
1652 2318 1806 2352 praesen*-

1112 2364 1194 2397 tibus
1216 2364 1362 2397 annotari
1386 2363 1534 2403 fecimus,
1558 2362 1719 2395 videlicet:

1132 2436 1265 2469 [Eneam
1287 2435 1389 2468 Pium.

1132 2489 1247 2521 1111111111
1257 2488 1379 2527 Thumi,
1393 2487 1613 2520 mart-itionem
1623 2486 1805 2520 Seandiani.

1133 2540 1261 2574 lintium
1283 2540 1496 2574 Bentivolum.

1105 2615 1112 2640 1
1135 2613 1162 2639 111
1179 2613 1304 2639 Romana
1324 2612 1461 2642 Editione,
1478 2620 1561 2646 quam
1582 2611 1696 2638 servatis
1717 2611 1806 2637 verbis

1068 2648 1216 2680 reddimus,
1234 2648 1346 2674 nomina
1363 2647 1499 2673 habentur
1511 2651 1616 2675 tantum
1635 2653 1732 2673 munt
1745 2656 1810 2672 con*

1067 2684 1248 2715 Ικ’ἰΙίῑιι-ἰυιηιιιι,
1271 2687 1297 2708 tit
1320 2683 1360 2708 1111·
1382 2683 1471 2716 (list).

1688 249 1752 283 1149
1799 259 1848 285 An.
1870 258 1896 286 (3.
1917 259 1985 287 1598

1830 906 1926 931 Quolibet
1936 907 1997 926 trien-

1813 936 1847 954 tiiu
1866 934 1994 954 uuitutitltttu.

1841 1066 1870 1087 Ex
1886 1066 1911 1086 tis
1927 1068 1998 1086 octua-

1815 1093 1926 1118 gintatluos
1934 1099 2000 1112 noim-

1815 1123 1850 1141 nat
1859 1119 1953 1140 Pontifex
1962 1125 1999 1144 pr.)

1815 1147 1882 1174 prima
1900 1147 1950 1166 1113114
