2253 3195
37 245 84 270 An.
107 242 136 269 C.
155 241 223 269 1596

853 241 1000 265 CLEMENS
1022 241 1079 265 VIII
1097 242 1135 264 PP
1142 259 1147 264 .

235 290 385 323 Gamerae
406 289 614 327 huiusmodi,
643 295 673 322 et
701 300 980 333 quarumcumque

235 344 371 376 aliarum
393 343 566 381 civitatum,
588 349 746 376 terrarum
769 349 797 376 et
819 344 977 379 locorum,

236 396 331 429 etiam
354 396 535 429 iuramento
549 425 556 435 ,
580 396 826 429 confirmatione
847 401 978 439 aposto-

236 450 307 489 lica,
330 451 378 483 vel
404 450 515 494 quavis
542 450 694 482 firmitate
728 449 788 481 alia
821 448 982 481 roboratis

236 503 360 536 statutis
380 508 410 536 et
427 502 727 539 consuetudinibus,
745 501 982 534 reformationi-

236 556 306 595 bus,
327 556 423 588 etiam
445 555 535 588 novis
556 566 592 587 ac
613 553 805 591 novissimis,
823 560 853 586 et
873 555 982 587 decre-

238 609 287 649 tis‚
304 614 335 641 et
346 607 616 645 ordinationibus,
640 606 816 650 privilegiis
838 617 979 650 quoque,

237 661 369 694 indultis
389 667 419 694 et
444 661 560 693 litteris
588 659 794 703 apostoliciS,
819 659 983 702 quibusvis

237 714 533 753 communitatibus,
561 712 833 751 universitatibus,
854 713 984 745 baroni-

237 767 296 800 bus
309 794 316 807 ‚
341 767 520 800 domicellis
535 794 542 805 ,
567 766 751 799 feudatariis
772 772 802 799 et
819 766 889 799 aliis
907 767 980 810 qui-

237 820 438 863 buscumque
457 820 561 852 eidem
583 819 655 853 Sedi
689 819 829 852 mediate
849 820 897 852 vel
918 820 980 852 im-
1001 851 1002 866 ,

239 873 376 906 mediate
401 872 565 911 subiectis,
582 878 609 905 et
632 872 796 915 quibusvis
809 873 890 912 aliis,
908 884 986 916 qua·
1001 867 1002 872 ¹

239 936 379 969 cumque
400 925 553 968 dignitate
569 953 576 965 ,
600 926 694 958 etiam
716 925 912 969 episcopali,
936 937 986 958 ar-

240 980 485 1024 chiepiscopali,
503 980 710 1024 patriarchali
729 985 759 1012 et
771 980 986 1012 cardinalatus

240 1034 364 1066 honore
383 1034 600 1076 fungentibus,
612 1033 770 1076 personis,
785 1033 887 1066 ubivis
900 1034 987 1066 loco-

241 1097 313 1119 rum
334 1086 555 1124 existentibus,
580 1097 616 1119 ac
637 1086 733 1119 etiam
754 1086 872 1119 nostris
890 1093 920 1119 et
941 1087 987 1119 di-

242 1146 311 1173 ctae
329 1139 418 1173 Sedis
438 1139 576 1179 nunciis,
599 1139 723 1181 legatis,
753 1139 848 1171 etiam
871 1139 909 1171 de
937 1139 984 1171 la-

242 1198 309 1226 tere
331 1203 388 1236 per
401 1202 459 1225 nos
479 1198 509 1225 et
528 1193 691 1225 Romanos
710 1191 882 1225 Pontifices
895 1202 988 1235 prae-

243 1246 426 1279 decessores
439 1251 565 1278 nostros
585 1245 644 1278 sub
662 1245 921 1288 quibuscumque
941 1251 988 1278 te-

242 1299 377 1332 noribus
392 1304 422 1332 et
436 1299 559 1338 formis,
576 1309 613 1332 ac
631 1309 704 1331 cum
723 1298 887 1342 quibusvis
900 1299 988 1331 clau-

242 1352 320 1385 sulis
340 1358 372 1385 et
392 1352 542 1393 decretis,
565 1352 660 1385 etiam
686 1362 746 1395 pro
773 1352 986 1395 quibuscum-

244 1416 306 1449 que
336 1405 449 1445 causis,
474 1405 570 1438 etiam
592 1411 682 1438 motu
708 1405 805 1438 simili
830 1405 989 1438 concessis

244 1459 443 1492 confirmatis
463 1465 494 1492 et
521 1459 719 1503 approbatis,
747 1469 784 1492 ac
808 1459 904 1491 etiam
926 1459 986 1492 ite-

244 1512 321 1545 ratis
348 1511 472 1544 vicibus
508 1511 684 1551 innovatis,
720 1517 750 1544 et
779 1511 990 1555 imposterum

246 1565 477 1606 concedendis,
501 1565 747 1605 confirmandis,
772 1565 991 1608 approbandis

247 1624 277 1652 et
298 1618 500 1651 innovandis.
524 1618 645 1657 Quibus
676 1618 826 1651 omnibus
855 1618 992 1662 aliisque

246 1672 298 1705 hic
318 1683 383 1705 non
405 1672 572 1716 expressis,
596 1682 678 1716 quae
703 1673 811 1705 forsan
831 1673 992 1715 praesenti

247 1726 368 1768 gratiae
388 1726 501 1758 obesse
531 1731 684 1769 possent,
708 1725 833 1758 etiamsi
863 1725 902 1758 de
931 1725 993 1758 illis

247 1779 415 1823 specialis,
450 1779 602 1823 specifica
632 1784 660 1811 et
694 1789 842 1822 expressa
874 1779 993 1812 mentio

248 1832 408 1874 habenda,
429 1838 460 1866 et
480 1838 567 1866 certa
585 1832 742 1876 exquisita
761 1832 866 1865 forma
885 1831 994 1865 ohser-

249 1886 352 1919 vanda
371 1886 464 1926 soret,
476 1886 606 1919 illorum
624 1891 752 1919 tenores
771 1885 995 1929 praesentibus

250 1951 309 1984 pro
336 1939 492 1983 expressis
512 1939 679 1979 habentes,
704 1939 766 1971 illis
787 1939 864 1971 alias
884 1939 917 1971 in
937 1949 995 1971 suo

250 1992 368 2026 robore
385 1992 616 2036 permansuris,
640 1992 700 2025 hac
720 1991 788 2024 vice
809 1992 992 2029 dumtaxat,

1670 228 1733 261 289

1014 289 1246 332 praeiudicare,
1277 289 1331 322 sed
1353 288 1421 321 illas
1442 294 1468 321 et
1497 288 1550 320 illa
1570 288 1655 320 salva
1676 298 1754 327 esse,

1015 342 1096 373 etin
1129 352 1187 374 suo
1218 342 1335 374 robore
1368 351 1574 384 permanere,
1599 351 1700 383 caque
1726 350 1759 371 o-

1016 395 1112 432 mnia,
1137 406 1172 427 ac
1201 395 1295 427 etiam
1329 406 1403 433 cas,
1432 406 1514 438 quae
1543 394 1624 426 infra
1651 393 1759 425 dicen-

1017 454 1077 485 tur,
1101 449 1347 481 reformationes
1368 460 1426 491 per
1447 453 1475 480 te
1502 453 1531 480 et
1562 456 1761 479 successores

1018 506 1088 533 tuos
1105 501 1276 543 praefatos,
1301 512 1335 533 ac
1357 501 1447 539 alios,
1466 501 1503 533 ad
1527 500 1614 543 quod
1637 500 1667 531 id
1689 509 1761 542 spe-

1017 559 1089 591 ctat,
1114 564 1169 585 seu
1191 554 1221 585 in
1253 554 1394 586 futurum
1421 552 1666 596 quomodolibet
1686 563 1759 595 spe-

1018 607 1136 645 ctabit,
1160 607 1294 640 omnino
1328 613 1358 639 et
1386 607 1613 639 inviolabiliter
1645 605 1762 639 servari

1018 660 1164 692 volumus
1190 666 1217 692 et
1242 661 1442 693 mandamns.
1466 660 1499 692 Et
1524 659 1656 702 insuper
1672 659 1763 691 volu-

1020 723 1100 751 mus,
1125 713 1211 755 quod
1234 718 1266 745 tu
1287 719 1460 756 antequam
1483 712 1623 745 officium
1639 711 1764 744 audito-

1019 773 1105 799 ratus
1123 777 1290 799 causarum
1313 767 1463 799 Gamerae
1475 765 1659 798 huiusmodi
1676 775 1764 797 exer-

1020 829 1091 852 cere
1112 819 1258 862 incipias,
1287 820 1325 852 de.
1352 820 1406 851 illo
1426 819 1564 851 fideliter
1584 818 1764 851 exercendo

1020 873 1051 905 in
1077 873 1225 905 manibus
1245 872 1372 905 Henrici
1398 872 1568 905 cardinalis
1596 871 1764 904 camerarii

1020 926 1188 970 praedicti,
1213 937 1268 958 seu
1282 926 1349 958 eius
1367 925 1616 958 locutntenentis
1636 925 1765 957 solitum

1021 985 1161 1023 praestes
1182 979 1411 1012 iuramentum.

1066 1033 1080 1075 ἓ
1105 1031 1158 1064 12,
1183 1032 1338 1075 Quodque
1353 1032 1571 1075 praesentium
1586 1032 1764 1064 litterarum

1022 1085 1175 1129 exemplis
1199 1096 1254 1118 seu
1272 1085 1492 1128 transumptis,
1517 1085 1611 1117 etiam
1634 1085 1767 1127 impres-

1023 1138 1075 1179 sis,
1087 1149 1184 1171 manu
1198 1138 1332 1170 alicuius
1352 1138 1467 1170 notarii
1488 1137 1609 1181 publici
1630 1137 1768 1170 subscri-

1024 1191 1096 1235 ptis,
1120 1197 1151 1224 et
1175 1191 1280 1233 sigillo
1301 1201 1459 1234 personae
1479 1190 1510 1222 in
1537 1191 1690 1232 dignitate
1711 1201 1765 1223 ec-

1024 1244 1201 1277 clesiastica
1237 1244 1429 1277 constitutae
1468 1243 1619 1283 munitis,
1655 1243 1768 1275 cadem

1024 1309 1156 1341 prorsus
1177 1298 1256 1330 fides
1278 1297 1469 1330 adhibeatur
1494 1302 1524 1330 et
1541 1296 1686 1329 adhiberi
1709 1297 1766 1329 de-

1024 1352 1108 1390 beat,
1125 1362 1208 1395 quae
1229 1351 1304 1394 ipsis
1319 1351 1531 1393 originalibus
1549 1350 1767 1389 adhiberetur,

1025 1405 1050 1438 si
1072 1405 1231 1438 exhibitae
1256 1405 1359 1437 forent
1378 1405 1426 1437 vel
1445 1409 1601 1437 ostensae.

1071 1457 1160 1500 313.
1193 1459 1239 1490 Tu
1271 1458 1368 1500 igitur
1394 1457 1596 1500 praedictum
1629 1456 1771 1489 officium

1026 1512 1226 1545 auditoratus
1240 1538 1247 1551 ‚
1282 1516 1432 1554 prompta
1466 1510 1634 1543 devotione
1667 1510 1768 1542 susci-

1026 1565 1163 1609 piendo,
1187 1565 1231 1597 sic
1252 1564 1331 1596 illud
1353 1564 1497 1606 diligenti
1518 1564 1646 1601 studio,
1670 1574 1768 1597 cura.

1028 1623 1058 1651 et
1077 1617 1260 1659 integritate
1282 1616 1459 1660 exequaris,
1485 1622 1518 1649 ut
1540 1623 1593 1649 tua
1615 1626 1713 1659 opera
1733 1616 1772 1648 ad

1027 1671 1082 1705 Dei
1102 1672 1232 1704 laudem
1251 1676 1281 1704 et
1300 1670 1448 1713 gloriam,
1465 1681 1501 1703 ac
1515 1670 1703 1703 earumdem
1717 1670 1774 1702 Ec-

1029 1724 1145 1758 clesiae
1165 1729 1195 1756 et
1214 1724 1326 1757 Curiae
1347 1724 1468 1756 bonum
1489 1723 1678 1766 publicum,
1702 1722 1771 1765 pri-

1029 1784 1242 1821 vatorumque
1261 1777 1525 1809 commoditatem
1544 1782 1572 1809 et
1592 1776 1775 1819 exemplum

1029 1831 1190 1864 laudabile
1211 1831 1336 1867 cedant,
1362 1836 1456 1873 teque
1481 1830 1567 1873 apud
1592 1840 1651 1862 nos
1672 1834 1703 1861 et
1720 1829 1774 1862 Se-

1030 1885 1103 1917 dem
1124 1884 1334 1927 praedictam,
1350 1889 1383 1916 ut
1397 1894 1575 1926 speramus,
1593 1883 1708 1916 merito
1722 1894 1776 1925 pe-

1031 1937 1187 1981 ramplius
1207 1936 1451 1969 recomendent.

1076 1990 1165 2032 5¹14.
1194 1990 1450 2023 Reformationes
1474 2000 1549 2022 vero
1576 1989 1607 2021 in
1637 1994 1690 2021 tuo
1722 1988 1777 2021 tri-

1780 238 1826 263 An.
1849 238 1878 263 C.
1891 237 1958 264 1596

1795 1040 1873 1060 Harum
1887 1040 1967 1068 littera-

1782 1068 1967 1091 rumtransumptis

1782 1093 1839 1113 credi
1856 1092 1921 1112 iubet.

1827 1464 1879 1484 Eum
1894 1463 1970 1483 adhor-

1788 1494 1856 1512 taturv
1871 1493 1892 1510 ut
1915 1495 1971 1509 com·

1787 1518 1850 1538 misso
1872 1517 1913 1537 sibi
1928 1521 1972 1535 niu·

1786 1550 1836 1565 nere
1861 1544 1973 1568 diligenter

1787 1571 1930 1596 perfungatur⁴

1808 1994 1977 2015 Rcl'orniationes

251 2046 367 2081 harum
384 2044 465 2077 serie
478 2071 485 2085 ‚
509 2050 600 2077 motu
620 2050 651 2077 et
670 2044 803 2077 scientia
822 2044 993 2085 similibus,
1793 2021 1930 2069 3¹e¹ggffl¹j¹⁴>*¹³>
1946 2026 1977 2040 se·

232 2110 236 2113 ’
251 2097 434 2142 specialiter
445 2102 475 2130 et
486 2108 634 2140 expresse
643 2098 846 2139 derogamus,
859 2109 895 2130 ac
904 2098 997 2141 plene

253 2157 283 2185 et
302 2150 498 2184 sufficienter
523 2150 713 2192 derogatum
746 2160 813 2183 esse
849 2150 997 2184 decerni-

1031 2044 1142 2077 bunali
1163 2043 1339 2077 servandae
1360 2043 1474 2075 ultimo
1488 2043 1590 2075 dictae
1609 2048 1681 2075 sunt
1703 2042 1774 2081 hae,

1033 2108 1114 2141 quae
1135 2102 1330 2140 sequuntur,
1358 2096 1523 2128 videlicet:
1548 2095 1723 2128 Statuimus
1747 2096 1777 2127 in

1033 2150 1155 2193 primis,
1176 2156 1211 2183 ut
1231 2150 1263 2182 in
1284 2149 1388 2182 causis
1408 2148 1630 2181 criminalibus
1648 2148 1679 2180 in
1701 2148 1778 2180 locis

1822 2101 1851 2121 De
1862 2099 1979 2129 monitoriis

1793 2134 1813 2147 m
1825 2133 1895 2147 causis
1910 2132 1978 2145 crimi-

1794 2154 1876 2174 natibus
1885 2153 1979 2173 relaxan-

1795 2181 1833 2201 dis.

77 2415 242 2437 Reformationes

63 2444 132 2465 autem
142 2445 204 2464 antea
214 2443 242 2463 sa-

62 2471 241 2495 etaspraoservat.

254 2215 325 2237 mus
345 2209 376 2236 et
396 2204 608 2243 declaramus,
625 2213 662 2235 ac
676 2203 825 2235 omnibus
843 2203 904 2235 illis
917 2214 998 2246 quae

253 2257 285 2289 in
294 2256 479 2300 praemissis
488 2266 639 2289 concessa
646 2256 776 2288 suerunt
784 2265 849 2288 non
857 2255 996 2296 obstare,

255 2310 454 2354 caeterisque
479 2309 649 2342 contrariis
669 2308 937 2352 quibuscumque.

301 2364 316 2407 ᾗ
333 2363 386 2396 Μ.
400 2364 461 2396 Per
480 2368 665 2407 praesentes
686 2367 793 2395 autem
810 2372 875 2394 non
896 2362 1000 2394 inten-

258 2417 364 2450 dimus
376 2416 661 2450 reformationibus
678 2416 717 2449 de
731 2415 931 2448 auditoratus
944 2416 1002 2447 bu—

259 2469 399 2503 iusmodi
419 2475 449 2502 et
470 2469 539 2502 aliis
557 2469 661 2503 dictae
679 2468 792 2502 Curiae
814 2468 926 2501 officiis
945 2478 1003 2511 per

259 2522 350 2556 Pium
370 2523 408 2556 IV
429 2528 459 2555 et
474 2522 566 2555 Pium
587 2523 610 2555 V
627 2522 892 2566 praedecessores
911 2531 1004 2564 prae-

261 2576 364 2609 dictos
389 2575 478 2608 sactis
493 2602 500 2616 ,
524 2585 651 2608 necnon
671 2574 803 2609 Concilii
827 2574 1004 2607 Tridentini

262 2629 400 2663 decretis
432 2629 463 2661 in
498 2628 606 2672 aliquo
642 2629 819 2671 derogare,
848 2627 896 2661 vel
928 2627 1006 2660 alias

314 2692 393 2720 Bull.
410 2692 491 2720 Rom.
511 2691 570 2719 Vol.
586 2691 605 2718 X
888 2690 921 2718 37

1033 2203 1126 2236 nobis
1154 2208 1185 2235 ct
1214 2203 1244 2236 S.
1275 2203 1311 2235 R.
1342 2203 1376 2235 E.
1411 2202 1595 2234 immediate
1626 2201 1779 2234 subiectis

1034 2267 1098 2289 non
1120 2257 1347 2294 decernantur,
1372 2266 1477 2298 neque
1507 2256 1691 2288 relaxentur
1714 2265 1781 2287 mo-

1035 2309 1153 2342 nitoria
1175 2315 1288 2341 contra
1308 2309 1450 2352 aliquem
1472 2308 1503 2340 in
1525 2308 1629 2351 prima
1659 2308 1780 2340 instan-

1037 2362 1090 2401 tia,
1114 2362 1173 2394 nisi
1195 2368 1319 2405 perte,
1344 2367 1371 2394 et
1402 2367 1471 2394 tuos
1502 2361 1532 2392 in
1564 2361 1649 2393 dicto
1677 2361 1782 2393 officio

1037 2424 1248 2451 successores,
1270 2416 1352 2446 fat-to
1374 2414 1463 2457 prius
1481 2414 1577 2446 verbo
1599 2414 1779 2451 nobiseum,

1038 2479 1093 2501 seu
1114 2479 1187 2500 cuni
1209 2468 1354 2500 Romano
1375 2467 1531 2499 Pontilice
1553 2477 1611 2510 pro
1639 2473 1783 2510 tempore

1039 2521 1202 2557 existente,
1218 2526 1446 2563 praeterquam
1466 2520 1497 2552 in
1512 2520 1637 2553 casibus
1651 2520 1683 2552 in
1696 2520 1784 2552 bulla

1043 2575 1163 2607 Coenae
1189 2573 1324 2605 Domini
1344 2573 1522 2610 contentis,
1548 2573 1579 2605 in
1601 2573 1718 2617 quibus
1741 2580 1785 2605 ta·

1042 2637 1115 2660 men
1136 2627 1266 2670 quando
1288 2627 1461 2661 monitoria
1481 2633 1566 2660 extra
1588 2627 1710 2660 Italiam
1732 2628 1785 2661 de-
