2253 3195
28 190 75 216 An.
94 190 121 215 tz.
146 188 211 216 1591

226 237 337 270 omnia
368 237 451 270 dicta
472 237 553 277 loca,
571 243 605 270 ut
629 238 820 281 praefertur,
844 236 964 272 addita,

227 290 366 324 vendere
390 296 420 323 et
441 291 618 325 concedere
640 290 870 324 deliberarunt.

839 189 986 214 CLEMENS
1005 188 1063 212 vut
1085 188 1135 211 ΡΡ.

984 317 986 330 t

1003 235 1032 269 ni
1055 234 1213 279 Baptistae
1234 233 1406 273 Ubertino,
1433 231 1484 266 SS.
1515 233 1548 266 D.
1572 232 1608 265 N.
1636 237 1664 265 et
1687 232 1746 264 Ca-

1003 299 1109 321 merae
1135 288 1345 332 pecuniarum
1373 286 1567 330 depositario
1594 286 1746 326 generali,

1658 174 1716 207 117
1764 183 1812 210 An.
1836 183 1863 211 c.
1883 184 1949 211 1594

1793 298 1866 318 Mutilus
1887 299 1950 324 depu-

1766 327 1827 345 ¹situm
1852 331 1950 350 pneuma-

271 344 444 388 Propterca
473 355 582 377 coram
612 345 725 377 eodem
754 344 968 377 illustrissimo
985 361 987 375 t
1003 347 1030 374 et
1054 352 1110 385 pro
1132 341 1216 374 dicta
1236 351 1361 374 summa
1383 340 1568 383 recipienda
1590 339 1750 383 deposita·
1767 358 1811 372 rum
1841 352 1950 372 sanmu-

26 403 258 459 “333331'353333301
287 397 556 431 reverendissimo
583 396 716 430 domino
744 397 965 434 thesaurario,

27 458 168 506 {31:333er
181 459 211 479 di·
228 460 355 494 meque,
371 455 441 490 etc„
455 450 550 483 iidem
564 456 801 494 procuratores
823 449 966 483 nomini-

69 497 75 506 *
137 501 153 506 *⁷
227 504 286 537 bus
306 504 489 548 praedictis,
510 510 541 537 et
560 504 670 546 vigore
691 503 848 536 dictarum
871 504 969 536 sacul-

227 563 337 597 tatum‚
362 568 399 591 ac
418 557 496 590 alias
517 557 605 590 omni
627 557 754 590 meliori
777 558 885 597 modo,
910 562 966 590 etc.

224 616 348 654 sponte,
372 615 443 650 etc„
468 611 552 644 dicta
573 611 643 644 loca
663 610 839 654 quingenta
860 611 969 653 viginti

225 674 279 697 sex
300 675 373 697 cum
396 664 497 697 tribus
517 663 638 708 quintis
662 664 807 708 partibus
839 664 970 697 alterius

226 717 288 750 loci
306 717 421 751 Montis
441 717 630 751 novennalis
646 717 792 762 praefati,
817 723 849 751 ut
870 728 967 761 prae-

225 770 372 811 mittitur,
396 771 505 804 addita
526 777 557 804 et
575 771 665 804 unita
686 781 758 804 cum
773 771 888 804 annuis
903 771 969 804 fru-

223 823 326 857 ctibus
353 830 384 858 et
417 824 598 857 redditibus
626 830 790 858 scutorum
828 835 880 857 sex
911 834 970 868 pro

223 877 370 921 quolibet
390 877 481 915 loco,
505 888 522 910 a
544 877 629 910 dieta
652 877 703 911 die
727 877 831 921 prima
853 878 971 910 mensis

224 930 299 964 maii
319 930 515 975 incipiendo,
533 942 605 964 eum
626 931 777 964 omnibus
799 931 921 964 iuribus
941 937 970 964 et
987 964 989 972 ‚

168 982 175 983 7
224 984 416 1027 privilegiis,
451 984 720 1025 immunitatibus,
760 984 971 1028 exemptioni-

224 1038 283 1071 bus
313 1044 344 1071 et
379 1037 512 1080 gratiis,
544 1048 671 1071 necnon
701 1038 971 1080 assignationibus

222 1091 426 1135 supradietis,
450 1102 533 1135 quae
554 1091 605 1125 bic
620 1102 679 1136 pro
698 1091 841 1136 repetitis
858 1092 970 1125 baberi

223 1145 404 1186 voluerunt,
429 1145 655 1186 vendiderunt,
679 1146 840 1179 dederunt
859 1152 890 1179 et
901 1157 970 1179 ces-

224 1204 347 1239 serunt,
370 1209 407 1232 ac
420 1199 521 1233 libere
535 1205 566 1233 et
585 1199 719 1233 omnino
740 1200 972 1233 transtulerunt

225 1251 346 1285 eisdem
365 1252 544 1286 illustribus
563 1253 624 1287 DD.
649 1253 820 1286 Laurentio
837 1254 971 1288 Gavotto

225 1311 256 1338 et
275 1305 464 1339 Sebastiano
482 1306 643 1347 Marretto,
668 1306 892 1350 praesentibus
912 1318 971 1352 pro

222 1370 257 1393 se
269 1358 357 1403 ipsis,
370 1370 548 1404 eorumque
560 1360 753 1394 haeredibus
764 1366 795 1394 et
807 1371 972 1395 successo-

222 1412 311 1447 ribus
331 1424 368 1447 ac
387 1414 539 1448 omnibus
559 1419 591 1447 et
609 1414 754 1457 singulis,
778 1414 895 1459 quibus
912 1415 971 1460 ipsi

222 1466 454 1508 vendiderunt,
482 1478 547 1501 una
572 1478 699 1502 mecum
725 1468 869 1507 notario,
897 1473 968 1508 ete,

223 1531 282 1564 pro
302 1519 464 1561 omnibus,
489 1531 629 1565 quorum
650 1521 792 1561 interest,
820 1527 891 1563 ete,
916 1533 968 1556 re-

221 1573 362 1618 spective
385 1584 460 1607 eum
490 1574 731 1608 conditionibus
758 1575 971 1620 infrascriptis

222 1626 414 1671 stipulandis
439 1632 470 1660 et
498 1627 725 1672 acceptandis,
756 1634 786 1662 et
808 1639 843 1661 ex
877 1640 972 1663 causa

222 1680 409 1714 huiusmodi
439 1681 650 1723 venditionis,
674 1688 840 1716 cesserunt
863 1683 973 1716 onmia

222 1735 304 1775 iura,
328 1739 400 1775 elo„
424 1735 517 1769 dietis
536 1735 857 1779 (longi-egationibus,
871 1743 901 1770 et
919 1748 972 1770 ea-

223 1799 296 1822 rum
328 1789 462 1822 cuilibet
480 1790 659 1834 respective
683 1791 722 1824 de
743 1796 775 1824 et
799 1802 897 1835 super
926 1791 973 1824 di-

224 1842 283 1876 ctis
304 1843 462 1877 fructibus
482 1849 513 1877 et
531 1844 711 1878 redditibus
730 1846 896 1889 predictis,
924 1858 973 1880 re-

223 1896 363 1941 spective
387 1898 523 1931 summis
559 1899 806 1943 quomodolibet
835 1911 970 1945 compe-

223 1950 377 1991 tentibus,
397 1955 468 1992 cto„
492 1952 582 1985 nullo
603 1951 683 1993 iure,
705 1957 776 1994 etc„
800 1954 840 1987 ad
854 1954 974 1988 haben-

224 2003 314 2044 dum,
331 2007 402 2045 etc„
423 2010 590 2048 ponentes,
613 2010 685 2047 etc„
708 2007 832 2048 dantes,
855 2012 927 2047 etc„
944 2014 975 2042 et

225 2058 341 2098 donee,
365 2062 437 2097 etc„
460 2058 708 2100 constituerunt,
737 2064 792 2094 ele.

270 2111 307 2144 Et
327 2111 410 2145 hane
430 2112 661 2154 venditionem,
685 2118 757 2155 etc„
780 2115 924 2148 fecerunt
945 2121 975 2149 et

226 2165 333 2198 faeere
353 2165 560 2199 declararunt
579 2167 685 2210 pretio
715 2173 746 2200 et
764 2167 897 2201 nomine
908 2168 974 2202 veri

226 2223 258 2251 et
276 2217 351 2252 iusti
378 2218 474 2263 pretii
502 2223 667 2253 scutorum
694 2225 824 2254 centum
845 2226 876 2254 et
897 2232 975 2265 qua-

227 2271 384 2305 tordecim
406 2282 466 2316 pro
487 2272 633 2316 quolibet
646 2273 729 2314 loeo,
758 2279 789 2307 et
809 2274 855 2307 sic
874 2274 906 2307 in
929 2279 975 2307 to-

227 2330 295 2358 tum
330 2330 496 2359 scutorum
525 2325 690 2369 sexaginta
728 2326 878 2367 millium,
912 2327 972 2360 tri-

227 2378 316 2421 ginta
336 2379 400 2413 duo
421 2384 452 2412 et
470 2379 536 2413 bol.
560 2378 603 2413 40
625 2386 784 2414 monetae.

272 2432 358 2471 Quae
386 2432 516 2477 quidem
548 2439 638 2467 scuta
667 2434 832 2477 sexaginta
862 2434 973 2475 millia,

229 2485 360 2528 triginta
380 2486 444 2520 duo
470 2492 500 2520 et
525 2487 590 2521 bol.
613 2486 667 2528 40,
697 2493 860 2532 emptores
884 2499 977 2532 prae-

229 2538 284 2572 fati
312 2539 435 2574 solvere
459 2540 679 2584 promiserunt
708 2541 800 2575 dictis
825 2542 889 2576 ΗΒ.
913 2542 973 2576 DD.

229 2592 461 2636 venditoribus,
485 2599 517 2629 et
534 2605 594 2640 pro
615 2594 659 2629 eis
686 2594 800 2629 illustri
829 2596 864 2630 D.
887 2596 979 2630 loan-

1004 395 1050 427 rio
1076 395 1114 426 ab
1142 395 1255 427 eodem
1288 394 1339 427 SS.
1365 394 1398 427 D.
1423 394 1457 426 N.
1487 392 1669 437 specialiter
1690 393 1748 425 de-

1005 455 1136 491 putato,
1163 449 1223 482 boc
1250 448 1367 485 modo,
1392 447 1560 480 videlicet:
1586 452 1674 479 scuta
1696 446 1752 479 tri-

1004 502 1090 544 ginta
1110 502 1220 537 millia.
1245 512 1326 545 quae
1349 512 1405 545 per
1424 506 1524 534 totum
1547 499 1631 534 diem
1653 500 1751 544 septi-

986 561 988 579 !
1005 566 1091 597 mun]
1108 555 1282 599 praesentis
1305 554 1422 587 mensis
1444 554 1518 587 maii
1537 564 1659 597 ponere
1681 565 1753 598 pro-

1006 608 1171 645 miserunt,
1197 608 1228 641 in
1259 608 1361 640 banco
1383 607 1457 640 dicti
1483 607 1605 640 domini
1625 607 1753 651 deposi-

1006 661 1086 697 tarii.
1116 662 1154 694 ad
1186 661 1343 694 creditum
1379 667 1484 693 tamen
1515 661 1658 704 ipsorum
1689 661 1749 694 DD.

1005 720 1203 758 emptorum,
1237 720 1269 747 ut
1297 724 1415 757 supra,
1440 714 1666 757 persolvenda,
1690 719 1753 747 sta-

1005 768 1059 801 tim
1075 774 1209 811 sequuta
1224 767 1470 801 confirmatione
1481 767 1680 800 Sanctissimi
1694 768 1755 801 Do-

1005 822 1081 855 mini
1098 822 1203 855 Nostri
1221 822 1325 865 Papae
1339 821 1517 865 praesentis
1535 821 1751 859 instrumenti,

1006 886 1062 919 per
1076 875 1170 907 breve
1191 875 1273 909 Suae
1286 874 1478 916 Sanctitatis,
1496 874 1646 917 dictoque
1665 874 1753 907 brevi

1005 929 1164 972 expedito,
1189 934 1216 961 et
1232 928 1352 962 eisdem
1367 929 1426 962 DD.
1445 928 1646 972 emptoribus
1667 939 1748 961 con-

1004 982 1141 1024 signa103
1166 982 1328 1016 residuum
1352 992 1428 1015 vero
1450 993 1507 1026 per
1540 987 1639 1014 totum
1663 992 1753 1015 men-

1005 1046 1071 1068 sem
1098 1035 1175 1068 iunii
1208 1035 1354 1079 proxime
1386 1035 1528 1073 venturi,
1562 1040 1655 1078 prout
1678 1035 1754 1068 dicti

1006 1090 1065 1122 DD.
1088 1090 1240 1123 Gavottus
1266 1094 1296 1122 et
1320 1089 1487 1122 Mai-renus
1516 1089 1639 1122 solvere
1672 1100 1750 1133 pro-

1007 1143 1180 1183 miserunt,
1202 1148 1230 1176 et
1254 1143 1389 1187 quilibet
1416 1153 1529 1175 eorum
1556 1143 1586 1175 in
1612 1143 1753 1176 solidum

1007 1196 1166 1241 promisit.

1052 1251 1104 1284 llis
1122 1257 1229 1284 tamen
1251 1250 1351 1294 pactis
1365 1256 1395 1283 et
1413 1249 1653 1283 conditionibus
1670 1249 1756 1284 adie-

1006 1304 1075 1343 ctis‚
1100 1304 1245 1338 videlicet
1273 1304 1359 1348 quod
1392 1309 1555 1348 emptores
1580 1303 1754 1348 praedicti,

1006 1358 1053 1391 vel
1076 1368 1188 1391 eorum
1203 1357 1358 1390 haeredes
1372 1362 1403 1390 et
1419 1367 1620 1390 successores
1631 1357 1671 1390 ad
1683 1367 1758 1401 pro-

1007 1412 1150 1445 bandum
1178 1412 1265 1455 quod
1293 1411 1449 1454 pecuniae
1477 1422 1535 1455 per
1559 1421 1634 1449 eos,
1658 1421 1754 1444 oeca-

1008 1466 1099 1499 sione
1132 1465 1208 1499 dieti
1240 1465 1332 1509 pretii
1365 1465 1537 1498 solvendae
1565 1476 1620 1498 seu
1658 1466 1758 1509 depo-

1006 1521 1142 1559 nendae,
1167 1520 1198 1552 in
1219 1531 1312 1553 usum
1338 1525 1366 1552 et
1386 1518 1534 1553 effectum
1561 1520 1754 1563 praefatum,

1006 1585 1060 1607 seu
1083 1574 1162 1607 alias
1190 1574 1220 1606 in
1251 1573 1439 1606 earumdem
1461 1573 1754 1615 Congregationum

1006 1628 1176 1661 utilitatem
1203 1639 1377 1661 conversae
1403 1627 1531 1668 suerint,
1556 1627 1689 1660 minime
1710 1633 1757 1661 te-

1007 1689 1165 1719 neantur,
1190 1693 1249 1716 nec
1269 1683 1309 1715 ad
1335 1681 1366 1715 id
1398 1681 1429 1714 in
1462 1680 1580 1714 iudicio
1602 1681 1649 1713 vel
1671 1687 1759 1714 extra

1007 1736 1157 1779 compelli
1183 1735 1317 1780 possint,
1341 1746 1399 1768 nec
1420 1734 1569 1779 probatio
1595 1734 1758 1768 contraria

1007 1790 1052 1823 eis
1067 1790 1133 1822 ullo
1147 1799 1303 1833 umquam
1323 1795 1468 1833 tempore
1489 1788 1617 1822 obstare
1637 1789 1755 1825 valeat3

1007 1844 1060 1884 ita,
1077 1844 1165 1887 quod
1186 1843 1382 1887 depositaria
1402 1843 1476 1877 dieti
1498 1842 1612 1876 Montis
1632 1842 1677 1876 sic
1700 1843 1757 1876 ad-

1008 1897 1065 1931 diti
1087 1903 1118 1930 et
1144 1897 1236 1937 uniti,
1257 1907 1321 1930 una
1341 1907 1414 1930 cum
1437 1896 1632 1940 depositaria
1652 1896 1757 1930 dicto-

1010 1963 1080 1984 rum
1115 1951 1260 1995 priorum
1291 1950 1435 1984 eiusdem
1466 1949 1580 1983 Montis
1610 1950 1759 1983 locorum

1008 2005 1108 2043 unita,
1126 2010 1218 2038 aucta
1236 2010 1267 2038 et
1285 2004 1500 2048 incorporata,
1517 2014 1581 2036 una
1599 2009 1629 2037 et
1647 2004 1760 2037 eadem

1009 2059 1048 2093 sit
1067 2065 1098 2093 et
1117 2070 1186 2093 esse
1216 2059 1432 2101 intelligatur,
1456 2064 1487 2091 et
1507 2058 1546 2091 ad
1573 2057 1676 2091 dictos
1696 2058 1757 2091 DD.

1009 2119 1171 2157 emptores
1192 2123 1228 2146 ex
1250 2123 1345 2146 causa
1366 2117 1397 2145 et
1416 2111 1508 2145 titulo
1529 2111 1624 2144 huius
1644 2111 1757 2145 vendi-

1009 2166 1104 2200 tionis
1133 2171 1255 2210 spectet
1280 2171 1310 2198 et
1334 2165 1505 2209 pertineat,
1530 2164 1682 2208 idemque
1702 2174 1754 2197 se-

1011 2219 1167 2252 cretarius
1186 2224 1217 2252 et
1242 2218 1435 2262 computista
1464 2217 1587 2251 litteras
1617 2222 1763 2261 patentes

1010 2284 1046 2306 ac
1066 2273 1223 2313 notulam,
1244 2283 1300 2306 seu
1317 2273 1423 2306 lislam
1445 2272 1591 2305 omnium
1613 2272 1757 2306 credito-

1011 2338 1082 2359 rum
1101 2332 1129 2359 et
1151 2327 1391 2365 montistarum,
1411 2331 1475 2359 tam
1493 2326 1640 2370 priorum
1662 2338 1759 2370 quam

1011 2392 1188 2419 novorum,
1213 2381 1435 2414 indifferenter
1452 2391 1524 2414 cum
1543 2380 1645 2414 solitis
1666 2392 1758 2415 emo-

1011 2434 1163 2468 lumentis
1184 2434 1355 2478 expediant
1375 2440 1406 2468 et
1430 2435 1606 2478 respective
1620 2435 1738 2468 saciant
1752 2463 1759 2475 ,

1012 2493 1108 2532 prout
1127 2488 1282 2521 hactenus
1314 2488 1418 2521 faeere
1448 2494 1479 2521 et
1508 2489 1658 2533 expedire
1679 2499 1759 2522 c-on-

1012 2548 1194 2576 sueverunt.
1230 2543 1331 2583 Item,
1366 2543 1453 2587 quod
1489 2543 1762 2586 Congregationes

1011 2595 1196 2641 praedictae
1223 2596 1313 2632 nullo
1337 2607 1482 2642 unquam
1508 2601 1655 2642 tempore
1680 2606 1758 2642 pos-

1767 385 1812 399 ·um
1828 378 1927 399 faciendi.
