2253 3195
469 271 476 278 =
489 251 561 285 >9⁹22
1050 260 1226 285 Bt-'LLARIL'M
1252 260 1402 289 nomnrm

540 324 640 357 ralem
665 333 806 356 annuam
832 322 1020 366 pensionem
1043 323 1295 367 quingentorum
1325 321 1542 356 cruciatorum
1563 319 1671 363 regiae
1697 319 1842 364 capellae
1864 319 1997 353 Ulixbo-

541 376 630 410 nensi
644 376 897 420 persoluturum,
914 375 978 409 349
992 387 1013 409 a
1031 382 1063 410 et
1076 377 1110 417 b;
1127 376 1314 420 Philippum
1329 385 1403 409 vero
1417 375 1657 418 iuspatronatus
1671 373 1786 406 cedere
1799 383 1897 417 super
1909 373 2002 416 quin-

541 440 603 474 que
624 429 831 470 monasteria,
845 427 910 462 350
929 440 960 462 a.
983 430 1094 463 Partes
1115 429 1312 463 ratificantes
1331 427 1552 468 concordiam,
1575 425 1776 471 pontificiam
1802 425 2001 459 sanctionem

540 488 663 527 petunt,
686 482 727 515 ib.
756 483 903 518 Clemens
921 481 985 516 VIII
1005 482 1172 516 collectori
1197 482 1376 526 spoliorum
1398 480 1572 515 committit
1590 486 1644 522 ut,
1677 491 1712 513 re
1739 480 1822 513 bene
1847 479 2000 523 inspecta,

541 535 749 569 concordiam
775 535 956 575 confirmet,
971 535 1013 568 ib.
1038 536 1066 568 b.
1087 535 1238 579 Philippo
1259 534 1397 577 iniungit
1415 540 1450 568 ut
1470 533 1759 577 Congregationem
1779 533 1818 566 de
1837 531 2004 565 Alcobatia

543 589 697 622 immittat
715 589 747 621 in
768 588 1006 633 possessionem
1033 588 1403 629 monasteriorum,cum
1425 587 1567 632 primum
1589 586 1781 627 vacaverint,
1804 584 1865 619 351
1887 595 1918 618 a.
1942 585 2002 618 As-

540 642 645 685 signat
671 647 797 686 tempus
821 642 995 675 solvendae
1015 642 1192 686 pensionis,
1217 642 1260 674 ib.
1285 641 1312 675 b.
1470 632 1471 635 Ἴ

452 695 669 739 Portugalliae
690 695 758 737 regi
778 695 968 729 conceditur
989 695 1150 729 indultum
1173 694 1406 737 subdelegandi
1428 694 1568 728 iudicem
1583 698 1843 727 conservatorem
1857 692 1891 725 in
1903 691 2006 726 causis

540 749 760 793 spectantibus
781 749 821 782 ad
845 748 988 782 Militiam
1015 749 1085 782 Iesu
1111 748 1250 790 Christi,
1270 748 1300 782 S.
1322 748 1429 782 Iacchi
1455 748 1494 782 de
1515 747 1652 792 Spatha,
1673 752 1704 780 et
1724 747 1753 781 S.
1776 745 1941 780 Benedicti
1967 745 2007 779 de

542 802 615 836 Avis
635 802 666 835 in
687 802 802 835 eodem
823 812 936 845 regno,
964 800 1029 835 4:30
1054 813 1073 835 a
1095 807 1126 835 et
1145 802 1172 835 b.

454 856 670 899 Portugalliae
687 855 818 899 reginae
838 855 1027 890 Catharinae
1040 866 1137 899 super
1151 855 1352 889 institutione
1366 855 1460 898 legati
1480 854 1577 888 annui
1597 854 1684 887 mille
1705 859 1736 887 et
1756 853 2007 898 quingentorum

542 914 708 943 scutorum
729 914 846 942 statuta
867 909 1012 942 confecta
1032 909 1071 942 ab
1093 909 1346 953 exequutoribus
1367 908 1617 942 testamentariis
1637 907 1883 949 confirmantur,
1906 906 1970 940 649
1990 917 2009 940 α

542 968 573 997 et
589 962 615 996 h.
638 963 742 996 Tener
762 962 980 1007 capitulorum
1002 962 1155 996 inseritur
1175 962 1286 996 Bullae
1304 973 1322 995 a
1343 973 1416 1006 pag.
1444 961 1509 995 650
1530 959 1570 996 ad
1590 972 1662 1006 pag.
1687 960 1761 995 653.

455 1016 658 1060 Pragmatica
677 1016 842 1050 Bononiae
859 1016 1044 1060 publicatur
1061 1016 1100 1050 de
1118 1016 1270 1050 mandato
1290 1015 1455 1049 Pontificis
1476 1016 1515 1049 ad
1537 1016 1702 1050 evitandos
1721 1014 1904 1059 superfluos
1923 1024 2010 1047 suin-

546 1075 630 1115 ptus,
653 1069 718 1103 26ss
738 1081 768 1103 a.
790 1070 866 1103 Eam
888 1069 1060 1103 confirmat
1077 1070 1234 1110 Clemens,
1255 1070 1298 1102 ih.

456 1124 571 1158 Preces
595 1123 771 1168 primariae
791 1123 945 1157 Poloniae
966 1123 1032 1166 regi
1055 1133 1238 1164 concessae,
1261 1133 1317 1157 seu
1339 1122 1501 1157 indultum
1523 1121 1722 1156 concedendi
1751 1120 1920 1163 beneficia,
1947 1120 2012 1154 144

547 1188 569 1211 a
593 1183 624 1211 et
644 1177 673 1211 b.

458 1230 629 1274 Privilegia
649 1230 873 1265 conceduntur
894 1230 1128 1264 mercatoribus
1148 1230 1381 1264 advehentibus
1408 1240 1531 1264 merces
1558 1229 1598 1263 ad
1624 1234 1755 1273 portum
1782 1228 1919 1262 civitatis
1943 1229 2010 1262 An-

547 1295 660 1325 conae,
683 1283 748 1317 404
767 1295 798 1317 a.
821 1284 940 1318 Causae
958 1283 1196 1318 constitutionis
1214 1284 1370 1324 edendae,
1394 1283 1436 1316 ib.
1461 1283 1628 1328 Exemptio
1645 1282 1791 1325 gabellae
1810 1292 1870 1326 pro
1891 1292 2014 1316 merca-

551 1336 676 1371 toribus
696 1336 812 1370 exteris
832 1347 867 1369 ex
888 1336 1098 1370 orientalibus
1118 1336 1264 1380 partibus
1292 1346 1415 1369 merces
1440 1337 1604 1369 Anconam
1627 1335 1875 1376 adducentibus,
1899 1335 1947 1367 vel
1968 1333 2012 1367 ibi

549 1395 751 1425 mercaturae
772 1400 884 1423 caussa
909 1389 1168 1431 consistentibus,
1193 1390 1236 1423 ib.
1259 1390 1286 1422 b.
1311 1389 1577 1424 Salviconduetus
1597 1388 1643 1422 eis
1663 1387 1873 1429 concedendi,
1895 1386 1961 1420 405
1980 1398 2011 1420 a.

550 1444 674 1479 Statuta
704 1443 793 1477 Pauli
814 1443 852 1477 III
886 1453 944 1487 pro
975 1443 1130 1477 Hebraeis
1161 1443 1372 1477 orientalibus
1397 1443 1548 1477 Anconae
1586 1441 1879 1482 commorantibus,
1909 1441 1953 1474 ib.
1985 1440 2011 1474 b.

549 1497 792 1532 Constitutionis
817 1496 992 1530 declaratio
1014 1502 1126 1530 contra
1146 1497 1309 1530 Ilebraeos
1329 1497 1480 1530 Anconae
1502 1496 1665 1539 degentes,
1685 1495 1727 1529 ib.
1751 1494 1930 1529 Nonnullae
1955 1503 2015 1538 pro

551 1550 786 1585 mercatoribus
810 1550 1058 1594 prohibitiones,
1086 1549 1150 1583 106
1175 1561 1205 1583 α..
1233 1550 1386 1584 Triticum
1416 1551 1581 1584 Anconam
1602 1543 1771 1583 advectum
1801 1548 1902 1582 libere
1921 1547 2015 1581 vendi

552 1610 668 1649 potest,
689 1605 732 1638 ib.
756 1604 988 1648 Dispositiones
1016 1604 1101 1637 circa
1124 1603 1289 1647 vectigalia
1305 1632 1312 1645 ,
1332 1603 1418 1638 circa
1442 1603 1590 1638 consules
1615 1602 1762 1643 civitatis,
1789 1601 1874 1635 circa
1905 1611 2017 1635 causas

553 1663 782 1698 mercatorum,
811 1657 851 1690 ib.
874 1658 912 1698 b;
941 1663 971 1691 et
996 1668 1107 1691 earum
1145 1657 1277 1699 iudices,
1312 1656 1375 1690 107
1396 1667 1436 1697 a;
1460 1657 1514 1701 qui
1535 1656 1616 1690 nibil
1649 1655 1794 1700 recipere
1824 1665 1884 1689 nec
1909 1664 2018 1688 emere

553 1717 690 1756 possunt
709 1712 748 1745 de
767 1711 929 1745 mercibus
956 1711 1098 1752 naviuin,
1122 1711 1163 1745 ih.
1187 1710 1213 1744 ὁ.
1976 1733 1979 1737 -

465 1765 626 1800 Professio
644 1765 675 1798 in
700 1765 876 1799 Ordinibus
889 1765 1108 1807 Regulariuin.
1133 1764 1238 1798 Sixtus
1251 1765 1272 1797 V
1287 1764 1424 1798 formam
1447 1763 1578 1797 tradidit
1597 1762 1859 1812 recipiendorum
1880 1760 2019 1795 novitio-

555 1830 627 1853 rum
648 1819 689 1853 ad
713 1819 849 1853 Ordines
873 1818 1060 1860 Regularcs,
1082 1818 1145 1851 768
1165 1829 1195 1851 a.
1219 1817 1394 1859 Gregorius
1417 1817 1480 1851 xlv
1506 1816 1627 1861 aliquid
1654 1816 1694 1850 de
1726 1814 1902 1858 illegitimis
1925 1825 2019 1859 prae-

555 1872 693 1917 scripsit,
721 1873 765 1905 ib.
783 1873 811 1905 b.
828 1872 974 1906 Clemens
995 1871 1177 1916 praedictas
1197 1871 1443 1905 constitutiones
1467 1871 1506 1904 ad
1534 1871 1671 1904 formam
1693 1869 1771 1902 iuris
1791 1867 1929 1909 reducit,
1952 1868 2018 1905 itm

556 1936 677 1971 poenas
703 1931 809 1959 tainen
838 1925 1062 1970 superioribus
1088 1925 1255 1969 impositas
1287 1930 1482 1969 praeservat,
1510 1923 1573 1957 700
1598 1934 1628 1956 u.
1653 1923 1772 1956 Causae
1800 1921 1841 1956 ob
1867 1931 1947 1966 quas
1967 1921 2022 1955 de-

557 1985 735 2025 prarantur
756 1979 940 2022 religiones,
968 1979 1009 2012 ih.
1035 1979 1062 2012 b.
1087 1978 1229 2012 l'ontifex
1250 1977 1390 2012 novitios
1408 1977 1439 2011 in
1460 1977 1538 2011 locis
1560 1976 1758 2011 destinandis
1779 1980 1909 2009 tantum·
1922 1973 2021 2019 recipi

560 2033 701 2073 mandat,
729 2033 791 2071 il1.;
819 2032 980 2077 usquead
1007 2032 1251 2076 deputationein
1273 2042 1338 2065 non
1363 2031 1574 2075 recipiantur,
1602 2035 1633 2064 et
1653 2029 1715 2063 alia
1739 2029 1780 2063 ad
1804 2038 1884 2070 rem,
1901 2026 1964 2061 770
1987 2038 2019 2061 a.

560 2086 763 2120 Praedictum
786 2087 952 2120 decretum
974 2085 1107 2130 ampliat
1128 2085 1212 2119 idem
1234 2085 1389 2125 Pontifex,
1406 2084 1447 2117 ib.
1469 2090 1499 2117 ct
1516 2083 1542 2117 t».
1556 2083 1767 2128 Superiorum
1787 2081 2024 2124 transgredien-

561 2140 640 2174 tium
662 2150 796 2185 poenae,
822 2139 880 2173 771
905 2151 934 2173 a.
964 2140 1132 2173 Decretum
1148 2138 1291 2183 publicat
1308 2148 1406 2182 super
1420 2138 1520 2171 forma
1542 2135 1718 2181 recipiendi
1740 2135 1876 2169 novitios
1900 2134 1940 2168 ad
1960 2133 2020 2168 ha-

562 2193 665 2227 bitum
691 2199 721 2228 et
739 2193 973 2238 professionem
994 2193 1189 2235 regularem,
1218 2192 1261 2225 io.
1282 2191 1309 2225 b.
1334 2197 1365 2225 et
1388 2202 1453 2235 seq.
1483 2190 1701 2224 Institutiones
1720 2200 1819 2233 super
1838 2187 2023 2232 receptione

563 2253 594 2281 et
610 2247 799 2281 educatione
810 2246 1005 2281 novitiorum
1022 2246 1052 2279 in
1072 2245 1274 2280 monasteriis
1288 2251 1317 2278 et
1332 2244 1544 2279 conventibus
1561 2243 1736 2284 designatis
1747 2242 1795 2277 vel
1808 2240 2024 2284 designandis,

868 2300 930 2309 ι-ι-ιι-

565 2301 627 2336 772
648 2301 664 2333 b
685 2312 785 2345 usque
806 2301 846 2335 ad
873 2311 927 2334 ιι]
951 2312 981 2334 α.

476 2354 688 2389 I'rotoinctlici
710 2360 740 2387 et
760 2354 885 2397 collegii
908 2354 1111 2398 physicorum
1131 2353 1170 2387 de
1195 2353 1278 2386 Urbe
1296 2353 1400 2386 Sixtus
1422 2352 1456 2386 tv
1479 2350 1684 2385 confirmavit
1703 2355 1830 2391 statuta,
1854 2348 1896 2383 85
1916 2348 2026 2383 acte-

567 2419 657 2442 inens
678 2408 726 2442 x'tt
750 2408 779 2441 id
807 2408 910 2452 ipsum
934 2407 1018 2446 fet-it,
1042 2413 1136 2451 atque
1155 2407 1323 2451 privilegia
1342 2406 1441 2440 inulta
1463 2405 1685 2450 protometlico
1707 2409 1734 2437 ct
1757 2403 1895 2446 collegio
1916 2401 2027 2437 tribuit

566 2473 663 2506 super
683 2461 916 2506 approbatione
939 2461 1157 2505 physicorum,
1185 2460 1413 2500 cliii-urgemini
1436 2465 1467 2491 ct
1487 2458 1770 2498 aroniattuiorum,
1793 2456 1835 2489 86
1855 2466 1885 2490 α.
1909 2456 2024 2490 Proto-

569 2515 712 2548 medicus
736 2521 765 2547 et
795 2515 965 2557 collegium
996 2513 1209 2547 incolumitati
1245 2513 1422 2546 incolarum
1452 2514 1558 2546 ¹<tatus
1587 2510 1798 2545 Ecclesiastici
1828 2509 2029 2543 intendentes

569 2573 686 2601 statuta
711 2569 926 2602 reformarunt
953 2573 984 2600 ct
1015 2567 1077 2600 alia
1107 2577 1165 2612 pro
1193 2566 1328 2599 feliciori
1358 2565 1484 2607 collegii
1512 2565 1668 2606 regimine
1692 2568 1895 2605 statuerunt,
1917 2562 1960 2596 ib.
1989 2562 2026 2601 te;

569 2621 853 2656 Confirmationein
876 2621 1006 2665 insuper
1027 2620 1265 2665 praedictorum
1287 2619 1433 2653 omniunt
1456 2618 1618 2663 petierunt
1637 2630 1654 2651 a
1677 2619 1772 2662 Papa,
1795 2617 1858 2656 ibo,
1880 2615 1935 2660 qui
1955 2625 2029 2659 gra-

573 2673 630 2708 tias
648 2685 760 2709 omnes
784 2681 815 2709 et
838 2680 955 2708 statuta
980 2675 1163 2714 confirmat,
1188 2674 1230 2706 ile.
1259 2680 1289 2707 ct.
1314 2684 1378 2718 seq.
