<?xml version="1.0" encoding="UTF-8"?>
<!DOCTYPE html PUBLIC "-//W3C//DTD XHTML 1.0 Transitional//EN"
    "http://www.w3.org/TR/xhtml1/DTD/xhtml1-transitional.dtd">
<html xmlns="http://www.w3.org/1999/xhtml" xml:lang="en" lang="en">
 <head>
  <title>
</title>
<meta http-equiv="Content-Type" content="text/html;charset=utf-8" />
  <meta name='ocr-system' content='tesseract 3.04.00' />
  <meta name='ocr-capabilities' content='ocr_page ocr_carea ocr_par ocr_line ocrx_word'/>
</head>
<body>
  <div class='ocr_page' id='page_1' title='image "./bullarumdiplomat10cath_0414.png"; bbox 0 0 2253 3195; ppageno 0'>
   <div class='ocr_carea' id='block_1_1' title="bbox 240 238 422 267">
    <p class='ocr_par' dir='ltr' id='par_1_1' title="bbox 240 238 422 267">
     <span class='ocr_line' id='line_1_1' title="bbox 240 238 422 267; baseline 0 -2"><span class='ocrx_word' id='word_1_1' title='bbox 240 238 289 266; x_wconf 77' lang='lat' dir='ltr'>An.</span> <span class='ocrx_word' id='word_1_2' title='bbox 306 238 337 267; x_wconf 90' lang='lat' dir='ltr'>C.</span> <span class='ocrx_word' id='word_1_3' title='bbox 355 238 422 266; x_wconf 79' lang='lat'><strong>1597</strong></span> 
     </span>
    </p>
   </div>
   <div class='ocr_carea' id='block_1_2' title="bbox 439 229 1183 386">
    <p class='ocr_par' dir='ltr' id='par_1_2' title="bbox 439 229 1183 386">
     <span class='ocr_line' id='line_1_2' title="bbox 470 229 534 263; baseline 0 0"><span class='ocrx_word' id='word_1_4' title='bbox 470 229 534 263; x_wconf 87' lang='grc'>370</span> 
     </span>
     <span class='ocr_line' id='line_1_3' title="bbox 439 287 1182 332; baseline 0.001 -12"><span class='ocrx_word' id='word_1_5' title='bbox 439 287 590 331; x_wconf 83' lang='lat' dir='ltr'>rogativis</span> <span class='ocrx_word' id='word_1_6' title='bbox 610 287 703 321; x_wconf 89' lang='lat' dir='ltr'>dictis</span> <span class='ocrx_word' id='word_1_7' title='bbox 726 287 975 331; x_wconf 77' lang='lat' dir='ltr'>archiepiscopis</span> <span class='ocrx_word' id='word_1_8' title='bbox 995 294 1182 332; x_wconf 86' lang='lat' dir='ltr'>competen-</span> 
     </span>
     <span class='ocr_line' id='line_1_4' title="bbox 440 341 1183 386; baseline 0 -11"><span class='ocrx_word' id='word_1_9' title='bbox 440 342 534 382; x_wconf 83' lang='lat' dir='ltr'>tibus,</span> <span class='ocrx_word' id='word_1_10' title='bbox 558 347 729 385; x_wconf 88' lang='lat' dir='ltr'>propterea</span> <span class='ocrx_word' id='word_1_11' title='bbox 751 341 889 374; x_wconf 86' lang='lat' dir='ltr'>dubitari</span> <span class='ocrx_word' id='word_1_12' title='bbox 910 347 1032 385; x_wconf 89' lang='lat' dir='ltr'>posset;</span> <span class='ocrx_word' id='word_1_13' title='bbox 1055 352 1092 375; x_wconf 87' lang='lat' dir='ltr'>ac</span> <span class='ocrx_word' id='word_1_14' title='bbox 1123 352 1183 386; x_wconf 87' lang='lat' dir='ltr'>pro</span> 
     </span>
    </p>
   </div>
   <div class='ocr_carea' id='block_1_3' title="bbox 396 394 1174 438">
    <p class='ocr_par' dir='ltr' id='par_1_3' title="bbox 396 394 1174 438">
     <span class='ocr_line' id='line_1_5' title="bbox 396 394 1174 438; baseline 0.003 -11"><span class='ocrx_word' id='word_1_15' title='bbox 396 402 400 405; x_wconf 85' lang='grc'><em>·</em></span> <span class='ocrx_word' id='word_1_16' title='bbox 441 394 555 427; x_wconf 89' lang='lat' dir='ltr'>maiori</span> <span class='ocrx_word' id='word_1_17' title='bbox 576 405 688 428; x_wconf 90' lang='lat' dir='ltr'>corum</span> <span class='ocrx_word' id='word_1_18' title='bbox 717 394 880 427; x_wconf 72' lang='lat' dir='ltr'>validitate</span> <span class='ocrx_word' id='word_1_19' title='bbox 900 395 1084 438; x_wconf 87' lang='lat' dir='ltr'>praedictus</span> <span class='ocrx_word' id='word_1_20' title='bbox 1104 396 1174 429; x_wconf 89' lang='lat' dir='ltr'>Ale-</span> 
     </span>
    </p>
   </div>
   <div class='ocr_carea' id='block_1_4' title="bbox 252 2615 436 2665">
    <p class='ocr_par' dir='ltr' id='par_1_4' title="bbox 252 2615 436 2665">
     <span class='ocr_line' id='line_1_6' title="bbox 275 2615 436 2637; baseline -0.012 -2"><span class='ocrx_word' id='word_1_21' title='bbox 275 2615 353 2635; x_wconf 63' lang='grc' dir='ltr'>ΕΔιΙΠΙι</span> <span class='ocrx_word' id='word_1_22' title='bbox 369 2620 380 2634; x_wconf 72' lang='lat' dir='ltr'>fl</span> <span class='ocrx_word' id='word_1_23' title='bbox 390 2616 436 2637; x_wconf 57' lang='lat' dir='ltr'>(Lie-</span> 
     </span>
     <span class='ocr_line' id='line_1_7' title="bbox 252 2644 436 2665; baseline 0.005 -2"><span class='ocrx_word' id='word_1_24' title='bbox 252 2644 436 2665; x_wconf 68' lang='lat' dir='ltr'>mutiucuntlnna·</span> 
     </span>
    </p>
   </div>
   <div class='ocr_carea' id='block_1_5' title="bbox 439 447 1191 2672">
    <p class='ocr_par' dir='ltr' id='par_1_5' title="bbox 439 447 1190 2554">
     <span class='ocr_line' id='line_1_8' title="bbox 440 447 1184 492; baseline 0.003 -12"><span class='ocrx_word' id='word_1_25' title='bbox 440 448 560 480; x_wconf 80' lang='lat' dir='ltr'>xander</span> <span class='ocrx_word' id='word_1_26' title='bbox 580 447 750 480; x_wconf 86' lang='lat' dir='ltr'>cardinalis</span> <span class='ocrx_word' id='word_1_27' title='bbox 763 453 793 480; x_wconf 87' lang='lat' dir='ltr'>et</span> <span class='ocrx_word' id='word_1_28' title='bbox 812 448 1056 482; x_wconf 86' lang='lat' dir='ltr'>administrator</span> <span class='ocrx_word' id='word_1_29' title='bbox 1075 449 1184 492; x_wconf 89' lang='lat' dir='ltr'>cupie-</span> 
     </span>
     <span class='ocr_line' id='line_1_9' title="bbox 441 499 1184 543; baseline 0.003 -11"><span class='ocrx_word' id='word_1_30' title='bbox 441 500 516 538; x_wconf 86' lang='lat' dir='ltr'>bat,</span> <span class='ocrx_word' id='word_1_31' title='bbox 540 499 727 543; x_wconf 79' lang='lat' dir='ltr'>privilegia,</span> <span class='ocrx_word' id='word_1_32' title='bbox 751 501 1033 543; x_wconf 76' lang='lat' dir='ltr'>praeeminentias,</span> <span class='ocrx_word' id='word_1_33' title='bbox 1066 501 1184 534; x_wconf 88' lang='lat' dir='ltr'>immu-</span> 
     </span>
     <span class='ocr_line' id='line_1_10' title="bbox 439 552 1180 596; baseline 0.004 -12"><span class='ocrx_word' id='word_1_34' title='bbox 439 552 565 593; x_wconf 88' lang='lat' dir='ltr'>nitates,</span> <span class='ocrx_word' id='word_1_35' title='bbox 586 553 817 596; x_wconf 74' lang='lat' dir='ltr'>exemptiones,</span> <span class='ocrx_word' id='word_1_36' title='bbox 841 554 969 596; x_wconf 75' lang='lat' dir='ltr'>gratias,</span> <span class='ocrx_word' id='word_1_37' title='bbox 1005 554 1180 592; x_wconf 74' lang='lat' dir='ltr'>libertates,</span> 
     </span>
     <span class='ocr_line' id='line_1_11' title="bbox 439 607 1184 650; baseline 0.004 -12"><span class='ocrx_word' id='word_1_38' title='bbox 439 607 690 650; x_wconf 76' lang='lat' dir='ltr'>praerogativas,</span> <span class='ocrx_word' id='word_1_39' title='bbox 707 608 931 641; x_wconf 88' lang='lat' dir='ltr'>eoncessiones</span> <span class='ocrx_word' id='word_1_40' title='bbox 944 614 976 641; x_wconf 89' lang='lat' dir='ltr'>et</span> <span class='ocrx_word' id='word_1_41' title='bbox 988 608 1112 641; x_wconf 89' lang='lat' dir='ltr'>indulta</span> <span class='ocrx_word' id='word_1_42' title='bbox 1125 608 1184 641; x_wconf 91' lang='lat' dir='ltr'>hu-</span> 
     </span>
     <span class='ocr_line' id='line_1_12' title="bbox 440 659 1184 705; baseline 0.004 -14"><span class='ocrx_word' id='word_1_43' title='bbox 440 659 580 692; x_wconf 90' lang='lat' dir='ltr'>iusmodi</span> <span class='ocrx_word' id='word_1_44' title='bbox 600 661 797 704; x_wconf 88' lang='lat' dir='ltr'>apostolicae</span> <span class='ocrx_word' id='word_1_45' title='bbox 816 661 1060 705; x_wconf 79' lang='lat' dir='ltr'>approbationis</span> <span class='ocrx_word' id='word_1_46' title='bbox 1079 662 1184 694; x_wconf 89' lang='lat' dir='ltr'>muni-</span> 
     </span>
     <span class='ocr_line' id='line_1_13' title="bbox 441 712 1183 758; baseline 0.005 -14"><span class='ocrx_word' id='word_1_47' title='bbox 441 712 527 746; x_wconf 82' lang='lat' dir='ltr'>mine</span> <span class='ocrx_word' id='word_1_48' title='bbox 558 713 727 752; x_wconf 89' lang='lat' dir='ltr'>roborari,</span> <span class='ocrx_word' id='word_1_49' title='bbox 762 714 1052 758; x_wconf 81' lang='lat' dir='ltr'>supplicationibus</span> <span class='ocrx_word' id='word_1_50' title='bbox 1082 714 1183 758; x_wconf 87' lang='lat' dir='ltr'>ipsius</span> 
     </span>
     <span class='ocr_line' id='line_1_14' title="bbox 439 765 1183 801; baseline 0.003 -3"><span class='ocrx_word' id='word_1_51' title='bbox 439 765 613 799; x_wconf 83' lang='lat' dir='ltr'>Alexandri</span> <span class='ocrx_word' id='word_1_52' title='bbox 649 766 822 799; x_wconf 87' lang='lat' dir='ltr'>cardinalis</span> <span class='ocrx_word' id='word_1_53' title='bbox 853 773 883 800; x_wconf 88' lang='lat' dir='ltr'>et</span> <span class='ocrx_word' id='word_1_54' title='bbox 914 767 1183 801; x_wconf 84' lang='lat' dir='ltr'>administratoris</span> 
     </span>
     <span class='ocr_line' id='line_1_15' title="bbox 440 819 1180 865; baseline 0.005 -15"><span class='ocrx_word' id='word_1_55' title='bbox 440 829 538 862; x_wconf 82' lang='lat' dir='ltr'>super</span> <span class='ocrx_word' id='word_1_56' title='bbox 558 819 621 853; x_wconf 91' lang='lat' dir='ltr'>hoc</span> <span class='ocrx_word' id='word_1_57' title='bbox 637 820 698 854; x_wconf 89' lang='lat' dir='ltr'>sibi</span> <span class='ocrx_word' id='word_1_58' title='bbox 718 820 884 854; x_wconf 82' lang='lat' dir='ltr'>humiliter</span> <span class='ocrx_word' id='word_1_59' title='bbox 901 821 1056 865; x_wconf 85' lang='lat' dir='ltr'>porrectis</span> <span class='ocrx_word' id='word_1_60' title='bbox 1086 821 1180 854; x_wconf 89' lang='lat' dir='ltr'>incli-</span> 
     </span>
     <span class='ocr_line' id='line_1_16' title="bbox 441 872 1184 917; baseline 0.001 -13"><span class='ocrx_word' id='word_1_61' title='bbox 441 878 551 912; x_wconf 87' lang='lat' dir='ltr'>natus,</span> <span class='ocrx_word' id='word_1_62' title='bbox 583 872 771 916; x_wconf 75' lang='lat' dir='ltr'>privilegia,</span> <span class='ocrx_word' id='word_1_63' title='bbox 804 873 1096 917; x_wconf 84' lang='lat' dir='ltr'>praeeminentias,</span> <span class='ocrx_word' id='word_1_64' title='bbox 1124 874 1184 905; x_wconf 90' lang='lat' dir='ltr'>im-</span> 
     </span>
     <span class='ocr_line' id='line_1_17' title="bbox 441 925 1185 969; baseline 0.004 -12"><span class='ocrx_word' id='word_1_65' title='bbox 441 925 625 965; x_wconf 89' lang='lat' dir='ltr'>munitates,</span> <span class='ocrx_word' id='word_1_66' title='bbox 649 925 879 969; x_wconf 77' lang='lat' dir='ltr'>exemptiones,</span> <span class='ocrx_word' id='word_1_67' title='bbox 902 926 1031 969; x_wconf 73' lang='lat' dir='ltr'>gratias,</span> <span class='ocrx_word' id='word_1_68' title='bbox 1053 927 1185 960; x_wconf 86' lang='lat' dir='ltr'>liberta-</span> 
     </span>
     <span class='ocr_line' id='line_1_18' title="bbox 442 979 1184 1022; baseline 0.003 -11"><span class='ocrx_word' id='word_1_69' title='bbox 442 983 498 1018; x_wconf 90' lang='lat' dir='ltr'>tes,</span> <span class='ocrx_word' id='word_1_70' title='bbox 515 979 765 1022; x_wconf 81' lang='lat' dir='ltr'>praerogativas,</span> <span class='ocrx_word' id='word_1_71' title='bbox 782 979 1007 1013; x_wconf 88' lang='lat' dir='ltr'>concessiones</span> <span class='ocrx_word' id='word_1_72' title='bbox 1020 985 1050 1013; x_wconf 88' lang='lat' dir='ltr'>et</span> <span class='ocrx_word' id='word_1_73' title='bbox 1062 980 1184 1013; x_wconf 88' lang='lat' dir='ltr'>indulta</span> 
     </span>
     <span class='ocr_line' id='line_1_19' title="bbox 441 1032 1180 1076; baseline 0.003 -12"><span class='ocrx_word' id='word_1_74' title='bbox 441 1032 622 1075; x_wconf 85' lang='lat' dir='ltr'>praedicta,</span> <span class='ocrx_word' id='word_1_75' title='bbox 655 1043 692 1066; x_wconf 90' lang='lat' dir='ltr'>ac</span> <span class='ocrx_word' id='word_1_76' title='bbox 720 1039 817 1076; x_wconf 88' lang='lat' dir='ltr'>prout</span> <span class='ocrx_word' id='word_1_77' title='bbox 848 1033 902 1066; x_wconf 89' lang='lat' dir='ltr'>illa</span> <span class='ocrx_word' id='word_1_78' title='bbox 931 1034 1180 1072; x_wconf 85' lang='lat' dir='ltr'>concernebant,</span> 
     </span>
     <span class='ocr_line' id='line_1_20' title="bbox 442 1086 1185 1131; baseline 0.004 -13"><span class='ocrx_word' id='word_1_79' title='bbox 442 1086 602 1119; x_wconf 88' lang='lat' dir='ltr'>consectas</span> <span class='ocrx_word' id='word_1_80' title='bbox 622 1086 743 1119; x_wconf 85' lang='lat' dir='ltr'>litteras</span> <span class='ocrx_word' id='word_1_81' title='bbox 758 1087 897 1131; x_wconf 83' lang='lat' dir='ltr'>desuper</span> <span class='ocrx_word' id='word_1_82' title='bbox 909 1087 1112 1131; x_wconf 82' lang='lat' dir='ltr'>apostolicas,</span> <span class='ocrx_word' id='word_1_83' title='bbox 1126 1097 1185 1120; x_wconf 80' lang='lat' dir='ltr'>nee</span> 
     </span>
     <span class='ocr_line' id='line_1_21' title="bbox 442 1130 1182 1182; baseline 0.001 -11"><span class='ocrx_word' id='word_1_84' title='bbox 442 1130 507 1171; x_wconf 87' lang='lat' dir='ltr'>non</span> <span class='ocrx_word' id='word_1_85' title='bbox 525 1139 635 1172; x_wconf 91' lang='lat' dir='ltr'>omnia</span> <span class='ocrx_word' id='word_1_86' title='bbox 653 1145 685 1172; x_wconf 87' lang='lat' dir='ltr'>et</span> <span class='ocrx_word' id='word_1_87' title='bbox 704 1140 831 1182; x_wconf 82' lang='lat' dir='ltr'>singula</span> <span class='ocrx_word' id='word_1_88' title='bbox 853 1140 886 1173; x_wconf 92' lang='lat' dir='ltr'>in</span> <span class='ocrx_word' id='word_1_89' title='bbox 907 1140 979 1179; x_wconf 86' lang='lat' dir='ltr'>illis,</span> <span class='ocrx_word' id='word_1_90' title='bbox 1003 1152 1040 1173; x_wconf 87' lang='lat' dir='ltr'>ac</span> <span class='ocrx_word' id='word_1_91' title='bbox 1061 1140 1182 1173; x_wconf 85' lang='lat' dir='ltr'>instru-</span> 
     </span>
     <span class='ocr_line' id='line_1_22' title="bbox 443 1191 1184 1232; baseline 0 -8"><span class='ocrx_word' id='word_1_92' title='bbox 443 1191 569 1232; x_wconf 84' lang='lat' dir='ltr'>mentis,</span> <span class='ocrx_word' id='word_1_93' title='bbox 601 1193 680 1226; x_wconf 87' lang='lat' dir='ltr'>actis</span> <span class='ocrx_word' id='word_1_94' title='bbox 708 1198 739 1226; x_wconf 85' lang='lat' dir='ltr'>et</span> <span class='ocrx_word' id='word_1_95' title='bbox 767 1193 969 1226; x_wconf 84' lang='lat' dir='ltr'>documentis</span> <span class='ocrx_word' id='word_1_96' title='bbox 999 1192 1184 1226; x_wconf 87' lang='lat' dir='ltr'>huiusmodi</span> 
     </span>
     <span class='ocr_line' id='line_1_23' title="bbox 442 1246 1186 1290; baseline 0.001 -13"><span class='ocrx_word' id='word_1_97' title='bbox 442 1250 593 1278; x_wconf 89' lang='lat' dir='ltr'>contenta</span> <span class='ocrx_word' id='word_1_98' title='bbox 613 1251 644 1279; x_wconf 90' lang='lat' dir='ltr'>et</span> <span class='ocrx_word' id='word_1_99' title='bbox 658 1246 732 1279; x_wconf 88' lang='lat' dir='ltr'>inde</span> <span class='ocrx_word' id='word_1_100' title='bbox 746 1252 880 1290; x_wconf 87' lang='lat' dir='ltr'>sequuta</span> <span class='ocrx_word' id='word_1_101' title='bbox 898 1257 1133 1290; x_wconf 83' lang='lat' dir='ltr'>quaecumque,</span> <span class='ocrx_word' id='word_1_102' title='bbox 1150 1256 1186 1278; x_wconf 82' lang='lat' dir='ltr'>ex</span> 
     </span>
     <span class='ocr_line' id='line_1_24' title="bbox 443 1298 1183 1344; baseline 0.005 -14"><span class='ocrx_word' id='word_1_103' title='bbox 443 1303 530 1331; x_wconf 88' lang='lat' dir='ltr'>certa</span> <span class='ocrx_word' id='word_1_104' title='bbox 542 1298 611 1332; x_wconf 90' lang='lat' dir='ltr'>eius</span> <span class='ocrx_word' id='word_1_105' title='bbox 628 1299 773 1339; x_wconf 87' lang='lat' dir='ltr'>scientia,</span> <span class='ocrx_word' id='word_1_106' title='bbox 790 1299 979 1334; x_wconf 88' lang='lat' dir='ltr'>auctoritate</span> <span class='ocrx_word' id='word_1_107' title='bbox 997 1300 1183 1344; x_wconf 81' lang='lat' dir='ltr'>apostolica,</span> 
     </span>
     <span class='ocr_line' id='line_1_25' title="bbox 443 1352 1188 1394; baseline 0.005 -11"><span class='ocrx_word' id='word_1_108' title='bbox 443 1352 635 1394; x_wconf 84' lang='lat' dir='ltr'>approbavit</span> <span class='ocrx_word' id='word_1_109' title='bbox 654 1358 686 1385; x_wconf 91' lang='lat' dir='ltr'>et</span> <span class='ocrx_word' id='word_1_110' title='bbox 711 1353 932 1394; x_wconf 81' lang='lat' dir='ltr'>confirmavit;</span> <span class='ocrx_word' id='word_1_111' title='bbox 956 1364 993 1386; x_wconf 82' lang='lat' dir='ltr'>ae</span> <span class='ocrx_word' id='word_1_112' title='bbox 1021 1364 1134 1387; x_wconf 88' lang='lat' dir='ltr'>omnes</span> <span class='ocrx_word' id='word_1_113' title='bbox 1157 1360 1188 1387; x_wconf 92' lang='lat' dir='ltr'>et</span> 
     </span>
     <span class='ocr_line' id='line_1_26' title="bbox 443 1400 1183 1451; baseline 0.005 -15"><span class='ocrx_word' id='word_1_114' title='bbox 443 1404 612 1447; x_wconf 81' lang='lat' dir='ltr'>singulos„</span> <span class='ocrx_word' id='word_1_115' title='bbox 627 1412 689 1439; x_wconf 90' lang='lat' dir='ltr'>tam</span> <span class='ocrx_word' id='word_1_116' title='bbox 712 1400 790 1439; x_wconf 83' lang='lat' dir='ltr'>iuris</span> <span class='ocrx_word' id='word_1_117' title='bbox 810 1417 907 1451; x_wconf 90' lang='lat' dir='ltr'>quam</span> <span class='ocrx_word' id='word_1_118' title='bbox 936 1407 1009 1440; x_wconf 82' lang='lat' dir='ltr'>sacti</span> <span class='ocrx_word' id='word_1_119' title='bbox 1031 1408 1183 1444; x_wconf 78' lang='lat' dir='ltr'>desectus.</span> 
     </span>
     <span class='ocr_line' id='line_1_27' title="bbox 443 1457 1183 1501; baseline 0.003 -10"><span class='ocrx_word' id='word_1_120' title='bbox 443 1457 469 1491; x_wconf 82' lang='lat' dir='ltr'>si</span> <span class='ocrx_word' id='word_1_121' title='bbox 492 1459 547 1501; x_wconf 82' lang='lat' dir='ltr'>qui</span> <span class='ocrx_word' id='word_1_122' title='bbox 573 1459 680 1492; x_wconf 80' lang='lat' dir='ltr'>forsan</span> <span class='ocrx_word' id='word_1_123' title='bbox 710 1460 955 1494; x_wconf 76' lang='lat' dir='ltr'>intervenissent</span> <span class='ocrx_word' id='word_1_124' title='bbox 983 1461 1014 1493; x_wconf 90' lang='lat' dir='ltr'>in</span> <span class='ocrx_word' id='word_1_125' title='bbox 1047 1461 1183 1499; x_wconf 75' lang='lat' dir='ltr'>eisdem,</span> 
     </span>
     <span class='ocr_line' id='line_1_28' title="bbox 444 1512 1188 1557; baseline 0.005 -14"><span class='ocrx_word' id='word_1_126' title='bbox 444 1512 603 1554; x_wconf 88' lang='lat' dir='ltr'>supplevit</span> <span class='ocrx_word' id='word_1_127' title='bbox 624 1518 654 1545; x_wconf 90' lang='lat' dir='ltr'>et</span> <span class='ocrx_word' id='word_1_128' title='bbox 674 1513 735 1546; x_wconf 89' lang='lat' dir='ltr'>illis</span> <span class='ocrx_word' id='word_1_129' title='bbox 755 1519 929 1557; x_wconf 88' lang='lat' dir='ltr'>perpetuae</span> <span class='ocrx_word' id='word_1_130' title='bbox 940 1514 1188 1557; x_wconf 86' lang='lat' dir='ltr'>roburfirmatis</span> 
     </span>
     <span class='ocr_line' id='line_1_29' title="bbox 444 1564 1187 1611; baseline 0.005 -15"><span class='ocrx_word' id='word_1_131' title='bbox 444 1564 572 1605; x_wconf 89' lang='lat' dir='ltr'>adiecit,</span> <span class='ocrx_word' id='word_1_132' title='bbox 589 1576 690 1609; x_wconf 86' lang='lat' dir='ltr'>eaque</span> <span class='ocrx_word' id='word_1_133' title='bbox 704 1567 813 1599; x_wconf 91' lang='lat' dir='ltr'>omnia</span> <span class='ocrx_word' id='word_1_134' title='bbox 827 1573 857 1600; x_wconf 92' lang='lat' dir='ltr'>et</span> <span class='ocrx_word' id='word_1_135' title='bbox 869 1567 994 1610; x_wconf 77' lang='lat' dir='ltr'>singula</span> <span class='ocrx_word' id='word_1_136' title='bbox 1014 1573 1187 1611; x_wconf 83' lang='lat' dir='ltr'>perpetuae</span> 
     </span>
     <span class='ocr_line' id='line_1_30' title="bbox 444 1617 1190 1654; baseline 0.005 -4"><span class='ocrx_word' id='word_1_137' title='bbox 444 1617 605 1651; x_wconf 82' lang='lat' dir='ltr'>firmitatis</span> <span class='ocrx_word' id='word_1_138' title='bbox 625 1619 727 1652; x_wconf 90' lang='lat' dir='ltr'>robur</span> <span class='ocrx_word' id='word_1_139' title='bbox 746 1620 892 1653; x_wconf 87' lang='lat' dir='ltr'>obtinere</span> <span class='ocrx_word' id='word_1_140' title='bbox 913 1626 944 1653; x_wconf 89' lang='lat' dir='ltr'>et</span> <span class='ocrx_word' id='word_1_141' title='bbox 960 1621 1190 1654; x_wconf 89' lang='lat' dir='ltr'>inviolabiliter</span> 
     </span>
     <span class='ocr_line' id='line_1_31' title="bbox 444 1671 1188 1711; baseline 0.005 -8"><span class='ocrx_word' id='word_1_142' title='bbox 444 1671 607 1704; x_wconf 85' lang='lat' dir='ltr'>observari</span> <span class='ocrx_word' id='word_1_143' title='bbox 621 1672 757 1711; x_wconf 81' lang='lat' dir='ltr'>debere·,</span> <span class='ocrx_word' id='word_1_144' title='bbox 774 1684 833 1707; x_wconf 84' lang='lat' dir='ltr'>nec</span> <span class='ocrx_word' id='word_1_145' title='bbox 851 1684 915 1707; x_wconf 90' lang='lat' dir='ltr'>non</span> <span class='ocrx_word' id='word_1_146' title='bbox 937 1674 1042 1707; x_wconf 88' lang='lat' dir='ltr'>eidem</span> <span class='ocrx_word' id='word_1_147' title='bbox 1055 1675 1188 1708; x_wconf 78' lang='lat' dir='ltr'>Alexan-</span> 
     </span>
     <span class='ocr_line' id='line_1_32' title="bbox 444 1725 1189 1772; baseline 0.007 -16"><span class='ocrx_word' id='word_1_148' title='bbox 444 1725 503 1757; x_wconf 91' lang='lat' dir='ltr'>dro</span> <span class='ocrx_word' id='word_1_149' title='bbox 524 1725 679 1759; x_wconf 87' lang='lat' dir='ltr'>cardinali</span> <span class='ocrx_word' id='word_1_150' title='bbox 712 1733 742 1760; x_wconf 92' lang='lat' dir='ltr'>et</span> <span class='ocrx_word' id='word_1_151' title='bbox 773 1727 1045 1767; x_wconf 87' lang='lat' dir='ltr'>administratori,</span> <span class='ocrx_word' id='word_1_152' title='bbox 1069 1738 1105 1761; x_wconf 90' lang='lat' dir='ltr'>ac</span> <span class='ocrx_word' id='word_1_153' title='bbox 1129 1739 1189 1772; x_wconf 89' lang='lat' dir='ltr'>pro</span> 
     </span>
     <span class='ocr_line' id='line_1_33' title="bbox 445 1779 1186 1824; baseline 0.005 -14"><span class='ocrx_word' id='word_1_154' title='bbox 445 1783 589 1822; x_wconf 87' lang='lat' dir='ltr'>tempore</span> <span class='ocrx_word' id='word_1_155' title='bbox 610 1779 755 1813; x_wconf 81' lang='lat' dir='ltr'>existenti</span> <span class='ocrx_word' id='word_1_156' title='bbox 777 1780 1023 1824; x_wconf 85' lang='lat' dir='ltr'>archiepiscopo</span> <span class='ocrx_word' id='word_1_157' title='bbox 1046 1781 1186 1814; x_wconf 74' lang='lat' dir='ltr'>Arenio-</span> 
     </span>
     <span class='ocr_line' id='line_1_34' title="bbox 444 1832 1188 1878; baseline 0.005 -15"><span class='ocrx_word' id='word_1_158' title='bbox 444 1833 535 1864; x_wconf 90' lang='lat' dir='ltr'>nensi</span> <span class='ocrx_word' id='word_1_159' title='bbox 565 1832 756 1874; x_wconf 65' lang='lat' dir='ltr'>suffragari,</span> <span class='ocrx_word' id='word_1_160' title='bbox 792 1834 942 1878; x_wconf 89' lang='lat' dir='ltr'>ipsosque</span> <span class='ocrx_word' id='word_1_161' title='bbox 973 1835 1188 1868; x_wconf 77' lang='lat' dir='ltr'>Alexandrum</span> 
     </span>
     <span class='ocr_line' id='line_1_35' title="bbox 446 1885 1189 1932; baseline 0.005 -15"><span class='ocrx_word' id='word_1_162' title='bbox 446 1885 642 1918; x_wconf 85' lang='lat' dir='ltr'>cardinalem</span> <span class='ocrx_word' id='word_1_163' title='bbox 675 1891 706 1918; x_wconf 90' lang='lat' dir='ltr'>et</span> <span class='ocrx_word' id='word_1_164' title='bbox 735 1887 1042 1926; x_wconf 85' lang='lat' dir='ltr'>administratorem,</span> <span class='ocrx_word' id='word_1_165' title='bbox 1066 1899 1102 1921; x_wconf 75' lang='lat' dir='ltr'>ac</span> <span class='ocrx_word' id='word_1_166' title='bbox 1130 1899 1189 1932; x_wconf 88' lang='lat' dir='ltr'>pro</span> 
     </span>
     <span class='ocr_line' id='line_1_36' title="bbox 446 1938 1186 1984; baseline 0.005 -14"><span class='ocrx_word' id='word_1_167' title='bbox 446 1943 592 1981; x_wconf 88' lang='lat' dir='ltr'>tempore</span> <span class='ocrx_word' id='word_1_168' title='bbox 624 1938 794 1972; x_wconf 77' lang='lat' dir='ltr'>existentes</span> <span class='ocrx_word' id='word_1_169' title='bbox 825 1940 1084 1984; x_wconf 74' lang='lat' dir='ltr'>archiepiscopos</span> <span class='ocrx_word' id='word_1_170' title='bbox 1106 1942 1186 1974; x_wconf 71' lang='lat' dir='ltr'>Ave-</span> 
     </span>
     <span class='ocr_line' id='line_1_37' title="bbox 446 1990 1189 2034; baseline 0.005 -11"><span class='ocrx_word' id='word_1_171' title='bbox 446 1990 622 2029; x_wconf 78' lang='lat' dir='ltr'>nionensis.</span> <span class='ocrx_word' id='word_1_172' title='bbox 639 1991 700 2024; x_wconf 87' lang='lat' dir='ltr'>illis</span> <span class='ocrx_word' id='word_1_173' title='bbox 721 1993 871 2026; x_wconf 85' lang='lat' dir='ltr'>omnibus</span> <span class='ocrx_word' id='word_1_174' title='bbox 892 1999 923 2026; x_wconf 82' lang='lat' dir='ltr'>et</span> <span class='ocrx_word' id='word_1_175' title='bbox 942 1993 1076 2034; x_wconf 63' lang='lat' dir='ltr'>singulis</span> <span class='ocrx_word' id='word_1_176' title='bbox 1093 1994 1137 2027; x_wconf 88' lang='lat' dir='ltr'>uti</span> <span class='ocrx_word' id='word_1_177' title='bbox 1160 2000 1189 2027; x_wconf 89' lang='lat' dir='ltr'>et</span> 
     </span>
     <span class='ocr_line' id='line_1_38' title="bbox 446 2044 1189 2091; baseline 0.005 -15"><span class='ocrx_word' id='word_1_178' title='bbox 446 2044 600 2085; x_wconf 71' lang='lat' dir='ltr'>gaudere,</span> <span class='ocrx_word' id='word_1_179' title='bbox 624 2055 681 2078; x_wconf 88' lang='lat' dir='ltr'>nec</span> <span class='ocrx_word' id='word_1_180' title='bbox 711 2045 850 2089; x_wconf 79' lang='lat' dir='ltr'>desuper</span> <span class='ocrx_word' id='word_1_181' title='bbox 878 2057 936 2090; x_wconf 83' lang='lat' dir='ltr'>per</span> <span class='ocrx_word' id='word_1_182' title='bbox 956 2057 1015 2090; x_wconf 88' lang='lat' dir='ltr'>pro</span> <span class='ocrx_word' id='word_1_183' title='bbox 1045 2052 1189 2091; x_wconf 76' lang='lat' dir='ltr'>tempore</span> 
     </span>
     <span class='ocr_line' id='line_1_39' title="bbox 447 2097 1186 2141; baseline 0.007 -13"><span class='ocrx_word' id='word_1_184' title='bbox 447 2097 615 2131; x_wconf 76' lang='lat' dir='ltr'>existentes</span> <span class='ocrx_word' id='word_1_185' title='bbox 632 2098 736 2131; x_wconf 71' lang='lat' dir='ltr'>divine</span> <span class='ocrx_word' id='word_1_186' title='bbox 749 2099 839 2133; x_wconf 78' lang='lat' dir='ltr'>Sedis</span> <span class='ocrx_word' id='word_1_187' title='bbox 859 2100 980 2140; x_wconf 64' lang='lat' dir='ltr'>legatos</span> <span class='ocrx_word' id='word_1_188' title='bbox 993 2106 1024 2133; x_wconf 77' lang='lat' dir='ltr'>et</span> <span class='ocrx_word' id='word_1_189' title='bbox 1041 2101 1186 2141; x_wconf 72' lang='lat' dir='ltr'>vit-arios,</span> 
     </span>
     <span class='ocr_line' id='line_1_40' title="bbox 447 2153 1190 2198; baseline 0.005 -15"><span class='ocrx_word' id='word_1_190' title='bbox 447 2162 502 2183; x_wconf 75' lang='lat' dir='ltr'>seu</span> <span class='ocrx_word' id='word_1_191' title='bbox 517 2153 645 2195; x_wconf 82' lang='lat' dir='ltr'>quosvis</span> <span class='ocrx_word' id='word_1_192' title='bbox 659 2153 748 2189; x_wconf 79' lang='lat' dir='ltr'>atios.</span> <span class='ocrx_word' id='word_1_193' title='bbox 761 2154 871 2197; x_wconf 77' lang='lat' dir='ltr'>quavis</span> <span class='ocrx_word' id='word_1_194' title='bbox 883 2155 1083 2192; x_wconf 78' lang='lat' dir='ltr'>auctoritate,</span> <span class='ocrx_word' id='word_1_195' title='bbox 1098 2166 1190 2198; x_wconf 79' lang='lat' dir='ltr'>prae-</span> 
     </span>
     <span class='ocr_line' id='line_1_41' title="bbox 447 2205 1190 2250; baseline 0.003 -12"><span class='ocrx_word' id='word_1_196' title='bbox 447 2205 623 2238; x_wconf 71' lang='lat' dir='ltr'>eminentia</span> <span class='ocrx_word' id='word_1_197' title='bbox 643 2212 673 2239; x_wconf 84' lang='lat' dir='ltr'>et</span> <span class='ocrx_word' id='word_1_198' title='bbox 691 2207 1190 2250; x_wconf 65' lang='lat' dir='ltr'>superior-itatet·11ng.r‹=ntos,mo-</span> 
     </span>
     <span class='ocr_line' id='line_1_42' title="bbox 447 2257 1188 2305; baseline 0.004 -16"><span class='ocrx_word' id='word_1_199' title='bbox 447 2257 566 2294; x_wconf 81' lang='lat' dir='ltr'>lestari,</span> <span class='ocrx_word' id='word_1_200' title='bbox 594 2259 788 2302; x_wconf 81' lang='lat' dir='ltr'>perturbari,</span> <span class='ocrx_word' id='word_1_201' title='bbox 814 2260 962 2303; x_wconf 78' lang='lat' dir='ltr'>impediri</span> <span class='ocrx_word' id='word_1_202' title='bbox 984 2267 1037 2293; x_wconf 86' lang='lat' dir='ltr'>aut.</span> <span class='ocrx_word' id='word_1_203' title='bbox 1065 2261 1188 2305; x_wconf 68' lang='lat' dir='ltr'>inquie-</span> 
     </span>
     <span class='ocr_line' id='line_1_43' title="bbox 449 2311 1186 2357; baseline 0.008 -16"><span class='ocrx_word' id='word_1_204' title='bbox 449 2311 519 2349; x_wconf 86' lang='lat' dir='ltr'>tari,</span> <span class='ocrx_word' id='word_1_205' title='bbox 537 2312 584 2344; x_wconf 80' lang='lat' dir='ltr'>vel</span> <span class='ocrx_word' id='word_1_206' title='bbox 602 2312 647 2344; x_wconf 78' lang='lat' dir='ltr'>eis</span> <span class='ocrx_word' id='word_1_207' title='bbox 669 2312 698 2344; x_wconf 90' lang='lat' dir='ltr'>in</span> <span class='ocrx_word' id='word_1_208' title='bbox 720 2312 828 2356; x_wconf 84' lang='lat' dir='ltr'>aliquo</span> <span class='ocrx_word' id='word_1_209' title='bbox 847 2313 1060 2356; x_wconf 67' lang='lat' dir='ltr'>praeiudicari</span> <span class='ocrx_word' id='word_1_210' title='bbox 1082 2325 1186 2357; x_wconf 72' lang='lat' dir='ltr'>posse,</span> 
     </span>
     <span class='ocr_line' id='line_1_44' title="bbox 447 2364 1188 2410; baseline 0.008 -16"><span class='ocrx_word' id='word_1_211' title='bbox 447 2373 502 2395; x_wconf 70' lang='lat' dir='ltr'>seu</span> <span class='ocrx_word' id='word_1_212' title='bbox 532 2364 651 2396; x_wconf 86' lang='lat' dir='ltr'>debere</span> <span class='ocrx_word' id='word_1_213' title='bbox 679 2365 819 2397; x_wconf 74' lang='lat' dir='ltr'>decrevit</span> <span class='ocrx_word' id='word_1_214' title='bbox 847 2371 875 2397; x_wconf 80' lang='lat' dir='ltr'>et</span> <span class='ocrx_word' id='word_1_215' title='bbox 903 2366 997 2403; x_wconf 64' lang='lat' dir='ltr'>alias„</span> <span class='ocrx_word' id='word_1_216' title='bbox 1033 2373 1126 2410; x_wconf 85' lang='lat' dir='ltr'>prout</span> <span class='ocrx_word' id='word_1_217' title='bbox 1157 2367 1188 2400; x_wconf 93' lang='lat' dir='ltr'>in</span> 
     </span>
     <span class='ocr_line' id='line_1_45' title="bbox 449 2417 1190 2463; baseline 0.008 -17"><span class='ocrx_word' id='word_1_218' title='bbox 449 2417 602 2458; x_wconf 66' lang='lat' dir='ltr'>praedic-ti</span> <span class='ocrx_word' id='word_1_219' title='bbox 634 2417 722 2450; x_wconf 76' lang='lat' dir='ltr'>l&#39;auli</span> <span class='ocrx_word' id='word_1_220' title='bbox 759 2419 1014 2461; x_wconf 71' lang='lat' dir='ltr'>praedecessoris</span> <span class='ocrx_word' id='word_1_221' title='bbox 1051 2420 1190 2463; x_wconf 81' lang='lat' dir='ltr'>desuper</span> 
     </span>
     <span class='ocr_line' id='line_1_46' title="bbox 450 2470 1186 2515; baseline 0.007 -15"><span class='ocrx_word' id='word_1_222' title='bbox 450 2470 603 2502; x_wconf 55' lang='lat' dir='ltr'>centenus</span> <span class='ocrx_word' id='word_1_223' title='bbox 634 2470 763 2508; x_wconf 75' lang='lat' dir='ltr'>litteris,</span> <span class='ocrx_word' id='word_1_224' title='bbox 797 2471 890 2504; x_wconf 71' lang='lat' dir='ltr'>etiam</span> <span class='ocrx_word' id='word_1_225' title='bbox 925 2472 1050 2515; x_wconf 69' lang='lat' dir='ltr'>plu-nius</span> <span class='ocrx_word' id='word_1_226' title='bbox 1080 2473 1186 2506; x_wconf 84' lang='lat' dir='ltr'>conti-</span> 
     </span>
     <span class='ocr_line' id='line_1_47' title="bbox 452 2527 554 2554; baseline 0.02 -2"><span class='ocrx_word' id='word_1_227' title='bbox 452 2527 554 2554; x_wconf 85' lang='lat' dir='ltr'>netur.</span> 
     </span>
    </p>

    <p class='ocr_par' dir='ltr' id='par_1_6' title="bbox 452 2575 1191 2672">
     <span class='ocr_line' id='line_1_48' title="bbox 496 2575 1186 2616; baseline 0.007 -10"><span class='ocrx_word' id='word_1_228' title='bbox 496 2575 511 2615; x_wconf 58' lang='grc' dir='ltr'>ξ</span> <span class='ocrx_word' id='word_1_229' title='bbox 534 2575 562 2606; x_wconf 72' lang='lat'>2’.</span> <span class='ocrx_word' id='word_1_230' title='bbox 586 2576 662 2608; x_wconf 82' lang='lat' dir='ltr'>Cum</span> <span class='ocrx_word' id='word_1_231' title='bbox 683 2582 801 2616; x_wconf 84' lang='lat' dir='ltr'>autem,</span> <span class='ocrx_word' id='word_1_232' title='bbox 822 2577 903 2610; x_wconf 81' lang='lat' dir='ltr'>sicut</span> <span class='ocrx_word' id='word_1_233' title='bbox 925 2578 1016 2611; x_wconf 83' lang='lat' dir='ltr'>nobis</span> <span class='ocrx_word' id='word_1_234' title='bbox 1037 2579 1186 2616; x_wconf 80' lang='lat' dir='ltr'>innotuit.</span> 
     </span>
     <span class='ocr_line' id='line_1_49' title="bbox 452 2626 1191 2672; baseline 0.008 -13"><span class='ocrx_word' id='word_1_235' title='bbox 452 2626 584 2660; x_wconf 83' lang='lat' dir='ltr'>dilectus</span> <span class='ocrx_word' id='word_1_236' title='bbox 602 2628 685 2661; x_wconf 75' lang='lat' dir='ltr'>tilius</span> <span class='ocrx_word' id='word_1_237' title='bbox 704 2636 812 2663; x_wconf 86' lang='lat' dir='ltr'>noster</span> <span class='ocrx_word' id='word_1_238' title='bbox 825 2631 1012 2666; x_wconf 79' lang='lat' dir='ltr'>Franciscus</span> <span class='ocrx_word' id='word_1_239' title='bbox 1030 2632 1137 2672; x_wconf 81' lang='lat' dir='ltr'>Maria,</span> <span class='ocrx_word' id='word_1_240' title='bbox 1155 2631 1191 2665; x_wconf 86' lang='lat' dir='ltr'>ti-</span> 
     </span>
    </p>
   </div>
   <div class='ocr_carea' id='block_1_6' title="bbox 1021 239 1378 265">
    <p class='ocr_par' dir='ltr' id='par_1_7' title="bbox 1021 239 1378 265">
     <span class='ocr_line' id='line_1_50' title="bbox 1021 239 1378 265; baseline 0 -1"><span class='ocrx_word' id='word_1_241' title='bbox 1021 240 1205 264; x_wconf 78' lang='lat' dir='ltr'><strong>BULLARIUM</strong></span> <span class='ocrx_word' id='word_1_242' title='bbox 1223 239 1378 265; x_wconf 73' lang='lat' dir='ltr'><strong>ROMANUM</strong></span> 
     </span>
    </p>
   </div>
   <div class='ocr_carea' id='block_1_7' title="bbox 1217 287 1961 546">
    <p class='ocr_par' dir='ltr' id='par_1_8' title="bbox 1217 287 1961 546">
     <span class='ocr_line' id='line_1_51' title="bbox 1218 287 1956 330; baseline 0.004 -10"><span class='ocrx_word' id='word_1_243' title='bbox 1218 288 1275 321; x_wconf 89' lang='lat' dir='ltr'>tuli</span> <span class='ocrx_word' id='word_1_244' title='bbox 1295 288 1402 322; x_wconf 85' lang='lat' dir='ltr'>Sancti</span> <span class='ocrx_word' id='word_1_245' title='bbox 1418 287 1656 322; x_wconf 87' lang='lat' dir='ltr'>Bartholomaei</span> <span class='ocrx_word' id='word_1_246' title='bbox 1676 288 1709 322; x_wconf 92' lang='lat' dir='ltr'>in</span> <span class='ocrx_word' id='word_1_247' title='bbox 1730 289 1846 330; x_wconf 89' lang='lat' dir='ltr'>insula,</span> <span class='ocrx_word' id='word_1_248' title='bbox 1870 289 1956 323; x_wconf 90' lang='lat' dir='ltr'>eius-</span> 
     </span>
     <span class='ocr_line' id='line_1_52' title="bbox 1217 341 1958 386; baseline 0.001 -11"><span class='ocrx_word' id='word_1_249' title='bbox 1217 342 1291 375; x_wconf 90' lang='lat' dir='ltr'>dem</span> <span class='ocrx_word' id='word_1_250' title='bbox 1322 341 1352 375; x_wconf 92' lang='lat' dir='ltr'>S.</span> <span class='ocrx_word' id='word_1_251' title='bbox 1376 342 1411 375; x_wconf 84' lang='lat' dir='ltr'>R.</span> <span class='ocrx_word' id='word_1_252' title='bbox 1434 341 1469 375; x_wconf 92' lang='lat' dir='ltr'>E.</span> <span class='ocrx_word' id='word_1_253' title='bbox 1500 342 1687 386; x_wconf 80' lang='lat' dir='ltr'>praesbyter</span> <span class='ocrx_word' id='word_1_254' title='bbox 1717 343 1889 376; x_wconf 87' lang='lat' dir='ltr'>cardinalis</span> <span class='ocrx_word' id='word_1_255' title='bbox 1919 343 1958 376; x_wconf 90' lang='lat' dir='ltr'>de</span> 
     </span>
     <span class='ocr_line' id='line_1_53' title="bbox 1217 394 1960 440; baseline 0.004 -13"><span class='ocrx_word' id='word_1_256' title='bbox 1217 394 1380 428; x_wconf 90' lang='lat' dir='ltr'>Avenione</span> <span class='ocrx_word' id='word_1_257' title='bbox 1399 395 1578 439; x_wconf 88' lang='lat' dir='ltr'>nuncupati</span> <span class='ocrx_word' id='word_1_258' title='bbox 1605 401 1636 429; x_wconf 92' lang='lat' dir='ltr'>ct</span> <span class='ocrx_word' id='word_1_259' title='bbox 1661 396 1814 429; x_wconf 88' lang='lat' dir='ltr'>ecclesiae</span> <span class='ocrx_word' id='word_1_260' title='bbox 1832 396 1960 440; x_wconf 86' lang='lat' dir='ltr'>praedi-</span> 
     </span>
     <span class='ocr_line' id='line_1_54' title="bbox 1218 448 1960 482; baseline 0.001 -1"><span class='ocrx_word' id='word_1_261' title='bbox 1218 454 1286 481; x_wconf 88' lang='lat' dir='ltr'>ctae</span> <span class='ocrx_word' id='word_1_262' title='bbox 1304 448 1534 481; x_wconf 85' lang='lat' dir='ltr'>Avenionensis</span> <span class='ocrx_word' id='word_1_263' title='bbox 1555 459 1593 481; x_wconf 81' lang='lat' dir='ltr'>ex</span> <span class='ocrx_word' id='word_1_264' title='bbox 1612 448 1820 482; x_wconf 82' lang='lat' dir='ltr'>concessione</span> <span class='ocrx_word' id='word_1_265' title='bbox 1837 459 1892 482; x_wconf 90' lang='lat' dir='ltr'>seu</span> <span class='ocrx_word' id='word_1_266' title='bbox 1912 449 1960 482; x_wconf 89' lang='lat' dir='ltr'>di-</span> 
     </span>
     <span class='ocr_line' id='line_1_55' title="bbox 1217 501 1961 546; baseline 0.001 -12"><span class='ocrx_word' id='word_1_267' title='bbox 1217 501 1420 545; x_wconf 86' lang='lat' dir='ltr'>spensatione</span> <span class='ocrx_word' id='word_1_268' title='bbox 1447 501 1641 545; x_wconf 85' lang='lat' dir='ltr'>apostoliea,</span> <span class='ocrx_word' id='word_1_269' title='bbox 1675 502 1832 546; x_wconf 60' lang='lat' dir='ltr'>praesul,</span> <span class='ocrx_word' id='word_1_270' title='bbox 1853 503 1961 546; x_wconf 89' lang='lat' dir='ltr'>cupiat</span> 
     </span>
    </p>
   </div>
   <div class='ocr_carea' id='block_1_8' title="bbox 1218 554 2005 599">
    <p class='ocr_par' dir='ltr' id='par_1_9' title="bbox 1218 554 2005 599">
     <span class='ocr_line' id='line_1_56' title="bbox 1218 554 2005 599; baseline 0.001 -12"><span class='ocrx_word' id='word_1_271' title='bbox 1218 554 1386 598; x_wconf 79' lang='lat' dir='ltr'>privilegia</span> <span class='ocrx_word' id='word_1_272' title='bbox 1397 560 1428 587; x_wconf 87' lang='lat' dir='ltr'>et</span> <span class='ocrx_word' id='word_1_273' title='bbox 1440 554 1565 588; x_wconf 89' lang='lat' dir='ltr'>indulta</span> <span class='ocrx_word' id='word_1_274' title='bbox 1586 555 1784 596; x_wconf 90' lang='lat' dir='ltr'>huiusmodi,</span> <span class='ocrx_word' id='word_1_275' title='bbox 1808 566 1867 599; x_wconf 87' lang='lat' dir='ltr'>pro</span> <span class='ocrx_word' id='word_1_276' title='bbox 1891 555 1962 588; x_wconf 91' lang='lat' dir='ltr'>illo·</span> <span class='ocrx_word' id='word_1_277' title='bbox 2000 559 2005 563; x_wconf 86' lang='grc'><strong>”</strong></span> 
     </span>
    </p>
   </div>
   <div class='ocr_carea' id='block_1_9' title="bbox 1217 607 1968 2673">
    <p class='ocr_par' dir='ltr' id='par_1_10' title="bbox 1217 607 1962 696">
     <span class='ocr_line' id='line_1_57' title="bbox 1217 607 1962 652; baseline 0.004 -13"><span class='ocrx_word' id='word_1_278' title='bbox 1217 618 1290 640; x_wconf 90' lang='lat' dir='ltr'>rum</span> <span class='ocrx_word' id='word_1_279' title='bbox 1310 607 1447 641; x_wconf 83' lang='lat' dir='ltr'>firmiori</span> <span class='ocrx_word' id='word_1_280' title='bbox 1472 608 1689 648; x_wconf 87' lang='lat' dir='ltr'>subsistentia,</span> <span class='ocrx_word' id='word_1_281' title='bbox 1704 613 1817 641; x_wconf 84' lang='lat' dir='ltr'>nostro</span> <span class='ocrx_word' id='word_1_282' title='bbox 1835 613 1866 642; x_wconf 83' lang='lat' dir='ltr'>et</span> <span class='ocrx_word' id='word_1_283' title='bbox 1884 618 1962 652; x_wconf 86' lang='lat' dir='ltr'>apo-</span> 
     </span>
     <span class='ocr_line' id='line_1_58' title="bbox 1218 661 1710 696; baseline 0.002 -2"><span class='ocrx_word' id='word_1_284' title='bbox 1218 661 1330 694; x_wconf 92' lang='lat' dir='ltr'>stolico</span> <span class='ocrx_word' id='word_1_285' title='bbox 1351 661 1530 696; x_wconf 88' lang='lat' dir='ltr'>munimine</span> <span class='ocrx_word' id='word_1_286' title='bbox 1550 662 1710 696; x_wconf 90' lang='lat' dir='ltr'>roborari.</span> 
     </span>
    </p>

    <p class='ocr_par' dir='ltr' id='par_1_11' title="bbox 1218 713 1968 2673">
     <span class='ocr_line' id='line_1_59' title="bbox 1263 713 1961 759; baseline 0.001 -12"><span class='ocrx_word' id='word_1_287' title='bbox 1263 713 1324 756; x_wconf 66' lang='lat'>53.</span> <span class='ocrx_word' id='word_1_288' title='bbox 1340 714 1414 755; x_wconf 91' lang='lat' dir='ltr'>Nos,</span> <span class='ocrx_word' id='word_1_289' title='bbox 1426 714 1481 758; x_wconf 87' lang='lat' dir='ltr'>qui</span> <span class='ocrx_word' id='word_1_290' title='bbox 1502 715 1534 748; x_wconf 92' lang='lat' dir='ltr'>in</span> <span class='ocrx_word' id='word_1_291' title='bbox 1554 726 1706 759; x_wconf 88' lang='lat' dir='ltr'>supremo</span> <span class='ocrx_word' id='word_1_292' title='bbox 1723 715 1890 748; x_wconf 89' lang='lat' dir='ltr'>militantis</span> <span class='ocrx_word' id='word_1_293' title='bbox 1910 725 1961 748; x_wconf 90' lang='lat' dir='ltr'>ec-</span> 
     </span>
     <span class='ocr_line' id='line_1_60' title="bbox 1218 767 1957 812; baseline 0.003 -13"><span class='ocrx_word' id='word_1_294' title='bbox 1218 767 1333 800; x_wconf 87' lang='lat' dir='ltr'>clesiae</span> <span class='ocrx_word' id='word_1_295' title='bbox 1353 767 1434 800; x_wconf 91' lang='lat' dir='ltr'>solio</span> <span class='ocrx_word' id='word_1_296' title='bbox 1447 795 1454 808; x_wconf 91' lang='lat'>,</span> <span class='ocrx_word' id='word_1_297' title='bbox 1479 768 1585 801; x_wconf 88' lang='lat' dir='ltr'>divina</span> <span class='ocrx_word' id='word_1_298' title='bbox 1605 768 1854 812; x_wconf 86' lang='lat' dir='ltr'>dispensatione,</span> <span class='ocrx_word' id='word_1_299' title='bbox 1877 778 1957 801; x_wconf 91' lang='lat' dir='ltr'>con-</span> 
     </span>
     <span class='ocr_line' id='line_1_61' title="bbox 1218 819 1957 865; baseline 0.004 -13"><span class='ocrx_word' id='word_1_300' title='bbox 1218 819 1318 853; x_wconf 84' lang='lat' dir='ltr'>stituti</span> <span class='ocrx_word' id='word_1_301' title='bbox 1333 847 1340 860; x_wconf 90' lang='lat'>,</span> <span class='ocrx_word' id='word_1_302' title='bbox 1364 820 1404 853; x_wconf 90' lang='lat' dir='ltr'>ad</span> <span class='ocrx_word' id='word_1_303' title='bbox 1425 821 1634 854; x_wconf 88' lang='lat' dir='ltr'>ecclesiarum</span> <span class='ocrx_word' id='word_1_304' title='bbox 1655 826 1686 854; x_wconf 90' lang='lat' dir='ltr'>et</span> <span class='ocrx_word' id='word_1_305' title='bbox 1705 821 1750 855; x_wconf 90' lang='lat' dir='ltr'>eis</span> <span class='ocrx_word' id='word_1_306' title='bbox 1768 821 1957 865; x_wconf 88' lang='lat' dir='ltr'>praesiden-</span> 
     </span>
     <span class='ocr_line' id='line_1_62' title="bbox 1218 873 1963 918; baseline 0.003 -12"><span class='ocrx_word' id='word_1_307' title='bbox 1218 873 1296 906; x_wconf 90' lang='lat' dir='ltr'>tium</span> <span class='ocrx_word' id='word_1_308' title='bbox 1317 884 1529 918; x_wconf 87' lang='lat' dir='ltr'>personarum</span> <span class='ocrx_word' id='word_1_309' title='bbox 1549 875 1735 908; x_wconf 90' lang='lat' dir='ltr'>huiusmodi</span> <span class='ocrx_word' id='word_1_310' title='bbox 1755 880 1873 908; x_wconf 87' lang='lat' dir='ltr'>statum</span> <span class='ocrx_word' id='word_1_311' title='bbox 1894 874 1963 908; x_wconf 84' lang='lat' dir='ltr'>seli-</span> 
     </span>
     <span class='ocr_line' id='line_1_63' title="bbox 1219 926 1962 970; baseline 0 -11"><span class='ocrx_word' id='word_1_312' title='bbox 1219 926 1298 960; x_wconf 91' lang='lat' dir='ltr'>citer</span> <span class='ocrx_word' id='word_1_313' title='bbox 1330 927 1556 970; x_wconf 78' lang='lat' dir='ltr'>dirigendum,</span> <span class='ocrx_word' id='word_1_314' title='bbox 1581 933 1613 962; x_wconf 90' lang='lat' dir='ltr'>et</span> <span class='ocrx_word' id='word_1_315' title='bbox 1639 933 1675 961; x_wconf 88' lang='lat' dir='ltr'>ut</span> <span class='ocrx_word' id='word_1_316' title='bbox 1703 937 1768 961; x_wconf 90' lang='lat' dir='ltr'>non</span> <span class='ocrx_word' id='word_1_317' title='bbox 1797 928 1903 964; x_wconf 86' lang='lat' dir='ltr'>solum</span> <span class='ocrx_word' id='word_1_318' title='bbox 1929 926 1962 960; x_wconf 89' lang='lat' dir='ltr'>in</span> 
     </span>
     <span class='ocr_line' id='line_1_64' title="bbox 1218 979 1964 1024; baseline 0.003 -13"><span class='ocrx_word' id='word_1_319' title='bbox 1218 979 1283 1012; x_wconf 88' lang='lat' dir='ltr'>suis</span> <span class='ocrx_word' id='word_1_320' title='bbox 1303 980 1579 1014; x_wconf 88' lang='lat' dir='ltr'>iurisdictionibus</span> <span class='ocrx_word' id='word_1_321' title='bbox 1603 991 1668 1015; x_wconf 93' lang='lat' dir='ltr'>non</span> <span class='ocrx_word' id='word_1_322' title='bbox 1693 985 1884 1024; x_wconf 79' lang='lat' dir='ltr'>graventur,</span> <span class='ocrx_word' id='word_1_323' title='bbox 1907 979 1964 1013; x_wconf 89' lang='lat' dir='ltr'>sed</span> 
     </span>
     <span class='ocr_line' id='line_1_65' title="bbox 1219 1033 1960 1080; baseline 0 -14"><span class='ocrx_word' id='word_1_324' title='bbox 1219 1034 1314 1067; x_wconf 89' lang='lat' dir='ltr'>etiam</span> <span class='ocrx_word' id='word_1_325' title='bbox 1335 1040 1369 1068; x_wconf 87' lang='lat' dir='ltr'>ut</span> <span class='ocrx_word' id='word_1_326' title='bbox 1389 1046 1545 1080; x_wconf 87' lang='lat' dir='ltr'>prospera</span> <span class='ocrx_word' id='word_1_327' title='bbox 1558 1064 1565 1077; x_wconf 89' lang='lat'>‚</span> <span class='ocrx_word' id='word_1_328' title='bbox 1588 1041 1720 1069; x_wconf 86' lang='lat' dir='ltr'>auctore</span> <span class='ocrx_word' id='word_1_329' title='bbox 1738 1034 1888 1080; x_wconf 82' lang='lat' dir='ltr'>Domino,</span> <span class='ocrx_word' id='word_1_330' title='bbox 1908 1033 1960 1067; x_wconf 94' lang='lat' dir='ltr'>iu-</span> 
     </span>
     <span class='ocr_line' id='line_1_66' title="bbox 1218 1087 1961 1138; baseline 0 -18"><span class='ocrx_word' id='word_1_331' title='bbox 1218 1087 1301 1130; x_wconf 76' lang='lat' dir='ltr'>giter</span> <span class='ocrx_word' id='word_1_332' title='bbox 1320 1089 1495 1134; x_wconf 79' lang='lat' dir='ltr'>suscipiant</span> <span class='ocrx_word' id='word_1_333' title='bbox 1513 1090 1728 1129; x_wconf 82' lang='lat' dir='ltr'>incrementa,</span> <span class='ocrx_word' id='word_1_334' title='bbox 1750 1089 1888 1138; x_wconf 79' lang='lat' dir='ltr'>libenter</span> <span class='ocrx_word' id='word_1_335' title='bbox 1911 1092 1961 1120; x_wconf 86' lang='lat' dir='ltr'>at-</span> 
     </span>
     <span class='ocr_line' id='line_1_67' title="bbox 1220 1141 1966 1187; baseline -0.001 -13"><span class='ocrx_word' id='word_1_336' title='bbox 1220 1142 1399 1183; x_wconf 86' lang='lat' dir='ltr'>tendimus,</span> <span class='ocrx_word' id='word_1_337' title='bbox 1422 1144 1622 1187; x_wconf 83' lang='lat' dir='ltr'>singularum</span> <span class='ocrx_word' id='word_1_338' title='bbox 1654 1143 1833 1177; x_wconf 89' lang='lat' dir='ltr'>litterarum</span> <span class='ocrx_word' id='word_1_339' title='bbox 1860 1147 1891 1175; x_wconf 86' lang='lat' dir='ltr'>et</span> <span class='ocrx_word' id='word_1_340' title='bbox 1917 1141 1966 1174; x_wconf 91' lang='lat' dir='ltr'>in-</span> 
     </span>
     <span class='ocr_line' id='line_1_68' title="bbox 1220 1197 1966 1231; baseline 0 -3"><span class='ocrx_word' id='word_1_341' title='bbox 1220 1201 1474 1230; x_wconf 87' lang='lat' dir='ltr'>strumentorum</span> <span class='ocrx_word' id='word_1_342' title='bbox 1506 1209 1543 1231; x_wconf 86' lang='lat' dir='ltr'>ac</span> <span class='ocrx_word' id='word_1_343' title='bbox 1576 1197 1715 1231; x_wconf 89' lang='lat' dir='ltr'>aliorum</span> <span class='ocrx_word' id='word_1_344' title='bbox 1753 1202 1899 1230; x_wconf 88' lang='lat' dir='ltr'>actorum</span> <span class='ocrx_word' id='word_1_345' title='bbox 1934 1200 1966 1228; x_wconf 87' lang='lat' dir='ltr'>et</span> 
     </span>
     <span class='ocr_line' id='line_1_69' title="bbox 1220 1249 1962 1295; baseline 0 -14"><span class='ocrx_word' id='word_1_346' title='bbox 1220 1249 1489 1283; x_wconf 89' lang='lat' dir='ltr'>documentorum</span> <span class='ocrx_word' id='word_1_347' title='bbox 1515 1251 1654 1295; x_wconf 85' lang='lat' dir='ltr'>desuper</span> <span class='ocrx_word' id='word_1_348' title='bbox 1673 1250 1892 1283; x_wconf 79' lang='lat' dir='ltr'>confectorum</span> <span class='ocrx_word' id='word_1_349' title='bbox 1913 1253 1962 1282; x_wconf 90' lang='lat' dir='ltr'>te-</span> 
     </span>
     <span class='ocr_line' id='line_1_70' title="bbox 1221 1300 1965 1341; baseline -0.001 -7"><span class='ocrx_word' id='word_1_350' title='bbox 1221 1311 1331 1341; x_wconf 80' lang='lat' dir='ltr'>nores,</span> <span class='ocrx_word' id='word_1_351' title='bbox 1364 1313 1401 1335; x_wconf 87' lang='lat' dir='ltr'>ac</span> <span class='ocrx_word' id='word_1_352' title='bbox 1430 1302 1454 1335; x_wconf 87' lang='lat' dir='ltr'>si</span> <span class='ocrx_word' id='word_1_353' title='bbox 1486 1303 1526 1337; x_wconf 92' lang='lat' dir='ltr'>de</span> <span class='ocrx_word' id='word_1_354' title='bbox 1556 1303 1654 1336; x_wconf 87' lang='lat' dir='ltr'>verbo</span> <span class='ocrx_word' id='word_1_355' title='bbox 1687 1303 1727 1336; x_wconf 90' lang='lat' dir='ltr'>ad</span> <span class='ocrx_word' id='word_1_356' title='bbox 1750 1301 1885 1335; x_wconf 88' lang='lat' dir='ltr'>verbum</span> <span class='ocrx_word' id='word_1_357' title='bbox 1912 1300 1965 1334; x_wconf 89' lang='lat' dir='ltr'>bic</span> 
     </span>
     <span class='ocr_line' id='line_1_71' title="bbox 1222 1353 1964 1399; baseline 0 -13"><span class='ocrx_word' id='word_1_358' title='bbox 1222 1354 1450 1396; x_wconf 84' lang='lat' dir='ltr'>insererentur,</span> <span class='ocrx_word' id='word_1_359' title='bbox 1474 1355 1699 1399; x_wconf 88' lang='lat' dir='ltr'>praesentibus</span> <span class='ocrx_word' id='word_1_360' title='bbox 1722 1365 1782 1399; x_wconf 88' lang='lat' dir='ltr'>pro</span> <span class='ocrx_word' id='word_1_361' title='bbox 1802 1353 1964 1387; x_wconf 85' lang='lat' dir='ltr'>sufficien-</span> 
     </span>
     <span class='ocr_line' id='line_1_72' title="bbox 1223 1406 1962 1452; baseline 0.001 -13"><span class='ocrx_word' id='word_1_362' title='bbox 1223 1413 1270 1440; x_wconf 91' lang='lat' dir='ltr'>ter</span> <span class='ocrx_word' id='word_1_363' title='bbox 1301 1409 1457 1452; x_wconf 76' lang='lat' dir='ltr'>expressis</span> <span class='ocrx_word' id='word_1_364' title='bbox 1489 1409 1661 1447; x_wconf 81' lang='lat' dir='ltr'>babentes,</span> <span class='ocrx_word' id='word_1_365' title='bbox 1686 1413 1775 1442; x_wconf 89' lang='lat' dir='ltr'>motu</span> <span class='ocrx_word' id='word_1_366' title='bbox 1808 1406 1962 1452; x_wconf 78' lang='lat' dir='ltr'>propr10,</span> 
     </span>
     <span class='ocr_line' id='line_1_73' title="bbox 1221 1461 1962 1506; baseline 0.001 -13"><span class='ocrx_word' id='word_1_367' title='bbox 1221 1471 1286 1494; x_wconf 87' lang='lat' dir='ltr'>non</span> <span class='ocrx_word' id='word_1_368' title='bbox 1307 1462 1347 1495; x_wconf 91' lang='lat' dir='ltr'>ad</span> <span class='ocrx_word' id='word_1_369' title='bbox 1376 1462 1475 1506; x_wconf 88' lang='lat' dir='ltr'>ipsius</span> <span class='ocrx_word' id='word_1_370' title='bbox 1494 1463 1655 1496; x_wconf 90' lang='lat' dir='ltr'>Francisci</span> <span class='ocrx_word' id='word_1_371' title='bbox 1674 1462 1792 1496; x_wconf 88' lang='lat' dir='ltr'>Mariae</span> <span class='ocrx_word' id='word_1_372' title='bbox 1804 1461 1962 1494; x_wconf 66' lang='lat' dir='ltr'>&#39;cardina-</span> 
     </span>
     <span class='ocr_line' id='line_1_74' title="bbox 1222 1514 1966 1560; baseline 0.001 -14"><span class='ocrx_word' id='word_1_373' title='bbox 1222 1515 1271 1554; x_wconf 83' lang='lat' dir='ltr'>lis,</span> <span class='ocrx_word' id='word_1_374' title='bbox 1295 1521 1349 1548; x_wconf 90' lang='lat' dir='ltr'>aut</span> <span class='ocrx_word' id='word_1_375' title='bbox 1369 1516 1500 1550; x_wconf 86' lang='lat' dir='ltr'>alterius</span> <span class='ocrx_word' id='word_1_376' title='bbox 1518 1516 1612 1550; x_wconf 91' lang='lat' dir='ltr'>nobis</span> <span class='ocrx_word' id='word_1_377' title='bbox 1631 1526 1728 1560; x_wconf 88' lang='lat' dir='ltr'>super</span> <span class='ocrx_word' id='word_1_378' title='bbox 1751 1515 1813 1549; x_wconf 91' lang='lat' dir='ltr'>hoc</span> <span class='ocrx_word' id='word_1_379' title='bbox 1839 1514 1966 1548; x_wconf 86' lang='lat' dir='ltr'>oblatae</span> 
     </span>
     <span class='ocr_line' id='line_1_75' title="bbox 1223 1568 1967 1612; baseline -0.001 -11"><span class='ocrx_word' id='word_1_380' title='bbox 1223 1568 1386 1612; x_wconf 88' lang='lat' dir='ltr'>petitionis</span> <span class='ocrx_word' id='word_1_381' title='bbox 1406 1569 1602 1609; x_wconf 87' lang='lat' dir='ltr'>instantiam,</span> <span class='ocrx_word' id='word_1_382' title='bbox 1617 1569 1672 1602; x_wconf 90' lang='lat' dir='ltr'>sed</span> <span class='ocrx_word' id='word_1_383' title='bbox 1692 1578 1730 1602; x_wconf 81' lang='lat' dir='ltr'>ex</span> <span class='ocrx_word' id='word_1_384' title='bbox 1750 1574 1837 1602; x_wconf 88' lang='lat' dir='ltr'>certa</span> <span class='ocrx_word' id='word_1_385' title='bbox 1857 1572 1967 1601; x_wconf 87' lang='lat' dir='ltr'>nostra</span> 
     </span>
     <span class='ocr_line' id='line_1_76' title="bbox 1222 1621 1967 1666; baseline 0 -12"><span class='ocrx_word' id='word_1_386' title='bbox 1222 1622 1366 1663; x_wconf 86' lang='lat' dir='ltr'>scicntia,</span> <span class='ocrx_word' id='word_1_387' title='bbox 1389 1632 1426 1655; x_wconf 90' lang='lat' dir='ltr'>ac</span> <span class='ocrx_word' id='word_1_388' title='bbox 1446 1622 1485 1655; x_wconf 89' lang='lat' dir='ltr'>de</span> <span class='ocrx_word' id='word_1_389' title='bbox 1502 1622 1697 1666; x_wconf 87' lang='lat' dir='ltr'>apostolicae</span> <span class='ocrx_word' id='word_1_390' title='bbox 1715 1621 1880 1666; x_wconf 85' lang='lat' dir='ltr'>potestatis</span> <span class='ocrx_word' id='word_1_391' title='bbox 1899 1621 1967 1665; x_wconf 90' lang='lat' dir='ltr'>ple-</span> 
     </span>
     <span class='ocr_line' id='line_1_77' title="bbox 1223 1673 1963 1720; baseline -0.001 -12"><span class='ocrx_word' id='word_1_392' title='bbox 1223 1675 1370 1709; x_wconf 89' lang='lat' dir='ltr'>nitudine</span> <span class='ocrx_word' id='word_1_393' title='bbox 1385 1703 1392 1716; x_wconf 92' lang='lat'>,</span> <span class='ocrx_word' id='word_1_394' title='bbox 1423 1676 1532 1709; x_wconf 91' lang='lat' dir='ltr'>omnia</span> <span class='ocrx_word' id='word_1_395' title='bbox 1567 1681 1599 1709; x_wconf 89' lang='lat' dir='ltr'>et</span> <span class='ocrx_word' id='word_1_396' title='bbox 1624 1676 1750 1718; x_wconf 78' lang='lat' dir='ltr'>singula</span> <span class='ocrx_word' id='word_1_397' title='bbox 1774 1673 1963 1720; x_wconf 84' lang='lat' dir='ltr'>privilegia,</span> 
     </span>
     <span class='ocr_line' id='line_1_78' title="bbox 1223 1728 1967 1773; baseline -0.001 -11"><span class='ocrx_word' id='word_1_398' title='bbox 1223 1729 1514 1772; x_wconf 87' lang='lat' dir='ltr'>praeeminentias,</span> <span class='ocrx_word' id='word_1_399' title='bbox 1541 1729 1770 1769; x_wconf 89' lang='lat' dir='ltr'>immunitates,</span> <span class='ocrx_word' id='word_1_400' title='bbox 1791 1728 1967 1773; x_wconf 82' lang='lat' dir='ltr'>exemptio-</span> 
     </span>
     <span class='ocr_line' id='line_1_79' title="bbox 1223 1781 1963 1826; baseline 0 -12"><span class='ocrx_word' id='word_1_401' title='bbox 1223 1792 1280 1815; x_wconf 86' lang='lat' dir='ltr'>nes</span> <span class='ocrx_word' id='word_1_402' title='bbox 1294 1809 1301 1822; x_wconf 86' lang='lat'>,</span> <span class='ocrx_word' id='word_1_403' title='bbox 1329 1782 1447 1825; x_wconf 78' lang='lat' dir='ltr'>gratias</span> <span class='ocrx_word' id='word_1_404' title='bbox 1462 1810 1469 1819; x_wconf 85' lang='grc'>,</span> <span class='ocrx_word' id='word_1_405' title='bbox 1496 1782 1659 1816; x_wconf 87' lang='lat' dir='ltr'>libertates</span> <span class='ocrx_word' id='word_1_406' title='bbox 1672 1810 1679 1823; x_wconf 92' lang='lat'>,</span> <span class='ocrx_word' id='word_1_407' title='bbox 1706 1781 1944 1826; x_wconf 81' lang='lat' dir='ltr'>praerogativas</span> <span class='ocrx_word' id='word_1_408' title='bbox 1956 1809 1963 1821; x_wconf 91' lang='lat'>,</span> 
     </span>
     <span class='ocr_line' id='line_1_80' title="bbox 1224 1835 1966 1875; baseline -0.001 -7"><span class='ocrx_word' id='word_1_409' title='bbox 1224 1836 1447 1869; x_wconf 80' lang='lat' dir='ltr'>com-essiones</span> <span class='ocrx_word' id='word_1_410' title='bbox 1472 1842 1500 1869; x_wconf 85' lang='lat' dir='ltr'>et</span> <span class='ocrx_word' id='word_1_411' title='bbox 1523 1836 1645 1869; x_wconf 88' lang='lat' dir='ltr'>indulta</span> <span class='ocrx_word' id='word_1_412' title='bbox 1665 1835 1872 1875; x_wconf 84' lang='lat' dir='ltr'>huiusmodi,</span> <span class='ocrx_word' id='word_1_413' title='bbox 1895 1835 1966 1868; x_wconf 92' lang='lat' dir='ltr'>illo-</span> 
     </span>
     <span class='ocr_line' id='line_1_81' title="bbox 1224 1889 1967 1933; baseline 0.001 -13"><span class='ocrx_word' id='word_1_414' title='bbox 1224 1899 1361 1933; x_wconf 89' lang='lat' dir='ltr'>rumque</span> <span class='ocrx_word' id='word_1_415' title='bbox 1380 1889 1455 1929; x_wconf 80' lang='lat' dir='ltr'>vim,</span> <span class='ocrx_word' id='word_1_416' title='bbox 1480 1890 1628 1929; x_wconf 85' lang='lat' dir='ltr'>sormam,</span> <span class='ocrx_word' id='word_1_417' title='bbox 1650 1889 1893 1929; x_wconf 87' lang='lat' dir='ltr'>continentiam,</span> <span class='ocrx_word' id='word_1_418' title='bbox 1920 1893 1967 1921; x_wconf 86' lang='lat' dir='ltr'>te-</span> 
     </span>
     <span class='ocr_line' id='line_1_82' title="bbox 1224 1943 1966 1987; baseline 0 -12"><span class='ocrx_word' id='word_1_419' title='bbox 1224 1953 1348 1981; x_wconf 77' lang='lat' dir='ltr'>norem,</span> <span class='ocrx_word' id='word_1_420' title='bbox 1365 1944 1472 1977; x_wconf 87' lang='lat' dir='ltr'>datam</span> <span class='ocrx_word' id='word_1_421' title='bbox 1491 1949 1521 1977; x_wconf 89' lang='lat' dir='ltr'>et</span> <span class='ocrx_word' id='word_1_422' title='bbox 1533 1943 1675 1982; x_wconf 76' lang='lat' dir='ltr'>effectus,</span> <span class='ocrx_word' id='word_1_423' title='bbox 1691 1948 1847 1987; x_wconf 88' lang='lat' dir='ltr'>quatenus</span> <span class='ocrx_word' id='word_1_424' title='bbox 1861 1947 1966 1975; x_wconf 85' lang='lat' dir='ltr'>tamen</span> 
     </span>
     <span class='ocr_line' id='line_1_83' title="bbox 1223 1995 1966 2030; baseline 0.001 -3"><span class='ocrx_word' id='word_1_425' title='bbox 1223 1996 1321 2028; x_wconf 90' lang='lat' dir='ltr'>sacris</span> <span class='ocrx_word' id='word_1_426' title='bbox 1352 1996 1483 2030; x_wconf 87' lang='lat' dir='ltr'>Coneilii</span> <span class='ocrx_word' id='word_1_427' title='bbox 1517 1996 1694 2030; x_wconf 85' lang='lat' dir='ltr'>Tridentini</span> <span class='ocrx_word' id='word_1_428' title='bbox 1725 1995 1861 2029; x_wconf 84' lang='lat' dir='ltr'>decretis</span> <span class='ocrx_word' id='word_1_429' title='bbox 1901 2004 1966 2028; x_wconf 91' lang='lat' dir='ltr'>non</span> 
     </span>
     <span class='ocr_line' id='line_1_84' title="bbox 1224 2048 1968 2091; baseline -0.001 -9"><span class='ocrx_word' id='word_1_430' title='bbox 1224 2050 1443 2091; x_wconf 78' lang='lat' dir='ltr'>adversentur,</span> <span class='ocrx_word' id='word_1_431' title='bbox 1472 2061 1508 2083; x_wconf 78' lang='lat' dir='ltr'>ac</span> <span class='ocrx_word' id='word_1_432' title='bbox 1529 2050 1560 2082; x_wconf 91' lang='lat' dir='ltr'>in</span> <span class='ocrx_word' id='word_1_433' title='bbox 1585 2061 1645 2083; x_wconf 90' lang='lat' dir='ltr'>usu</span> <span class='ocrx_word' id='word_1_434' title='bbox 1665 2049 1746 2089; x_wconf 76' lang='lat' dir='ltr'>sint,</span> <span class='ocrx_word' id='word_1_435' title='bbox 1769 2054 1800 2082; x_wconf 86' lang='lat' dir='ltr'>et</span> <span class='ocrx_word' id='word_1_436' title='bbox 1819 2059 1883 2082; x_wconf 89' lang='lat' dir='ltr'>non</span> <span class='ocrx_word' id='word_1_437' title='bbox 1904 2048 1968 2081; x_wconf 88' lang='lat' dir='ltr'>sint</span> 
     </span>
     <span class='ocr_line' id='line_1_85' title="bbox 1224 2098 1967 2147; baseline 0 -13"><span class='ocrx_word' id='word_1_438' title='bbox 1224 2109 1389 2143; x_wconf 74' lang='lat' dir='ltr'>revocata,</span> <span class='ocrx_word' id='word_1_439' title='bbox 1412 2114 1471 2137; x_wconf 83' lang='lat' dir='ltr'>nec</span> <span class='ocrx_word' id='word_1_440' title='bbox 1490 2104 1550 2137; x_wconf 90' lang='lat' dir='ltr'>sub</span> <span class='ocrx_word' id='word_1_441' title='bbox 1575 2098 1736 2147; x_wconf 78' lang='lat' dir='ltr'>aliquibus</span> <span class='ocrx_word' id='word_1_442' title='bbox 1756 2101 1967 2135; x_wconf 87' lang='lat' dir='ltr'>revocationi-</span> 
     </span>
     <span class='ocr_line' id='line_1_86' title="bbox 1224 2155 1963 2200; baseline -0.001 -12"><span class='ocrx_word' id='word_1_443' title='bbox 1224 2156 1283 2188; x_wconf 86' lang='lat' dir='ltr'>bus</span> <span class='ocrx_word' id='word_1_444' title='bbox 1303 2156 1567 2200; x_wconf 77' lang='lat' dir='ltr'>compraebensa,</span> <span class='ocrx_word' id='word_1_445' title='bbox 1591 2163 1702 2190; x_wconf 90' lang='lat' dir='ltr'>tenore</span> <span class='ocrx_word' id='word_1_446' title='bbox 1722 2155 1940 2200; x_wconf 80' lang='lat' dir='ltr'>praesentium</span> <span class='ocrx_word' id='word_1_447' title='bbox 1956 2181 1963 2195; x_wconf 90' lang='lat'>,</span> 
     </span>
     <span class='ocr_line' id='line_1_87' title="bbox 1224 2207 1967 2254; baseline -0.003 -12"><span class='ocrx_word' id='word_1_448' title='bbox 1224 2209 1399 2253; x_wconf 84' lang='lat' dir='ltr'>apostolica</span> <span class='ocrx_word' id='word_1_449' title='bbox 1419 2210 1619 2247; x_wconf 79' lang='lat' dir='ltr'>auctoritate,</span> <span class='ocrx_word' id='word_1_450' title='bbox 1634 2215 1790 2254; x_wconf 87' lang='lat' dir='ltr'>perpetuo</span> <span class='ocrx_word' id='word_1_451' title='bbox 1807 2207 1967 2253; x_wconf 86' lang='lat' dir='ltr'>approba-</span> 
     </span>
     <span class='ocr_line' id='line_1_88' title="bbox 1225 2262 1965 2307; baseline 0 -13"><span class='ocrx_word' id='word_1_452' title='bbox 1225 2273 1295 2295; x_wconf 82' lang='lat' dir='ltr'>mus</span> <span class='ocrx_word' id='word_1_453' title='bbox 1315 2269 1342 2295; x_wconf 86' lang='lat' dir='ltr'>et</span> <span class='ocrx_word' id='word_1_454' title='bbox 1365 2263 1614 2303; x_wconf 79' lang='lat' dir='ltr'>confirmamus,</span> <span class='ocrx_word' id='word_1_455' title='bbox 1638 2262 1764 2307; x_wconf 86' lang='lat' dir='ltr'>illisque</span> <span class='ocrx_word' id='word_1_456' title='bbox 1791 2266 1965 2306; x_wconf 87' lang='lat' dir='ltr'>perpetuae</span> 
     </span>
     <span class='ocr_line' id='line_1_89' title="bbox 1223 2315 1962 2356; baseline -0.001 -7"><span class='ocrx_word' id='word_1_457' title='bbox 1223 2321 1253 2349; x_wconf 85' lang='lat' dir='ltr'>et</span> <span class='ocrx_word' id='word_1_458' title='bbox 1275 2316 1466 2349; x_wconf 87' lang='lat' dir='ltr'>inviolabilis</span> <span class='ocrx_word' id='word_1_459' title='bbox 1484 2316 1644 2350; x_wconf 73' lang='lat' dir='ltr'>firmitatis</span> <span class='ocrx_word' id='word_1_460' title='bbox 1662 2316 1764 2350; x_wconf 90' lang='lat' dir='ltr'>robur</span> <span class='ocrx_word' id='word_1_461' title='bbox 1782 2315 1962 2356; x_wconf 66' lang='lat' dir='ltr'>adurimus,</span> 
     </span>
     <span class='ocr_line' id='line_1_90' title="bbox 1223 2368 1965 2413; baseline 0.003 -12"><span class='ocrx_word' id='word_1_462' title='bbox 1223 2380 1400 2413; x_wconf 78' lang='lat' dir='ltr'>omnesque</span> <span class='ocrx_word' id='word_1_463' title='bbox 1432 2375 1462 2403; x_wconf 86' lang='lat' dir='ltr'>et</span> <span class='ocrx_word' id='word_1_464' title='bbox 1488 2370 1632 2411; x_wconf 70' lang='lat' dir='ltr'>singulos</span> <span class='ocrx_word' id='word_1_465' title='bbox 1647 2397 1654 2410; x_wconf 86' lang='lat'>,</span> <span class='ocrx_word' id='word_1_466' title='bbox 1677 2375 1740 2402; x_wconf 91' lang='lat' dir='ltr'>tam</span> <span class='ocrx_word' id='word_1_467' title='bbox 1767 2368 1844 2401; x_wconf 87' lang='lat' dir='ltr'>iuris</span> <span class='ocrx_word' id='word_1_468' title='bbox 1868 2378 1965 2412; x_wconf 83' lang='lat' dir='ltr'>quam</span> 
     </span>
     <span class='ocr_line' id='line_1_91' title="bbox 1225 2421 1966 2466; baseline 0 -13"><span class='ocrx_word' id='word_1_469' title='bbox 1225 2422 1309 2458; x_wconf 76' lang='lat' dir='ltr'>sacti,</span> <span class='ocrx_word' id='word_1_470' title='bbox 1333 2422 1476 2466; x_wconf 80' lang='lat' dir='ltr'>aliosque</span> <span class='ocrx_word' id='word_1_471' title='bbox 1505 2422 1602 2455; x_wconf 78' lang='lat' dir='ltr'>etiam</span> <span class='ocrx_word' id='word_1_472' title='bbox 1631 2421 1857 2454; x_wconf 85' lang='lat' dir='ltr'>substantiales</span> <span class='ocrx_word' id='word_1_473' title='bbox 1877 2421 1966 2454; x_wconf 79' lang='lat' dir='ltr'>dete-</span> 
     </span>
     <span class='ocr_line' id='line_1_92' title="bbox 1224 2474 1966 2519; baseline 0 -12"><span class='ocrx_word' id='word_1_474' title='bbox 1224 2480 1303 2515; x_wconf 85' lang='lat' dir='ltr'>ctus,</span> <span class='ocrx_word' id='word_1_475' title='bbox 1324 2475 1348 2507; x_wconf 89' lang='lat' dir='ltr'>si</span> <span class='ocrx_word' id='word_1_476' title='bbox 1367 2475 1420 2519; x_wconf 86' lang='lat' dir='ltr'>qui</span> <span class='ocrx_word' id='word_1_477' title='bbox 1442 2475 1472 2508; x_wconf 92' lang='lat' dir='ltr'>in</span> <span class='ocrx_word' id='word_1_478' title='bbox 1493 2475 1614 2508; x_wconf 77' lang='lat' dir='ltr'>eisdem</span> <span class='ocrx_word' id='word_1_479' title='bbox 1636 2474 1876 2514; x_wconf 75' lang='lat' dir='ltr'>intervenerint,</span> <span class='ocrx_word' id='word_1_480' title='bbox 1892 2484 1966 2519; x_wconf 90' lang='lat' dir='ltr'>sup-</span> 
     </span>
     <span class='ocr_line' id='line_1_93' title="bbox 1225 2527 1966 2572; baseline 0.001 -14"><span class='ocrx_word' id='word_1_481' title='bbox 1225 2528 1361 2570; x_wconf 74' lang='lat' dir='ltr'>plemus,</span> <span class='ocrx_word' id='word_1_482' title='bbox 1385 2538 1487 2572; x_wconf 72' lang='lat' dir='ltr'>eaque</span> <span class='ocrx_word' id='word_1_483' title='bbox 1507 2527 1610 2561; x_wconf 81' lang='lat' dir='ltr'>valida</span> <span class='ocrx_word' id='word_1_484' title='bbox 1632 2534 1662 2561; x_wconf 82' lang='lat' dir='ltr'>et</span> <span class='ocrx_word' id='word_1_485' title='bbox 1681 2527 1823 2560; x_wconf 78' lang='lat' dir='ltr'>efficacia</span> <span class='ocrx_word' id='word_1_486' title='bbox 1844 2528 1911 2560; x_wconf 85' lang='lat' dir='ltr'>sore</span> <span class='ocrx_word' id='word_1_487' title='bbox 1935 2532 1966 2559; x_wconf 92' lang='lat' dir='ltr'>et</span> 
     </span>
     <span class='ocr_line' id='line_1_94' title="bbox 1225 2579 1966 2625; baseline 0.001 -14"><span class='ocrx_word' id='word_1_488' title='bbox 1225 2591 1303 2620; x_wconf 71' lang='lat' dir='ltr'>esse,</span> <span class='ocrx_word' id='word_1_489' title='bbox 1313 2586 1568 2625; x_wconf 86' lang='lat' dir='ltr'>perpetuamque</span> <span class='ocrx_word' id='word_1_490' title='bbox 1579 2581 1705 2614; x_wconf 87' lang='lat' dir='ltr'>roboris</span> <span class='ocrx_word' id='word_1_491' title='bbox 1716 2580 1900 2614; x_wconf 77' lang='lat' dir='ltr'>firmitatem</span> <span class='ocrx_word' id='word_1_492' title='bbox 1909 2579 1966 2613; x_wconf 89' lang='lat' dir='ltr'>ob-</span> 
     </span>
     <span class='ocr_line' id='line_1_95' title="bbox 1227 2632 1962 2673; baseline 0.001 -8"><span class='ocrx_word' id='word_1_493' title='bbox 1227 2632 1344 2671; x_wconf 82' lang='lat' dir='ltr'>tinere.</span> <span class='ocrx_word' id='word_1_494' title='bbox 1369 2645 1405 2667; x_wconf 82' lang='lat' dir='ltr'>ac</span> <span class='ocrx_word' id='word_1_495' title='bbox 1426 2634 1542 2668; x_wconf 83' lang='lat' dir='ltr'>robore</span> <span class='ocrx_word' id='word_1_496' title='bbox 1569 2639 1599 2667; x_wconf 86' lang='lat' dir='ltr'>et</span> <span class='ocrx_word' id='word_1_497' title='bbox 1629 2633 1749 2667; x_wconf 86' lang='lat' dir='ltr'>viribus</span> <span class='ocrx_word' id='word_1_498' title='bbox 1768 2632 1940 2667; x_wconf 83' lang='lat' dir='ltr'>subsistere</span> <span class='ocrx_word' id='word_1_499' title='bbox 1954 2659 1962 2673; x_wconf 72' lang='grc'><strong>,</strong></span> 
     </span>
    </p>
   </div>
   <div class='ocr_carea' id='block_1_10' title="bbox 1975 230 2193 270">
    <p class='ocr_par' dir='ltr' id='par_1_12' title="bbox 1975 222 2241 283">
     <span class='ocr_line' id='line_1_96' title="bbox 1975 230 2193 270; baseline 0.015 -3"><span class='ocrx_word' id='word_1_500' title='bbox 1975 241 2025 268; x_wconf 67' lang='lat' dir='ltr'>An.</span> <span class='ocrx_word' id='word_1_501' title='bbox 2042 240 2070 268; x_wconf 88' lang='lat' dir='ltr'>c.</span> <span class='ocrx_word' id='word_1_502' title='bbox 2089 239 2156 270; x_wconf 72' lang='lat'>¹59¹!</span> <span class='ocrx_word' id='word_1_503' title='bbox 2182 230 2193 270; x_wconf 68' lang='grc' dir='ltr'>Γ.</span> 
     </span>
    </p>
   </div>
   <div class='ocr_carea' id='block_1_11' title="bbox 1973 301 2179 402">
    <p class='ocr_par' dir='ltr' id='par_1_13' title="bbox 1973 301 2179 402">
     <span class='ocr_line' id='line_1_97' title="bbox 1973 301 2156 328; baseline 0.005 -5"><span class='ocrx_word' id='word_1_504' title='bbox 1973 302 1990 323; x_wconf 87' lang='lat' dir='ltr'>ri</span> <span class='ocrx_word' id='word_1_505' title='bbox 2004 302 2058 328; x_wconf 85' lang='lat' dir='ltr'>petit</span> <span class='ocrx_word' id='word_1_506' title='bbox 2072 301 2156 324; x_wconf 80' lang='lat' dir='ltr'>Franci-</span> 
     </span>
     <span class='ocr_line' id='line_1_98' title="bbox 1973 328 2157 351; baseline 0.011 -2"><span class='ocrx_word' id='word_1_507' title='bbox 1973 334 2022 350; x_wconf 83' lang='lat' dir='ltr'>scus</span> <span class='ocrx_word' id='word_1_508' title='bbox 2030 328 2098 350; x_wconf 82' lang='lat' dir='ltr'>Maria</span> <span class='ocrx_word' id='word_1_509' title='bbox 2112 334 2157 351; x_wconf 73' lang='lat' dir='ltr'>cai·-</span> 
     </span>
     <span class='ocr_line' id='line_1_99' title="bbox 1974 355 2179 377; baseline 0.01 -2"><span class='ocrx_word' id='word_1_510' title='bbox 1974 355 2050 376; x_wconf 83' lang='lat' dir='ltr'>dinatis</span> <span class='ocrx_word' id='word_1_511' title='bbox 2069 356 2157 377; x_wconf 66' lang='lat' dir='ltr'>avanto·</span> <span class='ocrx_word' id='word_1_512' title='bbox 2176 362 2179 363; x_wconf 51' lang='lat'><em>⁷</em></span> 
     </span>
     <span class='ocr_line' id='line_1_100' title="bbox 1973 381 2052 402; baseline 0 0"><span class='ocrx_word' id='word_1_513' title='bbox 1973 381 2052 402; x_wconf 79' lang='lat' dir='ltr'>nensis.</span> 
     </span>
    </p>
   </div>
   <div class='ocr_carea' id='block_1_12' title="bbox 1975 724 2166 773">
    <p class='ocr_par' dir='ltr' id='par_1_14' title="bbox 1975 724 2166 773">
     <span class='ocr_line' id='line_1_101' title="bbox 1995 724 2166 759; baseline 0 -13"><span class='ocrx_word' id='word_1_514' title='bbox 1995 724 2108 746; x_wconf 77' lang='lat' dir='ltr'>Confirmat</span> <span class='ocrx_word' id='word_1_515' title='bbox 2115 724 2166 759; x_wconf 52' lang='grc' dir='ltr'>01οῇ</span> 
     </span>
     <span class='ocr_line' id='line_1_102' title="bbox 1975 757 2041 773; baseline -0.015 -1"><span class='ocrx_word' id='word_1_516' title='bbox 1975 757 2041 773; x_wconf 79' lang='lat' dir='ltr'>mens.</span> 
     </span>
    </p>
   </div>
   <div class='ocr_carea' id='block_1_13' title="bbox 2152 0 2253 3195">
    <p class='ocr_par' dir='ltr' id='par_1_15' title="bbox 2152 0 2253 3195">
     <span class='ocr_line' id='line_1_103' title="bbox 2152 0 2253 3195; baseline 0 0"><span class='ocrx_word' id='word_1_517' title='bbox 2152 0 2253 3195; x_wconf 95' lang='lat' dir='ltr'> </span> 
     </span>
    </p>
   </div>
  </div>
 </body>
</html>
