2253 3195
246 232 294 259 An.
311 231 339 259 c.
363 231 430 260 1603
478 223 543 257 884
1024 233 1208 257 antelmium
1228 233 1382 258 Romnum

446 282 602 315 tholicum
633 292 742 323 regem
773 281 916 314 futui-um
949 291 1017 314 esse
1049 281 1189 315 confidi-
1208 285 1295 315 'rem
1320 281 1461 326 patriae,
1483 287 1731 316 monumentum
1757 283 1971 327 sepulturam-

446 346 528 375 mus,
549 335 742 378 specialibus
763 334 926 367 favoribus
947 339 976 367 et
997 334 1191 378 gratiispro-
1226 346 1289 379 que
1320 336 1464 369 eiusdem
1490 336 1618 369 Domini
1646 336 1766 378 nostri,
1793 337 1971 371 luminibus
2158 374 2163 379 ,

445 389 536 432 sequi
557 389 720 421 volentes:
1225 389 1394 429 adhibitis,
1422 394 1683 433 repraesentare,
1709 400 1769 423 nec
1793 400 1859 422 non
1881 395 1917 423 ut
1937 389 1970 423 in
1984 398 2106 446 cfnqpmu
2122 398 2163 435 312

490 444 507 483 ξ
532 441 562 475 3,
586 443 672 475 Motu
692 442 846 486 proprio,
867 452 932 475 non
952 442 992 475 ad
1012 447 1113 481 tuam,
1137 447 1193 474 aut
1225 442 1487 486 quibuscumque
1511 442 1709 486 collegiatis,
1731 439 1970 487 parochialibus
1984 431 2092 500 ξῖἰὲξέἷ.
2122 450 2164 482 32'1'
2186 444 2191 452 ’

283 539 286 541 Α
315 510 429 540 casentino
445 495 581 529 alieuius
607 495 738 528 alterius
758 506 817 539 pro
842 501 872 528 te
892 495 986 528 nobis
1013 506 1111 538 super
1130 494 1191 527 hoc
1225 501 1257 529 et
1276 496 1346 530 aliis
1365 496 1572 530 inferioribus
1585 497 1726 530 ecclesiis
1738 497 1967 540 saecularibus,
2056 495 2062 501 ’
2134 496 2137 497 ’

246 542 430 588 ῗῖῗῗῖξῖῗῖνῗξῖιὲζὲῗῖ
445 549 572 582 oblatae
592 541 755 592 petitionis
771 548 966 586 instantiam,
982 549 1038 581 scd
1052 558 1087 581 ex
1103 558 1192 581 mera
1225 556 1257 584 et
1287 551 1476 595 quorumvis
1495 551 1664 585 vOrdinum
1695 551 1897 594 regularibus
1909 579 1916 593 ‚
1939 557 1972 586 et

246 591 430 637 }¹„'-'.;“1“u÷3.''⁰‘“e⁰'
443 608 555 634 nostra
575 601 785 641 liberalitate,
809 607 840 635 et
860 613 896 635 ex
925 608 1014 635 certa
1033 601 1168 634 scientia
1181 628 1188 641 ,

1979 235 2029 263 An.
2044 235 2074 264 C.
2095 232 2173 271 16οῐ

445 665 481 687 ae
503 655 542 688 de
561 655 757 698 apostolicae
777 655 943 699 potestatis
963 654 1166 698 plenitudine
1181 681 1188 695 ,

445 708 604 741 maiestati
627 715 699 741 tuae
714 736 722 749 ,
746 709 873 752 tuisque
894 708 924 740 in
945 718 1046 750 regno
1065 708 1192 751 Neapo-

444 761 544 794 litano
564 762 804 795 successoribus
824 772 861 795 ac
879 762 1020 806 capellae
1038 760 1146 803 regiae
1159 761 1191 793 in

445 815 530 848 dicto
556 826 658 857 regno
683 815 875 849 constitutae
891 843 898 856 ,
922 815 1056 859 eiusque
1084 815 1191 858 capel-

443 869 519 901 lano
545 869 660 902 maiori
680 880 738 913 per
759 874 788 902 te
810 875 840 902 et
861 875 932 902 tuos
952 869 985 901 in
1006 869 1121 902 eodem
1142 879 1192 902 re-

445 933 508 964 gno
536 933 738 956 successores
763 923 818 966 (ex
839 922 1033 967 presbyteris
1058 927 1166 955 tamen
1181 948 1188 962 ,

445 976 500 1019 qui
515 976 554 1009 ab
569 987 680 1009 eorum
699 976 861 1020 episcopis
881 975 1055 1009 ordinariis
1075 985 1192 1019 appro-

444 1030 511 1063 bati
532 1031 681 1074 existant)
696 1031 908 1075 imposterum
931 1030 1080 1073 eligendo
1094 1035 1125 1063 et
1139 1030 1192 1063 de-

444 1085 601 1128 putando,
625 1095 684 1128 pro
710 1091 856 1129 tempore
879 1084 1041 1124 existenti,
1065 1093 1192 1117 necnon

445 1138 580 1171 caeteris
610 1138 754 1172 eiusdem
785 1139 927 1182 capellae
958 1137 1108 1171 similiter
1134 1147 1193 1181 per

447 1198 476 1224 te
496 1202 533 1225 ac
557 1202 757 1226 successores
785 1192 990 1236 praedictos,
1014 1202 1071 1224 seu
1095 1191 1191 1224 ctiam

444 1257 504 1290 per
523 1246 667 1280 ciusdem
690 1246 779 1289 regni
806 1257 865 1291 pro
895 1252 1039 1290 tempore
1074 1256 1189 1289 prore-

445 1310 520 1342 ges,
545 1305 600 1332 aut
624 1301 774 1334 eumdem
801 1300 1003 1344 capellanum
1034 1299 1191 1333 maiorem

445 1353 622 1395 legitimam
644 1354 683 1386 ad
704 1353 736 1387 id
760 1364 778 1386 a
798 1364 874 1396 rege
907 1354 953 1387 vel
981 1363 1120 1397 prorege
1141 1353 1189 1386 fa-

446 1407 598 1440 cultatem
621 1413 648 1440 et
675 1407 901 1441 auctoritatem
922 1406 1108 1447 habentem,
1136 1416 1193 1439 no-

446 1460 609 1494 minandis
635 1466 665 1494 et
690 1460 924 1494 constituendis
948 1460 1141 1504 capellanis,
1163 1466 1193 1494 ct

446 1514 643 1555 cantoribus,
658 1526 695 1548 ac
712 1515 925 1556 scholaribus,
951 1514 1148 1558 reliquisque
1162 1513 1193 1546 in

445 1567 557 1600 eadem
593 1568 716 1611 capella
752 1567 1021 1608 inservientibus,
1057 1566 1193 1611 aliisque

445 1621 596 1654 omnibus
621 1621 885 1655 christifidelibus
911 1621 1081 1664 utriusque
1101 1632 1194 1655 sexus

422 1685 424 1687 ’
445 1675 484 1707 ad
511 1686 580 1708 eam
603 1675 849 1715 accedentibus,
878 1681 912 1708 ut
942 1681 1004 1708 tam
1028 1674 1059 1707 in
1081 1685 1193 1717 regum

446 1735 477 1762 ct
496 1739 670 1772 proregum
693 1729 892 1773 praesentia,
920 1739 1017 1773 quam
1044 1730 1140 1762 etiam
1162 1729 1193 1763 in

445 1793 559 1816 eorum
578 1783 734 1823 absentia,
759 1784 871 1817 missas
892 1789 923 1817 et
944 1784 1053 1817 divina
1073 1784 1190 1824 officia,

449 1837 610 1880 horasque
636 1837 810 1870 canonicas
831 1838 869 1871 ad
892 1837 1044 1871 breviarii
1063 1848 1099 1871 ac
1117 1838 1191 1871 Mis-

448 1891 523 1924 salis
544 1891 681 1924 Romani
701 1891 829 1933 regulas
849 1897 881 1925 ct
901 1892 1058 1932 sormam,
1088 1901 1194 1925 roma-

447 1955 590 1987 numque
612 1955 734 1977 morem
753 1950 781 1977 ct
801 1955 893 1978 usum
916 1944 947 1977 in
969 1944 1052 1978 dicta
1072 1946 1195 1989 capella

447 1998 584 2031 recitare
604 2004 630 2030 et
652 1998 834 2038 celebrare,
858 2009 913 2031 seu
936 1998 1063 2032 recitari
1085 2004 1115 2032 et
1137 2010 1190 2032 ce-

448 2051 564 2084 lebrari
580 2052 694 2090 facere,
707 2063 743 2084 ac
757 2051 932 2095 respective
949 2052 1072 2093 audire,
1086 2063 1192 2085 eoram

448 2111 554 2138 autem
586 2105 716 2146 regibus
742 2112 772 2138 ct
801 2105 994 2150 proregibus
1019 2105 1117 2149 ipsis,
1142 2116 1194 2138 eo-

449 2170 585 2202 rumque
607 2159 771 2199 uxoribus,
797 2170 853 2203 per
874 2170 969 2192 unam
992 2165 1065 2192 ante
1087 2165 1192 2193 ortum

448 2213 523 2245 solis
554 2224 589 2246 ac
620 2218 691 2257 post
721 2213 890 2246 inei-idiem
924 2213 1059 2253 boram,
1084 2213 1195 2247 missus

449 2267 613 2299 celebrare
644 2266 765 2310 paritet·
791 2273 821 2299 et
841 2266 972 2306 audire,
996 2278 1032 2300 ne
1059 2266 1088 2299 in
1116 2268 1194 2300 l'csto

448 2320 639 2352 sanctissimi
661 2320 812 2363 Corporis
832 2320 957 2360 Christi,
979 2326 1006 2353 et
1030 2332 1087 2364 per
1105 2320 1191 2354 vius·

449 2374 520 2405 dvm
549 2373 616 2405 sesti
639 2379 783 2406 octavum
806 2373 1042 2406 samrtissimum
1066 2373 1192 2406 lineba-

450 2426 555 2459 ristinc
570 2428 814 2460 Sam-:unnnimn
832 2427 861 2460 iii
877 2427 1041 2471 praedicta
1057 2428 1192 2471 «silwim,

449 2481 642 2512 debitarum
659 2480 835 2513 mxci-vium
853 2486 883 2513 et
905 2481 1027 2513 honore
1041 2481 1192 2519 retinere,

451 2533 480 2565 in
511 2534 621 2576 ‹piintu
649 2534 744 2566 ctiam
771 2540 801 2566 et
829 2540 916 2566 sexta
950 2534 1036 2566 tei-iis
1066 2534 1197 2566 maioris

452 2586 697 2624 lwlnlmumlzw,
728 2587 851 2620 bomini
879 2587 978 2620 nostri
1011 2588 1134 2631 Corpus
1165 2587 1195 2619 in

451 2639 590 2671 sarrai-io
615 2651 669 2671 :aa-u
700 2651 778 2672 urim
812 2651 991 2683 reponere,
1016 2646 1045 2673 et
1067 2640 1106 2672 tid
1129 2650 1197 2673 ino-

1226 604 1416 638 monialium
1438 604 1469 637 in
1491 605 1608 638 eodem
1635 615 1737 648 regno
1765 605 1967 648 constitutis,

1225 658 1266 690 ad
1279 669 1360 701 quos
1373 659 1504 692 eosdem
1517 669 1610 700 reges
1630 659 1679 691 vel
1698 669 1853 702 proreges
1875 659 1970 693 etiam

1226 722 1298 744 cum
1321 722 1433 745 eorum
1455 712 1648 755 coniugibus
1668 718 1699 746 et
1719 712 1793 746 filiis
1812 724 1872 757 pro
1889 719 1970 747 tem-

1225 775 1316 808 pore,
1341 766 1520 800 devotionis
1551 771 1607 799 aut
1632 766 1694 799 alia
1718 777 1755 799 ex
1786 777 1883 800 causa
1910 767 1968 800 de-

1226 817 1348 851 clinare
1368 819 1559 862 contigerit,
1584 820 1770 863 capellanus
1791 819 1896 853 maior
1912 831 1972 864 per

1226 882 1270 912 se,
1291 878 1347 905 aut
1363 872 1444 906 alios
1463 873 1647 917 capellanos
1662 901 1669 913 ,
1693 884 1767 907 cum
1787 873 1973 908 cantoribus

1226 930 1257 958 et
1282 926 1424 969 capellae
1454 926 1637 970 praedictae
1668 926 1842 968 ministris,
1866 927 1974 961 divina

1226 978 1332 1012 officia
1351 984 1383 1012 et
1402 979 1516 1013 missas
1536 980 1569 1013 in
1589 980 1779 1013 eorumdem
1800 986 1908 1014 tamen
1923 991 1974 1014 re-

1226 1042 1301 1074 gum
1324 1043 1381 1065 seu
1394 1043 1571 1076 proregum
1591 1033 1775 1077 praesentia
1794 1033 1969 1075 celebrare,

1226 1085 1337 1129 eisque
1358 1085 1530 1127 inservire,
1554 1092 1585 1120 et
1604 1086 1805 1127 oblationes,
1829 1097 1912 1131 quae
1931 1086 1972 1120 de

1227 1138 1373 1182 ipsorum
1395 1149 1508 1182 regum
1537 1150 1573 1173 ac
1597 1150 1774 1184 proregum
1790 1167 1797 1180 ,
1820 1150 1975 1174 uxorum-

1227 1202 1290 1235 que
1318 1197 1349 1225 et
1368 1192 1511 1226 filiorum
1536 1203 1670 1227 suorum
1691 1193 1841 1227 manibus
1859 1204 1975 1238 proce-

1228 1246 1315 1286 dent,
1331 1252 1430 1290 prout
1443 1247 1475 1280 in
1488 1247 1611 1291 capella
1631 1247 1720 1290 regia
1740 1247 1885 1292 recipere
1898 1257 1974 1282 con-

1227 1306 1411 1341 sueverunt,
1435 1300 1592 1344 recipere,
1606 1311 1642 1334 ac
1662 1301 1932 1345 quotiescumque
1944 1307 1976 1335 et

1227 1352 1424 1397 ubicumque
1445 1354 1529 1387 inter
1546 1354 1717 1387 missarum
1738 1354 1906 1395 solemnia,
1922 1365 1975 1389 re-

1228 1406 1321 1449 gibus
1347 1407 1424 1451 ipsis
1450 1413 1504 1440 aut
1526 1407 1718 1452 proregibus
1737 1407 1972 1451 praesentibus,

1228 1460 1360 1494 verbum
1385 1461 1440 1494 Dei
1467 1471 1526 1504 per
1550 1460 1691 1504 aliquem
1712 1460 1976 1495 concionatorem

1227 1514 1426 1548 saecularem
1447 1515 1495 1548 vel
1522 1514 1704 1557 regularem
1717 1542 1725 1555 ‚
1745 1525 1804 1558 per
1824 1515 1975 1548 eumdem

1229 1568 1432 1612 capellanum
1464 1568 1621 1602 maiorem
1653 1568 1743 1611 regni
1774 1567 1976 1612 Neapolitani

1229 1621 1481 1662 accersendum,
1505 1621 1561 1665 qui
1582 1627 1689 1654 tamen
1709 1621 1787 1654 alias
1817 1631 1875 1666 per
1906 1621 1975 1666 epi-

1229 1685 1362 1718 scopum
1379 1702 1386 1715 ,
1409 1675 1435 1708 si
1460 1685 1535 1708 vero
1564 1674 1720 1717 regularis
1741 1674 1856 1716 suerit,
1877 1675 1974 1709 etiam

1229 1739 1287 1772 per
1307 1729 1375 1762 cius
1395 1729 1597 1773 superiorem
1620 1729 1815 1771 regularem,
1839 1729 1880 1763 ad
1899 1739 1973 1763 ver-

1230 1783 1306 1816 bum
1327 1782 1381 1816 Dei
1403 1782 1670 1826 praedicandum,
1693 1782 1890 1826 approbatus
1907 1792 1976 1816 esse

1229 1837 1356 1875 debeat,
1385 1847 1421 1870 ac
1441 1836 1603 1870 licentiam
1624 1836 1672 1870 vel
1693 1835 1972 1877 benedictionem,

1230 1890 1316 1924 iuxta
1336 1890 1470 1925 Cone-ilii
1490 1889 1668 1923 Tridentini
1689 1889 1829 1930 decreta,
1847 1889 1887 1922 ab
1907 1889 1976 1934 ipso

1229 1944 1398 1978 Ordinario
1419 1943 1565 1977 obtinere
1583 1949 1739 1984 teneatur,
1760 1943 1882 1987 populo
1902 1953 1977 1987 pro-

1229 2004 1368 2042 ponetur
1379 2003 1410 2031 et
1426 1997 1665 2037 enunciabitur3
1688 1997 1782 2037 idem>
1791 1997 1977 2041 capellanus

1231 2051 1334 2084 maior
1376 2051 1528 2097 omnibus
1565 2061 1637 2084 vere
1669 2050 1909 2094 poenitentibus
1945 2055 1977 2084 et

1229 2104 1402 2145 confessis,
1439 2104 1557 2137 ibidem
1591 2103 1838 2148 praesentibus,
1867 2112 1976 2137 coram

1230 2169 1304 2200 rege
1335 2159 1403 2202 ipso
1435 2159 1605 2199 ducentos,
1630 2168 1739 2191 coram
1768 2163 1875 2191 autem
1896 2167 1974 2201 pro-

1231 2224 1304 2254 rege
1335 2218 1463 2245 centum
1495 2211 1563 2245 dies
1595 2212 1633 2245 de
1669 2210 1818 2244 iniunctis
1849 2210 1894 2244 eis
1924 2215 1978 2244 aut

1229 2266 1307 2300 alias
1333 2265 1577 2310 quomodolibet
1609 2264 1725 2297 debitis
1752 2263 1974 2308 poenitentiis,

1229 2319 1405 2364 apostolica
1437 2318 1648 2359 auctoritate,
1678 2318 1842 2357 relaxat-03
1877 2327 1977 2361 prae-

1230 2380 1315 2406 tcrea
1331 2399 1338 2411 ,
1371 2377 1403 2404 ut
1440 2371 1523 2404 idem
1557 2371 1741 2415 capellanus
1778 2370 1882 2404 maior
1916 2379 1976 2414 pro

1232 2433 1375 2469 ternpore
1397 2425 1548 2465 existens,
1575 2435 1686 2465 regum
1703 2451 1710 2462 ,
1733 2423 1918 2466 reginarum
1939 2433 1977 2456 ac

1231 2479 1371 2512 liliorum
1395 2484 1422 2511 ct
1453 2477 1654 2519 singulorum
1682 2476 1850 2521 utriusque
1881 2486 1974 2509 sexus

1232 2533 1374 2577 ipsorum
1406 2529 1622 2570 familiai-ium,
1647 2540 1705 2563 nec
1731 2540 1795 2563 non
1828 2528 1974 2563 oninium

1231 2586 1338 2620 aulam
1383 2585 1504 2625 regiam
1543 2583 1766 2628 sequentium,
1802 2591 1975 2627 proreg'um

1232 2639 1327 2672 etiam
1351 2639 1493 2683 ipsorum
1515 2648 1574 2683 pro
1596 2644 1740 2682 tempore
1753 2635 1970 2676 existentium,
