2253 3195
57 1527 133 1549 Votum
149 1528 212 1549 inser-

32 1554 100 1576 viendi
119 1555 157 1575 hos
175 1556 212 1576 ita-

30 1581 83 1602 Iibus
98 1581 136 1602 sub
173 1583 213 1603 rdi-

31 1608 85 1638 ρει-δί
112 1609 213 1629 obedien-

31 1635 59 1655 tia
73 1635 139 1656 emitti
152 1641 213 1662 prae-

32 1661 87 1688 cipIt.

69 2167 156 2189 Maioris
171 2170 213 2190 elc-

32 2194 119 2216 ctionem
134 2198 155 2216 et
170 2203 213 2217 inu-

32 2226 68 2242 uus
82 2223 214 2248 praeseribit,

36 253 85 281 An.
107 252 136 278 C.
150 250 219 280 1596

851 249 998 274 CLEMENS
1018 249 1077 273 VIII
1097 250 1148 273 PP.

231 298 443 343 recipiendis,
478 309 656 342 eorumque
692 298 911 331 confratribus
946 303 973 330 et

230 352 385 396 personis,
409 362 494 385 nunc
515 358 542 384 et
566 362 623 395 pro
646 357 790 395 tempore
808 350 970 383 existenti-

229 406 299 444 bus,
323 411 358 438 ut
377 405 527 438 omnibus
556 410 587 437 et
611 404 744 446 singulis
776 403 971 447 privilegiis,

230 459 470 503 praerogativis,
493 458 613 500 gratiis,
638 457 853 495 facultatibus,
869 456 975 488 indul-

230 513 268 546 tis
289 518 319 545 ct
335 512 543 554 indulgentiis
561 522 578 544 a
596 510 767 554 praedictis
778 510 833 542 Pio
848 510 882 549 V,
898 510 975 543 Gre-

230 565 322 609 gorio
348 566 415 599 XIII
445 570 476 598 et
503 565 588 597 Sixto
610 564 643 603 V,
667 563 802 606 allisque
822 562 974 596 Romanis

229 619 438 653 Pontificibus
468 617 737 660 Congregatioui,
762 616 974 660 hospitalibus

229 679 260 706 et
279 673 358 706 locis
374 671 616 715 Hispaniarum,
641 681 677 704 ac
702 670 870 714 hospitalis
889 670 970 703 San-

228 725 269 759 cti
298 725 424 758 Ioannis
450 724 632 768 Chalybitae
658 723 689 756 in
711 723 814 756 insula
835 723 864 757 S.
896 724 973 756 Bar-

230 778 402 812 tholomaei
432 778 470 811 de
496 778 592 817 Urbe,
616 777 761 810 eiusdem
786 777 970 819 Congrega-

228 832 323 865 tionis
342 831 470 865 Ioannis
480 830 535 864 Dei
557 830 589 863 in
606 841 723 872 genere
741 830 790 863 vel
812 830 844 862 in
865 829 973 873 specie

228 885 398 926 concessis,
426 884 626 918 confirmatis
655 890 685 917 et
716 884 873 917 innovatis
903 883 970 927 (ci-

228 945 275 972 tra
300 944 406 971 tamen
423 938 605 971 facultatem
624 937 855 981 professionem
875 936 970 969 emit-

229 992 326 1033 tendi,
360 997 391 1025 et
420 1001 528 1024 sacros
559 990 688 1023 ordines
719 990 927 1034 suscipiendi,
944 995 974 1022 et

228 1045 308 1078 citra
336 1044 572 1088 exemptionem
603 1054 620 1076 a
656 1043 877 1076 iurisdictione
909 1042 970 1076 Or-

228 1098 427 1132 dinariorum
448 1099 605 1135 locorum,
629 1097 746 1140 quibus
766 1107 820 1129 eos
840 1096 973 1129 omnino

227 1153 356 1186 subesse
375 1152 534 1191 volumus,
547 1156 577 1184 et,
596 1161 693 1194 super
714 1150 830 1194 quibus
851 1149 973 1183 litteras

227 1211 352 1239 nostras
368 1204 548 1249 praedictas
568 1209 676 1236 exacte
694 1203 856 1236 observari
876 1213 970 1235 man-

228 1259 354 1301 damus)
374 1263 531 1302 perpetuo
550 1257 623 1297 frui,
646 1256 704 1296 uti,
728 1257 826 1300 potiri
841 1262 872 1289 et
892 1267 972 1299 gau-

229 1313 305 1346 dere
325 1312 357 1344 in
378 1311 528 1344 omnibus
546 1316 577 1343 et
595 1321 654 1354 per
678 1310 788 1343 omnia
808 1310 932 1353 possint
943 1315 973 1343 et

227 1366 363 1406 valeant,
387 1365 522 1409 perinde
539 1375 576 1398 ac
594 1364 619 1398 si
640 1364 716 1408 ipsis
736 1364 928 1397 nominatim
943 1370 973 1397 et

227 1430 329 1464 aeque
348 1418 570 1463 principaliter
589 1429 741 1451 concessa
759 1418 901 1451 fuissent.

273 1474 289 1515 S
310 1472 340 1506 3.
364 1473 409 1505 Ita
430 1477 538 1504 tamen
563 1477 598 1504 ut
624 1472 802 1504 confratres
831 1471 862 1504 in
893 1482 972 1515 quo-

228 1536 367 1569 cumque
386 1525 494 1558 Italiae
512 1526 582 1558 loco
600 1524 662 1558 iam
688 1525 819 1568 recepti,
844 1525 949 1557 statim
961 1552 968 1565 ‚

228 1586 259 1613 et
278 1579 429 1623 deinceps
449 1578 627 1622 recipiendi
658 1579 690 1611 in
718 1579 971 1621 Congregatione

227 1633 411 1677 praedicta,
436 1632 545 1666 debito
566 1638 711 1676 tempore
732 1637 839 1665 votum
870 1632 971 1665 inser-

227 1687 333 1721 viendi
354 1697 466 1720 eorum
495 1686 708 1730 hospitalibus
732 1686 790 1719 sub
811 1686 970 1719 Ordinarii

227 1741 290 1775 Ioci
310 1740 493 1774 obedientia
513 1740 545 1772 in
570 1739 721 1773 omnibus
747 1739 890 1773 eiusdem
912 1739 970 1773 Or-

228 1795 356 1836 dinarii,
380 1800 435 1828 aut
455 1794 587 1827 maioris
608 1793 790 1833 confratris,
814 1800 849 1827 ut
869 1794 966 1835 infra,

226 1860 285 1893 pro
311 1855 456 1893 tempore
477 1848 569 1882 electi
591 1848 751 1889 emittere,
772 1854 802 1882 et
822 1848 967 1892 hospita-

226 1903 348 1936 litatem
366 1913 425 1946 pro
445 1902 483 1935 iis
504 1901 651 1943 infirmis,
675 1912 757 1945 quos
776 1901 921 1946 recipere
941 1907 971 1935 et

227 1967 342 1989 curare
367 1960 613 1995 consueverant,
638 1960 796 1998 quatenus
815 1955 886 1988 fieri
906 1965 967 1999 po-

227 2009 311 2050 terit,
329 2019 488 2049 exercere,
501 2008 586 2042 iuxta
597 2008 834 2052 praedictarum
848 2013 972 2042 nostra-

227 2073 299 2096 rum
319 2062 498 2096 litterarum
519 2061 634 2094 seriem
655 2067 834 2095 teneantur.

272 2117 288 2158 ξ
309 2115 340 2148 4.
355 2116 460 2159 thue
480 2125 563 2147 unus
583 2115 744 2148 confrater
765 2115 796 2147 in
815 2115 970 2148 maiorem

228 2170 267 2203 ab
282 2169 432 2203 omnibus
446 2169 607 2212 prioribus
621 2180 902 2212 quorumcumque
914 2169 971 2202 ho-

228 2223 389 2267 spitalium
426 2228 458 2256 ct
488 2223 634 2255 locorum
666 2222 768 2255 dictae
793 2232 970 2264 congrega-

227 2277 323 2310 tionis
343 2276 375 2309 in
394 2276 485 2310 ltalia
505 2275 719 2316 existentium,
734 2276 854 2309 Romae
868 2275 899 2308 in
913 2275 970 2308 ho-

227 2330 335 2374 spitali
353 2331 382 2364 S.
397 2329 525 2363 Ioannis
538 2329 721 2373 Chalybitae
735 2329 900 2372 praedicto
913 2339 970 2372 per

227 2389 350 2417 secreta
366 2383 518 2426 suffragia
536 2382 666 2415 maioris
686 2382 786 2426 partis
810 2382 969 2415 vocalium

227 2437 386 2480 eligatur,
421 2437 511 2470 cuius
543 2436 685 2470 officium
715 2437 753 2469 ad
780 2436 968 2469 sexennium

227 2496 350 2524 tantum
372 2491 488 2524 durare
509 2490 636 2530 debeat,
652 2490 694 2523 ita
706 2495 741 2522 ut
755 2489 845 2522 finito
859 2499 969 2522 sexen-

227 2544 292 2585 nio,
316 2545 433 2578 iterum
455 2543 528 2586 eligi
546 2549 601 2576 aut
620 2543 818 2585 confirmari,
842 2543 901 2576 nisi
922 2544 968 2576 la-

226 2608 284 2642 pso
304 2598 405 2631 altero
425 2597 588 2637 sexennio,
612 2597 745 2631 minime
766 2597 875 2642 possit.

271 2652 288 2694 ς
309 2650 339 2684 5.
359 2651 428 2684 Duo
448 2650 524 2684 item
549 2650 735 2692 consiliarii,
760 2656 791 2684 et
811 2651 875 2685 duo
895 2651 968 2685 visi-

312 2714 391 2742 Bull.
411 2715 488 2743 Rom.
513 2714 573 2742 Vol.
589 2714 617 2742 X
810 2713 845 2742 38

1658 235 1722 270 ⁶297

1010 303 1139 338 latores,
1163 297 1194 329 in
1216 297 1330 330 eodem
1352 297 1440 337 loco,
1462 301 1493 329 et
1512 296 1632 329 eisdem
1656 296 1753 328 modo

1010 356 1040 383 et
1065 351 1167 383 forma
1188 351 1358 392 eligantur,
1387 360 1526 393 quorum
1551 348 1753 382 consiliario‘

1009 414 1079 435 rum
1102 409 1132 436 et
1151 404 1375 441 visitatorum,
1404 413 1532 436 necnon
1564 402 1660 435 etiam
1682 401 1750 435 sin-

1008 457 1158 497 gulorum
1180 457 1326 500 priorum
1348 456 1490 489 officium
1512 456 1551 489 ad
1577 455 1753 488 triennium

1009 515 1132 542 tantum
1155 511 1301 550 duret‚et
1321 510 1412 543 finito
1433 510 1584 550 triennio,
1606 510 1645 542 ad
1667 509 1752 542 idem

1008 562 1149 595 officium
1178 574 1274 596 nemo
1302 563 1403 607 possit
1433 564 1550 596 iterum
1581 563 1674 605 eligi,
1703 562 1753 595 vel

1008 616 1040 649 in
1061 627 1099 649 eo
1120 617 1317 656 confirmari,
1334 616 1394 649 nisi
1416 617 1554 650 alterum
1577 616 1752 650 triennium

1009 670 1197 703 intercedat.

1053 726 1068 765 ξ
1090 722 1119 756 6.
1136 723 1236 756 Maior
1256 723 1366 756 omnia
1387 729 1417 756 et
1436 723 1562 765 singula
1582 722 1753 767 hospitalia

1007 782 1038 810 et
1058 778 1128 810 loca
1149 777 1253 809 dictae
1264 776 1529 819 Cone-reserationis
1549 776 1657 809 Italiae
1677 776 1751 808 visi-

1007 830 1093 864 tandi
1113 836 1141 863 et
1165 830 1382 870 reformandi,
1405 829 1545 863 rationes
1558 835 1589 862 et
1601 834 1753 873 computa

1006 884 1152 924 vivendi,
1176 884 1353 917 confratres
1375 883 1414 916 de
1438 893 1503 915 uno
1524 883 1564 916 ad
1585 883 1683 915 alium
1704 883 1752 916 lo-

1007 949 1080 971 cum
1107 937 1338 974 transferendi,
1363 936 1586 970 inobedientes
1608 941 1638 969 et
1664 936 1753 969 ordi-

1008 991 1175 1024 nationum
1196 996 1447 1032 transgressores
1461 989 1656 1032 corrigendi‚
1671 990 1753 1022 mul-

1007 1044 1113 1077 ctandi
1141 1049 1172 1077 et
1200 1043 1376 1086 puniendi,
1405 1043 1561 1086 cuiusque
1588 1042 1755 1086 hospitalis

1007 1097 1155 1139 gubernii
1180 1097 1337 1136 formam,
1362 1096 1448 1128 iuxta
1468 1101 1576 1129 tamen
1598 1096 1754 1128 constitu—

1008 1151 1110 1184 tiones
1132 1149 1294 1182 faeiendas
1309 1177 1316 1189 ,
1340 1149 1522 1182 stabiliendi
1543 1155 1575 1182 et
1603 1149 1755 1182 determi-

1007 1204 1104 1237 nandi
1125 1204 1309 1237 facultatem
1326 1203 1455 1243 habeat,
1471 1208 1631 1236 reservata
1646 1208 1754 1236 tamen

1007 1259 1039 1292 in
1060 1258 1210 1292 omnibus
1241 1268 1370 1301 semper
1399 1258 1547 1291 locorum
1578 1257 1755 1291 Ordinariis

1006 1311 1242 1355 superioritate,
1267 1310 1566 1354 superintendentia
1587 1310 1755 1353 liberaque

1007 1365 1197 1398 auctoritate
1222 1364 1391 1403 visitandi,
1415 1363 1571 1407 puniendi
1596 1369 1627 1397 et
1653 1363 1750 1396 casti-

1007 1419 1103 1462 gandi
1134 1418 1265 1452 eosdem
1294 1412 1471 1451 confratres
1502 1417 1535 1450 in
1571 1417 1695 1450 delictis
1723 1423 1754 1450 et

1007 1473 1198 1513 excessibus,
1226 1472 1416 1516 praesertim
1435 1471 1595 1515 gravibus,
1620 1477 1683 1504 tam
1706 1471 1753 1504 in-

1008 1534 1055 1560 tra
1085 1537 1182 1570 quam
1216 1531 1303 1559 extra
1338 1525 1524 1558 huiusmodi
1556 1525 1748 1568 hospitalia,

1006 1582 1112 1614 forsan
1144 1579 1403 1619 committendis,
1431 1584 1552 1612 secrete
1582 1583 1689 1611 tamen
1722 1584 1753 1611 et

1006 1634 1247 1677 circumspecte,
1265 1633 1371 1676 quoad
1385 1631 1455 1665 fieri
1473 1631 1603 1675 poterit,
1626 1631 1666 1664 ad
1681 1631 1749 1664 evi-

1005 1689 1135 1722 tandam
1156 1686 1420 1730 Congregationis
1440 1686 1617 1719 infamiam.

1050 1744 1065 1785 ἕ
1087 1742 1116 1774 7.
1140 1742 1244 1785 thue
1268 1740 1532 1783 Congregationis
1553 1739 1652 1783 ipsius
1672 1748 1750 1772 con-

1005 1796 1129 1834 fratres,
1154 1794 1216 1827 alia
1236 1793 1379 1827 eiusdem
1401 1792 1537 1826 instituti
1558 1791 1746 1835 hospitalia,

1005 1850 1044 1883 de
1064 1848 1192 1882 licentia
1205 1847 1449 1881 Ordinariorum
1465 1846 1612 1879 locorum
1626 1845 1750 1888 erigere

1005 1909 1035 1936 et
1055 1902 1237 1940 aedificare,
1261 1901 1546 1944 eleemosynasque
1559 1909 1618 1942 pro
1636 1909 1750 1932 eorum

1005 1961 1036 1989 et
1066 1954 1324 1988 christifidelium
1354 1953 1561 1993 infirmorum
1592 1957 1750 1985 sustenta-

1004 2010 1102 2050 tione,
1126 2009 1381 2051 eorumdemque
1407 2007 1616 2051 hospitalium
1638 2016 1751 2039 manu-

1005 2063 1139 2097 tentioni
1153 2062 1241 2096 omni
1254 2062 1326 2095 loco
1341 2067 1371 2094 et
1386 2067 1531 2104 tempore
1551 2059 1620 2093 sine
1640 2059 1750 2102 aliquo

1006 2118 1239 2162 impedimento
1263 2121 1374 2160 petere
1394 2121 1424 2148 et
1446 2114 1591 2158 recipere
1610 2113 1746 2152 valeant,

1005 2171 1195 2204 auctoritate
1228 2169 1424 2214 apostoliea,
1458 2173 1568 2201 tenore
1598 2177 1749 2210 praesen-

1006 2224 1085 2257 tium
1099 2251 1106 2265 ,
1140 2223 1301 2257 licentiam
1339 2221 1546 2255 concedimus
1583 2226 1610 2253 et
1643 2219 1746 2252 facul-

1006 2282 1114 2310 tatem.

1049 2332 1065 2371 ξ
1083 2329 1113 2362 8.
1145 2330 1278 2373 Insuper
1298 2334 1333 2361 ut
1352 2327 1498 2361 habiturn
1529 2336 1602 2359 cum
1627 2335 1745 2368 scapu-

1004 2383 1070 2415 lare
1095 2388 1125 2415 et
1145 2382 1292 2426 capucio,
1316 2386 1412 2425 prout
1442 2380 1598 2412 hactenus
1624 2383 1748 2420 gestare

1003 2440 1248 2474 consueverunt,
1270 2433 1421 2478 privative
1435 2433 1542 2476 quoad
1553 2431 1632 2463 alios
1646 2441 1745 2474 quos-

1003 2499 1142 2533 cumque
1162 2488 1216 2532 qui
1229 2488 1268 2520 de
1289 2487 1401 2520 eadem
1416 2484 1671 2528 Congregationc
1683 2495 1749 2517 non

1004 2542 1195 2582 fuerint,sub
1206 2541 1317 2585 poenis
1326 2539 1503 2573 Ordinariis
1513 2539 1657 2571 locorum
1667 2538 1749 2571 bene

1004 2596 1086 2635 visis,
1103 2595 1255 2638 deinceps
1272 2593 1367 2627 ctiam
1388 2597 1546 2637 perpetuo
1560 2596 1685 2634 gestare
1696 2601 1749 2624 va-

1002 2651 1098 2684 leant.

1768 246 1818 274 An.
1839 245 1868 273 C.
1885 245 1954 273 1596

1817 307 1953 328 Consiliario·

1769 340 1856 359 rumque
1872 336 1891 354 et
1906 334 1954 354 visi-

1769 362 1860 390 latorum
1890 363 1954 387 atquo

1768 393 1869 413 priorum.

1794 733 1882 753 Maioris
1894 735 1952 758 pote-

1767 762 1842 780 statem
1858 762 1879 779 et
1893 760 1953 780 Ordi-

1767 787 1874 806 uariorum
1891 787 1952 806 iuris-

1768 813 1881 833 dictionem
1917 813 1953 833 dc-

1767 839 1847 860 scribit.

1788 1743 1904 1764 Licentiam
1914 1742 1951 1763 ho-

1765 1771 1850 1795 spitalia
1871 1771 1951 1795 ermen-

1765 1797 1785 1817 (It
1802 1799 1821 1817 el
1837 1797 1951 1822 eleemosy-

1766 1830 1803 1844 nas
1833 1823 1950 1849 recipiendi

1766 1850 1864 1870 concedit
1898 1849 1950 1870 Con-

1766 1876 1891 1902 gregationi.

1786 2329 1886 2350 Habitum
1893 2329 1949 2350 desi-

1764 2358 1820 2381 gnat.
