2253 3195
459 209 524 244 946

1017 225 1193 250 BULLARIUM
1218 227 1370 252 ROMANUM

517 288 549 315 et
565 283 782 318 subjiciuntur
798 284 945 318 locorum
973 285 1170 329 Ordinariis,
1207 287 1338 323 CCXVI.
1351 290 1477 325 Erectio
1489 292 1615 335 collegii
1633 293 1829 329 Clericorum
1843 296 1950 330 Theu-

516 336 559 369 ita
572 343 605 369 ut
620 337 645 369 si
660 337 801 380 contigat
813 338 921 383 aliqua
938 350 1052 373 eorum
1074 341 1174 374 extin-

515 389 580 432 gui,
604 390 690 423 bona
715 391 928 426 extinctorum
958 394 999 427 ad
1026 394 1170 437 Congre—

515 443 679 486 gationem
705 446 904 488 praedictam
937 447 1038 482 libere
1067 459 1173 482 rever-

516 502 635 538 tantur,
659 497 735 531 510.

425 549 554 583 11]an
576 551 738 586 Institutio
759 553 859 587 Rotae
890 554 920 587 in
948 555 1075 589 civitate
1095 557 1172 590 Fer-

512 604 628 645 rai-iae,
652 605 757 639 Status
777 607 1001 647 Ecclesiastici‚
1025 609 1066 642 ad
1080 610 1169 643 deci-

513 657 635 690 dendas
653 669 766 692 causas
787 660 874 694 illius
891 661 1030 695 civitatis
1050 668 1081 696 et
1102 668 1169 697 ter-

513 711 619 744 ritorii
636 739 643 753 ‚
678 723 751 746 cum
791 714 992 748 indultorum
1034 728 1168 751 eonces-

509 764 612 805 sione,
635 765 711 799 511.

423 816 522 851 CCIX.
546 818 739 853 Monasteria
760 821 948 855 monialium
971 823 1105 858 civitatis
1117 825 1172 859 Se-

511 881 627 904 narum
646 873 853 908 immediatae
874 876 1109 921 archiepiscopi
1123 878 1172 911 iu-

512 923 692 958 risdictioni
713 927 943 971 subiiciuntur,
968 929 1043 963 5‘19.

422 975 508 1010 CCX.
536 977 684 1012 Facultas
713 980 934 1016 cardinalibus
960 983 1111 1017 Caietano
1140 990 1170 1018 et

510 1031 689 1074 Burghesio
714 1033 944 1070 introducendi
965 1037 1168 1081 disciplinam

510 1085 543 1118 in
574 1086 718 1129 collegiis
749 1093 779 1121 et
814 1089 995 1124 seminariis
1030 1091 1170 1125 nationis

509 1139 718 1181 Anglicanae,
744 1146 808 1174 tam
830 1142 861 1175 in
887 1143 1050 1187 Hispaniis
1071 1155 1168 1188 quam

509 1191 542 1224 in
560 1193 705 1236 partibus
718 1193 879 1229 inferioris
896 1196 1090 1231 Germaniae
1101 1208 1169 1232 ere-

510 1245 586 1286 ctis,
609 1246 650 1280 ad
670 1246 808 1280 formam
840 1249 1008 1292 regiminis
1039 1252 1166 1295 collegii

510 1298 654 1333 eiusdem
686 1301 827 1335 nationis
861 1303 982 1337 Romae
1019 1306 1116 1339 erecti
1151 1317 1169 1339 a

509 1351 668 1395 Gregorio
686 1355 764 1396 XIII,
789 1355 864 1390 521.

421 1403 526 1439 CCXI.
550 1406 767 1441 Confirmatur
785 1414 940 1443 statutum
962 1411 1096 1456 Capituli
1111 1414 1168 1447 Ba-

510 1459 648 1494 siliensis
675 1461 714 1494 de
742 1472 808 1495 non
841 1463 1046 1499 infeudandis
1074 1467 1168 1501 bonis

510 1513 653 1548 eiusdem
673 1516 838 1558 ecclesiae,
853 1528 1033 1563 eorumque
1053 1526 1166 1555 natura

510 1566 725 1610 immutanda,
753 1568 829 1603 522.

421 1619 534 1654 CCXII.
558 1621 706 1656 I‘Iortatio
726 1624 897 1666 pastoralis
929 1626 969 1659 ad
999 1626 1168 1672 episcopos

508 1674 600 1717 regni
621 1674 743 1709 Galliae
764 1682 809 1716 ut,
837 1688 916 1721 pace
942 1678 1005 1712 iam
1028 1690 1164 1725 compo-

508 1727 570 1761 sita
590 1728 674 1761 inter
691 1740 783 1770 reges
802 1724 973 1766 Galliae'et
994 1733 1163 1778 IIispania-

510 1791 594 1822 rum,
617 1792 675 1815 suo
697 1784 824 1817 muneri
846 1785 1095 1831 animarumque
1116 1798 1166 1822 sa-

510 1834 567 1868 luti
586 1840 616 1868 et
636 1835 814 1871 catholicae
832 1837 907 1872 fidei
926 1846 1100 1882 augmento
1121 1852 1167 1875 ar-

509 1888 636 1922 dentius
653 1888 854 1932 incumbant,
876 1891 950 1926 5224.

421 1941 556 1976 CCXIII.
577 1943 737 1977 Institutio
754 1945 1016 1987 Congrcgationis
1034 1949 1166 1983 fratrum

510 1997 770 2031 Reformatorum
785 2005 812 2032 et
826 1999 1096 2036 Discalceatorum
1111 2003 1167 2037 Or-

510 2050 594 2084 dinis
614 2051 1017 2089 SanctissimaeTrinitatis
1031 2056 1167 2091 Redem-

511 2104 629 2148 ptionis
649 2105 865 2149 Captivorum,
889 2107 964 2142 529.

422 2156 553 2191 CCXIV.
588 2158 755 2203 Philippus
784 2161 822 2194 111
855 2161 1080 2206 Hispaniarum
1113 2176 1165 2199 rex

511 2211 647 2245 solvitur
667 2224 684 2245 a
705 2224 912 2259 quocumque
934 2216 1117 2252 iuramento
1131 2231 1167 2253 ac

512 2264 581 2307 lege
601 2266 777 2309 pontificia,
795 2268 833 2301 ad
856 2268 915 2302 boc
942 2276 986 2311 ut,
1009 2282 1072 2304 una
1093 2284 1165 2306 cum

513 2318 631 2352 ducatu
652 2320 893 2361 Mediolanensi,
917 2324 1017 2367 possit
1041 2325 1167 2360 Siciliae

512 2382 648 2415 regnum
671 2373 832 2415 obtinere,
856 2375 931 2410 5:14.

423 2423 537 2458 CCXV.
568 2426 716 2470 Philippo
738 2428 833 2462 tertio
854 2429 1078 2475 Hispaniarum
1101 2433 1166 2475 rogi

511 2479 700 2513 conceditur
721 2481 908 2516 investitura
931 2485 1019 2524 regni
1041 2485 1167 2519 Siciliae

511 2543 582 2565 cum
603 2538 668 2566 tota
695 2539 790 2574 terra,
815 2547 898 2579 quae
920 2543 964 2570 est
987 2537 1066 2571 citra
1089 2539 1167 2572 Plia—

512 2597 594 2626 rum,
616 2599 718 2632 usque
739 2590 778 2623 ad
800 2591 941 2625 confinia
963 2592 1098 2625 dominii
1113 2594 1166 2625 St·-

510 2639 558 2673 dis
575 2646 605 2674 et
625 2642 775 2677 Gamerae
801 2645 1017 2688 Apostfflicae,
1040 2645 1115 2679 5:30.

1299 343 1481 378 lonicorum
1513 345 1545 378 in
1573 346 1694 390 oppido
1725 348 1894 383 Mosecano
1921 350 1953 382 in

1296 397 1453 431 comitatu
1473 399 1644 440 Hornensi,
1667 401 1852 436 Leodiensis
1866 402 1954 437 dioe-

1297 451 1388 492 cesis,
1412 452 1471 485 sub
1500 453 1659 496 regimine
1691 455 1749 489 ΡΡ.
1785 456 1954 490 Societatis

1296 503 1378 543 Iesu,
1400 504 1474 538 541.

1207 554 1354 590 CCXVII.
1390 559 1577 602 Inquisitori
1608 562 1750 604 generali
1783 562 1814 596 in
1847 563 1954 606 regnis

1294 609 1521 654 Hispaniarum
1542 615 1732 648 conceditur
1752 616 1886 650 facultas
1900 617 1954 650 de-

1294 666 1429 708 putandi
1462 666 1690 711 inquisitorem
1730 670 1763 703 in
1799 670 1954 704 classibus

1295 719 1378 761 regis
1399 720 1562 761 catholici,
1589 733 1649 766 pro
1670 723 1775 757 causis
1794 723 1835 757 ad
1855 734 1950 758 suum

1295 771 1398 805 forum
1419 775 1652 817 spectantibus,
1673 775 1749 810 545.

1205 826 1365 863 ccxwlt.
1378 831 1497 866 Similis
1518 833 1682 867 concessio
1703 834 1860 868 facultatis
1871 845 1953 868 nun-

1296 883 1345 917 cio
1371 885 1551 928 apostolico
1578 887 1664 930 apud
1695 897 1803 930 regem
1833 888 1949 932 Hispa-

1294 937 1422 970 niarum
1455 939 1631 983 deputandi
1659 940 1802 985 aliquam
1835 952 1949 985 perso-

1292 1000 1367 1024 nam
1388 992 1649 1034 ecclesiasticam,
1674 1005 1757 1038 quae
1777 994 1809 1028 in
1830 995 1951 1029 eisdem

1293 1045 1448 1079 classibus
1468 1045 1727 1081 iurisdictionem
1756 1049 1951 1083 ecclesiasti-

1293 1108 1363 1131 cam
1386 1105 1544 1141 exerceat‚
1568 1099 1644 1134 546.

1204 1159 1334 1194 CCXIX.
1356 1161 1547 1196 Adhortatio
1565 1163 1605 1196 ad
1625 1163 1768 1206 singulos
1789 1165 1951 1210 archiepi-

1292 1224 1408 1258 scopos
1417 1221 1447 1248 et
1458 1215 1628 1259 episcopos
1637 1222 1681 1257 ut,
1692 1217 1826 1251 lubilaei
1840 1228 1947 1258 causa,

1292 1267 1427 1300 Romam
1445 1278 1479 1301 se
1500 1269 1677 1311 conferant,
1701 1269 1776 1303 548.

1203 1328 1321 1363 CCXX.
1345 1331 1388 1364 De
1408 1331 1594 1375 receptione
1615 1337 1646 1365 et
1665 1332 1866 1376 professione
1893 1344 1951 1368 no-

1293 1383 1445 1417 vitiorum
1467 1384 1499 1417 in
1519 1385 1642 1428 Congre
1666 1385 1772 1420 atione
1792 1386 1926 1420 fratrum
1939 1415 1946 1428 ‚

1291 1437 1555 1472 Reformatorum
1583 1439 1636 1472 Dis
1677 1439 1855 1474 lecatorum
1888 1439 1947 1475 Or-

1292 1491 1375 1525 dinis
1394 1492 1610 1526 Eremitarum
1632 1493 1662 1528 S.
1682 1493 1864 1537 Augustini,
1882 1504 1946 1528 nu—

1290 1555 1350 1589 per
1369 1545 1402 1578 in
1423 1545 1507 1579 Urbe
1529 1546 1686 1588 instituta,
1709 1546 1784 1580 548.

1203 1606 1335 1641 CCXXI.
1359 1608 1506 1642 Facultas
1531 1608 1672 1652 eligendi
1704 1609 1921 1645 confessorem
1937 1638 1945 1651 ,

1290 1671 1373 1705 quae
1404 1672 1421 1694 a
1451 1662 1533 1695 Sede
1569 1662 1752 1707 Apostoliea
1789 1663 1884 1697 datur
1917 1664 1948 1697 in

1291 1714 1378 1748 bulla
1398 1715 1563 1749 Cruciatae
1583 1722 1614 1750 et
1633 1716 1703 1750 aliis
1724 1716 1868 1758 indultis,
1881 1728 1946 1752 non

1290 1768 1483 1811 suffragatur
1511 1769 1657 1813 personis
1681 1769 1809 1804 Ordinis
1834 1771 1948 1806 Beatae

1289 1821 1404 1855 Mariae
1436 1823 1475 1856 de
1509 1823 1614 1857 Monte
1645 1823 1809 1865 Carmelo,
1842 1835 1947 1869 neque

1290 1875 1360 1909 aliis
1372 1876 1631 1920 quibuscumque
1644 1877 1857 1920 regularibus,
1868 1877 1942 1913 549.

1201 1938 1350 1972 CCXXII.
1379 1939 1509 1973 Praevia
1536 1940 1740 1974 absolutione
1765 1940 1945 1975 incolarum

1290 1992 1425 2026 civitatis
1446 1999 1476 2026 et
1496 1994 1668 2028 comitatus
1693 1994 1908 2029 Ferrariensis
1929 2005 1946 2029 a

1291 2046 1598 2088 transgressionibus
1618 2047 1884 2082 constitutionum
1898 2047 1945 2081 Pii

1286 2099 1390 2144 Papae
1411 2100 1433 2132 V
1461 2101 1500 2134 de
1520 2101 1614 2134 bonis
1641 2101 1887 2146 empliyteuticis
1915 2107 1946 2135 et

1289 2153 1584 2198 patrimonialibus,
1601 2155 1791 2199 poenisque,
1815 2165 1894 2200 quas
1908 2165 1945 2189 ea

1291 2207 1330 2241 de
1350 2218 1446 2242 causa
1471 2207 1677 2242 incurrerunt
1693 2214 1766 2242 ante
1787 2208 1873 2242 illius
1893 2219 1946 2243 co·

1292 2261 1421 2295 mitatus
1452 2262 1692 2296 devolutionem
1727 2263 1768 2296 ad
1795 2262 1944 2296 Sanctam

1290 2316 1422 2357 Sedem,
1447 2316 1632 2350 decernitur
1656 2315 1841 2350 huiusmodi
1866 2327 1944 2350 con-

1290 2369 1471 2403 stitutiones
1491 2380 1559 2403 esse
1584 2369 1796 2415 imposterum
1827 2370 1941 2404 obser-

1291 2423 1420 2464 vandas,
1444 2422 1518 2456 550.

1202 2484 1362 2519 CCXXIII.
1387 2485 1565 2519 Cardinalis
1585 2485 1847 2519 Aldobrandinus
1866 2486 1944 2520 San-

1291 2544 1359 2572 ctae
1380 2539 1543 2572 Romanae
1563 2539 1722 2573 Ecclesiae
1747 2539 1944 2573 camerarius

1290 2592 1496 2633 designatur,
1521 2592 1715 2626 modificatis
1736 2598 1842 2626 tamen
1864 2602 1944 2625 non-

1290 2646 1384 2681 nullis
1409 2646 1623 2688 facultatibus,
1647 2645 1721 2680 551.
