2253 3195
4 170 7 179 Ι
57 196 105 222 Αιι.
123 194 150 221 C.
175 193 242 220 ¹596

69 889 126 913 Quat·
138 889 181 915 ipse
193 894 238 914 ges-

55 917 107 937 serit
126 921 163 941 pro
185 917 240 936 tran-

56 942 158 969 quillitate
173 942 194 963 in
208 947 240 963 re-

56 975 117 995 gnum
136 968 152 989 F
155 969 240 990 tanciae

56 995 176 1017 inducenda
208 1001 239 1016 re-

57 1024 136 1043 censet.

548 242 677 276 CXXXI.

253 349 439 383 Iubilaeum
452 349 495 381 ad
512 348 661 381 divinam
674 358 776 391 opem,
792 357 851 391 pro
864 352 994 380 sanctae

297 401 474 434 catholicae
492 401 569 443 fidei
586 401 622 433 in
641 411 739 444 reyno
759 396 922 433 Franciae
941 410 993 432 esc-

296 455 465 495 altatione,
489 458 518 487 et
535 454 698 497 pristinae
718 454 754 485 in
774 463 807 485 eo
830 452 994 495 tranquil-

298 507 402 540 litatis
421 507 635 546 restitutione,
656 505 900 549 implorandam
920 506 942 536 ¹.

253 597 385 624 olemens
406 595 584 630 episcopus,
605 601 713 622 servus
741 602 895 622 servorum
922 594 993 627 Dei,

252 649 404 677 universis
424 648 672 677 christifidelibus
691 647 722 676 in
743 655 833 683 regno
854 648 994 676 Franciae

511 701 714 730 existentibus
726 724 734 737 ,
835 690 838 693 Δ

297 756 426 784 salutem
445 757 477 783 et.
495 752 692 789 apostolicam
710 755 959 783 benedictionem.

298 826 359 870 51.
384 826 485 866 Quam
505 837 634 871 semper
656 826 745 860 cordi
766 826 859 860 nohis
883 837 995 860 curae-

254 890 317 924 que
347 879 453 921 suerit,
478 885 514 913 ut
533 879 740 922 gravissimae
763 890 800 912 ac
824 879 995 912 diuturnae

255 933 481 967 sollicitudinis
510 938 639 966 nostrae
656 938 764 977 partes
784 933 823 966 de
844 932 993 965 christia-

255 987 387 1026 nissimo
405 992 436 1020 et
455 986 659 1031 pacatissimo
684 986 760 1020 olim
775 986 928 1020 Franciae
948 997 997 1019 re-

255 1051 329 1083 gno,
355 1045 421 1073 turn
442 1039 619 1073 catholicae
632 1039 797 1082 religionis
815 1039 847 1072 in
865 1050 902 1072 eo
921 1050 996 1073 con-

254 1094 439 1134 servandae,
451 1099 518 1127 tum
540 1093 689 1137 publicae
704 1093 790 1126 illius
810 1094 993 1137 tranquilli-

255 1148 328 1181 tatis
350 1147 578 1185 instaurandae
606 1157 702 1180 causa
721 1152 898 1190 susceptae,
922 1158 995 1180 eum

255 1212 352 1246 quern
371 1201 431 1245 ipsi
452 1200 574 1234 iamdiu
587 1210 605 1232 a
617 1200 753 1234 Domino
773 1200 909 1234 assiduis
922 1212 996 1244 pre-

256 1255 346 1289 cibus
366 1254 590 1297 flagitavimus,
626 1264 787 1298 quemque
813 1254 890 1287 boni
925 1265 996 1287 orn-

256 1319 312 1342 nes
324 1313 447 1353 optan‘t‚
466 1308 584 1341 exitum
612 1307 814 1346 sortirentur,
830 1308 996 1352 praeclare

255 1360 387 1405 quidem
407 1366 553 1394 constare
572 1359 610 1393 iis
630 1360 845 1401 arbitramur,
880 1361 996 1405 quibus

256 1414 404 1456 cognitae
416 1419 490 1448 sunt
502 1424 538 1447 ac
549 1419 736 1458 perspectae
749 1414 901 1455 rationes,
914 1425 996 1458 quae

256 1477 314 1501 nos
331 1468 461 1501 tandem
479 1477 563 1500 anno
583 1467 749 1511 superiore
780 1468 992 1508 adduxerunt,

256 1527 291 1555 ut
310 1521 491 1554 charissimi
511 1521 543 1554 in
564 1521 688 1555 Christo
709 1521 767 1554 filii
787 1521 888 1554 nostri
908 1522 994 1554 ilen-

258 1574 316 1608 rici
335 1575 533 1608 Francorum
546 1574 631 1616 regis
652 1574 908 1607 christianissimi
923 1586 997 1618 sup-

257 1628 485 1673 plicationibus
506 1627 647 1671 (quibus
667 1638 700 1660 se
724 1627 756 1660 in
779 1633 908 1661 sanctae
928 1629 993 1662 Ro-

258 1692 373 1715 manae
392 1681 552 1714 Ecclesiae
572 1681 731 1724 gremium
746 1692 764 1714 a
784 1681 876 1714 nobis
896 1682 995 1726 recipi

258 1735 454 1779 postulabat)
474 1734 614 1777 benigne
643 1745 876 1775 annueremus,
901 1746 993 1768 eum-

258 1800 322 1833 que
340 1794 515 1833 propterea
534 1795 669 1833 paterna
682 1789 837 1822 charitate
857 1790 998 1833 comple-

259 1848 430 1876 cteremur.
453 1843 488 1876 In
508 1853 573 1886 quo
593 1842 699 1876 officio
720 1843 996 1886 quemadmodum

259 1895 339 1929 nihil
355 1896 450 1940 plane
463 1901 591 1940 praeter
611 1896 710 1940 ipsius
730 1896 857 1929 Henrici
872 1896 956 1939 regis
968 1902 997 1929 et

260 1948 357 1982 totius
388 1948 478 1991 regni
499 1949 634 1982 salutem
656 1954 687 1982 et
711 1948 874 1992 quietern,
909 1949 997 1981 omni

260 2002 475 2035 humanarum
494 2012 603 2035 rerum
628 2002 821 2045 cogitatione
841 2002 992 2046 seposita,

260 2056 471 2100 spectandum
493 2056 661 2097 duximus,
695 2056 738 2089 ita
758 2067 844 2090 nunc
865 2057 944 2090 illud
965 2057 996 2089 in

260 2110 373 2155 primis
393 2110 573 2145 curandum
597 2121 666 2144 esse
681 2110 941 2151 existimavimus,
966 2117 1000 2145 ut

261 2170 386 2209 optatos
404 2169 583 2208 etsperatos
598 2164 666 2197 eius
678 2163 918 2197 deliberationis
936 2165 1000 2197 sru-

261 2223 341 2259 ctus,
361 2219 426 2252 Deo
446 2217 507 2262 piis
527 2216 673 2250 omnium
698 2217 781 2255 votis
802 2217 996 2261 adspirante,

261 2282 358 2316 quam
376 2271 517 2316 primum
539 2270 715 2314 capiamus3
739 2276 835 2314 atque
852 2270 913 2303 hoc
926 2281 1001 2303 sane

263 2324 398 2358 consilio
422 2324 575 2358 dilectum
585 2323 687 2356 silium
701 2329 848 2356 nostrum
868 2324 1002 2356 Alexan-

263 2377 358 2411 drum
371 2377 507 2410 Medices
521 2376 604 2410 tituli
618 2382 745 2410 sanctae
765 2376 914 2409 Praxedis
928 2387 1001 2420 pre-

263 2431 425 2475 sbyterum
454 2430 651 2464 cardinalem
676 2430 898 2463 Florentinum
919 2440 1002 2463 nun-

264 2490 428 2529 cupatum,
442 2485 481 2517 ad
490 2485 640 2518 eumdem
653 2484 827 2518 Henricum
836 2494 945 2527 regem
957 2490 1002 2517 at-

265 2549 327 2583 que
337 2539 377 2572 ad
395 2538 499 2583 ipsum
514 2538 666 2572 Franciae
678 2548 788 2581 regem
808 2543 954 2572 nostrum
973 2544 1003 2571 et

304 2604 313 2628 t
333 2601 370 2628 Ex
386 2601 493 2637 Regest.
509 2601 537 2628 in
551 2601 653 2629 Secret.
669 2600 807 2628 Brevium.

873 192 1020 216 CLEMENS
1040 189 1097 215 Vlll
1115 191 1165 214 1¹1¹.

1026 238 1227 283 Apostolicae
1246 238 1336 272 Sedis
1349 237 1389 270 de
1402 237 1500 270 latere
1515 236 1654 277 legatum
1668 244 1771 277 nuper

1026 292 1264 326 destinavimus.

1072 347 1087 387 ξ
1106 344 1136 377 9.
1148 344 1305 383 Quoniam
1319 354 1393 377 vero
1407 344 1445 376 ad
1458 353 1512 375 eos
1526 343 1647 375 fructus
1660 351 1771 374 conse-

1030 510 1115 537 vatas
1136 510 1167 537 et
1191 504 1335 548 publicas
1356 515 1373 536 a
1394 505 1486 536 nobis
1509 504 1570 536 iam
1598 514 1692 546 saepe
1713 502 1773 535 hac

1030 559 1068 591 de
1089 569 1184 591 causa
1205 557 1340 590 indictas
1360 568 1471 600 preces
1492 557 1639 600 proprias
1660 561 1690 589 et
1716 566 1772 599 pe—

1029 612 1175 652 culiares,
1200 612 1231 644 in
1253 611 1322 655 ipso
1344 621 1443 653 regno
1472 611 1624 643 Franciae
1649 609 1772 654 suppli-

1028 665 1180 705 cationes,
1209 665 1270 697 hoc
1291 664 1386 697 etiam
1416 668 1561 707 tempore
1587 663 1774 696 indicendas

1029 718 1223 756 censuimus,
1248 717 1372 758 confisi,
1395 717 1508 755 Deum,
1537 727 1595 760 pro
1616 716 1773 749 immensa

1029 783 1086 804 sua
1110 771 1242 815 pietate,
1274 781 1387 803 eorum
1413 769 1589 810 desideria,
1613 780 1631 802 a
1657 769 1774 812 quibus

1030 825 1232 868 potissimum
1253 823 1359 866 rogari
1385 834 1417 856 se
1442 822 1690 862 animadvertit,
1713 834 1770 854 cu-

1030 879 1150 911 mulate
1170 878 1384 921 expleturum,
1402 882 1431 909 et
1444 886 1526 920 quae
1544 875 1603 919 ipsi
1621 875 1771 918 petimus,

1030 931 1181 964 bonitatis
1201 941 1276 964 suae
1291 931 1375 963 dona
1387 930 1516 962 tandem
1530 939 1770 962 concessurum.

1031 984 1186 1024 Quocirca
1217 983 1322 1017 eidem
1351 983 1532 1016 Alexandro
1554 981 1709 1015 cardinali
1727 982 1774 1014 in-

1031 1038 1203 1076 iunximus,
1226 1043 1261 1070 ut
1281 1048 1353 1070 cum
1374 1037 1515 1080 primum
1542 1037 1581 1069 ad
1606 1035 1691 1069 idem
1718 1046 1771 1069 re-

1031 1102 1129 1134 gnum
1149 1090 1342 1135 pervenerit,
1366 1090 1398 1122 in
1419 1100 1457 1123 ea
1477 1089 1602 1122 civitate
1620 1090 1666 1122 vel
1688 1090 1771 1130 loco,

1033 1145 1064 1177 in
1085 1155 1148 1188 quo
1166 1145 1225 1178 sibi
1246 1144 1487 1177 consistendum
1513 1153 1580 1176 esse
1606 1143 1771 1184 statuerit,

1031 1199 1071 1232 ad
1092 1199 1170 1232 duas
1191 1199 1239 1231 vel
1260 1203 1324 1231 tres
1344 1197 1537 1239 insigniores
1558 1196 1708 1229 ecclesias
1731 1197 1775 1229 ibi

1032 1251 1211 1292 existentes,
1227 1250 1432 1284 hebdomada
1453 1256 1483 1283 et
1501 1249 1614 1282 diebus
1629 1260 1689 1293 per
1701 1260 1775 1282 eum

1032 1305 1237 1347 designandis
1252 1332 1259 1345 ‚
1283 1305 1443 1337 solemnes
1473 1303 1718 1347 processiones,
1742 1309 1777 1336 ut

1032 1359 1131 1392 moris
1152 1364 1208 1398 est,
1226 1358 1356 1397 indicat,
1374 1363 1469 1401 atque
1486 1358 1527 1390 ad
1547 1367 1600 1390 eas
1620 1357 1687 1400 ipse
1702 1368 1775 1390 cum

1032 1412 1234 1446 veneralibus
1256 1412 1407 1444 fratribus
1428 1410 1546 1444 nostris
1570 1410 1772 1454 primatibus,

1031 1465 1293 1510 archiepiscopis,
1322 1464 1492 1508 episcopis,
1517 1464 1652 1508 aliisque
1676 1475 1772 1508 prae-

1031 1520 1103 1553 latis
1128 1519 1248 1552 ibidem
1276 1524 1352 1551 tunc
1380 1517 1625 1562 praesentibus,
1649 1528 1776 1551 necnon

1032 1585 1104 1607 cum
1127 1573 1318 1606 officialibus
1345 1583 1382 1605 ac
1407 1571 1645 1614 magistratibus
1673 1572 1777 1605 dictae

1033 1626 1178 1667 civitatis,
1204 1625 1420 1668 universoque
1449 1624 1534 1657 illius
1555 1625 1642 1657 clero
1667 1630 1697 1657 et
1717 1635 1775 1668 po-

1031 1680 1107 1724 pulo
1125 1680 1258 1723 supplex
1278 1679 1418 1711 accedat.

1076 1735 1092 1775 S
1124 1732 1154 1766 3.
1190 1733 1229 1766 Ut
1257 1737 1364 1764 autem
1397 1732 1503 1764 divina
1534 1731 1715 1774 benignitas
1746 1737 1777 1765 et

1032 1786 1201 1820 clementia
1215 1785 1389 1830 opportuni
1404 1785 1512 1818 auxilii
1526 1785 1661 1827 gratiam
1676 1796 1776 1827 regno

1032 1840 1217 1885 deprecanti
1240 1840 1416 1882 largiatur,
1441 1849 1553 1872 omnes
1580 1845 1608 1872 et
1634 1839 1778 1881 singulos

1031 1895 1199 1938 utriusque
1219 1905 1311 1927 sexus
1332 1893 1568 1933 christifideles,
1586 1893 1640 1936 qui
1660 1898 1723 1925 tam
1746 1893 1777 1926 in

1033 1949 1145 1981 eadem
1160 1948 1298 1987 civitate,
1311 1957 1408 1990 quam
1428 1947 1459 1979 in
1478 1952 1543 1979 toto
1555 1957 1655 1988 regno
1669 1951 1774 1987 erunt,

1033 2013 1090 2046 per
1107 2002 1228 2035 viscera
1248 2000 1491 2035 misericordiae
1510 2000 1565 2034 Dei
1590 2011 1626 2033 ac
1650 2000 1777 2033 Domini

1033 2056 1135 2089 nostri
1164 2056 1233 2089 Iesu
1261 2055 1387 2095 Christi,
1410 2065 1468 2098 per
1488 2065 1585 2098 quem
1610 2064 1702 2096 reges
1727 2065 1777 2087 ro-

1034 2114 1154 2151 gnant,
1187 2114 1215 2142 et
1246 2119 1345 2150 regna
1374 2108 1572 2148 consistunt,
1608 2108 1779 2140 hortamur

1034 2167 1130 2205 atque
1149 2162 1368 2201 obsecramus,
1388 2166 1423 2193 ut
1443 2160 1497 2204 qui
1519 2160 1551 2192 in
1572 2160 1685 2193 eadem
1704 2160 1779 2193 civi-

1037 2220 1099 2247 tate
1119 2214 1254 2255 t‘uerint,
1279 2214 1364 2247 dicta
1383 2214 1608 2253 hebdomada,
1632 2218 1687 2246 aut
1711 2214 1775 2246 sal-

1037 2274 1100 2300 tem
1121 2268 1222 2300 altera
1241 2267 1398 2311 sequenti,
1416 2267 1471 2310 qui
1491 2277 1567 2299 vero
1583 2271 1671 2299 extra
1692 2277 1774 2307 eam,

1037 2321 1068 2353 in
1089 2321 1222 2354 caeteris
1244 2321 1333 2363 regni
1355 2320 1517 2360 dominiis,
1532 2320 1716 2364 provinciis,
1731 2331 1780 2354 re-

1037 2374 1187 2416 gionibus
1216 2380 1247 2408 et
1273 2375 1351 2408 locis
1376 2374 1528 2414 existent,
1556 2374 1703 2418 proxima
1728 2380 1783 2409 aut

1037 2429 1136 2461 altera
1168 2429 1313 2472 sequenti
1350 2428 1574 2467 hebdomada,
1608 2434 1780 2472 postquam

1037 2481 1161 2515 litterae
1181 2482 1325 2516 eiusdem
1346 2481 1517 2515 Alexandri
1539 2481 1709 2515 cardinalis
1729 2493 1781 2516 su-

1037 2548 1093 2583 per
1114 2536 1289 2570 indictione
1309 2536 1494 2569 huiusmodi
1507 2535 1780 2579 supplicationum

1037 2591 1218 2636 publicatae
1227 2590 1357 2631 suerint,
1367 2590 1416 2623 vel
1428 2589 1506 2623 alias
1517 2590 1557 2623 ad
1569 2589 1698 2623 illorum
1713 2600 1781 2623 cer-

1677 176 1739 208 ι267
1787 185 1836 211 Λιι.
1857 185 1886 211 C.
1905 185 1971 212 159ss

1826 352 1905 377 {meato
1921 358 1970 377 apo-

1028 400 1173 443 quendos
1192 399 1317 431 divinae
1336 399 1406 442 opis
1419 397 1578 441 praesidia
1599 396 1771 440 praecipue
1786 379 1971 457 {Elasu'ffiz'tni'itlit

1029 452 1209 485 necessaria
1230 462 1298 484 csse
1319 451 1537 491 intelligimus,
1558 455 1685 493 praetor
1705 460 1771 492 pri-
1787 464 1824 479 ιιι»>
1840 458 1949 478 nna-0021.

1825 1743 1977 1764 Christifideles

1792 1771 1895 1793 hortatur.
1910 1772 1932 1790 ut
1947 1772 1977 1790 ta-

1792 1798 1822 1818 tes
1840 1797 1977 1823 supplicatio·

1792 1830 1829 1845 nes
1840 1824 1926 1844 saciant.
