2253 3195
827 259 922 283 ixnrx
949 258 1051 283 annun
1605 246 1669 280 925

167 321 335 355 Saccoccia
355 320 402 354 vel
424 320 540 354 Sacchi
560 321 637 365 quid
658 321 731 361 sint,
754 320 817 354 253
838 321 865 354 b.

165 373 417 415 Salisburgcnsis
434 373 701 417 Archiepiscopus
726 374 918 415 Wulfangus
942 374 1169 407 Tbeodoricus.
1201 374 1233 406 V.
1258 372 1466 407 Breviarium.

166 426 295 460 Salviati
321 426 478 460 Antonius
504 426 612 467 Maria,
633 427 662 460 S.
687 427 721 460 R.
751 427 784 459 E.
807 427 989 467 cardinalis,
1018 427 1131 461 Montis
1151 427 1280 460 Pietatis
1293 426 1397 466 L'rbis,
1421 426 1497 459 dum
1523 425 1608 466 vixit,
1635 435 1711 470 pro-

256 485 370 520 tector,
398 479 463 513 854
488 480 515 512 b.

166 532 332 566 Sardiniae
353 532 384 565 in
407 543 517 576 regno,
541 533 579 565 ad
602 533 791 576 petitionem
814 534 952 578 Philippi
976 534 1200 578 Hispaniarum
1223 533 1318 575 regis,
1343 532 1663 576 archiepiscoporum
1683 537 1712 565 et

258 585 486 630 episcoporum
515 585 616 630 spolia
643 597 702 630 pro
735 587 877 620 ecelesiis
909 587 985 619 inibi
1016 587 1202 620 vacantibus
1223 586 1435 626 destinantur,
1460 584 1524 618 120
1547 586 1564 618 b
1585 591 1617 618 et
1647 596 1710 629 seq.

257 638 337 672 Inibi
363 639 432 672 loca
458 639 618 682 regularia
640 640 856 673 reformantur
880 651 937 684 per
958 641 1136 674 visitatores
1154 651 1171 673 a
1193 640 1354 674 Clemente
1369 640 1433 673 wll
1454 639 1634 682 deputatos,
1650 637 1714 671 463

258 702 279 724 a
299 697 329 724 et
349 692 384 732 b,·
407 692 523 736 quibus
543 692 761 736 amplissimae
781 693 946 726 facultates
967 694 1005 726 ad
1029 705 1095 727 rem
1126 693 1359 733 conceduntur,
1383 692 1462 725 ibid.
1495 697 1525 725 et
1544 703 1607 735 seq.
1640 691 1714 735 Epi-

257 755 356 788 scopo
375 745 602 779 Calaritanensi
626 745 805 788 iniungitur
825 752 857 779 ut
876 752 966 780 curet
987 747 1222 780 observantiam
1246 745 1496 785 reformationis,
1520 744 1584 777 464
1603 755 1634 777 α.

168 797 334 831 Sardiniae
359 798 584 842 episcoporum
610 799 695 832 bona
720 805 749 832 et
771 799 892 833 fruetus
918 800 1126 833 ecclesiarum
1148 799 1328 832 vacantium
1351 799 1423 832 Pius
1436 799 1459 830 V
1481 797 1617 831 asseruit
1641 797 1717 841 ipsis

259 851 412 892 ecelesiis,
441 850 504 884 608
530 852 556 884 b.
585 852 737 885 Nonnulli
766 858 873 886 tamen
910 853 1051 897 episcopi
1088 864 1124 886 ea
1161 853 1324 886 donabant
1360 852 1425 885 suis
1456 851 1714 894 consanguineis,

257 903 322 938 609
335 915 365 938 α.
380 905 548 949 Philippus
573 916 625 938 rex
638 905 744 949 Papae
762 906 919 950 supplicat
945 912 977 939 ut
999 907 1143 939 consulat
1170 906 1377 939 ecclesiarum
1404 904 1617 945 indemnitati,
1633 904 1712 937 ibid.

257 958 403 992 Clemens
427 958 473 992 Pii
507 958 768 992 constitutionem
804 959 952 999 innovat,
982 959 1237 1003 donationesque
1270 959 1436 1002 hueusque
1467 958 1564 991 factas
1599 957 1713 997 irritat,

260 1011 339 1044 ibid.
369 1011 394 1044 b.

170 1065 338 1099 Scholares
364 1066 551 1098 monasterii
582 1066 720 1100 El-Real
741 1077 757 1099 a
778 1067 864 1100 Sixto
889 1067 912 1099 V
937 1067 1140 1110 privilegium
1167 1067 1373 1100 obtinuerant
1401 1064 1620 1109 consequendi
1648 1065 1716 1097 lau-

260 1129 346 1152 ream
378 1120 575 1152 doctoralem
602 1119 633 1151 in
663 1120 805 1163 qualibet
833 1120 1040 1153 universitate
1059 1121 1309 1164 -llispaniaruzn,
1334 1119 1396 1152 -210
1419 1120 1445 1152 b.
1470 1118 1637 1163 Philippus
1662 1129 1715 1151 rex

258 1172 462 1216 privilegium
480 1172 540 1205 hoc
562 1173 601 1205 ad
629 1173 754 1216 aliquos
776 1173 923 1214 restringi
956 1173 1044 1216 petit,
1068 1173 1127 1206 υ211
1154 1185 1183 1206 α.
1216 1174 1361 1207 Clemens
1391 1172 1554 1215 restringit
1583 1172 1622 1205 ad
1644 1176 1715 1205 octo

258 1236 318 1269 pro
338 1225 485 1269 quolibet
505 1236 599 1258 cursu
624 1225 827 1266 scholastico,
851 1226 930 1259 ibid.

169 1279 408 1322 segobricensis
426 1278 591 1312 dioecesis.
621 1279 654 1312 V.
678 1279 862 1312 Maurorum
885 1286 1031 1313 recenter
1054 1290 1294 1313 conversorum.

170 1332 364 1375 Seguntinus
394 1331 563 1376 episcopus
592 1333 766 1376 quemdam
792 1343 934 1373 annuum
967 1333 1107 1366 reditum
1143 1333 1296 1366 fratribus
1321 1332 1447 1366 Ordinis
1472 1332 1524 1366 SS.
1558 1332 1719 1365 Trinitatis

261 1385 503 1429 Redemptionis
527 1385 744 1429 Captivorum,
773 1386 957 1430 provinciae
986 1386 1150 1427 Castellac,
1176 1386 1270 1419 tradit
1305 1398 1363 1430 pro
1392 1385 1589 1419 redimendis
1614 1385 1715 1429 capti-

263 1438 320 1478 vis,
343 1437 459 1477 356a;
484 1449 556 1471 cum
580 1439 766 1472 conditione
784 1439 871 1483 quod
889 1439 953 1473 duo
975 1439 1150 1484 presbyteri
1176 1450 1303 1483 semper
1323 1439 1442 1482 Alget—ii
1464 1444 1716 1479 commorentur,

262 1492 317 1536 qui
343 1491 475 1536 captivis
499 1498 701 1525 sacramenta
729 1492 970 1533 administrent,
996 1493 1072 1526 ibid.
1103 1494 1130 1526 b.
1161 1493 1410 1526 Administrator
1434 1492 1529 1525 huius
1559 1492 1654 1534 legati
1679 1492 1718 1525 al)

259 1545 485 1589 Hispaniarum
514 1556 587 1587 rege
618 1545 846 1587 nominandus,
871 1545 934 1579 357
960 1557 1000 1585 α,·
1026 1557 1236 1590 summaeque
1262 1546 1293 1578 in
1315 1546 1513 1590 captivorum
1539 1545 1717 1579 subsidium

260 1598 501 1642 expendendae,
518 1598 595 1631 ibid.
621 1599 648 1631 b.
676 1599 906 1642 Dispositiones
931 1599 1037 1632 variae
1058 1600 1096 1632 ad
1123 1610 1202 1640 rem,
1231 1598 1294 1632 :358
1315 1610 1333 1631 a
1356 1605 1386 1632 et
1410 1600 1437 1631 b.
1459 1599 1489 1631 Si
1503 1598 1665 1641 Algerium
1688 1598 1718 1630 in

259 1656 450 1695 potestatem
473 1651 720 1684 christianorum
748 1652 880 1693 venerit,
905 1653 1015 1685 eadem
1039 1664 1164 1685 summa
1190 1653 1220 1685 in
1243 1652 1346 1686 Africa
1368 1663 1426 1696 pro
1453 1652 1562 1685 eadem
1586 1651 1720 1695 captivo-

259 1715 331 1737 rum
359 1704 583 1748 redemptione
614 1704 843 1749 impendenda,
876 1705 939 1739 350
964 1717 994 1738 a.
1026 1705 1141 1739 Mau-iii
1175 1705 1301 1739 Ordinis
1324 1706 1520 1739 documenta
1551 1705 1716 1745 servanda,

259 1758 338 1791 ibid.
358 1758 384 1790 b.
400 1758 492 1791 Pium
514 1768 594 1802 opus
606 1758 832 1802 Hispaniarum
854 1759 921 1802 regi
937 1760 1195 1800 commendatur,
1212 1758 1275 1792 360
1289 1770 1318 1792 a.
1348 1759 1483 1798 Quinam
1503 1758 1615 1802 captivi
1642 1769 1717 1792 cae-

261 1811 336 1844 teris
356 1811 571 1855 praeferendi,
587 1812 666 1844 ibid.
689 1812 714 1845 b.
740 1812 828 1846 Aliae
849 1813 1075 1857 dispositiones
1096 1824 1154 1857 pro
1176 1813 1266 1846 fundi
1292 1812 1504 1856 perpetuitate
1530 1817 1560 1845 et
1578 1811 1632 1855 pio
1653 1811 1721 1845 eius

260 1875 331 1905 usu,
354 1864 412 1897 361
438 1876 457 1897 a
476 1870 506 1898 et
532 1865 559 1897 b.
580 1864 665 1898 Ordo
682 1865 924 1909 Redemptionis
944 1877 976 1899 se
995 1866 1138 1909 obligare
1160 1867 1253 1900 debet
1274 1877 1331 1910 pro
1348 1866 1562 1910 exequutione
1576 1865 1719 1898 omnium

262 1928 344 1961 quae
365 1928 382 1950 a
400 1918 569 1951 fundatore
594 1924 711 1951 statuta
731 1925 815 1959 sunt,
839 1918 903 1952 362
928 1919 953 1952 b.
983 1919 1172 1964 Superiores
1199 1919 1322 1953 ordinis
1343 1919 1451 1952 omnia
1475 1918 1640 1962 praedicta
1664 1918 1720 1951 ad-

263 1970 411 2011 mittunt;
440 1982 522 2014 quae
547 1971 746 2005 sanctionem
774 1973 877 2016 Papae
896 1972 1054 2012 obtinent,
1073 1972 1136 2006 363
1162 1984 1179 2005 (t
1205 1979 1235 2006 et
1257 1974 1283 2005 b.
1307 1972 1457 2006 Rationes
1478 1978 1583 2005 autem
1606 1982 1722 2015 expen-

263 2034 369 2057 sarum
391 2025 457 2058 vult
483 2025 572 2057 reddi
592 2036 699 2058 coram
723 2025 983 2059 administratore
1005 2033 1032 2059 et
1057 2026 1174 2059 vicario
1200 2025 1434 2069 archiepiscopi
1456 2025 1610 2065 Toletani,
1640 2025 1717 2057 ibid.

173 2078 328 2111 Senarum
349 2077 483 2110 civitatis
504 2078 699 2120 monasteria
722 2079 909 2112 monialium
933 2079 1175 2123 archiepiscopo
1195 2079 1322 2112 subiicit
1341 2079 1413 2112 Pius
1434 2080 1469 2118 ll,
1491 2078 1553 2111 {119
1574 2077 1599 2111 b.
1618 2079 1678 2111 Leo
1697 2078 1720 2110 X

262 2130 369 2174 aliqua
387 2131 445 2164 sub
467 2131 669 2173 regularibus
690 2132 808 2175 posuit,
826 2131 889 2164 520
910 2144 938 2165 a.
961 2133 1107 2166 Clemens
1134 2133 1260 2165 tandem
1282 2132 1345 2165 Ylll
1367 2131 1627 2164 constitutionem
1655 2130 1722 2164 Pia-

262 2193 335 2216 nam
362 2190 503 2223 renovat,
528 2184 604 2216 ibid.
628 2185 664 2223 b,·
693 2189 838 2228 vetatque
861 2185 1072 2227 Regularibus
1105 2196 1144 2219 ne
1166 2197 1197 2218 se
1220 2185 1249 2218 in
1276 2184 1461 2218 huiusmodi
1494 2183 1650 2226 gubernio
1675 2183 1721 2216 in-

258 2242 380 2279 gerant,
410 2236 467 2269 :3221
493 2248 522 2269 a.

173 2288 426 2331 Sigismundusl
459 2289 610 2323 Poloniae
644 2301 694 2323 rex
725 2291 882 2335 supplicat
917 2293 1014 2325 Leoni
1037 2293 1060 2325 X
1092 2302 1149 2336 pro
1179 2291 1351 2324 inserendo
1383 2291 1413 2323 in
1437 2291 1626 2324 Sanctorum
1649 2290 1722 2323 albo

260 2342 389 2375 beatum
409 2343 620 2387 Hyacinthum
640 2344 808 2387 polonum,
830 2344 889 2377 123
904 2345 931 2378 b.
954 2346 1105 2389 ltlenique
1124 2345 1208 2388 apud
1225 2345 1420 2378 Clementem
1432 2344 1493 2377 Vltt
1512 2344 1605 2376 instat
1625 2343 1721 2385 Sigis-

265 2396 404 2429 mundus
426 2397 476 2435 lll,
501 2397 643 2430 eiusdem
663 2398 752 2440 regni
775 2409 840 2435 rex,
863 2398 926 2431 tat}
947 2410 977 2431 a.

174 2447 342 2482 Societatis
361 2450 431 2482 lesu
451 2450 564 2483 fratres
584 2450 795 2484 obtinuerunt
816 2463 833 2484 a
859 2452 1023 2485 nonnullis
1042 2451 1249 2485 Pontificibus
1271 2451 1452 2484 facultatem
1476 2451 1661 2484 absolvendi
1683 2451 1721 2484 ab

268 2502 392 2535 liaeresi
419 2509 446 2536 et
470 2503 568 2537 libros
590 2504 769 2547 prohibitos
794 2505 931 2547 legendi,
957 2505 998 2537 853
1018 2517 1047 2537 a.
1092 2504 1294 2548 Praepositus
1321 2504 1439 2537 dictam
1462 2504 1644 2537 facultatem
1668 2515 1719 2537 re-

263 2555 368 2588 vocari
388 2556 464 2599 petit
487 2558 592 2600 quoad
616 2558 727 2590 fratres
746 2558 776 2590 in
804 2559 910 2601 regnis
931 2558 1156 2602 Hispaniarum
1183 2558 1354 2598 degentes,
1387 2557 1417 2589 in
1444 2557 1560 2601 quibus
1581 2557 1720 2591 officium

263 2608 292 2642 S.
317 2608 537 2653 Inquisitionis
558 2610 673 2651 existit,
697 2611 777 2644 ibid.
802 2611 828 2645 b.
853 2612 998 2645 Clemens
1020 2611 1186 2643 facultates
1207 2611 1356 2653 elargitas
1372 2617 1510 2651 revocat,
1534 2609 1576 2644 84
1593 2622 1622 2644 α.

173 2661 345 2699 Somascha
366 2662 447 2706 (De).
475 2662 508 2697 V.
533 2663 797 2707 Congregationis
817 2665 1012 2699 Clericorum
1035 2663 1254 2707 Regularium.
