2253 3195
245 238 298 265 An.
314 237 343 265 C.
361 237 428 266 1597

259 561 372 591 Derogatio
381 566 429 581 ton·

246 591 365 609 uariorum.

445 287 542 322 ritum
564 294 595 321 et
613 288 708 320 inane
729 287 753 320 si
774 297 865 320 secus
884 297 981 330 super
1000 286 1050 320 his
1069 297 1087 319 a
1107 297 1188 330 quo-

445 351 564 384 quam,
594 340 704 384 quavis
735 340 944 380 auctoritate,
972 340 1110 373 scienter
1139 340 1187 373 vel

447 394 652 436 ignoranter,
676 393 824 426 attentari
856 393 1051 436 contingerit
1074 394 1187 428 decer-

445 448 560 480 nimus.

490 503 506 542 g
527 500 557 533 6.
581 501 651 534 Non
668 500 869 534 obstantibus
889 501 1086 545 apostolicis,
1106 501 1188 534 acin

445 554 678 588 universalibus
694 554 1022 599 provincialibusque,
1046 561 1077 588 et
1096 565 1189 600 syno-

444 607 614 640 nodalibus
634 607 778 640 conciliis
805 607 898 640 editis
928 608 1121 652 specialibus
1141 608 1189 641 vel

444 661 648 703 generalibus
677 661 962 695 constitutionibus
996 668 1040 695 etv
1057 661 1189 705 ordina-

446 714 586 748 tionibus
600 742 607 754 ,
628 715 829 759 caeterisque
859 715 1030 749 contrariis
1054 715 1188 759 quibus-

445 778 594 812 cumque.
628 775 631 779 '

488 822 603 855 Datum
617 822 739 855 Romae
750 823 837 866 apud
849 822 880 856 S.
895 822 1037 855 Marcum
1053 822 1112 855 sub
1133 832 1189 855 an-

444 876 521 908 nulo
542 875 725 915 Piscatoris,
749 875 800 909 die
820 886 860 909 xv
881 875 1023 908 octobris
1042 885 1186 917 nnxcvn,

444 928 652 972 pontificatus
673 929 773 963 nostri
793 939 878 962 anno
899 939 941 962 v1.

480 991 538 1019 Dat.
551 991 596 1019 die
614 992 650 1019 15
664 991 784 1019 octobris
802 991 881 1026 1597,
893 991 989 1028 pontif.
1007 1000 1050 1020 an.
1069 1000 1105 1019 v1.

749 1153 874 1187 CLXIX.

444 1235 641 1268 Mandatum
654 1234 692 1267 de
702 1233 908 1267 immittendo
923 1234 1094 1267 Cameram
1104 1233 1190 1278 Apo-

487 1289 637 1321 stolicam
661 1289 695 1320 iu
727 1288 957 1331 possessionem
988 1287 1132 1320 civitatis
1161 1292 1190 1320 el

488 1342 627 1374 duca-lus
640 1342 670 1375 F
670 1342 875 1380 ferrariensis,
888 1341 982 1374 iuoela
995 1341 1191 1373 sententiam

486 1395 652 1439 prolatam
671 1400 783 1427 contra
802 1396 970 1429 Caesarem
989 1395 1154 1428 Estensem
1166 1394 1185 1427 ¹.

445 1474 562 1513 Dilecto
587 1485 649 1512 filio
675 1484 818 1519 magistro
844 1484 964 1512 Horatio
993 1484 1132 1518 spinolae
1158 1484 1190 1511 in

482 1542 609 1573 utraque
625 1539 782 1574 signatura
802 1540 907 1566 nostra
925 1538 1139 1570 referendario,
1159 1538 1189 1565 in

483 1593 608 1621 civitate
629 1595 733 1620 nostra
753 1591 932 1620 Bononiensi
952 1591 1120 1626 vicelegato

622 1655 778 1685 Clemens
795 1654 889 1695 Papa
908 1654 1001 1684 VIII.

516 1719 629 1746 Dilecto
649 1718 707 1750 fili,
729 1719 861 1745 salutem
881 1721 912 1744 et
932 1717 1130 1751 apostolicam

691 1771 942 1799 benedictionem.

493 1843 508 1885 §
531 1842 555 1874 1.
583 1842 659 1875 Cum
682 1852 740 1874 nos
770 1852 874 1885 nuper
899 1853 957 1885 per
987 1841 1106 1874 similes
1135 1852 1192 1874 no-

449 1902 529 1929 stras
551 1896 580 1927 in
603 1896 704 1927 forma
723 1895 826 1927 brevis
847 1895 979 1935 litteras,
1001 1895 1060 1927 sub
1081 1896 1191 1928 datum

327 1961 356 1973 ¹¹·
384 1956 433 2001 'iss'
449 1949 501 1982 dic
523 1959 552 1983 tv
571 1948 688 1982 mensis
710 1948 892 1981 novembris
906 1949 1051 1992 proxime
1069 1954 1193 1992 practe-

449 2003 512 2041 riti,
522 2004 686 2036 Cursarem
696 2002 858 2034 {islensem
872 2001 1104 2041 monuerimus,
1116 2012 1194 2044 qua-

317 2068 326 2079 ·¹
377 2044 433 2081 «ar-s:
451 2062 541 2088 tonus
563 2055 643 2087 infra
665 2060 787 2087 ccrlttnt
810 2061 885 2086 tunc
914 2064 1097 2097 expressunt
1130 2059 1192 2087 ter-

428 2100 584 2147 liminum,
617 2109 738 2141 «ludunt
765 2108 925 2151 clapsum,
946 2107 1004 2139 suli
1027 2107 1139 2150 poenis
1163 2107 1192 2140 in

451 2162 561 2194 iisdem
585 2162 698 2194 titteris
719 2161 877 2193 vomentis
906 2166 933 2192 et
965 2160 1190 2197 comminatis,

449 2215 576 2247 ‹lotan-art
609 2227 624 2247 a
657 2215 914 2258 quilnisvninqne
944 2213 1190 2253 iztvtationitnus,

450 2268 727 2301 in«niestationilnts
752 2274 780 2301 ct
811 2266 1072 2311 impedimentis,
1102 2267 1194 2299 nohis

450 2328 476 2352 vt
504 2322 533 2354 ἦ,
559 2322 592 2354 li.
619 2322 650 2354 li.
675 2332 710 2353 nn·
732 2320 804 2353 Smli
833 2326 861 2352 et
891 2321 1041 2352 (Inmerito
1061 2321 1193 2363 Aposto-

451 2375 528 2406 tivm·
554 2375 583 2407 in
606 2380 637 2406 et
657 2379 754 2418 stupet·
782 2373 907 2406 civitate
929 2379 956 2406 el
980 2374 1098 2406 (lucain
1121 2374 1194 2406 1⁸⁰1·-

451 2427 568 2465 ravim„
598 2427 746 2470 illiusque
778 2427 930 2459 vomitum
964 2433 990 2459 ct
1025 2426 1190 2465 ‹lisa-istu,

451 2480 583 2523 aliisque
604 2480 795 2519 «nitatibus,
815 2480 918 2517 terris.
936 2480 1046 2512 «astris
1067 2486 1093 2512 vt
1119 2479 1194 2512 locis

452 2534 572 2565 «lnclnm
595 2545 610 2565 a
634 2534 783 2566 ltotnanis
814 2533 1021 2566 Pontificibus
1054 2532 1190 2576 praede-

453 2586 631 2617 ιϊεικιιιίΙηιμΔ
658 2587 774 2618 nostris
805 2586 908 2618 bona«-
935 2586 1109 2619 inc-morino
1141 2585 1194 2618 At-

494 2649 500 2672 t
526 2647 561 2673 lix
584 2647 687 2681 ttogmr
707 2648 733 2674 in
749 2650 849 2675 secret.
862 2648 993 2675 ltu-evium.

1019 239 1203 264 BULLARIUM
1222 240 1376 265 Romanum

1222 287 1339 331 phonsi
1359 288 1525 322 Ferrariae
1544 289 1645 328 ducis,
1672 300 1776 333 nuper
1806 290 1962 331 defuncti,

1223 341 1492 383 antecessoribus,
1515 342 1574 375 sub
1594 342 1696 386 pactis
1723 348 1753 376 et
1773 343 1966 377 conditioni-

1222 395 1282 428 bus
1298 395 1331 428 in
1351 395 1545 429 investituris
1564 396 1654 429 sactis
1674 397 1842 438 contentis,
1854 397 1887 430 in
1900 397 1966 431 feu-

1223 448 1299 481 dum
1321 448 1402 482 datis
1421 459 1478 482 seu
1497 449 1668 490 concessis,
1690 460 1750 493 per
1768 449 1891 483 obitum
1911 450 1963 484 di-

1223 501 1264 534 cti
1284 501 1440 546 Alphonsi
1459 502 1550 535 ducis
1569 502 1638 536 sine
1656 502 1766 536 liberis
1783 508 1815 536 et
1833 503 1966 537 descen-

1224 555 1373 589 dentibus
1387 556 1542 598 defuncti,
1559 557 1600 590 ob
1617 557 1736 603 lineam
1757 556 1894 598 finitam,
1909 568 1966 591 seu

1224 609 1266 642 ob
1286 609 1364 643 alias
1384 609 1481 643 etiam
1503 621 1625 652 causas,
1639 621 1704 644 una
1723 621 1795 644 cum
1816 610 1967 644 omnibus

1224 673 1338 696 eorum
1356 663 1537 704 territoriis,
1552 664 1760 706 districtibus,
1773 663 1968 698 iurisdictio-

1223 716 1336 756 nibus,
1358 717 1538 758 fortalitiis,
1565 717 1740 759 membris,
1764 717 1968 762 pertinentiis

1224 775 1254 802 et
1275 769 1398 803 iuribus
1417 770 1575 804 universis
1595 771 1724 815 apertis,
1748 777 1779 804 et
1798 772 1839 805 ad
1858 781 1918 805 nos
1937 776 1969 805 et

1223 823 1402 857 Romanam
1423 824 1598 857 Ecclesiam
1621 825 1803 868 Sedemque
1817 852 1825 864 ,
1847 830 1880 858 et
1905 825 1965 859 Ca-

1224 887 1348 910 meram
1362 877 1579 921 Apostolicam
1594 877 1731 911 reversis
1747 884 1779 911 et
1796 878 1965 920 devolutis,

1224 931 1337 975 quovis
1364 937 1551 975 praetextu,
1576 942 1671 965 causa
1692 937 1722 964 et
1742 931 1888 975 quaesito
1908 942 1966 966 co-

1224 985 1293 1018 lore
1314 984 1409 1017 illatis
1430 990 1461 1018 et
1477 984 1590 1018 inferri
1610 984 1825 1026 comminatis,
1842 995 1878 1018 re
1901 985 1970 1029 ipsa

1225 1043 1256 1070 et
1286 1048 1359 1080 cum
1396 1037 1512 1071 effectu
1547 1048 1687 1071 cessasse
1721 1043 1753 1071 ct
1785 1037 1944 1072 destitisse
1958 1065 1966 1079 ‚

1225 1090 1392 1134 ipsamque
1409 1091 1440 1124 S.
1463 1091 1499 1124 R.
1522 1091 1557 1124 E.
1585 1101 1623 1124 ac
1642 1091 1776 1132 Sedem‚
1800 1096 1831 1125 et
1857 1091 1969 1125 Came-

1225 1154 1294 1177 ram
1314 1144 1533 1188 Apostolicam
1548 1171 1555 1185 ‚
1579 1144 1666 1178 dicto
1687 1145 1805 1178 ducatu
1818 1171 1826 1185 ,
1849 1149 1880 1178 et
1899 1144 1988 1182 aliis<

1224 1197 1409 1241 praedictis,
1433 1198 1631 1242 illorumque
1650 1198 1748 1242 pleno
1768 1197 1850 1239 iure,
1867 1197 1970 1232 domi-

1225 1251 1279 1284 nio
1300 1261 1335 1284 ac
1361 1251 1523 1285 fructuum
1544 1257 1575 1285 et
1604 1256 1822 1295 proventuum
1850 1261 1967 1295 perce-

1224 1305 1346 1348 ptione,
1370 1304 1546 1348 liberaque,
1567 1304 1674 1348 quieta
1691 1309 1723 1337 et
1741 1303 1877 1348 pacifica
1895 1314 1970 1348 pos-

1225 1359 1367 1392 sessione
1386 1358 1444 1398 uti‚
1469 1357 1532 1391 srui
1553 1363 1583 1391 et
1602 1357 1744 1401 gaudere
1767 1357 1968 1402 permisisse,

1225 1422 1298 1445 cum
1317 1411 1521 1451 inhibitione,
1545 1417 1576 1444 et
1600 1411 1671 1444 aliis
1695 1411 1848 1455 clausulis
1867 1410 1900 1444 in
1917 1411 1968 1445 di-

1225 1465 1283 1499 ctis
1303 1465 1422 1499 nostris
1442 1465 1554 1498 litteris
1574 1465 1670 1498 latius
1690 1464 1849 1498 contentis
1869 1469 1900 1497 et
1920 1475 1972 1498 ex-

1225 1519 1354 1564 pressis,
1375 1519 1516 1563 ipsisque
1537 1518 1654 1552 nostris
1678 1517 1805 1559 litteris,
1828 1518 1916 1551 iuxta
1935 1518 1972 1551 it-

1225 1573 1329 1606 larum
1351 1573 1488 1606 sormam
1509 1578 1539 1606 ct,
1560 1577 1705 1605 tenorem
1726 1571 1869 1614 legitime
1891 1581 1968 1606 exe-

1226 1627 1345 1670 quutis,
1369 1626 1460 1659 lectis
1479 1632 1511 1660 et
1531 1625 1697 1667 intimatis,
1720 1632 1753 1659 et
1772 1625 1804 1658 in
1824 1626 1904 1659 actis
1923 1625 1971 1660 di-

1226 1680 1298 1713 lecti
1320 1679 1378 1712 filii
1407 1679 1494 1712 Lucii
1521 1679 1680 1713 Caldarini
1711 1678 1814 1713 dictae
1841 1685 1970 1713 nostrae

1226 1734 1377 1767 Gamerae
1397 1732 1599 1777 Apostolicac
1623 1732 1740 1765 notarii
1761 1742 1819 1776 per
1838 1732 1972 1767 dilectos

1227 1786 1322 1819 etiam
1344 1786 1427 1819 filios
1445 1785 1635 1828 magistrum
1652 1785 1786 1818 Paulum
1806 1785 1972 1819 AEmilium

1228 1840 1406 1879 Zaccltiam,
1429 1839 1591 1872 notarium
1617 1844 1778 1879 nostrum,
1808 1844 1839 1872 ct
1869 1838 1973 1872 dictae

1228 1899 1356 1927 nostrae
1375 1893 1527 1926 Gamerae
1548 1892 1819 1934 commissarium,
1833 1898 1864 1926 et
1877 1893 1973 1926 Pom-

1229 1947 1336 1991 peium
1358 1947 1528 1987 Molellmn,
1553 1946 1620 1979 fisci
1645 1945 1747 1979 nostri
1775 1951 1970 1990 procurato-

1230 2011 1296 2034 rem
1322 2000 1517 2041 generalem,
1542 1999 1755 2043 reproductis,
1782 2005 1813 2033 et
1832 2009 1890 2043 per
1915 2009 1974 2033 nos

1230 2054 1371 2095 legitime
1389 2059 1500 2087 vomi-a
1521 2053 1641 2086 dictum
1663 2053 1829 2086 Caesarem
1843 2053 1974 2087 decreto

1230 2118 1380 2152 processu
1410 2118 1467 2151 per
1493 2111 1635 2140 nostram
1662 2106 1858 2139 audientiam
1884 2105 1971 2140 litte-

1232 2173 1338 2194 rarum
1371 2160 1666 2201 contradictarum,
1696 2165 1726 2193 et
1758 2160 1789 2192 in
1819 2170 1913 2194 causa
1943 2165 1975 2194 et

1229 2214 1333 2247 causis
1353 2213 1550 2254 huiusmodi,
1581 2224 1617 2246 ac
1649 2213 1734 2246 dicto
1758 2213 1892 2246 Caesare
1916 2223 1975 2257 per

1230 2267 1376 2300 muntem
1395 2267 1592 2299 audientiam
1611 2266 1719 2306 citato,
1736 2266 1901 2310 productis
1921 2276 1974 2300 co-

1232 2331 1298 2353 ram
1320 2319 1412 2352 nobis
1438 2331 1495 2363 per
1524 2319 1625 2352 dictos
1654 2318 1911 2352 conunissarintn
1943 2325 1975 2353 et

1231 2379 1476 2417 p1·o‹.·tn·atorem
1499 2373 1638 2406 list-alem
1665 2372 1829 2405 nonnullis
1851 2372 1974 2407 iuribus

1231 2432 1257 2459 et
1281 2425 1449 2469 scripturis
1469 2426 1508 2458 :ul
1529 2436 1656 2458 causam
1675 2431 1702 2458 ct
1726 2436 1837 2458 causas
1857 2424 1970 2459 liuius-

1232 2479 1317 2512 modi
1341 2478 1539 2517 tacicntilms,
1568 2477 1714 2522 «latisque
1733 2477 1898 2511 nonnullis
1922 2488 1973 2511 ar-

1232 2531 1356 2570 ticulis,
1391 2537 1421 2564 et
1445 2542 1541 2575 super
1573 2531 1632 2564 illis
1667 2530 1812 2574 pluribus
1841 2530 1973 2564 testibus

1231 2585 1438 2625 exundantis,
1463 2591 1494 2618 ct
1525 2586 1562 2618 :nl
1589 2585 1797 2628 quamplures
1827 2589 1916 2617 actus
1941 2589 1972 2617 ot

1232 2639 1385 2673 terminos
1405 2639 1569 2672 indit-tates
1590 2648 1751 2683 prot-essm
1773 2638 1900 2671 tandem
1921 2637 1972 2671 die

1972 241 2022 269 An.
2038 241 2067 270 C.
2086 219 2156 270 ¹⁴4ss

2020 1632 2088 1660 Eique
2119 1642 2121 1649 ·
2134 1644 2136 1649 ν
2151 1654 2155 1656 .

1985 1659 2075 1680 iuridice
2089 1659 2110 1680 in
2132 1668 2133 1676 π
2154 1662 2157 1664 “

1985 1687 2028 1706 tum
2043 1687 2066 1707 uk
2079 1691 2092 1707 a
2101 1690 2158 1707 nr*

1985 1711 2080 1733 tionibus
2118 1720 2120 1729 ι
2162 1718 2164 1720 ·

1984 1740 2057 1760 steret.

2028 2269 2110 2292 netndo
2129 2280 2131 2286 ι
2145 2282 2147 2286 ·

1989 2296 2058 2319 ductis
2080 2296 2101 2318 iu
2119 2297 2143 2315 tw

1988 2323 2097 2351 ctmnquo

1988 2356 2049 2376 saro.
2135 2352 2138 2355 “
2159 2355 2161 2358 ’
