2253 3195
246 247 296 273 An.
318 246 346 273 c.
365 247 434 274 1594
478 237 542 271 186

315 295 432 326 Revoc'atio
447 306 509 339 gna
534 306 601 329 esse
621 294 843 339 comprobavit
855 294 941 327 circa
953 293 1185 337 exemptiones,

247 332 340 352 emnium
363 338 432 353 exem-

247 359 342 384 ptionum
361 361 381 379 et
402 359 432 379 di·
448 360 527 393 quas
547 349 689 392 magistri
703 348 867 391 generales
880 358 938 391 pro
959 353 1104 391 tempore
1118 346 1187 379 exi-

247 385 406 411 spensationum
421 391 433 405 a

247 409 566 459 {ffleme'ifflf-'sss's'aisssoemes
601 402 778 435 concedere
803 406 1040 434 consueverunt
1080 400 1189 433 multis
1218 434 1222 439 ,

248 472 300 486 rum.

292 1584 387 1605 *tortario
409 1590 428 1603 a:

252 1615 374 1636 [rimaturum
403 1617 436 1635 gn·-

251 1639 344 1658 neratem
364 1641 384 1658 ul
400 1644 436 1657 ea<

251 1675 256 1684 ι
267 1673 277 1685 e
293 1667 379 1685 rat—turo
390 1670 436 1690 par·

251 1699 275 1710 w
289 1695 309 1711 vt
321 1694 374 1711 1:1-10
385 1698 436 1711 run·

448 456 615 499 religiosis,
640 462 703 489 tam
725 455 757 488 in
778 455 932 495 sedendo,
955 465 1052 498 quam
1072 454 1104 487 in
1123 464 1189 487 non

447 509 625 543 assistendo
646 509 758 549 choro,
785 518 912 541 necnon
925 507 1040 541 officiis
1053 518 1190 541 conven-

449 563 599 602 tualibus,
619 567 648 594 et
667 561 817 594 similiter
830 561 916 595 circa
936 561 1190 605 dispensationes

447 626 543 660 super
571 615 789 648 celebratione
812 615 961 659 ‘plurium
987 615 1159 648 missarum
1180 642 1187 656 ,

448 681 544 714 quam
566 669 756 714 permittunt
781 669 908 703 Ordinis
933 668 1187 708 constitutiones,

447 729 478 756 et
498 733 594 766 super
614 733 673 756 usn
695 722 751 755 lini
772 722 804 755 in
818 722 970 762 vestibus,
992 732 1120 755 necnon
1140 732 1192 754 su-

447 787 506 820 per
525 776 783 809 immunitatibus
808 787 826 809 a
846 776 939 809 dictis
959 775 1119 818 magistris
1138 785 1192 817 ge-

448 830 612 863 neralibus
636 830 812 874 aliquando
833 830 1027 874 quibusdam
1058 829 1191 862 concedi

448 884 566 925 solitis,
590 884 661 917 illos
687 884 769 924 sibi,
794 894 830 917 ac
863 884 1007 927 praelato
1039 883 1192 926 magistro

449 937 591 979 generali
611 948 670 981 pro
685 944 830 981 tempore
841 937 986 970 existenti
1007 936 1192 970 immediate

448 991 666 1031 subficiendo,
693 991 875 1024 revocando
903 991 934 1023 in
960 990 1073 1034 primis
1094 990 1194 1023 dictas

449 1044 678 1088 exemptiones,
690 1045 855 1077 decretum
870 1049 899 1077 et
915 1049 1068 1076 statutum
1079 1043 1148 1084 suit,
1161 1048 1195 1076 ut

448 1098 555 1132 nullus
574 1098 745 1141 religiosus
757 1098 857 1142 possit
880 1097 997 1130 talibus
1017 1096 1194 1140 exemptio-

448 1152 554 1193 nibus,
578 1151 871 1196 dispensationibus
886 1179 893 1191 ,
936 1150 1194 1183 immunitatibus

449 1213 478 1239 et
500 1205 756 1239 subiectionibus
776 1205 834 1245 uti,
868 1215 926 1238 nec
952 1203 1086 1248 praelati
1108 1204 1191 1236 ulte-

449 1259 515 1292 rius
536 1259 597 1292 illis
615 1258 773 1299 assentiri,
796 1257 856 1291 sub
877 1267 981 1301 poena
1008 1256 1195 1300 privationis

450 1312 558 1353 officii,
575 1313 681 1356 quoad
696 1312 872 1356 praelatum
887 1312 927 1345 ad
941 1322 1073 1351 annum,
1088 1311 1194 1354 quoad

451 1366 591 1410 reliquos
605 1376 680 1399 vero
701 1365 762 1399 illis
775 1370 910 1406 utentes,
933 1365 992 1397 sub
1013 1374 1117 1408 poena
1128 1374 1196 1397 car-

451 1419 550 1460 ceris,
584 1419 614 1452 in
640 1429 704 1463 quo
736 1418 871 1452 detineri
893 1418 1030 1464 debeant
1053 1427 1111 1461 per
1142 1428 1195 1450 sex

452 1483 587 1513 menses.

496 1526 558 1570 58.
584 1527 620 1560 Et
645 1526 776 1570 insuper
801 1526 859 1559 suit
880 1526 989 1559 addita
1013 1524 1195 1558 cohortatio

452 1580 491 1613 ad
513 1580 699 1622 magistrum
715 1580 898 1622 generalem»
915 1606 922 1619 ‚
950 1579 1037 1623 quod
1059 1578 1091 1611 in
1112 1588 1192 1611 con—

453 1634 595 1667 cessione
622 1633 807 1666 huiusmodi
829 1632 1069 1676 exemptionum
1101 1642 1195 1675 parce

452 1688 627 1721 admodum
651 1693 682 1721 et
693 1687 895 1720 considerate
912 1687 1078 1730 procedat,
1089 1697 1194 1729 neque

453 1741 523 1774 illas
545 1741 702 1774 concedat
723 1741 852 1785 passim,
875 1740 930 1774 sed
944 1751 1028 1781 raro,
1053 1746 1130 1773 etex
1148 1739 1195 1772 iu-

452 1795 599 1828 stissimis
612 1795 726 1835 causis,
750 1800 779 1827 ct
800 1806 873 1828 cum
895 1794 1010 1827 debitis
1030 1793 1194 1827 limitatio-

453 1849 558 1881 nibus.

497 1904 512 1945 ἓ
543 1904 573 1936 9.
605 1904 681 1936 ltcm
714 1913 786 1935 eum
819 1902 920 1935 visum
944 1902 1039 1935 suerit
1067 1907 1195 1944 gravata

360 1965 384 1979 *ι’
455 1956 549 1989 fuisse
571 1955 904 2000 capitulaprovinciae
918 1955 1070 1988 Castellae
1091 1956 1195 1988 etAn—

337 2019 342 2031 ¹
357 2019 370 2059 ’ζ
412 2022 438 2058 0'.
453 2009 596 2042 dalusiac
614 2009 644 2042 in
659 2009 882 2052 redemptione
896 2009 1095 2052 captivorum
1118 2008 1195 2041 alia-

305 2073 310 2085 ·
362 2072 436 2112 ἧς·
455 2074 524 2096 rum
547 2062 798 2106 provinciarum,
816 2061 1032 2095 mediantibus
1052 2061 1196 2105 pecuniis

454 2116 890 2160 earumdemprovinciarum·
909 2116 1062 2149 Castellae
1080 2121 1106 2148 ct
1135 2117 1197 2148 An-

453 2170 606 2207 dalusiae.
636 2170 802 2203 decretum
830 2169 900 2207 t'uit,
929 2169 1015 2213 quod
1042 2168 1196 2212 pecuniae

453 2235 535 2268 qnae
562 2224 705 2257 venerint
727 2235 763 2256 ex
784 2223 882 2257 lndiis
907 2224 946 2256 ad
972 2223 1195 2256 redimendum

453 2279 616 2322 captivos,
644 2289 707 2311 nna
728 2289 801 2311 cum
821 2277 954 2321 reliquis
971 2288 1053 2320 quae
1078 2288 1194 2319 aggre-

453 2333 614 2373 galmntm·
639 2333 669 2365 in
697 2331 870 2376 provinciis
897 2331 1049 2364 Castellae
1071 2337 1101 2363 et.
1128 2332 1194 2364 An-

453 2386 606 2425 dalnsiae,
630 2385 809 2418 deserviant
837 2385 1061 2417 tantummodo
1086 2390 1113 2417 et
1143 2394 1198 2428 ap-

453 2439 614 2482 plicentur
634 2438 849 2483 redemptioni
876 2438 1076 2482 ‹·.'=ptivornm
1098 2438 1197 2471 dicta-

454 2503 523 2524 rum
551 2492 802 2535 p1·ovim:iarum‚
820 2492 940 2535 absque
966 2502 1004 2523 eo
1025 2491 1112 2534 qnod
1132 2502 1197 2523 nia-

453 2545 551 2588 gister
577 2545 734 2587 generalis
768 2546 836 2578 illas
857 2545 1048 2585 extrahere,
1078 2549 1133 2577 ant
1166 2544 1195 2576 in

455 2600 709 2643 redemptiom.·m
736 2600 935 2643 captivorum
958 2599 1093 2632 aliarum
1122 2609 1196 2642 pro-

455 2652 641 2689 vinciat-nm,
667 2654 711 2685 wl
735 2653 764 2685 in
787 2653 866 2685 alios
888 2664 962 2685 usus
983 2656 1191 2690 vom-ertere,
1211 2668 1214 2690 ,
1231 2661 1388 2683 aiinornm
1411 2649 1560 2682 similiter
1579 2648 1723 2682 docuerit
1753 2648 1818 2681 sive
1845 2646 1970 2689 legerit,

1031 245 1214 270 BULLARIUM
1235 244 1389 269 ROMANUM

1983 242 2032 270 An.
2053 242 2081 270 c.
2098 236 2187 285 159443

1223 303 1279 326 seu
1296 292 1390 326 aliter
1402 292 1566 336 applicare
1580 292 1693 333 valeat,
1712 291 1771 326 sub
1784 302 1889 336 poena
1902 292 1969 336 pri·

1223 345 1359 379 vationis
1379 344 1486 378 officii.

1267 400 1282 443 g
1302 398 1354 433 slO.
1378 400 1548 433 Praeterea
1561 409 1634 432 cum
1647 399 1887 433 consideratum
1900 400 1968 433 fue-
2005 411 2183 447 caniani-epam·

1222 453 1276 493 rit,
1299 453 1387 496 quod
1407 453 1523 486 domus
1539 453 1671 495 Bergae,
1694 453 1862 496 Ten-agae,
1892 453 1968 486 Pra·
1982 439 2175 502 {12¹¹1‘ll3‘r'0533'33

1224 506 1280 539 das
1301 511 1332 539 et
1352 506 1558 539 Montblaneh
1578 505 1611 538 in
1642 505 1825 550 principatu
1845 506 1968 540 Catalo-

1224 559 1307 599 niae,
1339 567 1370 593 et
1394 560 1509 593 domus
1534 559 1721 601 Sarriconii,
1749 565 1781 592 et
1802 559 1967 593 cuiusdam

1224 615 1286 648 loci
1308 615 1485 659 nuncupati
1512 625 1559 647 un
1580 614 1714 649 Castillo
1738 614 1829 657 regni
1850 615 1971 657 Arago-

1225 668 1309 709 niae,
1332 668 1395 701 sint
1412 668 1476 702 sere
1493 667 1622 701 inutiles
1641 667 1754 702 Ordini
1771 673 1802 701 et
1821 667 1969 710 religioni

1226 722 1314 766 (nam
1336 733 1456 765 paucos
1482 722 1625 755 continet
1655 722 1687 755 in
1714 733 1748 755 se
1774 722 1911 762 fratres,
1939 727 1971 754 et

1227 785 1291 808 non
1311 780 1417 818 potest
1437 775 1469 808 in
1495 775 1572 819 ipsis
1596 775 1716 809 servari
1736 775 1894 818 regularis
1914 775 1972 808 ob-

1226 829 1400 871 servantia)
1420 821 1596 862 decretum>
1614 829 1690 869 suit,
1713 829 1800 872 quod
1825 827 1972 872 supradi-

1227 886 1297 914 ctae
1320 881 1436 915 domus
1459 881 1643 915 Cataloniae
1667 881 1823 914 uniantur
1847 892 1904 914 seu
1921 880 1969 913 in-

1228 939 1453 978 corporentur,
1470 939 1502 967 et
1521 934 1719 967 reducantur
1730 934 1769 967 ad
1784 933 1968 977 collegium,

1228 988 1315 1031 quod
1335 987 1420 1021 Ordo
1434 1015 1441 1028 ,
1469 998 1506 1021 ac
1525 987 1640 1030 religio
1661 984 1759 1021 habet
1792 987 1825 1020 in
1844 987 1971 1021 civitate

1229 1041 1414 1082 lllerdensi‚
1438 1047 1470 1074 et
1489 1041 1550 1074 hoc
1571 1052 1609 1074 eo
1630 1041 1764 1074 consilio
1784 1033 1820 1074 ut,
1839 1051 1877 1074 ex
1897 1041 1971 1075 red-

1229 1094 1350 1128 ditibus
1356 1094 1514 1128 dictarum
1526 1095 1698 1128 domorum
1708 1094 1887 1128 coniunctis
1898 1104 1971 1128 cum

1230 1148 1409 1181 redditibus
1429 1147 1506 1181 dicti
1520 1147 1659 1190 collegii,
1683 1147 1898 1191 possitmaior
1911 1157 1971 1180 nu-

1230 1212 1338 1235 merus
1362 1201 1629 1235 scholasticorum
1664 1206 1695 1234 et
1729 1211 1942 1245 personarum
1961 1228 1969 1242 ,

1230 1265 1313 1299 quae
1333 1255 1364 1288 in
1385 1255 1500 1288 litteris
1514 1260 1735 1295 exerceantur,
1760 1254 1791 1287 in
1813 1255 1898 1288 dicto
1907 1255 1973 1289 col-

1231 1309 1315 1351 legio
1336 1308 1551 1342 manuteneri.

1274 1364 1291 1405 g
1316 1362 1368 1396 ll.
1396 1363 1434 1396 Et,
1456 1362 1604 1396 similiter
1623 1363 1710 1406 quod
1740 1362 1855 1396 domus
1882 1362 1973 1406 regni
2002 1399 2006 1403 ,
2027 1372 2155 1394 Anauni„
2178 1386 2180 1391 .
2235 1387 2238 1401 ἱ

1230 1415 1410 1457 Aragoniae
1436 1415 1608 1448 unirentur
1629 1421 1660 1449 et
1687 1415 1974 1460 incorporarentur
1987 1399 2180 1448 sslssllflts=⁰⁰ffli
2234 1406 2238 1422 ¹

1230 1469 1388 1511 collegio,
1417 1469 1504 1512 quod
1535 1468 1622 1503 Ordo
1652 1469 1749 1502 habet
1784 1469 1815 1502 in
1847 1468 1974 1503 civitate
1988 1457 2036 1473 'm'

1229 1522 1343 1556 Osiena
1359 1550 1366 1563 ,
1396 1523 1436 1556 ad
1458 1523 1608 1556 eumdem
1634 1522 1732 1556 finem
1754 1528 1785 1557 et
1808 1523 1969 1556 effectum.

1230 1577 1267 1610 Et
1286 1577 1372 1620 quod
1398 1577 1570 1620 exequutio
1591 1577 1720 1610 unionis
1741 1587 1797 1610 seu
1825 1577 1974 1621 incorpo-

1231 1631 1364 1664 rationis
1385 1631 1557 1664 domorum
1575 1631 1760 1665 Cataloniae
1782 1631 1970 1664 committa-

1230 1691 1282 1719 tur
1302 1686 1401 1730 priori
1422 1686 1685 1727 Barchinoncnsi‚
1709 1686 1881 1720 domorum
1899 1695 1974 1718 vero

1229 1739 1409 1782 Aragoniae
1440 1739 1647 1784 provinciali,
1675 1750 1730 1773 seu
1762 1739 1830 1773 eius
1854 1739 1974 1773 vicario

1230 1793 1334 1827 dictae
1359 1793 1550 1837 prerinciae.

1274 1847 1311 1887 §l
1320 1846 1350 1879 ⁹2.
1362 1847 1544 1885 Praeterea,
1556 1852 1591 1879 ut
1600 1846 1742 1880 directus
1751 1847 1868 1889 gradus
1881 1856 1974 1891 prae-

1229 1905 1429 1933 sentatorum
1447 1905 1478 1933 et
1504 1900 1732 1942 magistrorum
1753 1900 1848 1933 detur
1864 1909 1974 1943 perso·
2014 1920 2018 1927 =

1230 1954 1404 1995 nisdignis,
1421 1954 1475 1998 qui
1491 1954 1522 1987 in
1536 1954 1634 1987 sacris
1647 1953 1763 1987 litteris
1780 1964 1817 1987 ac
1832 1953 1974 1987 scientiis

1231 2008 1285 2041 diu
1307 2018 1438 2052 operam
1460 2007 1687 2051 praestiterint,
1709 2013 1740 2040 ct
1761 2007 1792 2040 in
1814 2007 1876 2040 illis
1897 2017 1973 2051 pro-

1232 2061 1376 2101 fecerint,
1410 2061 1574 2094 decretum
1601 2066 1633 2094 ct
1661 2065 1815 2094 statutum
1842 2059 1916 2101 fuit,
1940 2065 1972 2093 ut

1231 2115 1310 2148 nulli
1337 2114 1488 2156 religioso
1509 2114 1584 2147 dicti
1605 2113 1733 2147 Ordinis
1747 2114 1841 2147 detur
1857 2113 1975 2156 gradus

1232 2167 1437 2212 praesentati,
1462 2167 1521 2201 nisi
1543 2168 1582 2201 ad
1597 2167 1687 2200 illum
1708 2178 1725 2200 a
1746 2177 1804 2200 suo
1833 2166 1974 2211 capitulo

1233 2221 1420 2266 provinciali
1448 2222 1536 2265 prius
1566 2221 1750 2266 propositus
1777 2221 1844 2254 sivo
1863 2220 1971 2253 nomi-

1232 2281 1324 2309 natus
1345 2275 1450 2314 suerit,
1483 2280 1512 2308 et
1544 2275 1603 2308 nisi
1625 2275 1737 2308 sal-tem
1759 2274 1862 2318 spatio
1877 2273 1973 2307 trium

1232 2339 1390 2362 annorum
1414 2329 1550 2370 logicam
1575 2328 1722 2362 docuerit
1741 2327 1806 2361 sive
1838 2327 1971 2370 legerit,

1232 2389 1259 2415 vt
1285 2388 1454 2426 postquam
1481 2381 1576 2415 suerit
1606 2380 1767 2425 expositus
1803 2386 1831 2413 et
1857 2379 1975 2414 confir-

1233 2443 1337 2470 matus
1351 2437 1381 2469 in
1401 2436 1542 2480 capitulo
1555 2434 1708 2478 generali.
1734 2445 1797 2468 non
1814 2434 1914 2478 possit
1933 2434 1974 2467 ad

1233 2489 1374 2531 magistri
1390 2499 1508 2522 munus
1531 2493 1562 2521 et
1581 2488 1717 2530 gradum
1739 2487 1888 2521 similiter
1901 2496 1975 2531 pro-

1232 2543 1306 2587 poni
1325 2548 1376 2576 :int
1392 2541 1565 2581 nominari,
1589 2541 1648 2574 nisi
1670 2540 1866 2583 theologiam
1879 2539 1972 2574 scho-

1233 2596 1374 2629 lasticam
1410 2601 1464 2629 aut
1496 2594 1682 2639 posivitam,
1706 2593 1808 2638 spatio
1834 2597 1975 2638 quatuor
1996 2603 1999 2607 ·
