2253 3195
249 268 344 296 An.·c.
371 269 437 298 1602
482 261 546 295 878

249 1339 361 1361 obstantia
372 1340 433 1361 tollit.

288 1499 434 1527 Tnmmnptin

249 1526 307 1549 credi
323 1527 389 1548 iubet.

277 2350 397 2372 tinnitum,

251 2607 437 2657 .·„‹·',¹.'.2.{'‹''.?.3l1¹.',¹.
454 2621 577 2655 litterae
592 2623 711 2656 tenoris
731 2624 906 2667 sequentis,
930 2628 985 2657 elc.
1007 2624 1196 2666 (Omillilur

253 2667 342 2684 urnam
364 2667 385 2685 ut

448 320 606 361 sistentes,
621 320 738 354 saciant
758 320 950 355 auctoritate
971 327 1081 354 nostra
1100 330 1193 365 prae-

449 374 551 408 dictos
570 375 683 407 fratres
710 375 743 408 B.
767 374 883 408 Mariae
916 375 955 408 de
987 375 1132 408 Mercede
1161 374 1192 407 in

449 426 631 460 civitatibus
659 433 689 460 et
721 427 819 468 locis,
854 427 886 460 in
911 428 1028 472 quibus
1056 433 1193 472 utraque

448 480 585 522 Religio,
609 481 854 514 Carmelitarum
876 481 998 516 scilicet
1023 487 1054 515 et
1079 482 1193 515 Beatae

447 533 565 566 Mariae
586 533 624 566 de
645 534 802 573 Mercede,
819 540 865 568 est
887 533 1042 576 instituta,
1059 535 1098 568 ad
1119 545 1194 578 pro-

448 585 607 620 cessiones
641 586 788 631 publicas
807 593 838 621 et
857 588 1014 621 funeralia
1026 615 1033 629 ‚
1057 588 1096 621 ad
1112 598 1193 632 quae

447 639 601 674 accedere
622 646 787 682 tenentur,
812 641 946 675 omnino
967 642 1132 683 accedere,
1157 652 1193 676 ac

416 688 419 691 ”
448 693 709 737 praecedentiam
737 694 813 738 ipsis
834 694 987 728 fratribus
1007 695 1194 729 Carmelita—

447 746 509 787 nis,
526 752 561 780 ut
580 747 793 790 praemissum
813 754 870 789 est,
894 748 926 781 in
945 748 1007 782 illis
1028 754 1058 783 ct
1076 749 1107 782 in
1122 749 1192 783 aliis

449 800 545 834 etiam
566 800 697 844 privatis
718 802 980 845 processionibus
999 809 1030 836 ct
1055 802 1190 843 actibus,

448 853 480 886 in
509 853 627 898 quibus
660 859 833 898 utramque
866 855 1067 898 Religionem
1099 855 1193 889 simul

449 907 620 941 convenire
635 908 815 951 contigerit,
836 908 1032 953 relinquere,
1053 921 1089 943 ac
1110 909 1195 954 ipsos

447 961 561 994 fratres
574 961 608 994 B.
626 961 743 995 Mariae
762 962 800 995 de
818 962 964 996 Mercede
978 962 1010 996 id
1028 963 1131 996 facere
1145 973 1195 996 re-

448 1020 613 1056 cusantes,
637 1025 695 1059 per
720 1026 873 1049 censuras
895 1022 925 1049 et
944 1027 1067 1060 poenas
1087 1017 1191 1050 eccle-

448 1067 603 1109 siasticas,
624 1069 752 1113 aliaque
773 1076 958 1114 opportuna
979 1071 1057 1104 iuris
1071 1077 1100 1105 et
1122 1071 1194 1105 sacti

449 1122 610 1163 remedia,
634 1123 852 1167 appellatione
867 1124 1057 1168 postposita,
1079 1131 1195 1168 cogant

450 1181 479 1209 et
500 1176 708 1219 compellant,
730 1176 876 1210 invocato
897 1177 992 1211 ctiam
1013 1178 1053 1212 ad
1073 1178 1146 1220 hoc,
1169 1179 1194 1212 si

449 1240 531 1274 opus
557 1230 663 1268 suerit,
688 1231 807 1264 auxilio
833 1232 955 1265 brachii
976 1233 1160 1267 saecularis.

494 1285 510 1326 ξ
531 1282 561 1317 6.
585 1284 655 1317 Non
676 1284 878 1319 obstantibus
910 1286 1213 1330 constitutionibus

449 1343 481 1370 et
498 1337 757 1372 ordinationibus
777 1339 974 1382 apostolicis,
996 1332 1213 1385 caeterisque

451 1391 623 1425 contrariis
643 1391 914 1436 quibuscumque.

494 1444 559 1489 §T
583 1445 738 1479 Volumus
773 1451 880 1479 autem
911 1453 943 1479 ut
976 1447 1194 1490 praesentium

450 1498 674 1542 transumptis,
699 1498 796 1531 etiam
821 1498 997 1543 impressis,
1019 1510 1116 1533 manu
1139 1500 1196 1533 ali-

437 1551 541 1597 cuius
552 1551 669 1585 notarii
687 1552 809 1595 publici
830 1552 1030 1597 subscriptis,
1047 1559 1077 1587 et
1089 1553 1195 1597 sigillo

448 1605 584 1639 alicuius
597 1616 755 1650 personae
768 1605 966 1649 indignitate
979 1607 1194 1642 ecclesiastica

449 1658 641 1692 constitutae
667 1659 810 1699 munitis,
835 1660 947 1693 eadem
969 1659 1050 1694 fides
1070 1661 1192 1695 babea-

450 1717 511 1752 tur,
529 1723 612 1756 quae
626 1711 746 1746 eisdem
764 1713 990 1756 praesentibus
1008 1713 1191 1748 baberetur.

492 1766 606 1799 Datum
629 1766 750 1799 Romae
770 1766 858 1810 apud
878 1766 1031 1800 Sanctum
1064 1767 1193 1801 Petrum

447 1819 506 1852 sub
527 1820 648 1853 annulo
670 1819 852 1861 Piscatoris‚
873 1821 925 1855 die
938 1832 977 1855 xv
995 1822 1192 1863 novembris,

449 1873 620 1907 millesimo
641 1873 876 1908 sexcentesimo
893 1875 1047 1916 secundo,
1065 1875 1195 1920 pontifi-

448 1932 536 1961 catus
561 1927 661 1961 nostri
683 1938 768 1961 anno
794 1928 978 1962 undecimo.

484 1990 542 2017 Dat.
560 1989 603 2018 die
622 1991 654 2018 15
669 1992 810 2018 novembr.
834 1992 912 2025 1602,
928 1992 1023 2028 pontis.
1041 2001 1083 2020 an.
1102 2001 1139 2020 xi.

466 2088 621 2133 Sequitur
641 2089 817 2133 ampliatio
837 2090 943 2123 dictae
961 2091 1173 2133 definitionis.

663 2177 799 2206 clemens
820 2178 898 2212 Papa
919 2177 998 2213 vm,

574 2231 610 2258 ad
630 2234 806 2265 perpetuam
826 2231 872 2258 rei
887 2232 1070 2259 memoriam.

495 2303 540 2336 Ad
555 2302 735 2335 Romanum
748 2302 936 2336 Pontificem
949 2308 1072 2347 spectat
1085 2304 1194 2346 dubia,

450 2366 532 2400 quae
545 2367 642 2400 super
655 2355 920 2389 constitutionum
942 2357 1194 2401 apostolicarum

452 2408 718 2453 interpretatione
758 2411 955 2454 quandoque
993 2417 1165 2453 emergunt
1186 2439 1192 2451 ,

451 2463 636 2502 declarare,
660 2470 755 2507 prout
786 2463 816 2497 in
845 2464 980 2497 Domino
999 2464 1197 2508 conspicitur

453 2516 614 2559 expedire.

497 2570 512 2610 ,ξ
533 2568 562 2601 l.
584 2569 667 2602 Alias
681 2570 840 2613 siquidem
855 2581 871 2602 a
891 2570 984 2603 nobis
1003 2576 1197 2604 emanarunt

455 2679 554 2714 tritor,
564 2677 643 2720 quia
657 2681 700 2709 nst
716 2678 785 2720 ipsa
807 2677 897 2710 bulla
910 2689 994 2721 quac
1002 2677 1153 2722 praecedi
1157 2679 1191 2721 l).

1036 272 1220 297 BULLARIUM
1237 272 1391 297 ROMANUM

1272 322 1288 363 ἓ
1309 319 1339 354 2.
1357 320 1436 354 Cum
1458 326 1565 355 autem
1580 325 1703 367 postea,
1718 331 1777 365 pro
1791 326 1882 365 parte
1895 320 1973 354 dile-

1227 427 1276 461 nis
1296 427 1329 461 B.
1347 427 1463 461 Mariae
1485 428 1524 462 de
1536 428 1681 461 Mercede
1701 427 1884 471 oppositum
1901 427 1970 468 suit,

1227 481 1443 525 praeinsertas
1472 481 1594 515 litteras
1614 492 1679 515 non
1701 481 1819 515 debere
1838 481 1973 524 intelligi

1227 545 1286 578 pro
1311 535 1480 575 omnihus»,
1504 535 1560 568 scd
1584 545 1643 579 pro
1672 534 1864 579 quibusdam
1898 545 1974 579 par-

1228 587 1416 621 ticularibus
1449 593 1572 622 tantum
1604 587 1683 622 locis
1714 588 1903 628 concessas,
1942 587 1974 621 in

1227 641 1480 684 Congregatione
1503 641 1675 676 Sacrorum
1704 641 1835 675 Rituum
1857 641 1974 674 iterum

1227 694 1398 737 negocium
1424 694 1503 734 boc,
1525 694 1641 728 auditis
1661 694 1828 738 utriusque
1848 693 1975 728 Ordinis

1228 748 1514 792 procuratoribus,
1545 754 1671 783 mature
1708 748 1908 789 discussum,
1944 753 1973 781 et

1229 801 1328 846 ipsius
1347 801 1612 845 Congregationis
1643 808 1753 836 votum
1780 801 1820 835 ad
1845 811 1904 835 nos
1925 812 1974 835 re-

1230 856 1329 889 latum
1352 855 1447 889 suerit
1463 867 1468 888 :

1274 911 1290 952 ξ
1322 908 1353 943 3.
1386 909 1450 944 Nos
1485 920 1615 943 omnem
1643 909 1776 944 ulterius
1804 909 1973 944 dubitandi

1228 974 1326 1007 super
1357 963 1418 996 boc
1451 963 1653 997 occasionem
1682 974 1699 997 e
1729 963 1835 997 medio
1860 963 1974 998 tollere

1228 1017 1382 1057 volentes,
1407 1027 1442 1049 ex
1463 1022 1537 1050 voto
1561 1016 1825 1060 Congregationis
1841 1017 1971 1061 praesa-

1231 1076 1291 1111 tae,
1322 1070 1436 1103 harum
1458 1070 1551 1111 serie,
1574 1070 1777 1104 declaramus
1807 1075 1838 1104 ct
1858 1070 1972 1104 decer·

1229 1123 1336 1157 nimus
1359 1123 1475 1157 fratres
1506 1123 1635 1171 Ordinis
1655 1124 1771 1158 Beatae
1798 1123 1914 1158 Mariae
1935 1124 1974 1158 de

1230 1177 1333 1210 Monte
1357 1177 1515 1217 Carmelo,
1539 1177 1661 1221 ubique
1686 1178 1845 1217 locorum,
1867 1177 1975 1211 fratri-

1229 1230 1288 1264 bus
1309 1230 1451 1264 eiusdem
1483 1231 1598 1264 Beatae
1619 1231 1737 1264 Mariae
1770 1231 1808 1265 de
1829 1231 1975 1266 Mercede

1230 1284 1424 1328 praecedere
1456 1284 1596 1325 debere,
1624 1295 1661 1318 ac
1688 1284 1904 1329 praeinsertas
1923 1284 1975 1318 lit-

1230 1343 1312 1371 teras
1333 1337 1364 1370 in
1385 1337 1537 1371 omnibus
1558 1338 1636 1371 locis
1657 1338 1874 1372 observandas
1890 1349 1969 1372 esse.

1274 1393 1290 1433 ξ
1316 1390 1346 1423 4.
1371 1390 1487 1435 Sicque
1516 1397 1547 1424 et
1571 1402 1635 1425 non
1657 1392 1762 1433 aliter,
1792 1403 1850 1436 per
1871 1403 1971 1436 quos-

1230 1455 1368 1488 cumque
1390 1444 1511 1479 iudices
1536 1445 1720 1479 ordinarios
1740 1451 1770 1479 et
1795 1445 1971 1490 delegatos,

1229 1497 1325 1531 etiam
1347 1508 1517 1531 causarum
1538 1498 1650 1532 Palatii
1675 1498 1850 1543 Apostolici
1876 1499 1971 1534 audi-

1222 1557 1326 1593 tores,
1350 1551 1485 1586 iudicari
1507 1559 1537 1586 et
1558 1547 1687 1586 definiri
1708 1552 1839 1594 debere,
1853 1563 1890 1587 ac
1903 1553 1974 1587 irri-

1230 1612 1338 1640 tumet
1354 1606 1449 1639 inane
1470 1606 1626 1650 quidquid
1647 1617 1739 1641 secus
1756 1618 1773 1640 a
1793 1617 1970 1652 quoquam,

1229 1660 1340 1705 quavis
1359 1660 1566 1698 auctoritate.
1591 1661 1732 1694 scienter
1752 1661 1798 1694 rel
1821 1660 1973 1704 ignoran-

1230 1720 1288 1755 ter,
1310 1713 1481 1757 contigerit.
1501 1714 1661 1748 attentari.

1274 1769 1290 1811 ἓ
1305 1767 1334 1800 5.
1348 1767 1416 1801 Non
1431 1767 1632 1801 obstantibus
1641 1767 1792 1801 omnibus
1805 1767 1877 1809 illis,
1891 1779 1974 1813 quae

1230 1821 1260 1855 in
1288 1821 1408 1855 eisdem
1435 1820 1645 1865 praeinsertis
1673 1820 1788 1854 litteris
1815 1821 1974 1855 voluimus

1230 1886 1293 1910 non
1309 1875 1446 1915 obstare,
1457 1874 1655 1919 caeterisque
1664 1874 1833 1908 contrariis
1843 1875 1974 1919 quibus-

1230 1939 1380 1972 cumque.
1402 1928 1556 1961 Volumus
1577 1933 1682 1960 autem
1702 1933 1735 1961 ut
1757 1928 1973 1972 praesentium

1230 1993 1359 2027 quoque
1398 1981 1608 2025 transumptis
1621 2008 1628 2021 ,
1663 1981 1757 2015 etiam
1788 1981 1970 2026 impressis,

1231 2046 1326 2069 manu
1348 2034 1482 2068 alicuius
1503 2034 1618 2068 notarii
1638 2034 1758 2079 publici
1772 2035 1970 2080 subscriptis,

1230 2095 1261 2123 et
1271 2088 1377 2131 sigillo
1389 2087 1524 2121 alicuius
1539 2099 1696 2132 personae
1709 2088 1740 2121 in
1759 2088 1912 2132 dignitate
1923 2099 1975 2123 ec-

1230 2142 1407 2176 clesiastica
1416 2141 1608 2175 constitutae
1623 2141 1755 2175 munitis
1769 2142 1881 2176 eadem
1894 2141 1975 2176 tides

1230 2196 1398 2235 babeatur,
1411 2206 1493 2239 quae
1503 2195 1623 2229 eisdem
1638 2195 1862 2239 praesentibus
1875 2195 1974 2230 babe-

1231 2254 1330 2289 retur,
1354 2248 1378 2281 si
1402 2250 1505 2282 l'orcnt
1525 2247 1684 2281 exhibitae
1705 2248 1751 2281 vel
1770 2254 1926 2283 ostensae.

1275 2303 1386 2336 Datum
1421 2302 1540 2335 Romae
1569 2302 1655 2345 apud
1687 2303 1717 2335 S.
1749 2301 1886 2335 Marcum
1914 2302 1974 2336 sub

1230 2356 1350 2389 annulo
1372 2354 1542 2388 l‘iscatoris
1556 2354 1607 2388 dic
1629 2365 1666 2388 xx
1685 2354 1878 2399 septembris
1902 2355 1975 2389 mit-

1231 2409 1344 2443 lesimo
1364 2408 1597 2442 sexcentesimo
1618 2414 1746 2452 quarto,
1768 2408 1974 2453 pontificatus

1230 2462 1330 2497 nostri
1357 2473 1442 2495 :tutto
1464 2472 1531 2495 xttt.

1267 2525 1324 2553 Dat.
1342 2525 1385 2552 die
1404 2526 1439 2553 ‘20
1453 2523 1602 2560 septembr.
1622 2524 1699 2559 tuot,
1721 2529 1796 2560 pont.
1813 2533 1857 2553 tin.
1878 2531 1932 2552 χιιι.

1989 271 2038 298 An.
2054 270 2084 298 c.
2105 271 2145 302 irs
2198 252 2200 255 ’

2022 331 2066 354 sed
2080 332 2101 354 d·

1227 374 1268 407 cti
1289 374 1346 407 titii
1366 374 1586 418 procuratoris
1605 373 1765 417 generalis
1785 374 1860 407 dicti
1880 374 1972 408 Ordi-
1987 359 2144 410 ἔξω

2002 915 2069 940 Quam
2075 915 2112 942 hie
2125 922 2128 934 ι

1989 942 2040 964 tifex
2053 948 2125 974 renim

2015 1776 2110 1808 Doroa-t
2133 1797 2135 1800 .

1989 1806 2068 1826 irai-us.
