2253 3195
251 237 300 263 An.
317 235 347 263 C.
367 236 436 265 1598
481 226 547 261 434

448 285 653 319 venetiarum
679 285 711 317 in
748 295 864 327 magna
894 284 1100 318 veneratione
1131 285 1189 318 ha-

448 338 576 377 beatur;
610 348 689 375 nos,
713 343 747 370 ut
776 337 921 370 fidelium
953 338 1080 371 devotio
1114 348 1190 380 erga

448 391 568 424 dictum
588 391 717 424 beatum
743 396 917 435 martyrem
938 391 1039 433 magis
1071 391 1102 423 in
1123 391 1189 425 dies

447 450 612 486 augeatur,
624 444 914 487 supplicationibus
925 444 1030 477 dilecti
1044 444 1100 477 filii
1115 445 1189 478 Ber-

447 497 539 530 nardi
559 497 703 539 Sagredi,
715 498 934 540 procuratoris
959 498 1058 531 saneti
1078 498 1185 538 Marci,

446 550 593 591 nomine,
612 561 711 594 super
730 550 792 583 hoc
812 550 904 583 nobis
924 551 1088 584 humiliter
1114 562 1189 595 por—

446 604 557 643 rectis,
581 603 737 645 inclinati,
758 615 795 638 ac
815 605 854 638 de
874 606 1105 639 venerabilium
1124 606 1187 638 sra-

447 663 531 689 trum
560 663 747 690 nostrorum
778 658 914 692 Sanctae
941 659 1105 692 Romanae
1129 659 1187 692 Ec-

446 710 560 744 clesiae
575 711 788 744 cardinalium
803 713 1062 756 congregationis
1081 723 1188 746 sacro-

447 772 517 795 rum
539 763 657 796 rituum
679 765 856 805 sententia,
880 776 916 798 ac
940 766 1184 809 supplicationi-

445 816 504 850 bus
525 817 716 850 dilectorum
737 818 879 851 filiorum
899 819 1067 862 Augustini
1087 820 1186 852 sancti

445 869 541 903 Marci
563 870 764 911 Veronensis,
789 877 819 904 et
842 871 983 905 Caesaris
1004 878 1187 906 sanctorum

446 928 621 967 martyrum
654 924 748 957 Nerei
787 931 816 957 et
850 925 985 958 Achillei
1020 926 1187 959 titulorum

444 977 581 1011 Baronio
595 985 867 1022 nuncupatorum,
881 979 1014 1013 Sanctae
1024 980 1188 1013 Romanae

444 1029 604 1064 Ecclesiae
613 1032 837 1073 cardinalium,
849 1033 952 1076 ipsum
964 1033 1094 1066 beatum
1106 1033 1186 1067 Ghe-

445 1084 577 1117 rardum
595 1085 626 1117 in
647 1085 883 1129 Martyroloqio
893 1087 1038 1120 Romano
1049 1087 1186 1120 adscribi

445 1143 476 1170 et
506 1138 604 1172 inseri
634 1150 726 1183 posse
742 1167 749 1179 ,
777 1140 968 1173 auctoritate
988 1141 1184 1184 apostolica,

447 1197 557 1225 tenore
584 1193 819 1236 praesentium,
843 1194 1051 1228 concedimus
1082 1200 1111 1227 et
1139 1195 1187 1228 in—

446 1245 628 1287 dulgemus.

491 1298 557 1341 5⁶2.
586 1299 654 1332 Non
680 1299 881 1333 obstantibus
907 1301 1188 1335 constitutionibus

447 1357 477 1385 et
497 1352 755 1386 ordinationibus
775 1354 969 1398 apostolicis,
990 1357 1189 1400 eaeterisque

447 1405 477 1437 in
497 1406 694 1438 contrarium
712 1407 900 1440 facientibus
917 1408 1183 1453 quibuscumque.

490 1458 604 1491 Datum
626 1459 746 1492 Romae
764 1461 849 1503 apud
867 1460 896 1494 S.
922 1461 1050 1494 Petrum
1063 1463 1121 1495 sub
1133 1473 1189 1495 an-

444 1511 523 1544 nulo
548 1511 738 1552 Piscator-is,
767 1513 818 1546 die
848 1524 867 1546 x
889 1514 993 1547 martii
1018 1525 1163 1549 nnxevnt
1178 1543 1185 1557 ,

446 1564 652 1607 pontificatus
673 1566 773 1599 nostri
795 1577 880 1600 anno
905 1578 958 1601 vn.

481 1618 542 1645 Dat.
559 1619 602 1646 die
619 1619 652 1646 10
667 1619 757 1647 martii
770 1620 851 1654 1598,
868 1621 965 1656 pontis.
982 1629 1026 1649 an.
1044 1628 1090 1648 vn.

300 1352 432 1373 Obstunuum

248 1379 364 1404 den-gatto.

725 1781 902 1815 CLXXXIV.

447 1877 658 1919 Confirmatio
679 1878 865 1912 libertatum
889 1884 918 1912 el
935 1879 1184 1923 prio=ilcqioru=m

490 1939 576 1972 alias
609 1941 758 1983 patronis
794 1941 967 1984 hospitalis
990 1942 1028 1974 ‹le
1055 1942 1184 1981 Uim-a,

491 2001 696 2045 Hispalensis
715 2003 876 2044 dioecesis,
893 2014 949 2046 per
967 2004 1107 2036 diversos
1130 2005 1187 2037 no-

490 2075 603 2098 manos
617 2066 789 2108 Pontifices
801 2077 1032 2106 concessorum,
1044 2078 1114 2099 enm
1129 2067 1183 2100 ‹Ic-

489 2127 668 2160 sturmium
691 2128 777 2171 quod
806 2128 1089 2161 adnn'nistratorrs
1109 2129 1189 2161 dicti

491 2190 662 2233 hospitalis
686 2201 749 2222 non
769 2191 893 2233 possint
913 2191 983 2234 coyt
1003 2192 1042 2223 ab
1062 2191 1185 2224 archir-

488 2253 617 2295 piscopo
637 2253 769 2296 eiusque
788 2253 981 2295 officialibus
999 2253 1041 2284 ad
1055 2252 1187 2286 redden-

490 2314 567 2348 dam
586 2317 744 2349 rationem
767 2316 786 2348 ¹.

654 2397 786 2424 Clemens
804 2396 882 2430 Papa
897 2397 975 2427 vm.

578 2449 613 2476 ad
631 2453 805 2484 perpetuam
820 2449 865 2477 rel
881 2450 1060 2477 memotlam.

493 2521 531 2552 Ex
560 2520 703 2554 iniuncto
735 2521 827 2554 nobis
851 2521 1017 2565 apostolici
1046 2520 1187 2553 muneris

1032 237 1215 261 BULLARIUM
1235 237 1389 261 ROMANUM

1979 235 2027 262 An.
2045 235 2074 263 C.
2096 236 2163 264 1598

1223 285 1524 328 praedecessoribus
1544 285 1670 325 nostris,
1694 286 1735 318 ad
1754 285 1962 329 hospitalium

1223 344 1255 371 et
1282 338 1410 381 piorum
1443 339 1589 371 locorum
1625 339 1901 372 conservationem
1933 345 1963 372 et

1223 392 1431 424 commodum
1451 402 1604 425 concessa
1628 397 1702 425 sunt
1721 397 1753 424 et
1772 392 1960 435 approbata,

1222 450 1257 477 ut
1276 444 1402 478 firmius
1421 451 1577 489 perpetuo
1598 445 1782 485 subsistant,
1806 445 1959 489 apostoli-

1223 508 1278 531 cae
1297 499 1554 531 confirmationis
1574 499 1690 532 robore
1711 498 1960 539 communimus,

1221 557 1319 595 prout
1338 551 1370 584 in
1390 552 1526 584 Domino
1553 551 1725 585 salubriter
1750 551 1965 595 conspicimus

1223 604 1388 648 expedire.

1267 659 1284 699 g
1304 657 1333 689 «1.
1358 658 1434 691 Cum
1455 658 1574 701 itaque,
1597 657 1680 691 sicut
1700 657 1894 701 accepimus,
1918 658 1964 690 se·
2001 668 2163 689 moxi-ocho.

1979 695 2055 720 spitalu
2087 694 2163 715 Roma-

1222 710 1291 744 licis
1310 711 1542 744 recordationis
1562 711 1625 744 Leo
1640 711 1676 752 X,
1701 710 1795 744 certis
1817 717 1891 744 tune
1913 721 1961 743 ex·
1979 726 2019 751 {¹³⁰
2054 720 2164 751 sectata.

1221 764 1339 807 pressis
1358 764 1462 798 causis
1476 791 1483 805 ,
1507 764 1663 798 adductus
1678 791 1685 804 ,
1706 765 1738 797 in
1759 764 1869 797 limine
1895 764 1965 797 sun·
1979 747 2164 797 lffillssll'l'ssiuill'
2190 779 2192 782 v

1222 817 1360 850 dationis
1373 817 1539 861 hospitalis
1557 817 1616 850 sub
1631 817 1833 850 invocatione
1847 818 1964 850 Resur-

1222 870 1372 903 rectionis
1388 870 1612 914 Redemptoris
1631 870 1758 903 Domini
1778 871 1879 904 nostri
1896 871 1965 904 Iesu

1222 924 1337 958 Christi
1351 924 1462 968 oppidi
1476 924 1515 957 de
1528 924 1651 963 Utrera‚
1668 923 1865 967 Hispalensis
1879 924 1966 957 dioe-

1222 977 1322 1018 cesis,
1345 977 1450 1021 ipsum
1476 977 1634 1020 hospitale
1663 976 1813 1020 illiusque
1841 977 1927 1010 bona
1949 987 1967 1010 a

1222 1041 1281 1074 pro
1303 1036 1448 1074 tempore
1468 1030 1632 1063 existentis
1652 1030 1886 1074 archiepiscopi
1907 1030 1964 1063 Hi·

1222 1084 1441 1127 spalensibus,
1465 1084 1598 1128 eiusque
1619 1083 1812 1117 vicariorum
1839 1090 1870 1117 et
1889 1084 1967 1117 alio-

1222 1147 1293 1169 rum
1319 1136 1505 1169 officialium
1531 1137 1731 1179 generalium
1746 1164 1754 1177 ‚
1777 1142 1808 1170 et
1827 1137 1964 1170 aliorum

1222 1200 1503 1234 quorumcumque.
1525 1190 1741 1234 superiorum,
1765 1191 1860 1224 etiam
1885 1191 1964 1224 sub-

1222 1243 1294 1276 sidii
1327 1243 1470 1277 iudicum
1496 1244 1738 1285 iurisdictione,
1767 1244 1913 1278 dominio
1937 1250 1968 1278 et

1222 1297 1458 1340 superioritate,
1482 1307 1518 1330 ac
1538 1308 1554 1330 a
1586 1308 1792 1341 quocumque
1823 1297 1967 1331 subsidio

1223 1355 1378 1393 perpetuo
1404 1350 1559 1383 exemerit
1579 1355 1610 1383 et
1627 1350 1820 1391 liberaverit,
1837 1361 1874 1384 ac
1893 1350 1966 1384 Scdi

1223 1403 1425 1446 Apostolicae
1451 1403 1637 1437 immediate
1665 1404 1856 1444 subiecerit,
1881 1404 1965 1448 ipse-

1223 1467 1307 1500 que,
1335 1462 1366 1489 et
1395 1456 1511 1490 deinde
1542 1457 1615 1500 piac
1646 1457 1822 1491 memoriae
1850 1458 1966 1491 Paulus
1980 1462 2173 1516 ndttsiiassggoffiss.

1223 1510 1308 1553 Papa
1327 1509 1366 1542 111
1385 1515 1415 1543 et
1434 1509 1507 1543 Pius
1524 1510 1610 1554 Papa
1629 1510 1677 1551 lV,
1701 1511 1966 1554 praedecessores
1979 1515 2057 1563 {mm
2079 1521 2164 1537 conw-

1223 1562 1336 1603 nostri,
1351 1563 1523 1596 nonnullas
1543 1563 1718 1604 libertates,
1733 1563 1962 1608 exemptiones,
1979 1558 1985 1563 “

1193 1622 1197 1627 “
1222 1616 1351 1658 gratias,
1375 1616 1610 1657 immunitates,
1630 1616 1815 1660 privilegia,
1836 1627 1892 1650 seu
1917 1616 1966 1650 in-

1223 1669 1311 1703 dulta
1330 1669 1436 1703 eidem
1468 1669 1641 1714 hospitali,
1663 1680 1720 1703 seu
1746 1669 1832 1703 illius
1856 1675 1966 1714 patro-

1223 1722 1289 1763 nis,
1310 1722 1509 1763 rcctoribus,
1533 1733 1570 1756 ac
1591 1722 1764 1767 capellanis
1783 1733 1841 1756 seu
1865 1722 1963 1756 mini-

1222 1776 1294 1809 stris
1314 1775 1532 1810 concesserint
1549 1781 1581 1809 et
1599 1776 1881 1820 appprobaverint.

1266 1831 1283 1871 g
1304 1829 1334 1862 2.
1359 1829 1421 1862 Nos
1445 1839 1557 1862 eorum
1584 1829 1746 1870 omnium,
1771 1840 1806 1862 ac
1827 1829 1966 1874 desuper

1222 1883 1441 1915 confectarum
1463 1882 1643 1915 litterarum
1666 1888 1804 1923 tenores,
1828 1882 1963 1926 perinde

1222 1946 1258 1968 ac
1277 1935 1302 1967 si
1324 1936 1363 1968 de
1389 1935 1486 1968 verbo
1506 1936 1546 1968 ad
1567 1936 1698 1968 verbum
1721 1935 1961 1976 insererentur,

1221 1989 1444 2032 praesentibus
1461 1999 1520 2032 pro
1541 1989 1698 2032 expressis
1711 2000 1748 2022 ac
1769 1988 1898 2022 insertis
1909 1989 1966 2022 lia-

1222 2042 1344 2082 benteS,
1360 2042 1648 2085 supplicationibus
1669 2042 1861 2076 dilectorum
1883 2042 1965 2075 filio-

1223 2106 1292 2128 rum
1319 2095 1550 2128 modernorum
1580 2101 1810 2139 patronorum,
1833 2106 1888 2129 seu
1917 2106 1965 2128 rc-

1222 2155 1346 2182 ctorum
1368 2149 1444 2183 dicti
1466 2149 1632 2193 hospitalis
1653 2149 1712 2183 hae
1739 2150 1769 2182 iu
1801 2155 1890 2193 parte
1911 2149 1962 2182 in-

1222 2203 1348 2243 clinati,
1372 2203 1589 2247 supradictam
1617 2203 1855 2246 exemptionem
1877 2208 1907 2236 et
1928 2201 1965 2235 li-

1223 2256 1422 2289 berationem
1450 2267 1468 2289 a
1500 2256 1737 2295 iurisdictione,
1761 2255 1905 2290 dominio
1935 2261 1966 2288 et

1222 2309 1447 2353 superioritate
1479 2308 1712 2353 archiepiscopi
1756 2307 1961 2352 Hispalensis,

1223 2362 1355 2405 eiusque
1376 2362 1589 2400 vicariorum,
1617 2368 1647 2395 et
1674 2361 1810 2394 aliorum
1838 2360 1962 2394 officia-

1224 2415 1301 2447 lium
1337 2414 1535 2457 generalium
1572 2420 1603 2447 et
1637 2414 1774 2448 aliorum
1811 2413 1961 2458 supradi—

1223 2474 1360 2506 ctorum,
1381 2473 1539 2511 quau-nus
1560 2467 1590 2499 in
1613 2467 1722 2500 limine
1744 2466 1940 2500 fundationis
1954 2493 1961 2506 ‚

1223 2527 1255 2554 ιιι
1277 2522 1467 2565 praeli-rtur,
1490 2521 1650 2565 exemptio
1670 2527 1701 2554 et
1720 2521 1866 2554 liberatio
1887 2530 1964 2554 con-

2002 1834 2081 1855 Eadem
2091 1833 2164 1855 conssr·

1980 1863 2024 1882 mal
2037 1860 2140 1882 Clemens.

274 2570 413 2593 ”’“”·“’·“”“·
449 2573 567 2613 dubito,
588 2585 624 2606 ea
645 2584 726 2617 quae
746 2585 764 2607 a
784 2574 937 2608 Romanis
959 2574 1184 2614 l'ontiticibus,
1223 2586 1309 2607 cessa
1323 2575 1397 2614 sint,
1414 2580 1445 2608 et
1465 2575 1546 2608 sacri
1567 2575 1698 2608 Concilii
1719 2573 1896 2608 Tridentini
1910 2573 1964 2606 de-

486 2637 496 2662 l
515 2634 550 2662 Ex
566 2636 673 2671 lle-gent.
692 2636 717 2662 in
732 2637 834 2664 Secu-et.
849 2637 980 2663 llrovium.

1223 2628 1316 2662 cretis
1337 2639 1401 2662 non
1430 2634 1630 2672 repugnent,
1655 2638 1780 2662 necnon
1800 2636 1913 2660 omnes
1933 2631 1964 2659 et
