2253 3195
27 240 74 268 An.
92 239 121 266 c,
142 238 209 266 1501-
1649 223 1711 256 667
1759 232 1808 258 An.
1829 232 1855 259 c.
1876 232 1939 259 1001

999 290 1117 318 rectam
1129 284 1395 327 gubernationem
1407 282 1539 316 instituit
1552 288 1578 316 et
1593 282 1742 322 decrevit,
1772 294 1853 314 emme
1869 294 1941 313 mnu<-

1758 320 1813 340 mmli
1847 320 1942 340 det-reto-

1000 349 1179 382 corumque
1205 337 1427 382 superioribus
1447 336 1643 370 adamussim
1670 347 1742 369 exe·
1758 353 1810 367 rum.

836 237 982 261 crunnus
1005 237 1061 260 vni
1082 237 1132 260 en

223 285 431 319 inhabilitatis
464 291 639 330 perpetuae
670 286 709 318 ad
743 285 804 318 alia
836 296 965 329 quoque

223 350 368 379 munera,
384 339 451 383 ipso
467 340 549 372 sacto
564 345 594 373 et
606 340 674 372 sine
687 339 751 372 ulla
764 339 961 383 exceptione,

35 514 124 539 Tempus
135 511 160 532 ml
171 517 206 537 pa-

27 539 111 561 rendum
132 539 207 565 prm—ti-

27 567 97 588 nuum.

48 1098 164 1119 Public-atio
175 1104 209 1119 ea·

28 1125 129 1147 ruindem.

223 393 398 437 respective
419 393 578 426 incidisse.

267 447 282 490 ξ
302 446 353 479 ⁵29.
376 446 420 479 Ne
438 456 523 487 vero,
544 451 708 490 praetextu
723 446 839 479 dilatae
854 445 962 488 publi-

223 499 369 540 cationis,
386 509 498 533 eorum
514 499 694 532 observatio
716 509 847 543 quoquo
869 499 965 531 modo

224 553 346 587 differri
367 553 468 597 possit
487 558 539 586 aut
569 553 719 596 impediri
733 580 740 593 ,
764 553 912 585 volumus
932 557 965 584 ut

223 611 295 650 post
315 605 443 639 illorum
465 606 721 649 publicationem
750 606 782 638 in
808 610 965 637 conventu

224 660 330 693 Sancti
351 659 490 692 Marcelli
512 659 551 692 de
571 659 655 692 Urbe
676 660 803 699 saetam,
827 668 963 701 genera-

224 714 286 746 lem
313 713 457 757 aliosque
484 712 611 747 Ordinis
639 713 840 757 superiores,
865 718 984 745 caete-¹

224 777 342 811 rosque
380 776 600 810 quoscumque
641 767 752 799 fratres
783 771 967 810 praesentes

224 820 341 860 statim,
356 820 499 864 reliquos
512 830 586 853 vero
607 821 754 853 absentes
775 820 852 853 citra
874 829 966 852 mon·
983 861 985 864 .

226 879 289 913 tes,
314 874 408 907 unius
429 874 559 913 mensis,
584 874 667 906 ultra
694 879 835 913 montes,
871 873 985 905 trium*

225 927 384 960 mensium
412 927 514 971 spatio
533 928 576 960 ita
597 932 732 966 aretent,
756 937 792 959 ac
812 926 837 959 si
855 936 965 958 eorum

225 980 359 1021 singulis
372 980 584 1024 personaliter
597 979 761 1012 intimatae
782 979 924 1011 fuissent.
984 971 985 979 ¹

207 1038 209 1040 ’
270 1032 355 1077 §3st
379 1034 512 1077 Insuper
534 1033 734 1072 mandamus,
760 1033 845 1076 quod
866 1042 964 1074 gene--

225 1088 300 1120 ralis
320 1087 351 1119 in
373 1087 507 1129 singulis
524 1086 734 1119 conventibus
752 1085 830 1118 citra
845 1092 969 1119 montes

224 1141 320 1174 unius
349 1140 487 1180 mensis,
509 1141 593 1173 ultra
624 1149 699 1172 vero
728 1145 852 1172 montes
875 1139 987 1187 trium}

225 1194 384 1227 mensium
410 1204 505 1227 cursu
537 1193 665 1226 decreta
697 1192 881 1236 supradicta
910 1193 987 1235 pit-³

225 1247 336 1280 blicari
357 1247 462 1287 saciat,
486 1247 544 1279 sub
562 1256 667 1290 poena
696 1245 884 1289 privationis
910 1256 967 1288 ge-

226 1301 401 1341 neralatus,
426 1300 560 1344 aliisque
581 1299 715 1332 arbitrio
736 1305 846 1332 nostro
868 1297 988 1342 impe-³

226 1355 351 1388 nendis.
987 1345 989 1355 '

270 1409 384 1442 Datum
402 1409 522 1441 Romae
541 1407 625 1451 apud
644 1407 797 1440 Sanctum
820 1407 948 1439 Petrum
961 1433 968 1446 ‚

227 1461 278 1495 die
298 1461 450 1504 vigesima
472 1461 584 1504 quinta
609 1460 727 1493 mensis
759 1459 838 1500 iulii,
867 1459 989 1496 mille-3

227 1516 308 1548 simo
330 1514 589 1559 quingentesimo
619 1513 828 1556 nonagesimo
849 1524 946 1546 nono.

263 1569 320 1595 nat.
342 1569 385 1595 die
404 1568 438 1594 ⁶25
458 1567 515 1594 iuti
536 1567 614 1594 1599.

273 1625 289 1665 ἓ
310 1622 362 1656 31,
397 1623 566 1656 Decretum
599 1621 678 1654 illud
694 1649 701 1658 ‚
727 1631 790 1664 quo
822 1621 991 1664 fratribus,

1000 392 1127 435 quenda
1152 391 1331 435 praecepit,
1357 390 1435 423 nihil
1456 390 1527 430 suit,
1555 390 1599 423 vel
1622 400 1655 422 re
1677 389 1744 432 ipsa

1000 445 1150 482 sanctius,
1168 445 1215 477 vel
1230 444 1428 477 necessitatis
1443 443 1610 476 occasione
1625 453 1743 486 oppor-

1001 499 1175 539 tunius‚ve.l
1186 498 1355 540 religiosae
1365 497 1510 530 utilitatis
1522 497 1644 530 tatione¹
1655 502 1744 540 opta-

1000 552 1106 592 bilius,
1119 562 1214 595 quam
1227 557 1359 584 utvctus
1369 556 1399 584 et
1409 551 1565 593 regularis
1576 550 1744 593 disciplina

1000 605 1075 638 viris
1088 605 1247 648 religiosis
1261 605 1409 638 salutaris
1423 615 1459 637 ac
1480 604 1672 645 necessaria,
1690 603 1744 636 ubi

1001 659 1141 703 collapsa
1162 659 1443 699 est,inst:uu‘etur,
1468 663 1497 691 et
1526 658 1580 690 nbi
1610 669 1742 691 conser-

1000 718 1071 745 vata
1091 718 1135 746 est
1152 740 1159 753 ,
1183 717 1339 755 perpetuo
1362 711 1579 751 custodiatur,
1604 717 1638 744 ut
1666 711 1744 744 nihil

1002 772 1100 805 essct,
1124 766 1211 809 quod
1237 765 1463 805 obedientiae,
1493 764 1691 808 paupertatis
1716 770 1745 796 et

983 819 1172 859 ‚castitatis‚
1205 829 1242 852 ac
1266 818 1478 862 peculiarium
1511 823 1657 850 votorum
1687 817 1745 850 ob-

1001 872 1212 911 servantiam,
1237 881 1362 904 necnon
1392 881 1597 904 communem
1629 870 1743 909 ritant,

1002 926 1119 959 victum
1152 931 1182 958 ct
1215 924 1362 958 vestitum
1389 924 1582 968 impediret,
1606 929 1661 956 aut
1691 934 1748 967 per

984 978 1197 1021 {calumniam
1227 977 1382 1011 inliceret.
1415 978 1491 1011 Cum
1522 983 1628 1010 autem
1652 988 1744 1010 com-

984 1037 1129 1075 kpertum
1150 1031 1208 1064 sita
1233 1031 1384 1063 fratribus
1405 1030 1533 1064 Ordinis
1554 1030 1744 1070 Servorum,

1002 1084 1206 1128 superiorum
1223 1084 1356 1124 incuria,
1374 1083 1586 1117 saluberrima
1604 1083 1745 1117 Sanctis-

1003 1138 1074 1171 simi
1103 1138 1242 1170 Pastoris
1276 1137 1404 1170 decreta
1441 1137 1569 1180 penitus
1603 1137 1749 1179 neglecta

1005 1202 1083 1232 esse,
1107 1197 1142 1224 ut
1162 1191 1348 1224 huiusmodi
1371 1191 1578 1223 incommodo
1599 1201 1750 1224 occurra-

1006 1251 1068 1286 tur,
1087 1244 1299 1287 Congregatio
1320 1243 1515 1277 visitationis
1536 1249 1567 1277 et
1587 1244 1751 1277 Reforma-

1007 1298 1100 1331 tionis
1118 1297 1320 1342 Apostolicac
1339 1297 1480 1330 eiusdem
1504 1297 1631 1330 Ordinis
1651 1298 1750 1341 priori

1006 1352 1148 1395 generali
1169 1362 1274 1395 nuper
1299 1351 1413 1392 electo,
1437 1351 1570 1395 eiusque
1590 1362 1649 1395 pro
1672 1357 1751 1385 tcm-

988 1442 989 1458 Ὶ
1006 1417 1084 1451 pore
1102 1405 1339 1439 suecessoribus
1353 1405 1385 1438 in
1399 1405 1514 1438 virtute
1534 1410 1662 1439 sanctae
1677 1406 1753 1438 obe-

1007 1461 1145 1494 dientiae
1167 1465 1197 1493 et
1217 1459 1408 1504 privationis
1428 1458 1524 1492 officii
1546 1469 1649 1502 poena
1669 1470 1748 1503 pro-

988 1515 1110 1559 ¹posita
1141 1513 1296 1558 praecipit
1330 1524 1366 1546 ac
1398 1513 1552 1553 mandat,
1580 1518 1614 1545 ut
1645 1513 1751 1545 statim

989 1567 1171 1612 *praedicta
1193 1567 1320 1600 decreta
1341 1566 1507 1610 pontificia
1539 1565 1622 1599 inter
1654 1566 1753 1609 ipsius

1007 1622 1134 1656 Ordinis
1166 1620 1411 1654 constitutiones
1440 1619 1566 1662 redigi,
1595 1625 1623 1653 et
1655 1620 1693 1653 ab
1719 1630 1753 1652 o-

46 1711 50 1715 ,
92 1683 212 1732 ὓιῖςξατεηῑο
227 1678 362 1710 Romam
393 1682 501 1720 petere
527 1685 599 1708 cum
626 1675 785 1718 generalis
810 1680 840 1707 et
859 1680 970 1718 prote·

32 1714 213 1785 {ffissnqi'lfiift'iiff
229 1730 325 1763 ctoris
349 1729 479 1762 licentia
506 1729 671 1762 dumtaxat
689 1728 882 1772 permissum
904 1734 947 1762 est
963 1756 970 1769 ,
989 1747 991 1758 i

33 1771 214 1828 sfc'idnispiffiiiil
229 1783 385 1817 Sanctitas
413 1783 477 1816 Sua
506 1782 631 1815 extendi
668 1782 707 1814 ad
743 1781 972 1825 provincialem

33 1823 79 1838 ΜΝ
91 1821 214 1844 mmmm
231 1836 381 1876 decrevit,
396 1836 438 1869 ita
455 1841 490 1869 ut
509 1835 714 1879 provincialis
735 1835 801 1878 ipse
823 1845 858 1868 ex
879 1846 973 1868 eausa
990 1842 992 1876 ξ

230 1889 394 1922 communi
416 1888 512 1922 totius
529 1888 717 1921 Provinciae
738 1888 902 1921 dumtaxat
923 1889 971 1921 sa-
990 1883 992 1900 l

231 1943 382 1976 cultatem
404 1942 590 1975 huiusmodi
611 1942 717 1975 faeere
738 1942 849 1975 valeat.
865 1942 992 1975 Docta-¹

1009 1675 1137 1708 mnibus
1153 1674 1218 1707 suis
1239 1673 1391 1706 fratribus
1413 1673 1589 1713 observari,
1606 1683 1642 1706 ac
1662 1684 1754 1717 prae-

1010 1735 1056 1761 ter
1083 1728 1157 1767 illa,
1182 1737 1264 1770 quae
1290 1727 1426 1759 decretis
1451 1726 1527 1770 ipsis
1555 1726 1755 1770 praescripta

1009 1789 1092 1820 sunt,
1113 1783 1192 1815 haec
1210 1792 1291 1825 quae
1312 1786 1501 1824 sequuntur,
1523 1780 1653 1824 speciali
1675 1780 1754 1813 San-

1009 1835 1127 1869 ctitatis
1146 1835 1228 1868 Suae
1250 1834 1401 1866 mandato
1423 1833 1607 1873 constituta,
1623 1832 1755 1865 inviola-

1009 1889 1115 1922 biliter
1132 1899 1168 1920 ae
1188 1892 1345 1931 perpetuo
1367 1886 1531 1919 observari
1553 1892 1677 1919 curent.

1054 1945 1070 1985 ξ
1096 1941 1148 1975 33
1172 1942 1316 1974 Primum
1340 1941 1379 1973 ad
1400 1951 1455 1980 ea,
1477 1951 1559 1984 quae
1586 1940 1625 1973 de
1647 1939 1755 1972 divino
1799 1946 1826 1966 00
1844 1945 1955 1965 0¹¹³·*11di-

1772 1972 1813 1993 vmi
1825 1972 1956 1992 militatione.

33 1844 140 1866 inflictam.

231 1996 374 2039 ravitque
388 2005 524 2039 poenam
539 1995 727 2038 privationis
749 1994 834 2028 vocis
855 1995 974 2027 activae
991 2033 993 2044 ,

231 2055 262 2083 et
291 2049 434 2094 passivae
466 2049 769 2082 contrafacientibus
798 2049 993 2090 inssicta1n‚¹

232 2102 395 2136 Sanctitati
414 2102 496 2136 Suae
517 2107 711 2136 reservatam
735 2113 813 2143 esse,
839 2102 973 2135 interdi-
992 2113 994 2124 t

233 2162 282 2190 cta
303 2156 435 2189 omnino
457 2166 568 2189 eorum
590 2155 812 2199 superioribus
829 2156 973 2198 singulis,

234 2210 328 2243 etiam
344 2210 486 2253 generali
505 2221 542 2243 ac
555 2210 743 2254 protectori,
768 2210 918 2243 facultate
940 2210 976 2242 il-

234 2264 296 2296 lam
319 2263 509 2297 moderandi
531 2274 566 2296 ac
587 2263 762 2296 relaxandi.

279 2318 392 2350 Datum
420 2318 542 2350 Romae
567 2317 618 2349 die
639 2327 679 2350 xx
700 2316 807 2349 martii
828 2326 916 2350 amm.

272 2381 329 2408 Dat.
347 2381 389 2407 die
408 2381 442 2408 20
462 2381 549 2408 martii
575 2380 652 2415 1601,
671 2380 766 2416 pontis.
784 2388 827 2406 au.
850 2389 872 2406 x.

237 2461 427 2504 Sequuntur
445 2461 570 2493 decreta
591 2471 651 2504 pro
672 2460 904 2503 reformatione
924 2459 982 2493 Or-

282 2514 371 2546 dinis
397 2514 557 2546 Fratrum
577 2514 749 2547 Servorum
774 2514 812 2545 B.
842 2513 978 2545 Mariae

284 2587 300 2626 ξ
325 2584 378 2617 39..
410 2585 452 2617 Ex
478 2584 524 2625 iis,
554 2595 636 2628 quac
652 2584 692 2618 ⁵8.
716 2585 749 2617 D.
776 2585 811 2617 N.
837 2584 982 2617 Clemens

241 2638 325 2681 Papa
340 2639 402 2671 Vlll
424 2638 463 2670 ad
483 2637 689 2679 nogium-ium
714 2637 980 2671 monasteriorum

1010 1996 1115 2029 officio
1136 1995 1349 2040 persolvendo
1369 1999 1484 2027 statuta
1503 1999 1587 2033 sunt,
1606 1993 1683 2026 illud
1701 1993 1756 2025 ad-

1012 2051 1119 2090 ditur,
1148 2061 1185 2083 ac
1206 2048 1412 2088 decernitur,
1438 2054 1472 2081 ut
1492 2058 1597 2091 poena
1626 2047 1753 2080 subtra-

1013 2103 1127 2138 ctionis
1148 2102 1292 2135 alimenti
1311 2101 1615 2135 contrafacientibus
1636 2111 1756 2144 propo—

1013 2157 1083 2197 sita,
1108 2167 1166 2189 nec
1187 2166 1204 2189 a
1224 2155 1351 2199 priore,
1375 2165 1433 2187 nee
1463 2154 1502 2186 ali
1531 2164 1585 2194 eo,
1610 2153 1664 2197 qui
1691 2153 1758 2186 cius

1013 2211 1097 2243 vices
1117 2209 1214 2251 gerit,
1238 2208 1356 2241 remitti
1384 2207 1483 2251 possit
1514 2207 1574 2247 itti,
1595 2207 1648 2250 qui
1671 2206 1759 2240 horis

1014 2262 1198 2302 canonicis,
1222 2261 1285 2294 sive
1319 2260 1442 2293 diurnis
1474 2260 1538 2293 sive
1567 2259 1756 2299 nocturnis,

995 2319 997 2329 ¹
1015 2320 1157 2350 cessante
1177 2314 1321 2357 legitima
1343 2324 1455 2354 eausa,
1480 2324 1543 2346 non
1566 2313 1755 2346 interfuerit.

1014 2363 1135 2402 Deinde
1153 2368 1254 2411 utqui
1273 2367 1369 2400 officii
1389 2367 1478 2399 initio
1493 2367 1532 2399 ad
1546 2367 1680 2399 eliorum
1695 2377 1760 2400 non

1016 2421 1221 2461 convenerit,
1250 2421 1436 2462 genuflexus
1470 2420 1499 2452 in
1532 2420 1639 2453 medio
1670 2419 1761 2453 cltori

1018 2475 1137 2509 tamdiu
1161 2481 1299 2514 maneat,
1317 2473 1471 2517 quamdiu
1490 2473 1642 2515 surgendi
1661 2473 1761 2506 lieen-

1018 2529 1092 2562 tiam
1126 2540 1142 2561 a
1168 2528 1276 2572 priore
1305 2527 1503 2571 impetrari13
1528 2533 1594 2560 tum
1617 2527 1648 2559 in
1673 2528 1758 2560 rese-

1017 2582 1130 2623 ctorio,
1157 2582 1269 2615 ltoram
1291 2581 1492 2619 eanonicam,
1518 2591 1612 2624 quam
1635 2581 1675 2613 oh
1697 2580 1759 2613 liu-

1019 2636 1156 2669 iusiuodi
1180 2635 1406 2677 negligentiam
1427 2635 1545 2668 omisit.
1563 2634 1632 2668 aliis
1654 2634 1760 2667 cilium
