2253 3195
308 225 357 252 An.
379 225 409 252 C.
428 225 495 253 ¹600
540 215 604 249 642
1092 224 1277 248 BULLAItIUM
1294 223 1449 248 nomivuu

506 274 587 307 lium
607 274 823 306 sacerdotum.
844 273 884 305 At
904 282 978 305 vero
1003 271 1122 305 caeteri
1136 272 1249 305 subor-

508 326 606 360 dinati
628 326 792 364 officiales,
809 325 989 358 cuiusmodi
1009 332 1081 358 sunt
1096 325 1245 363 ministri,

507 379 718 419 subministri,
743 389 852 411 rerum
868 378 1121 412 domesticarum
1142 378 1250 422 provi-

2036 222 2086 249 Αη.
2107 223 2136 249 c.
2154 223 2214 253 ieet
2239 237 2251 257 ς,

1282 277 1410 304 natores
1431 271 1626 304 novitiorum
1648 272 1807 314 eligantur
1834 282 1853 305 a
1875 271 2020 316 patribus
2060 285 2194 305 examinatur

1283 330 1313 358 et
1333 324 1486 357 fratribus
1505 324 1669 357 vocalibus
1694 324 1801 365 simul,
1821 325 1889 358 sine
1909 325 2022 358 suffra-
2036 313 2212 363 222¹i4¹122¹r¹1¹1¹¹mnw

1283 378 1409 420 giorum
1442 377 1647 411 distinctione
1661 405 1668 418 ,
1693 389 1831 422 quorum
1853 378 2018 411 examina·
2037 364 2212 417 {lisuf'e'fflffl

333 870 382 889 Pro»
389 870 494 889 incialium

311 899 331 916 et
340 896 494 921 praefectorum

311 925 449 943 consultores.

344 1244 435 1267 fraires.
450 1250 496 1269 pro-

313 1277 357 1297 prie
370 1278 383 1291 ιι
399 1272 497 1291 dicuntur

314 1299 348 1324 qui
374 1299 496 1319 sacerdotes

314 1331 355 1345 uun
371 1328 424 1345 sunl.

345 1456 498 1477 Praene->lenta

314 1489 369 1510 quae
395 1487 421 1504 ut
444 1486 498 1504 inter

318 1911 321 1913 Α
346 1884 498 1905 Paomis-nim

317 1914 370 1931 inter
401 1913 500 1932 sacerdo-

507 433 627 465 ditores
651 442 688 465 ac
708 432 986 476 eleemosynarum
1006 437 1245 475 procuratores,

507 485 658 518 sacristae
686 485 734 518 vel
765 485 902 525 aeditui,
926 485 1077 518 constitui
1098 490 1250 529 poterunt

507 549 542 571 ex
564 549 700 572 numero
721 539 855 571 fratrum
874 538 969 571 etiam
990 549 1055 572 non
1076 539 1246 578 vocalium,

508 592 684 625 dummodo
704 598 838 636 propter
850 591 907 625 has
928 592 1156 636 occupationes
1169 592 1247 625 nihil

508 656 618 678 earum
640 656 748 678 rerum
777 645 954 685 omittatur,
976 656 1058 689 quae
1083 645 1168 679 circa
1189 656 1246 678 cu-

508 710 577 732 ram
611 705 818 741 aegrotorum
847 710 884 733 ex
916 700 1077 733 dictorum
1113 700 1249 733 fratrum

508 752 677 785 sedulitate
699 752 919 796 requiruntur.

554 807 570 847 ς
591 804 643 838 34.
667 805 785 839 Omnes
812 806 1037 849 provinciales,
1061 806 1138 839 item
1157 817 1251 850 prae-

510 859 581 892 fecti
609 860 827 903 professarum
858 859 1030 893 domorum
1062 866 1091 893 et
1116 859 1252 892 novitia-

510 918 612 951 tuum‚
637 922 664 945 et
687 913 996 946 valetudinariorum
1025 913 1248 956 generalium,

509 965 626 1008 singuli
662 966 755 1000 binos
792 967 1013 1007 consultores,
1051 967 1251 1001 sacerdotem

511 1030 610 1052 unum
632 1019 769 1052 alterum
796 1019 942 1059 fratrem,
971 1019 1147 1059 habebunt,
1172 1031 1253 1064 quo-

511 1084 584 1106 rum
606 1074 827 1107 consultorum
849 1080 921 1107 vota
942 1075 1106 1107 dumtaxat
1127 1075 1254 1107 consul-

512 1127 575 1160 tiva
595 1132 702 1167 erunt,
726 1137 792 1160 non
813 1127 963 1160 decisiva.

556 1181 572 1222 Ξ
603 1179 655 1213 35.
684 1180 1014 1214 Animadvertendum
1048 1186 1154 1214 tamen
1183 1187 1250 1222 est,

512 1233 637 1278 quoties
658 1234 778 1267 mentio
806 1233 841 1267 fit
861 1234 996 1267 fratrum
1017 1234 1251 1277 eligendorum,

516 1287 588 1320 illos
610 1292 732 1320 tantum
753 1287 866 1320 fratres
887 1297 904 1319 a
924 1287 1018 1320 nobis
1038 1287 1184 1330 intelligi,
1200 1288 1254 1332 qui

513 1341 553 1374 ad
578 1341 793 1374 sacerdotium
815 1341 966 1374 destinati
987 1352 1051 1375 non
1072 1348 1156 1375 sunt.

559 1396 575 1437 ξ
596 1394 648 1428 36,
673 1395 849 1428 Statuimus
870 1395 965 1428 etiam
977 1401 1008 1428 ut
1025 1395 1108 1428 inter
1128 1396 1252 1435 fratres,

514 1449 553 1482 ad
574 1459 712 1492 quorum
739 1458 910 1481 numerum
937 1448 1120 1482 reseruntur
1144 1458 1257 1482 omnes

514 1501 712 1545 quicumque
740 1502 924 1535 sacerdotes
951 1512 1015 1535 non
1037 1508 1121 1541 sunt,
1150 1502 1257 1535 nullus

513 1555 727 1599 praecedendi
749 1560 780 1588 et
801 1555 1020 1599 subsequendi
1045 1555 1125 1589 ordo
1146 1566 1254 1589 serve-

515 1613 576 1648 tur,
600 1615 826 1652 praeterquam
851 1608 882 1641 in
904 1608 1063 1652 capitulis,
1081 1614 1145 1642 tam
1160 1619 1257 1650 gene-

513 1662 634 1695 ralibus
655 1672 751 1706 quam
772 1662 1024 1706 provincialibus
1038 1668 1068 1695 et
1088 1662 1254 1701 localibus,

514 1715 546 1748 in
568 1715 685 1759 quilius
705 1715 854 1749 habenda
877 1721 924 1749 cst
955 1716 1036 1749 ratio
1065 1716 1257 1758 dignitatum

515 1774 545 1802 et
566 1779 789 1813 personarum.

561 1823 577 1864 5
598 1821 650 1855 37.
686 1821 773 1855 ldem
807 1822 1010 1855 decernimus
1031 1822 1070 1855 de
1091 1821 1255 1866 patribus,

516 1875 577 1909 hoe
598 1882 645 1909 est
663 1876 896 1916 sacerdotibus,
922 1876 981 1909 hos
1008 1876 1094 1908 enim
1120 1881 1259 1908 tantum-

517 1930 614 1962 modo
636 1935 742 1973 patres
762 1930 916 1973 appellari
936 1935 966 1962 et
986 1929 1159 1967 nominari,
1177 1929 1260 1962 etsic

518 1983 548 2015 in
570 1989 679 2015 nostra
693 1982 859 2025 llcligionc
881 1982 1014 2024 intelligi
1038 1988 1193 2026 perpetuo
1207 1993 1260 2015 vo-

517 2036 634 2075 lumus,
660 2036 742 2068 ints-r
763 2045 844 2079 quos
869 2041 975 2079 patres
997 2036 1121 2068 nullum
1143 2035 1257 2068 obscr-

517 2089 643 2122 vabitur
678 2089 841 2128 dignitatis
880 2094 933 2121 aut
970 2088 1030 2121 loci
1061 2089 1256 2126 discrimen,

517 2153 575 2176 nec
614 2142 860 2186 praecedentia,
895 2142 954 2174 nisi
999 2142 1030 2174 in
1066 2142 1261 2186 supradictis

517 2197 682 2240 capitulis,
708 2196 737 2228 in
757 2196 873 2239 quilius
900 2196 923 2228 si
947 2195 1110 2239 loquimur
1140 2196 1177 2228 de
1199 2206 1257 2239 pa-

519 2251 618 2282 tribus
643 2257 673 2282 ct
705 2249 856 2282 fratribus
888 2248 1065 2292 praesentis
1092 2249 1257 2292 temporis,

518 2303 658 2346 primum
673 2302 849 2335 sentcntiae
864 2302 970 2334 lorum
981 2307 1012 2334 ct
1027 2302 1121 2345 primi
1138 2302 1198 2334 loci
1214 2302 1261 2334 di-

519 2357 670 2397 gnitatem
686 2355 952 2399 ¹·l1tinclntmt,qui
969 2355 1157 2397 religionem
1174 2355 1261 2398 prius

519 2416 592 2442 sunt
614 2409 758 2448 ingressu
781 2410 804 2442 si
824 2420 897 2441 vcro
919 2409 957 2441 (lc
984 2409 1108 2446 suturis,
1132 2420 1261 2452 pras-ct·-

520 2463 595 2495 dcrc
610 2464 769 2496 dvlicliunt
792 2464 844 2507 qui
867 2463 1006 2507 primum
1027 2463 1260 2507 professionem

521 2517 693 2550 ediderint.

566 2570 580 2610 ξ
605 2571 657 2603 38.
682 2571 714 2603 ln
736 2570 886 2603 domibus
905 2570 1066 2614 professis,
1091 2570 1121 2603 in
1144 2569 1261 2613 quilius

523 2623 630 2656 novitii
657 2630 748 2656 crunt
764 2623 965 2663 admittendi,
982 2629 1122 2668 quatuor
1141 2622 1260 2655 exami-

1285 437 1388 464 torum
1411 432 1491 465 duos
1511 431 1694 465 sacerdotes
1713 459 1720 472 ,
1755 437 1786 465 et
1806 432 1886 465 duos
1910 433 2022 465 fratres

1283 495 1351 518 esse
1372 485 1553 528 oportebit;
1571 485 1658 529 quod
1673 485 1697 518 si
1712 485 1867 524 evenerit,
1891 485 1967 518 dum
1984 485 2023 518 de

1283 538 1392 581 aliquo
1420 538 1541 571 novitio
1568 538 1780 582 approbando
1809 538 1960 581 suffragia
1981 538 2024 571 se-

1284 598 1421 632 runtur,
1445 597 1481 625 ut
1515 592 1658 636 aequalis
1688 597 1769 625 esset
1797 591 2024 634 suffragiorum

1285 655 1460 685 numerus,
1490 645 1522 678 in
1546 655 1584 678 eo
1605 655 1697 683 casu,
1721 645 1902 688 praefectus
1922 644 2025 688 quinti

1284 698 1427 741 suffragii
1448 698 1496 732 ius
1516 698 1658 738 habebit,
1682 698 1723 732 ad
1744 708 1880 741 eamque
1901 704 2026 742 partem

1285 752 1426 792 accedet,
1455 763 1537 795 quae
1558 751 1673 785 melius
1693 751 1812 784 sentire
1833 756 1864 784 et
1883 751 2027 785 iudicare

1285 806 1461 845 videbitur,
1485 812 1516 839 et
1543 807 1630 850 quod
1662 806 1705 839 ita
1733 805 1946 840 constituetur
1965 805 2024 838 fir-

1287 870 1374 892 mum
1400 860 1470 893 erit.

1331 913 1346 956 ἓ
1366 911 1418 946 39.
1439 912 1551 946 Nullus
1571 912 1705 956 posthac
1729 912 1869 946 novitius
1886 912 1927 945 ad
1946 911 2024 945 reli-

1287 966 1414 1008 gionem
1434 966 1541 1000 minor
1558 966 1740 1000 octodecim
1752 966 1843 999 annis
1863 971 1953 1006 natu,
1968 975 2028 999 nec

1288 1020 1430 1064 quinque
1444 1026 1475 1052 et
1489 1020 1702 1064 quadraginta
1722 1019 1887 1061 grandior,
1910 1018 2028 1052 admit-

1288 1079 1383 1113 tatur,
1407 1073 1466 1107 nisi
1481 1080 1588 1107 tamen
1606 1073 1730 1116 (habito
1746 1074 1785 1107 ad
1801 1073 1957 1106 maiorem
1972 1071 2030 1105 ali-

1288 1138 1385 1171 quam
1411 1127 1658 1171 evidentemque
1676 1127 1843 1169 religionis
1855 1126 2028 1160 utilitatem

1290 1181 1451 1224 respectu)
1476 1191 1568 1213 secus
1603 1180 1686 1223 patri
1716 1179 1860 1223 generali
1893 1179 2028 1223 eiusque

1289 1234 1527 1268 consultoribus
1547 1233 1719 1267 videretur.

1334 1289 1350 1330 ξ
1371 1286 1424 1320 40.
1448 1289 1486 1321 At
1512 1287 1537 1320 si
1562 1298 1634 1320 cum
1657 1287 1819 1331 aliquibus
1848 1287 2029 1320 octodecim

1290 1342 1380 1375 annis
1405 1347 1482 1374 natu
1513 1341 1694 1374 minoribus
1723 1346 1804 1374 esset
1838 1340 2028 1384 dispensan-

1291 1395 1379 1434 dum,
1403 1394 1434 1427 id
1455 1394 1544 1427 nullo
1562 1394 1660 1427 modo
1678 1393 1811 1427 concedi
1836 1393 1942 1433 debet,
1970 1392 2030 1426 nisi

1291 1448 1407 1492 quibus
1438 1448 1550 1480 saltem
1576 1446 1831 1480 sextusdecimus
1856 1456 1958 1480 annus
1980 1457 2031 1480 ex-

1291 1502 1395 1545 pletus
1414 1501 1483 1534 erit.
1513 1501 1536 1533 Ii
1557 1509 1656 1544 porro
1683 1499 1794 1533 novitii
1819 1499 1858 1533 ad
1885 1499 2030 1533 habitum

1291 1555 1465 1597 Religionis
1489 1553 1632 1594 admissi,
1656 1559 1690 1586 ut
1709 1553 1748 1586 ad
1774 1553 1896 1592 studia,
1919 1553 1944 1585 si
1965 1552 2029 1586 lin«-

1292 1619 1386 1651 guam
1419 1607 1550 1640 latinam
1584 1607 1774 1649 intelligent,
1804 1605 2029 1646 destinentur,

1293 1667 1461 1705 postquam
1483 1660 1650 1693 biennium
1673 1660 1702 1692 in
1721 1660 1877 1693 novitiatu
1898 1669 2032 1703 perege-

1295 1715 1368 1755 rint,
1392 1715 1431 1748 ad
1453 1714 1616 1757 religionis
1634 1713 1738 1747 studia
1759 1719 2030 1758 promoveantur,

1293 1779 1375 1812 quae
1392 1774 1482 1801 erunt
1506 1767 1715 1800 humaniores
1733 1767 1870 1806 litterae,
1886 1766 1990 1809 logica
2003 1770 2035 1799 et

1293 1832 1385 1855 casus
1406 1820 1636 1854 conscientiae:
1662 1830 1743 1863 quae
1768 1819 1899 1863 quidem
1929 1819 2035 1852 studia

1294 1875 1381 1907 omni
1407 1884 1477 1907 cum
1499 1873 1696 1917 perfectione
1717 1879 1791 1906 sunt
1811 1883 1828 1905 a
1860 1872 2035 1916 praedictis

1294 1928 1501 1966 addiscenda,
1525 1938 1597 1960 cum
1620 1927 1697 1959 illud
1717 1926 1890 1970 praecipue
1919 1925 2031 1969 requi-

1295 1988 1384 2014 ratur
1405 1981 1435 2013 iu
1458 1980 1584 2019 nostris,
1613 1985 1645 2013 ut
1666 1978 1922 2023 promptissimi,
1947 1988 2035 2012 reso-

1295 2035 1363 2073 luti,
1389 2033 1674 2078 pcrsectissimiquc
1695 2032 1827 2065 casistae
1847 2032 1921 2071 sint,
1942 2042 2035 2076 prae-

1294 2088 1402 2121 sertim
1426 2088 1543 2131 quilius
1559 2098 1595 2120 ex
1610 2087 1715 2119 officio
1735 2085 1883 2119 convenit
1901 2091 1931 2119 et
1947 2084 2035 2118 domi

1296 2142 1412 2174 dot-erc
1445 2140 1618 2184 discipulos
1639 2145 1785 2178 nostros,
1815 2144 1846 2172 ct
1872 2138 1948 2171 foris
1968 2137 2036 2171 sinc

1296 2195 1359 2227 ulla
1385 2193 1593 2227 dubitationis
1621 2192 1831 2226 haesitatione
1861 2190 2032 2224 consciens

1297 2248 1357 2281 tiac
1377 2258 1475 2281 nevus
1501 2247 1669 2283 exolvere.
1699 2251 1728 2279 et
1752 2244 1952 2279 sanctissima
1972 2244 2033 2278 Ec-

1295 2302 1411 2334 clesiae
1440 2306 1640 2333 sacramenta
1661 2299 1811 2332 fidelibus
1833 2298 2032 2338 ministrare,

1296 2366 1367 2388 cuni
1381 2355 1440 2387 lio(¹
1462 2354 1663 2398 potissimum
1684 2352 1782 2385 nostri
1805 2351 1938 2384 instituti
1954 2350 2036 2384 ratio

1297 2407 1448 2451 requirat.
1474 2407 1572 2439 Simul
1596 2406 1672 2438 illud
1697 2406 1844 2438 volumus
1865 2403 1964 2443 abiis,
1981 2403 2036 2447 qui

1297 2461 1485 2501 vigesimum
1505 2460 1644 2504 primum
1658 2469 1776 2492 anuum
1792 2458 1980 2491 excedentes
1996 2456 2036 2489 ad

1297 2515 1496 2555 Religionem
1526 2513 1650 2547 admitti
1673 2518 1783 2557 petunt
1798 2539 1805 2552 ,
1826 2517 1860 2545 ut
1885 2511 1915 2544 in
1937 2510 1975 2543 iis
1994 2520 2031 2542 ea

1296 2568 1334 2601 sit
1357 2568 1535 2602 litterarum
1559 2567 1703 2604 facultas,
1727 2571 1761 2599 ut
1780 2565 1933 2598 continuo
1954 2573 2029 2607 pos-

1295 2622 1355 2654 sint
1378 2621 1416 2653 :ut
1439 2620 1653 2653 rsuisrieutiac
1675 2630 1766 2652 casus
1787 2617 1955 2651 discendos
1974 2627 2030 2661 ap-

2069 924 2127 945 AEtas
2135 919 2201 943 noviti
2250 912 2252 919 ¹

2043 957 2094 972 rum.

2058 1295 2144 1319 Novitii,
2153 1300 2191 1316 oxa

2045 1322 2138 1346 biennio.
2149 1322 2175 1342 ad
2186 1323 2217 1342 stu

2046 1350 2081 1369 dia
2090 1353 2204 1374 promor->a
