2253 3195
26 222 72 250 An.
89 221 116 249 C.
141 221 209 249 1595

84 862 207 883 Commissio

25 889 100 910 nuncin
124 891 207 914 aposto-

25 915 65 936 iic-o
85 917 107 936 ut.
121 922 207 936 cuncor-

26 941 81 964 diam
95 942 206 969 approbet.

839 223 985 247 CLEMENS
1004 224 1061 247 VIII
1083 225 1132 247 PP.

222 280 285 313 qua
306 269 461 303 divisione
475 270 805 313 comprehendantur.
822 271 908 304 Ilaec
921 277 965 303 ta—

221 323 482 356 menconcordia
507 324 640 366 intelligi
664 325 779 357 debeat
799 330 830 357 et
858 325 961 364 duret,

222 382 379 419 quatenns
407 384 509 409 terrac
541 377 738 419 irrigentur,
770 378 883 409 autad
905 378 966 410 boc

221 440 304 473 aqua
325 430 432 468 detur,
459 441 495 463 ac
520 431 624 463 donec
652 430 743 463 fovea
768 440 824 462 seu
844 431 966 462 rivulus

222 483 342 526 Zequie
364 483 549 516 huiusmodi
576 489 678 516 totum
700 483 897 526 perficiatur,
925 483 967 516 ita

224 541 259 568 ut
279 537 421 575 termini,
443 548 499 570 seu
521 536 681 569 territoria
702 536 966 578 Caesaraugusta-

212 590 347 636 ‚nensis‚
373 596 403 623 et
423 590 572 633 planities
594 590 633 623 de
653 590 793 622 Fuemes
814 590 868 622 illo
890 589 965 621 irri-

221 648 339 684 gentur
356 648 386 675 et
407 643 496 681 alias,
524 653 560 675 ac
580 643 683 681 aliter,
713 648 810 686 prout
830 643 861 675 in
884 642 967 675 dicta
984 646 986 671 ἱ

222 696 398 728 concordia
418 701 448 728 et
465 696 632 739 seripturis
653 697 792 740 desuper
816 696 968 730 consectis

221 749 347 792 plenius
367 749 560 782 continetur.

268 803 284 844 ξ
310 801 340 835 3.
370 802 512 846 Cumque
533 802 709 846 praemissa
730 803 760 834 in
779 803 965 836 earumdem

222 856 374 899 partium,
399 861 430 889 et
453 856 642 899 praesertim
670 856 879 889 ecclesiarum
898 867 966 889 ma-

224 909 326 942 iorem
352 910 560 942 commodum
591 915 621 942 et
654 910 823 943 utilitatem
853 911 967 943 cedere

224 962 383 1003 dicantur,
414 968 444 996 et
476 969 538 995 tam
565 963 668 996 dictus
694 962 859 1006 Philippus
888 974 963 1002 rex,

223 1026 319 1058 quam
342 1016 605 1059 archiepiscopus
634 1016 968 1059 Caesaraugustanen-

222 1068 265 1102 sis
285 1069 392 1101 etalii
423 1069 576 1102 interesse
608 1069 780 1109 babentes,
813 1077 965 1114 cuperent

223 1123 429 1156 concordiam
450 1122 648 1161 huiusmodi,
673 1134 731 1167 pro
751 1123 835 1157 illius
855 1125 966 1157 obser-

223 1175 349 1208 vatione
364 1182 394 1208 et
411 1176 616 1208 subsistentia
637 1176 787 1215 firmiori,
805 1183 916 1210 nostro
938 1184 967 1211 et

223 1229 312 1263 Sedis
349 1230 551 1273 Apostolicae
577 1230 756 1274 patrocinio
789 1232 963 1272 roborari,

222 1283 317 1316 nobis
337 1284 686 1327 humilitersupplicari
702 1284 857 1325 fecerunt,
882 1296 963 1328 qua-

222 1341 315 1369 tenus
336 1336 366 1369 in
387 1337 571 1380 praemissis
592 1342 775 1381 opportune
796 1338 966 1381 providere

223 1390 262 1423 de
272 1390 469 1433 benignitate
482 1391 659 1434 apostolica
672 1391 892 1433 dignaremur.
904 1393 966 1425 Nos

223 1443 331 1488 itaque
356 1444 541 1477 huiusmodi
559 1444 848 1488 supplicationibus
869 1446 963 1478 incli-

223 1497 290 1530 nati
324 1508 360 1530 ac
388 1497 588 1539 singularum
622 1499 907 1541 praedecessorum
937 1505 965 1532 et

223 1550 357 1583 aliarum
385 1551 565 1583 litterarum
597 1556 735 1591 tenores,
760 1558 791 1584 et
811 1552 884 1585 inde
912 1563 964 1585 se-

223 1609 334 1648 quuta,
352 1614 410 1647 pro
425 1603 582 1647 expressis
595 1603 760 1643 habentes,
778 1605 966 1638 fraternitati

222 1663 296 1691 tuae
313 1669 370 1702 per
390 1663 573 1701 praesentes
588 1658 820 1692 committimus
835 1665 862 1692 et
879 1670 968 1692 man-

224 1711 347 1751 damus,
372 1717 530 1754 quatenus
555 1711 766 1745 consideratis
787 1723 845 1756 per
870 1719 899 1745 te
919 1714 967 1746 vel

223 1765 334 1804 alium,
358 1775 415 1798 seu
433 1765 523 1804 alios,
544 1775 624 1808 quos
645 1766 685 1797 ad
707 1765 738 1797 id
756 1765 890 1798 idoneos
911 1767 968 1799 du-

223 1818 306 1850 xeris
334 1817 536 1861 deputandos
557 1818 811 1858 considerandis,
835 1818 860 1851 si
885 1829 964 1851 con—

224 1872 367 1904 cordiam
400 1872 586 1905 huiusmodi
608 1872 639 1904 in
661 1872 804 1905 eiusdem
837 1873 964 1905 arcbie-

223 1924 348 1968 piscopi
376 1930 407 1958 et
426 1925 579 1958 interesse
611 1924 799 1958 habentium
823 1936 968 1959 commo-

225 1979 302 2011 dum
324 1988 391 2011 esse
409 1978 579 2022 repereris,
593 1988 675 2016 eam,
695 1985 791 2022 prout
810 1979 889 2012 facta
908 1986 964 2019 est,

225 2031 415 2065 auctoritate
426 2038 535 2065 nostra
548 2032 722 2066 confirmes
743 2039 773 2066 et
793 2034 964 2076 approbes,

224 2095 351 2118 necnon
372 2095 484 2118 omnes
496 2091 526 2118 et
537 2086 680 2128 singulos
693 2092 756 2118 tam
771 2086 860 2126 iuris,
871 2098 965 2130 quam

223 2138 306 2177 facti,
337 2144 367 2171 et
384 2149 607 2182 quoscumque
637 2139 717 2172 alios
743 2140 887 2173 defectus
906 2168 913 2180 ,
942 2140 967 2173 si

225 2192 278 2236 qui
299 2197 361 2224 tam
383 2193 414 2224 in
436 2193 610 2225 concordia
626 2220 633 2230 ,
657 2204 754 2236 quam
786 2193 856 2226 aliis
874 2205 967 2237 prae-

226 2245 340 2287 missis,
365 2251 395 2278 et
415 2245 490 2279 inde
504 2246 647 2289 sequutis
661 2246 904 2290 quomodolibet
921 2247 968 2279 in-

228 2285 444 2337 teiQnerunc
468 2300 628 2343 suppleas,
659 2299 770 2343 illique
795 2306 968 2344 perpetuae

226 2351 387 2386 firmitatis
407 2353 508 2386 robur
529 2353 672 2393 adiicias,
693 2364 730 2386 ac
751 2364 821 2386 eam
844 2354 882 2386 ab
898 2365 967 2387 om-

227 2405 322 2438 nibus
343 2406 496 2440 interesse
506 2407 709 2447 habentibus,
731 2407 827 2440 etiam
849 2407 969 2440 subeo-

228 2459 412 2492 clesiasticis
431 2460 596 2493 sententiis
609 2488 616 2499 ,
641 2460 784 2494 censuris
806 2467 836 2493 et
856 2461 969 2504 poenis

228 2511 455 2546 inviolabiliter
483 2513 646 2546 observari
676 2525 789 2554 cures,
823 2514 969 2547 invocato

229 2565 323 2598 etiam
346 2566 384 2599 ad
407 2566 479 2605 hoc,
503 2567 528 2600 si
543 2578 624 2612 opus
638 2568 744 2608 suerit,
766 2567 884 2601 auxilio
898 2568 971 2600 bra-

230 2619 293 2652 chii
315 2620 496 2654 saecularis.

1652 212 1715 245 235

1044 273 1060 313 ξ
1082 271 1111 304 li.
1141 272 1210 305 Non
1242 271 1442 304 obstantibus
1467 271 1673 315 praemissis,
1707 282 1744 303 ac

1000 325 1164 368 (piilmsvis
1197 324 1480 358 constitutionibus
1505 330 1533 357 et
1565 324 1743 357 ordinatio—

1001 378 1094 410 nibus
1115 378 1310 421 apostolieis,
1335 389 1393 410 nec
1412 388 1476 411 non
1497 378 1632 416 statutis,
1663 377 1743 419 legi-

1001 431 1059 463 bus
1082 437 1109 463 et
1132 431 1442 469 ‹1·onsuetudinibus‚
1467 442 1503 463 ac
1521 423 1695 474 praedIctis
1715 437 1745 464 et

1002 483 1071 515 aliis
1091 484 1205 516 litteris
1225 484 1421 527 apostolicis,
1451 483 1649 527 caeterisque
1667 494 1744 516 con-

1004 536 1108 569 trariis
1128 537 1398 580 quilmscumque.

1045 590 1159 622 Datum
1181 590 1302 622 Romae
1322 590 1407 633 apud
1422 591 1452 623 S.
1468 591 1597 623 Petrum
1613 591 1671 623 sub
1690 601 1746 623 an-

1002 644 1078 676 nulo
1099 643 1280 682 piscatoris,
1305 643 1355 675 die
1376 654 1406 676 vi
1427 644 1612 677 novembris
1625 654 1741 684 MDva,

1003 696 1208 740 pontificatus
1226 697 1337 735 nostri,
1362 707 1446 730 anno
1465 708 1506 731 1v.

1038 758 1096 785 Dat.
1114 759 1156 786 die
1177 759 1192 786 6
1209 759 1363 786 novembris
1385 760 1462 793 1595,
1481 761 1578 795 pontif.
1600 769 1644 788 un.
1661 767 1697 787 w.

1322 920 1409 954 CXX.

1002 1018 1168 1051 Statuitur
1187 1018 1273 1062 quod
1293 1029 1409 1051 causae
1428 1023 1645 1052 mercatorum
1664 1020 1744 1052 tmi-

1045 1081 1209 1114 versitatis
1216 1081 1242 1114 A
1249 1082 1454 1119 ncom‘tanne,
1464 1082 1524 1125 qui
1530 1093 1647 1115 merces
1657 1093 1744 1123 suas,

1048 1148 1115 1176 lam
1134 1144 1177 1176 ad
1196 1155 1356 1186 qrossum,
1373 1148 1409 1176 ut
1429 1149 1554 1185 vocant,
1571 1156 1671 1188 quam
1685 1146 1748 1178 mi-

1046 1207 1155 1239 nutim
1184 1207 1339 1245 vendunt,
1367 1207 1571 1249 definiantur
1591 1217 1648 1250 per
1668 1219 1744 1240 con-

1043 1269 1129 1301 sules
1142 1272 1358 1301 mercatorum
1373 1268 1477 1301 dictae
1490 1269 1738 1302 mziversz'tatis¹.

1215 1359 1350 1386 Clemens
1370 1360 1448 1393 Papa
1464 1359 1544 1391 VIII,

1125 1416 1160 1441 ad
1177 1417 1354 1447 perpetuam
1373 1414 1417 1440 rei
1438 1413 1620 1440 memoriam.

1045 1494 1131 1526 Inter
1151 1499 1276 1526 caetera
1288 1493 1393 1526 cordis
1405 1493 1506 1526 nostri
1521 1492 1748 1525 desiderabilia

1004 1548 1082 1580 illud
1101 1547 1238 1579 maxime
1253 1547 1342 1579 cordi
1362 1547 1453 1580 nobis
1467 1547 1587 1584 haeret,
1604 1552 1637 1579 ut
1657 1557 1746 1579 com-

1004 1601 1122 1633 mercia
1137 1606 1353 1633 mercatorum
1367 1600 1399 1633 in
1413 1600 1539 1633 civitate
1554 1606 1663 1633 nostra
1678 1601 1743 1632 An-

1003 1655 1164 1694 conitana,
1199 1665 1281 1698 quae
1311 1665 1329 1687 a
1349 1655 1514 1687 nonnullis
1542 1654 1633 1687 annis
1669 1653 1748 1686 citra

1003 1708 1147 1741 restricta
1168 1719 1232 1741 non
1260 1708 1423 1741 modicum
1455 1708 1552 1741 fuisse
1583 1708 1742 1747 videntur,

1004 1762 1138 1801 iterum,
1169 1762 1285 1795 nostris
1306 1762 1493 1805 praesertim
1528 1761 1743 1805 temporibus,

1005 1815 1213 1848 restituantur
1234 1821 1264 1848 et
1284 1815 1430 1848 floreant.

1048 1871 1063 1911 g
1087 1869 1115 1901 l.
1137 1869 1259 1901 idcirco
1280 1868 1439 1912 superiori
1452 1879 1536 1901 anno
1551 1879 1609 1912 per
1623 1874 1746 1901 nostras

1004 1923 1134 1963 litteras,
1159 1928 1271 1955 octavo
1303 1922 1374 1955 idus
1395 1922 1516 1961 martii,
1541 1922 1746 1965 pontificatus

1004 1977 1101 2010 nostri
1134 1987 1218 2009 anno
1248 1976 1353 2013 tertio,
1378 1976 1477 2015 datas,
1512 1976 1637 2008 diversa
1674 1975 1742 2019 pri-

1004 2030 1127 2072 vilegia,
1156 2030 1375 2062 immunitates
1393 2035 1424 2062 et
1447 2029 1550 2062 salvos
1568 2030 1746 2062 conductus

1005 2083 1238 2116 mercatoribus
1259 2084 1423 2115 Anconam
1438 2082 1639 2115 venientibus
1655 2088 1683 2115 et
1704 2082 1746 2114 ibi

1003 2136 1281 2169 commorantibus
1313 2136 1553 2173 concessimus,
1588 2141 1684 2178 piout
1716 2135 1746 2167 in

1004 2190 1078 2233 ipsis
1100 2190 1223 2229 litteris,
1247 2200 1383 2232 quarum
1400 2196 1543 2222 tenorem
1566 2188 1745 2231 praesenti-

1005 2246 1062 2277 bus
1084 2255 1140 2288 pro
1162 2255 1312 2288 expresso
1345 2243 1456 2276 haberi
1478 2243 1643 2282 volumus,
1679 2244 1747 2287 ple-

1005 2298 1297 2337 nius.continetur·,
1324 2297 1406 2330 inter
1427 2304 1551 2330 caetera
1572 2307 1647 2329 vero
1669 2297 1748 2330 illud

1004 2351 1185 2384 curavimus
1213 2363 1252 2384 ne
1281 2357 1499 2390 mercatores,
1534 2362 1570 2383 ac
1592 2361 1748 2394 personae

1004 2416 1228 2449 quaecumque
1264 2406 1303 2437 ad
1337 2412 1464 2448 portum
1508 2405 1746 2437 Anconitanum

1004 2459 1228 2496 confluentes,
1252 2459 1300 2491 vel
1328 2458 1405 2490 inibi
1436 2464 1675 2491 commorantes
1704 2458 1744 2490 li-

1006 2513 1082 2544 tium
1099 2511 1274 2554 dispendiis
1286 2517 1380 2554 atque
1402 2511 1616 2544 ineonunodis
1637 2512 1676 2543 ab
1690 2512 1748 2545 bu-

1007 2565 1143 2599 iusmodi
1163 2564 1359 2598 commercio
1382 2565 1648 2606 distiabercntur,
1670 2571 1698 2598 et
1713 2571 1747 2599 ut

1042 2631 1051 2656 1
1072 2629 1107 2656 Ex
1130 2630 1236 2663 ttvgest.
1259 2629 1283 2655 in
1297 2629 1399 2655 Secret.
1418 2628 1551 2656 Βιονὶιιυι.

1763 222 1810 248 An.
1831 222 1858 249 C.
1878 222 1946 249 1505

1788 284 1944 304 (innuat-iurum

1759 310 1878 335 derogatio.

1784 1504 1855 1530 Papae
1865 1503 1948 1524 deside-

1764 1537 1815 1551 ΓΙΙΙΙΙΙ
1845 1536 1946 1551 comitter-

1762 1558 1817 1578 cium
1829 1557 1848 1577 in
1860 1557 1949 1577 Anconi-

1763 1587 1811 1604 [μω
1828 1585 1878 1604 urbe
1889 1584 1948 1604 resti-

1761 1610 1843 1631 tuendi.

1780 1877 1862 1898 mcum
1871 1883 1947 1898 caus-as

1763 1907 1894 1924 mercaturae
1910 1910 1944 1924 oc·

1761 1936 1847 1951 rasione
1860 1933 1947 1951 motusa

1761 1958 1882 1977 consulibus
1912 1958 1947 1977 tle-

1762 1984 1814 2004 finiri
1844 1986 1949 2005 «latuerat

1761 2017 1815 2031 auno
1831 2012 1945 2037 superiori.
