2253 3195
257 220 309 247 An.
327 219 354 247 c,
373 219 442 247 1596
488 209 551 244 ⁶248

270 281 443 302 simodoobser-
458 279 531 302 nem
546 279 631 309 eum,
648 269 688 302 ob
706 278 801 312 quem
823 273 869 300 est
889 272 1065 310 susceptus,
1086 266 1198 299 sortia-

259 314 302 328 κατι
326 308 443 334 praecipit,

257 335 348 360 aliisque
361 340 442 363 >quem·

258 367 320 387 quam
335 364 365 381 ul!
380 366 442 387 posse

257 387 362 413 probibet.

254 1713 360 1734 lminutart
372 1715 435 1733 γυναι.

458 327 520 361 tur,
543 328 641 365 utque
661 321 796 364 posthac
815 320 847 353 in
869 320 1020 352 omnibus
1040 325 1070 352 et
1090 319 1197 362 singu-

457 375 495 408 lis
515 375 667 414 ecclesiis,
696 384 761 406 uno
790 374 969 417 eodemque
996 373 1093 406 modo
1125 383 1196 406 eae-

457 428 620 461 remoniae
645 433 673 460 et
707 427 786 460 ritus
806 427 1006 471 pontificales
1027 427 1198 459 observen-

456 488 518 519 tur,
531 486 620 513 motu
634 480 777 524 proprio,
788 486 817 513 et
829 491 864 513 ex
877 486 964 513 certa
976 486 1084 513 nostra
1095 479 1197 513 scien-

456 535 508 574 tia,
532 545 568 567 ac
589 535 627 567 de
649 534 844 578 apostolicae
866 535 1031 578 potestatis
1052 534 1193 578 plenitu-

455 588 545 627 dine,
576 587 684 620 omnia
718 592 749 620 et
778 587 904 630 singula
934 587 1133 620 Pontifiealia
1164 587 1195 620 in

455 640 539 673 hunc
559 651 661 684 usque
682 641 767 673 diem
790 641 821 673 in
841 641 1100 685 quibuscumque
1127 646 1193 673 ter-

455 704 565 726 rarum
586 694 674 727 orbis
693 694 839 738 partibus
861 694 1016 738 impressa
1030 700 1060 727 et
1077 704 1195 737 appro-

454 746 539 787 bata,
563 753 594 779 et
620 747 785 790 quibusvis
811 747 988 790 privilegiis
1014 746 1196 790 apostolicIS

455 800 589 839 munita,
607 805 635 832 et
655 800 791 833 decretis
811 810 847 833 ac
867 800 1018 833 clausulis
1031 800 1191 839 roborata,

454 863 511 897 per
546 860 731 897 praesentes
760 853 992 897 supprimimus
1021 860 1051 886 et
1082 854 1193 886 abole-

455 917 536 947 mus,
559 917 740 950 eorumque
759 917 853 940 usum
879 907 911 939 in
932 913 1097 951 posterum
1119 908 1193 940 uni-

454 960 552 993 versis
572 961 725 1000 ecclesiis,
744 960 958 1001 monasteriis,
973 961 1193 1001 conventibus,

454 1013 592 1054 militiis,
616 1014 785 1047 ordinibus
805 1020 833 1047 et
860 1014 938 1048 locis
953 1042 960 1055 ,
984 1021 1079 1058 atque
1100 1015 1195 1048 etiam

453 1066 604 1100 omnibus
624 1067 825 1110 patriarchis,
849 1067 1112 1111 archiepiscopis,
1127 1068 1196 1111 epi-

453 1120 568 1164 scopis,
578 1120 748 1153 abbatibus
761 1126 791 1154 ct
803 1121 873 1154 aliis
887 1121 1092 1154 ecclesiarum
1106 1132 1197 1164 prae-

453 1173 535 1213 latis,
550 1174 749 1217 caeterisque
760 1175 910 1207 omnibus
928 1180 958 1208 et
971 1175 1105 1215 singulis
1118 1186 1193 1218 per-

453 1227 539 1260 sonis
557 1228 791 1268 ecclesiasticis,
812 1229 1031 1262 saecularibus
1051 1235 1081 1262 et
1102 1240 1196 1271 regu-

454 1280 573 1313 laribus
594 1281 760 1325 utriusque
780 1292 873 1315 sexus
888 1310 895 1322 ‚
920 1282 1142 1316 interdicimus
1167 1288 1195 1316 et

454 1334 674 1378 prohibemus,
699 1341 729 1368 et
755 1335 816 1368 hoc
843 1342 988 1368 nostrum
1010 1335 1196 1369 Pontificale

454 1386 498 1420 sie
518 1387 699 1420 restitutum
723 1393 752 1421 et
773 1388 982 1421 reformatum
998 1388 1030 1420 in
1047 1389 1197 1422 omnibus

453 1440 591 1473 universi
613 1447 771 1474 terrarum
792 1441 879 1475 orbis
900 1442 1054 1480 ecclesiis,
1079 1452 1193 1475 mona-

453 1493 568 1533 steriis,
581 1494 748 1527 ordinibus
765 1500 795 1527 et
816 1495 904 1535 locis,
917 1495 1012 1528 etiam
1027 1495 1192 1538 exemptis,

453 1546 563 1589 siquae
583 1554 674 1587 sunt,
699 1548 798 1591 recipi
829 1554 859 1581 et
885 1548 1046 1581 observari
1065 1549 1192 1593 praeci-

453 1600 570 1643 pimus.

497 1653 512 1697 ἓ
533 1654 563 1686 6.
587 1654 767 1688 Statuentes
781 1655 968 1688 Pontificale
993 1655 1192 1700 praedictum

453 1707 542 1739 nullo
572 1717 725 1751 umquam
756 1713 901 1751 tempore
917 1735 924 1745 ,
949 1708 979 1740 in
1010 1713 1075 1741 toto
1096 1709 1143 1741 vel
1163 1709 1193 1741 in

453 1765 542 1803 parte
575 1761 782 1799 mutandum,
806 1761 853 1793 vel
876 1761 903 1793 ci
925 1761 1046 1804 aliquid
1067 1762 1191 1795 adden-

453 1813 541 1853 dum,
565 1820 618 1845 aut
639 1814 772 1846 omuino
800 1814 1033 1847 detrabendum
1053 1825 1131 1855 csse,
1156 1826 1192 1848 ac

452 1877 674 1910 quoscumque
694 1895 700 1904 ,
736 1867 789 1910 qui
822 1867 1018 1910 pontificalia
1060 1879 1194 1901 munera

453 1930 612 1959 exercere,
637 1922 682 1953 vel
702 1921 790 1959 alias,
815 1932 897 1964 quae
918 1921 947 1953 iu
970 1921 1055 1954 dicto
1081 1922 1190 1954 Ponti-

453 1974 536 2007 licali
564 1975 781 2013 continentur,
807 1975 910 2007 lacere
932 1981 983 2007 aut
1005 1975 1118 2018 exequi
1139 1976 1194 2008 de-

453 2027 538 2066 bent,
559 2028 597 2060 ad
619 2038 655 2060 ea
676 2028 858 2070 peragenda
880 2034 906 2059 ct
932 2029 1133 2071 praestanda„
1159 2040 1192 2061 cx

454 2080 547 2113 liuius
576 2081 771 2114 l'outiiicalis
798 2081 997 2124 praescripto
1020 2087 1050 2114 vt
1071 2082 1194 2115 rationo

454 2134 575 2174 teneri,
607 2134 834 2176 neruiueiuqiu·
862 2145 896 2165 vx
930 2133 976 2172 iis,
1010 2134 1128 2177 quibus
1158 2147 1193 2168 ca

452 2187 618 2220 cxci-cendi
646 2193 673 2219 et
702 2187 837 2219 sarit-ndi
865 2198 981 2219 munus
1007 2187 1191 2230 impositum

453 2246 509 2279 nst,
534 2240 591 2272 nisi
615 2241 771 2279 soruiuliffi
803 2251 884 2283 quac
909 2241 969 2273 boc:
991 2241 1058 2284 ipsu
1086 2242 1193 2274 l'outi-

454 2294 535 2326 sicali
575 2294 781 2326 continentur
818 2294 972 2331 serratis,
1012 2294 1193 2327 §ausim-ere

454 2358 556 2389 possi&

498 2401 566 2441 57.

601 2401 756 2433 (bituibus
789 2401 886 2441 igitur
907 2406 933 2432 vt
967 2400 1100 2440 siugulis
1132 2412 1190 2445 pa-

354 2464 391 2500 ‚w
410 2463 437 2497 ¹'.'
455 2454 610 2491 triarrliis,
638 2454 898 2497 archiepiscopis,
923 2454 1100 2498 uluis-rupis,
1132 2455 1190 2487 ali-

456 2507 580 2538 batilnus
598 2513 625 2538 vt
648 2507 780 2538 ras-teri>
802 2507 1009 2540 ercli-siarum
1030 2508 1190 2551 praelatis,

456 2571 578 2592 uve-nou
600 2561 680 2598 aliis,
704 2561 962 2604 quibuscumque
984 2561 1193 2604 personisve-

454 2614 658 2653 clcsiasticis,
690 2614 908 2647 saecularibus
931 2620 961 2647 et
993 2614 1193 2655 regularibus

1038 218 1221 242 BULLARIUM
1241 217 1394 242 ROMANUM

1231 265 1399 309 utriusque
1416 275 1518 306 sexus,
1535 265 1575 298 ad
1589 276 1667 309 quas
1687 265 1719 299 id
1732 271 1864 310 spectat,
1881 276 1972 310 prae-

1232 318 1370 361 cipimus
1389 329 1426 351 ac
1446 318 1648 358 mandamus,
1671 324 1722 359 ut,
1746 318 1870 352 omissis
1890 330 1972 363 quae

1231 371 1276 405 sic
1298 372 1535 415 suppressimus
1561 378 1592 405 et
1617 372 1815 406 abolevimus
1838 373 1972 406 caeteris

1231 426 1381 458 omnibus
1401 425 1662 466 Pontificalibus,
1691 426 1754 459 hoc
1772 432 1918 459 nostrum
1940 427 1971 458 in

1230 479 1295 512 suis
1316 479 1469 519 ecclesiis,
1502 479 1714 520 monasteriis,
1749 479 1969 519 conventibus,

1231 532 1409 573 ordinibus,
1440 533 1583 573 militiis,
1617 532 1819 566 dioecesibus
1843 538 1875 566 et
1893 532 1972 566 locis

1231 587 1402 630 praedictis
1422 587 1590 631 recipiant,
1614 586 1734 630 illoque
1753 586 1888 630 posthac
1898 597 1972 630 per-

1230 646 1326 683 petuo
1346 646 1488 673 utantur.

1275 694 1289 736 g
1314 692 1343 725 8.
1378 693 1562 733 Caeterum,
1584 699 1619 726 ut
1638 698 1821 737 praesentes
1848 692 1972 727 litterae

1230 746 1381 778 omnibus
1398 746 1524 789 plenius
1544 747 1755 787 innotescant,
1781 747 1972 780 mandamus

1231 799 1300 831 illas
1314 799 1355 832 ad
1374 800 1479 832 valvas
1490 800 1640 833 basilicae
1660 800 1817 844 Principis
1838 802 1973 844 Aposto-

1230 854 1336 886 lorum
1358 854 1397 886 de
1417 854 1513 893 Urbe,
1537 859 1568 886 et
1587 853 1802 887 Cancellariae
1822 854 1973 897 apostoli-

1231 917 1297 946 cae,
1322 912 1352 939 et
1376 906 1407 939 in
1435 906 1503 939 acie
1531 906 1641 949 Campi
1661 907 1775 939 Florae
1800 906 1970 949 publicari,

1231 969 1408 1002 earumque
1426 959 1590 1003 exemplar
1610 959 1649 992 de
1674 969 1765 992 more
1785 958 1881 1002 affigi.
1906 959 1970 992 Vo-

1231 1012 1402 1056 lumusque
1423 1018 1603 1056 praeterea,
1634 1018 1664 1046 et
1685 1019 1773 1046 motu
1794 1017 1889 1056 atque
1910 1023 1970 1045 au-

1231 1066 1377 1099 ctoritate
1401 1065 1559 1099 similibus
1580 1066 1795 1106 decernimus,
1819 1071 1853 1099 ut
1873 1065 1974 1109 quiin

1230 1120 1374 1153 Romana
1404 1119 1497 1152 Curia
1528 1125 1602 1152 sunt
1638 1125 1839 1163 praesentes,
1877 1119 1974 1163 lapsis

1231 1173 1358 1206 duobus
1375 1173 1550 1213 mensibus,
1567 1172 1710 1216 quivero
1732 1173 1814 1206 intra
1835 1179 1970 1213 montes,

1231 1232 1314 1264 octo,
1341 1232 1371 1259 et
1400 1226 1454 1269 qui
1476 1227 1561 1259 ultra
1592 1226 1713 1269 ubique
1749 1226 1894 1259 locorum
1917 1226 1972 1259 de-

1230 1286 1319 1322 gunt,
1342 1280 1512 1313 duodecim
1528 1280 1652 1323 integre
1666 1280 1817 1321 excursis,
1833 1280 1882 1313 vel
1895 1280 1973 1313 alias

1231 1333 1285 1366 ubi
1304 1334 1463 1367 venalium
1496 1333 1591 1367 liuius
1610 1333 1812 1377 ¹Pontificalis
1838 1333 1973 1367 volumi-

1230 1397 1306 1420 num
1335 1387 1483 1424 notitiam
1509 1393 1539 1420 et
1567 1387 1749 1421 facultatem
1771 1387 1968 1428 habuerint,

1230 1450 1335 1473 sacras
1368 1440 1589 1473 caeremonias
1620 1446 1650 1473 et
1683 1441 1762 1474 ritus
1791 1441 1822 1474 in
1857 1441 1972 1474 eodem

1230 1492 1409 1526 Pontificali
1432 1493 1659 1537 praescriptos,
1681 1493 1766 1527 iuxta
1790 1493 1874 1528 illius
1902 1504 1972 1528 mo-

1230 1547 1306 1580 dum
1328 1553 1359 1579 et
1378 1557 1540 1587 normam,
1568 1546 1600 1579 in
1621 1546 1880 1591 quibuscumque
1894 1547 1972 1581 acti-

1230 1600 1289 1633 bus
1315 1610 1464 1633 exercere
1482 1605 1513 1633 et
1533 1600 1704 1634 observare
1725 1606 1904 1634 teneantur.

1274 1654 1288 1696 ,ξ
1309 1653 1338 1687 9.
1362 1653 1506 1697 Ipsarum
1528 1659 1634 1688 autem
1655 1654 1835 1688 litterarum
1857 1665 1967 1688 exem-

1229 1707 1292 1750 pla,
1317 1717 1413 1739 manu
1444 1706 1559 1740 notarii
1581 1707 1713 1750 publici,
1737 1713 1766 1740 et
1788 1707 1893 1749 sigillo
1914 1707 1971 1740 ali-

1229 1760 1319 1793 cuius
1356 1770 1513 1804 personae
1548 1761 1579 1793 in
1613 1760 1830 1794 ecclesiastica
1860 1760 1968 1803 (ligni-

1230 1820 1290 1847 tate
1312 1814 1520 1853 constitutae,
1544 1820 1598 1847 aut
1627 1814 1711 1847 illius
1742 1815 1850 1848 curiae
1879 1814 1969 1847 obsi-

1228 1873 1340 1909 gnata,
1365 1868 1412 1901 vel
1434 1868 1464 1900 in
1490 1867 1565 1911 ipsis
1593 1867 1821 1907 voluminibus,
1850 1867 1970 1911 absque

1229 1921 1405 1963 praedicto,
1429 1921 1475 1953 vel
1498 1921 1560 1953 alio
1586 1921 1738 1964 quopiam
1760 1920 1969 1961 adminiculo,

1228 1973 1349 2006 Romae
1376 1974 1553 2017 impressa,
1583 1985 1653 2007 caui
1676 1974 1795 2017 ubique
1824 1974 1968 2007 locorum

1228 2032 1257 2059 et
1285 2027 1427 2068 genuum
1459 2028 1554 2060 tidem
1590 2027 1727 2067 saciant,
1752 2038 1849 2071 quam
1871 2038 1968 2070 prae—

1227 2086 1332 2113 scutcs
1364 2082 1519 2118 tiu-oront,
1551 2081 1576 2113 si
1604 2088 1706 2114 esseut
1733 2081 1892 2114 exhibitae
1922 2081 1969 2114 vel

1227 2139 1385 2167 ostensae.

1271 2188 1383 2220 Datum
1399 2188 1518 2220 llouiae
1532 2188 1617 2231 apud
1638 2189 1668 2221 S.
1685 2188 1825 2229 Petrum,
1842 2188 1900 2221 sub
1914 2197 1969 2221 an-

1228 2240 1490 2279 nulol‘iscatoris,
1525 2241 1576 2273 die
1606 2252 1622 2274 x
1655 2241 1807 2273 februarii
1836 2250 1965 2281 iinxcvl,

1227 2294 1432 2337 pontificatus
1452 2294 1551 2327 nostri
1573 2305 1657 2327 anno
1681 2305 1707 2328 v.

1264 2365 1319 2392 Dat.
1338 2365 1381 2392 die
1399 2366 1430 2391 10
1446 2365 1574 2393 februarii
1592 2366 1670 2399 ¹590,
1684 2366 1778 2401 pontis,
1798 2374 1841 2392 au.
1860 2373 1885 2392 v.

1984 217 2033 244 An.
2051 217 2077 244 C.
2099 219 2162 248 ¹596

2011 700 2127 722 Pntnticaito
2133 701 2164 723 tit-

1987 729 2084 749 terarum.

1985 1657 2163 1706 affill'ss'lffi'm
2185 1667 2188 1670 ’
