2253 3195
877 246 1024 270 CLEMENS
1044 246 1101 269 vin
1123 246 1172 268 rr.
1689 229 1754 263 403
1800 240 1848 265 An.
1865 239 1892 265 C.
1915 239 1981 265 1597

261 295 391 327 tutelam
413 295 607 338 suscipiant,
631 296 676 327 vel
705 295 783 328 alias
814 294 921 333 nobis,
953 294 1000 327 vol
1036 293 1103 325 aliis
1121 292 1380 336 quibuscumque
1398 291 1428 323 in
1444 288 1673 334 temporalibus
1689 287 1782 321 nobis
1797 300 1895 320 emm
1917 302 1980 326 atquo

261 347 403 381 ciusdem
427 348 589 381 Romanae
609 349 781 387 Ecclesiae,
797 348 951 391 Sedisque
972 352 1002 379 et
1037 352 1064 378 et
1086 347 1246 378 Romanae
1265 345 1436 384 Ecclesiae,
1460 343 1598 386 Sedique
1616 348 1653 375 'et
1666 341 1778 375 Came—
1797 327 1847 372 3¹51„
1863 326 1980 372 {iiiiiiffiss'

261 402 410 434 Gamerae
425 400 602 444 praedictae
617 401 778 439 ministris,
797 401 1000 439 officialibus,
1038 409 1090 431 rae
1122 399 1326 441 praedictae,
1355 398 1492 430 mediate
1521 397 1569 429 vel
1598 395 1782 428 immediate

262 464 317 485 seu
334 453 515 495 agentibus,
528 464 586 486 nec
600 464 664 486 non
681 453 817 486 duribus
828 463 1002 491 armorum,
1039 450 1281 493 quomodolibet
1297 450 1458 489 subiectis,
1474 450 1521 482 vel
1537 448 1612 481 alias
1626 458 1690 481 non
1709 448 1783 480 sub-

62 248 109 274 An.
127 247 155 273 C.
179 247 246 274 1597

261 505 446 548 capitaneis,
469 517 504 538 ac
523 506 676 539 militibus
695 506 812 538 dictam
834 515 1002 547 recupera-

263 558 378 590 tionem
410 558 672 601 procurantibus,
703 568 735 590 se
755 563 930 600 opponant,
952 562 1006 589 aut

263 611 526 654 impedimentum
556 611 685 654 aliquod
707 611 855 650 inferant,
879 611 925 643 vel
946 609 1004 653 ipsi

264 664 400 703 Caesari,
424 669 454 696 et
478 663 547 696 aliis
565 663 756 706 supradictis
774 664 805 696 in
826 662 1006 706 praemissis

263 727 467 760 quocumque
476 717 538 749 alio
553 716 662 755 modo,
672 717 809 759 cogitato
820 717 868 749 vel
880 715 1006 748 inexco-

262 769 373 813 gualo,
397 771 500 813 palam
522 770 569 803 vel
590 775 724 808 secreto,
740 769 884 802 similiter
901 780 957 812 per
973 780 1006 802 se

263 822 310 855 vel
328 833 384 865 per
401 822 479 855 alios
499 833 705 861 eonsensum,
731 822 898 862 auxilium,
923 832 1003 855 con-

263 874 367 907 silium
387 876 433 908 vel
452 876 591 908 favorem
610 879 779 918 praestent.
798 876 832 907 Et
850 881 1007 917 quatenus

264 927 326 959 iam
344 928 483 967 foedera,
504 928 683 967 societates,
698 932 752 960 aut
769 927 932 971 pactiones
951 928 1007 960 ali-

264 990 342 1022 quas
360 979 392 1011 in
411 980 642 1022 praeiudicium
656 985 814 1019 nostrum,
832 980 1007 1013 Romanae-

1040 503 1129 535 iertis
1143 503 1289 535 similiter
1300 503 1440 535 districte
1455 501 1681 545 praecipiendo
1695 511 1784 533 man-

1041 556 1166 594 damus,
1186 566 1225 587 ne
1244 555 1282 587 de
1311 561 1437 587 caetero
1455 554 1612 597 stipendia
1631 553 1784 596 praedicti

1041 608 1195 648 Caesaris,
1213 614 1264 640 aut
1281 608 1308 640 ei
1326 607 1446 640 directe
1470 608 1515 639 vel
1533 606 1700 646 indirecte,
1720 617 1782 649 pu-

1042 661 1122 693 blice
1136 662 1182 693 vel
1196 661 1331 699 occulte,
1349 660 1461 703 quovis
1473 660 1579 698 modo,
1598 664 1633 692 ut
1646 660 1785 702 praefer-

1042 720 1105 752 tur,
1120 713 1376 752 adbaerentimn,
1396 712 1680 750 consentientium,
1699 712 1787 744 auxi-

1041 767 1198 805 liantium,
1236 765 1494 805 consulentium,
1531 765 1578 797 vel
1613 765 1786 798 faventium

1042 825 1154 852 contra
1166 829 1224 852 nos
1237 825 1264 851 et
1276 819 1451 851 Romanam
1459 817 1644 857 Ecclesiam,
1656 817 1788 850 Sedeni-

1042 882 1104 914 que
1122 877 1150 904 ct
1173 871 1337 904 Cameram
1363 870 1559 914 praedictam
1586 880 1711 912 capere,
1731 879 1786 901 seu

1042 924 1100 957 sub
1118 924 1245 957 illorum
1260 923 1444 956 nominibus
1462 929 1493 956 et
1506 922 1688 965 insignibus
1705 922 1788 955 mili-

1042 984 1119 1015 tare,
1148 978 1194 1010 rel
1217 977 1293 1009 alias
1317 976 1377 1009 illis
1402 987 1433 1009 se
1451 976 1551 1019 ipsos,
1571 986 1788 1019 personasque

264 1044 326 1076 que
346 1033 505 1066 Ecclesiae
523 1039 553 1066 et
570 1033 670 1074 Sedis,
690 1044 726 1065 ac
746 1033 897 1066 Gamerae
918 1044 1007 1076 prae-
1043 1040 1127 1069 suas,
1142 1032 1190 1063 vel
1204 1039 1279 1062 suos
1294 1029 1422 1068 milites,
1443 1034 1498 1061 aut
1515 1028 1661 1061 subditos
1684 1034 1784 1061 etse-

264 1085 368 1119 dictae
399 1085 568 1124 iniverint,
598 1085 829 1124 concluserint,
857 1096 913 1118 seu
946 1086 1006 1117 iam

264 1138 404 1172 Caesaris
421 1143 452 1170 et
464 1138 600 1171 aliorum
615 1137 855 1181 praedictorum
873 1138 904 1170 in
918 1149 1008 1182 prae-

265 1190 366 1223 missis
384 1191 629 1234 protectionem,
649 1190 882 1229 defensionem,
902 1196 1007 1234 patro-

264 1243 397 1283 cinium,
420 1244 466 1276 vel
495 1244 628 1277 tutelam
656 1244 864 1287 susceperint,
884 1246 929 1278 vel
948 1255 1004 1277 su-

263 1296 385 1340 scipere
398 1296 616 1340 promiserint,
631 1297 753 1329 etiamsi
767 1297 849 1329 dit-ta
866 1297 1005 1337 foedera,

264 1349 445 1388 societateS,
463 1348 639 1393 pactiones,
654 1349 881 1392 protectiones,
900 1355 1008 1393 patro—

264 1401 346 1434 cinia
377 1407 407 1434 et
434 1402 662 1444 promissiones
691 1402 872 1445 aliquarum
901 1405 1006 1436 forsan

264 1465 439 1498 poenarum
467 1455 646 1488 adiectione
674 1456 829 1495 munitae,
848 1467 884 1489 ac
917 1457 1004 1490 iura-

266 1513 374 1540 mento
393 1508 523 1541 vallatae
540 1509 613 1547 sint,
643 1519 682 1541 ne
710 1509 856 1542 similiter
884 1510 953 1542 illas
977 1516 1007 1543 et

266 1560 319 1592 illa
336 1560 536 1599 continuent,
551 1560 798 1604 prosequantur,
809 1568 864 1595 aut
875 1574 1007 1606 quoquo

265 1613 361 1646 modo
379 1614 573 1657 adimpleant
590 1615 635 1648 vel
650 1614 827 1648 observent.
844 1616 906 1649 Nos
923 1616 1006 1649 enim

264 1666 317 1699 illa
350 1666 457 1699 omnia
486 1672 517 1700 et
549 1667 673 1710 singula
702 1667 843 1711 ipsorum
880 1674 1008 1701 tenores

264 1719 487 1763 praesentibus
500 1730 558 1763 pro
576 1720 731 1762 expressis
748 1720 912 1760 habentes,
932 1727 1005 1754 tan-

266 1783 361 1815 quam
381 1772 511 1813 iniusta,
527 1772 637 1806 illicita
660 1779 687 1806 et
703 1773 825 1816 iniqua,
845 1780 875 1807 et
898 1780 1008 1807 contra

265 1832 410 1860 nostrum
425 1831 456 1859 et
469 1826 500 1859 S.
522 1827 558 1859 R.
578 1827 611 1860 E.
633 1826 786 1869 Sedisque
804 1833 834 1860 et
860 1828 1009 1860 Gamerae

265 1880 465 1923 Apostolicae
478 1885 608 1919 statum,
628 1886 656 1913 et
678 1879 831 1913 adversus
851 1881 1006 1913 immuni-

266 1938 363 1965 tatem
387 1937 418 1965 et.
441 1932 621 1966 libertatem
647 1932 894 1966 ecclesiasticam
918 1933 1008 1973 inita,

265 1986 348 2019 facta
372 1991 402 2018 et
431 1992 597 2029 suscepta,
628 1997 691 2019 una
719 1997 792 2019 cum
822 1986 1010 2020 iuramentis

267 2039 426 2081 praestitis
451 2038 537 2071 nulla
561 2045 591 2071 et
616 2039 704 2071 irrita
726 2049 805 2078 esse,
826 2045 856 2072 et
875 2050 939 2073 non
958 2046 1007 2073 te-

267 2101 354 2131 nere,
374 2090 535 2133 nullisque
552 2091 672 2124 viribus
697 2092 870 2125 subsistere
895 2099 922 2125 et
949 2104 1007 2126 ne—

268 2144 357 2181 mini,
379 2145 554 2188 quominus
576 2154 726 2177 censuras
752 2145 930 2188 praedictas
957 2146 1007 2178 in-

268 2203 409 2237 currant,
432 2197 664 2241 impedimento
690 2208 769 2235 esse,
795 2204 851 2231 aut
876 2208 1008 2231 excusa—

269 2251 387 2283 tionem
401 2250 514 2282 asferre
525 2260 618 2293 posse
632 2251 843 2290 declaramus,
856 2256 887 2284 et
897 2250 1011 2284 nihilo-

269 2303 375 2336 minus
393 2313 451 2346 pro
474 2301 586 2335 maiori
609 2301 867 2346 supradictorum
888 2304 1011 2336 cautela

224 2390 227 2393 ,
270 2355 353 2388 dicta
367 2356 546 2389 iuramenta
560 2358 666 2388 forsan
680 2356 841 2399 praestita,
854 2362 1012 2399 quatenus

131 2566 256 2587 Prohibetur

75 2593 183 2619 quominus
211 2594 257 2619 quis

76 2619 113 2640 sub
147 2620 258 2646 stipendiis

270 2419 350 2452 opus
364 2408 415 2448 sit,
434 2414 544 2442 tenore
562 2409 791 2452 praesentium,
812 2409 931 2443 eisdem
958 2419 1009 2443 re-

271 2462 428 2494 mittimus
442 2466 472 2494 et
486 2462 675 2505 relaxamus

317 2516 333 2555 ξ
362 2513 414 2546 273.
447 2513 584 2547 Caeteris
612 2520 775 2558 praeterea
801 2514 1010 2558 principibus,

273 2567 420 2608 ducibus,
438 2567 691 2607 marchionibus,
713 2567 894 2608 comitibus,
913 2568 1011 2601 baro-

273 2620 380 2660 nibus,
400 2620 589 2661 domicellis,
612 2621 808 2661 feudatariis,
829 2621 967 2655 vassallis
985 2627 1014 2655 et

1043 1093 1159 1126 quaces
1178 1084 1301 1121 locare,
1327 1088 1380 1115 aut
1406 1081 1511 1114 eidem
1538 1081 1664 1124 aliquod
1692 1080 1784 1113 auxi-

1042 1136 1134 1174 lium,
1146 1147 1239 1179 opem
1255 1137 1300 1168 vel
1314 1136 1465 1173 savorem,
1480 1141 1514 1167 ut
1528 1136 1718 1178 praefertur,
1731 1144 1788 1177 per

1043 1200 1075 1222 se
1099 1190 1146 1221 vel
1170 1189 1250 1221 alios
1282 1188 1513 1232 quoquomodo
1535 1193 1695 1231 praestare
1724 1198 1784 1220 au-

1043 1243 1150 1276 deant.
1166 1242 1363 1281 Quinimmo,
1378 1241 1402 1273 si
1417 1240 1471 1283 qui
1484 1251 1556 1273 cum
1568 1240 1688 1274 eisdem
1703 1251 1788 1274 nunc

1043 1302 1130 1336 sunt,
1149 1302 1204 1328 aut
1221 1305 1333 1328 eorum
1361 1294 1519 1338 stipendia
1544 1294 1717 1337 recipiunt,
1743 1295 1789 1327 vel

1043 1349 1101 1382 sub
1120 1349 1261 1392 ipsorum
1280 1347 1469 1381 nominibus
1486 1353 1516 1380 et
1534 1347 1712 1389 insignibus
1730 1347 1788 1379 mi-

1042 1402 1136 1435 litant
1149 1402 1237 1443 <cum
1252 1401 1284 1433 in
1299 1411 1505 1443 quacumque
1518 1399 1715 1443 obligatione
1733 1410 1785 1432 re-

1042 1455 1193 1494 verentia,
1222 1454 1301 1486 fides
1325 1459 1356 1486 et
1380 1453 1565 1486 obedientia
1590 1453 1620 1486 S.
1642 1453 1678 1485 R.
1694 1453 1730 1499 E.
1752 1463 1788 1485 ac

1043 1509 1186 1541 Romano
1218 1507 1365 1540 Pontifici
1395 1506 1523 1544 dehita,
1550 1517 1677 1550 semper
1705 1507 1789 1539 salva

1042 1567 1137 1604 atquc
1157 1566 1288 1603 excepta
1304 1561 1344 1594 sit
1361 1567 1391 1593 et
1412 1571 1480 1593 esse
1499 1560 1708 1603 intelligatur,
1729 1570 1789 1593 nec

1042 1614 1106 1646 ulla
1119 1613 1344 1657 promissionis
1361 1619 1413 1646 aut
1430 1613 1639 1656 obligationis
1652 1612 1789 1646 formula

1043 1673 1153 1700 contra
1174 1667 1371 1710 praedictam
1398 1667 1575 1699 Romanam
1601 1666 1787 1705 Ecclesiam,

1044 1721 1215 1764 ipsumque
1240 1720 1419 1753 Romanum
1451 1719 1639 1752 Pontificem
1670 1729 1786 1762 quem-

1044 1784 1139 1817 quam
1154 1772 1286 1815 obliget,
1305 1777 1359 1805 aut
1372 1772 1485 1814 quovis
1498 1772 1596 1804 modo
1620 1777 1719 1804 arctet
1743 1772 1791 1804 ve}

1045 1826 1233 1868 adstringat,
1250 1831 1281 1858 et
1295 1836 1519 1868 quaecumque
1540 1824 1721 1869 promissio,
1739 1830 1787 1857 at-

1045 1890 1106 1923 que
1135 1879 1288 1922 obligatio
1319 1884 1430 1911 contra
1463 1878 1582 1911 dictam
1613 1878 1790 1911 Ecclesiam

1045 1933 1291 1975 Romanumque
1319 1931 1522 1967 Pontificem,
1552 1937 1587 1963 ut
1615 1931 1792 1974 praefertur

1044 1986 1126 2019 facta
1144 1990 1174 2017 et
1193 1990 1348 2028 concepta
1361 1995 1399 2018 eo
1413 1985 1482 2027 ipso
1500 1984 1586 2017 nulla
1605 1983 1742 2016 invalida
1761 1989 1790 2017 et

1046 2039 1138 2072 irrita
1151 2038 1276 2078 existat,
1292 2044 1323 2071 et
1340 2038 1460 2071 nullius
1478 2038 1520 2070 sit.
1532 2036 1657 2070 roboris
1670 2047 1706 2069 ac
1724 2047 1792 2070 mo-

1047 2091 1159 2134 menti)
1181 2097 1216 2124 ut.
1233 2091 1316 2124 infra
1330 2097 1402 2124 octo
1420 2091 1489 2124 dies
1506 2095 1577 2134 post
1598 2089 1792 2133 publicatio-

1046 2155 1118 2178 nem
1148 2144 1366 2188 praesentium
1392 2143 1580 2177 immediate
1608 2148 1790 2185 sequentes,

1046 2198 1085 2229 ab
1126 2198 1195 2240 ipso
1225 2197 1356 2230 Caesare
1392 2197 1487 2239 cique
1521 2195 1788 2235 adhaerentibus,

1047 2249 1334 2290 consentientibus,
1354 2249 1595 2288 auxiliantibus,
1616 2249 1788 2281 consulen-

1048 2302 1144 2341 tibus
1165 2303 1211 2334 vel
1229 2301 1408 2335 faventibus
1429 2301 1627 2340 huiusmodi,
1659 2311 1789 2334 eorum-

1048 2366 1110 2398 que
1145 2355 1281 2388 scrvitiis
1298 2383 1304 2394 ,
1343 2355 1510 2399 stipendiis
1545 2361 1576 2388 et
1613 2354 1792 2398 insignibus

1048 2408 1180 2441 omnino
1198 2408 1360 2449 recedant,
1378 2408 1497 2451 pariter
1521 2407 1720 2450 iniungimus
1740 2413 1790 2441 at-

1049 2472 1110 2505 que
1126 2461 1353 2504 praecipimus.

1094 2515 1108 2556 ξ
1126 2514 1178 2547 24.
1199 2515 1233 2547 ln
1248 2524 1360 2547 omncs
1374 2524 1447 2547 vero
1461 2519 1492 2546 et
1516 2514 1660 2557 singulos
1678 2524 1713 2547 cx
1734 2515 1791 2554 εἰς,

1051 2624 1165 2662 facere,
1185 2621 1233 2654 vel
1254 2620 1350 2654 etiam
1377 2621 1482 2653 venire
1508 2621 1717 2661 tentaverint,
1740 2630 1796 2653 seu

1844 2518 1928 2538 Poenae
1944 2522 1994 2536 eon-

1810 2546 1842 2565 tra
1872 2542 1993 2564 inobedit-n-

1050 2568 1104 2611 qui
1120 2573 1231 2600 eontra
1246 2567 1433 2600 mandatum
1449 2572 1595 2600 nostrum
1610 2566 1793 2599 huiusmodi
1810 2573 1848 2591 ¹⁰³-
