2253 3195
37 203 86 231 An.
103 203 132 230 C.
154 202 222 230 1594

86 1162 227 1183 tut-amentum

43 1191 70 1210 ab
80 1189 111 1210 eis
120 1190 227 1215 praestan-

43 1216 98 1237 dune

70 1854 109 1878 Qut
120 1855 231 1877 facultates

47 1881 186 1903 admissiones
199 1889 232 1904 ne-

48 1909 152 1929 cessat-ias
171 1916 183 1930 a
201 1916 232 1931 re-

49 1936 107 1964 ctore
118 1938 139 1956 et
149 1937 232 1962 provin-

48 1961 97 1982 matt
134 1963 232 1989 recipere

49 1986 131 2009 debent.

849 203 996 228 CLEMENS
1016 203 1074 227 VIII
1096 203 1147 227 PP.

236 251 402 284 uariorum
424 251 536 284 litteris
556 251 835 291 dimissor-ialibus,
858 262 895 284 ac
915 251 982 284 sine

236 303 344 347 aliquo
363 303 524 341 beneficii,
552 305 598 336 vel
619 304 804 348 patrimonii
826 304 930 343 titulo,
952 310 981 337 et

237 366 301 389 non
321 357 467 389 obstante
488 356 600 400 quovis
622 357 775 389 natalium
789 357 926 393 defectu,
943 357 983 389 ad

237 420 359 449 omnes,
377 409 472 442 etiam
494 421 602 442 sacros
623 415 651 442 et
673 410 911 454 presbyteratus
932 420 982 443 or-

237 462 338 502 dines,
363 472 380 494 a
400 462 565 506 quibusvis
585 462 838 505 archiepiscopis
857 468 888 495 ct
911 462 980 505 epi-

237 516 353 560 scopis,
388 516 523 557 gratiam
550 522 579 549 et
610 516 874 549 communionem
901 517 984 560 Apo-

238 570 369 603 stolicae
393 569 482 603 Sedis
504 569 697 602 habentibus
721 569 926 612 promoveri,
955 575 985 602 et

238 622 379 667 promoti
401 622 463 656 illis
484 622 579 655 etiam
612 622 644 655 in
676 622 784 655 altaris
806 622 984 655 ministerio

240 676 441 716 ministrare,
471 682 569 720 utque
600 675 658 719 ipsi
689 676 923 720 archiepiscopi
955 681 986 709 et

239 729 380 774 episcopi
406 729 544 762 alumnis
571 729 743 772 praedictis
768 729 897 762 ordines
924 729 984 761 hu-

239 783 379 816 iusmodi
400 783 546 816 conferre
567 782 666 815 libere
688 788 718 815 ct
738 782 822 815 licite
842 783 981 822 valeant,

241 836 518 881 quemadmodum
563 836 699 878 collegio
738 836 914 878 Anglorum
953 836 984 868 in

239 890 325 924 Urbe
343 890 489 923 instituto
509 890 694 923 huiusmodi
717 901 734 922 a
755 890 854 923 felicis
875 900 985 923 recor-

241 945 378 978 dationis
397 944 554 987 Gregorio
567 945 624 977 Pr.
646 945 723 984 XIII,
739 943 986 987 praedecessore

241 1004 362 1039 nostro,
385 1008 573 1031 concessum
595 1003 650 1037 est,
675 998 713 1030 de
734 997 879 1041 specialis
901 998 986 1031 dono

242 1051 363 1094 gratiae
384 1051 617 1094 dispensamus.

287 1105 301 1148 ἕξ
328 1104 380 1138 «11.
408 1106 452 1138 Ac
477 1105 608 1149 insuper
637 1105 876 1145 iuramentum,
900 1105 986 1149 quod

243 1159 347 1192 solent
368 1164 532 1202 praestare
552 1158 674 1191 alumni
703 1158 829 1201 collegii
855 1158 987 1201 Angliae

244 1212 282 1245 de
302 1212 386 1245 Urbe
407 1218 479 1255 post
499 1222 551 1244 sex
573 1222 699 1245 menses
719 1222 849 1244 suarum
871 1223 987 1256 appro-

242 1265 410 1299 bationum
428 1276 488 1309 pro
508 1265 642 1298 arbitrio
663 1265 809 1305 rectoris,
826 1266 982 1305 videlicet,

243 1330 276 1353 se
295 1324 424 1363 paratos
445 1319 514 1352 sore
534 1319 573 1352 de
603 1319 755 1352 mandato
783 1319 987 1363 superiorum

243 1372 326 1406 dict'r
341 1371 469 1414 collegii
487 1372 582 1405 vitam
609 1372 857 1406 ecclesiasticam
883 1379 912 1406 et
933 1383 985 1406 sa-

244 1436 316 1460 cros
337 1425 467 1459 ordines
487 1426 659 1470 suscipere,
688 1432 717 1459 et
739 1425 855 1459 deinde
875 1426 907 1459 in
927 1429 990 1460 An-

224 1505 226 1507 .
244 1479 341 1522 gliam
362 1479 403 1512 ad
421 1479 575 1512 iuvandas
592 1479 715 1512 animas
726 1479 898 1522 proficisci,
916 1490 988 1513 een-

243 1543 351 1566 semus
373 1532 404 1565 in
422 1532 484 1565 hoc
496 1542 579 1565 novo
593 1532 730 1574 collegio
744 1532 986 1574 instituendum,

243 1597 280 1620 ac
305 1586 497 1620 electionem
523 1586 618 1619 huius
642 1586 796 1630 temporis
826 1593 856 1620 et
881 1597 990 1630 perso-

244 1651 358 1674 narum
374 1640 603 1673 mittendarum
617 1639 736 1673 iudicio
749 1640 881 1674 rectoris
893 1640 991 1684 ipsius

245 1694 318 1728 novi
346 1694 474 1737 collegii
494 1694 700 1733 remittimus,
729 1705 802 1727 cum
832 1695 992 1738 approba-

244 1747 332 1781 tione
352 1758 412 1791 pro
431 1746 564 1780 vinculis
586 1747 690 1780 dictae
711 1747 895 1780 Societatis..

291 1803 308 1844 g
332 1800 385 1834 ¹1⁹2.
414 1801 472 1840 Qui
494 1807 600 1834 rector
620 1811 693 1833 cum
712 1800 781 1844 ipso
802 1800 990 1844 provinciali

248 1855 470 1888 sacerdotibus
484 1854 648 1888 mittendis
669 1854 700 1887 in
722 1854 869 1897 Angliam
890 1860 921 1887 et.
940 1853 989 1887 IIi-

248 1908 394 1942 berniam
416 1908 598 1941 facultatem
619 1907 866 1941 administrandi
884 1907 993 1940 omnia

248 1967 447 1995 sacramenta
469 1961 694 2000 ecclesiastica,
711 1961 851 2005 exceptis
870 1960 992 1994 Confir-

249 2014 398 2048 mationis
419 2021 620 2048 sacramento
646 2020 676 2048 et
696 2014 835 2053 Ordinis,
856 2024 993 2047 necnon

248 2079 468 2112 quascumque
489 2079 642 2112 personas
672 2068 702 2100 in
730 2068 865 2111 Anglia,
889 2068 994 2101 Scotia

248 2122 297 2155 rel
321 2121 474 2154 Hibernia
491 2128 730 2154 commorantes
762 2121 802 2154 ad
833 2121 992 2164 gremium

248 2176 278 2209 S.
302 2174 408 2208 Matris
428 2174 587 2208 Ecclesiae
612 2180 832 2215 recurrentes,
857 2180 910 2207 aut
931 2175 994 2207 iarn

248 2229 307 2261 sub
340 2239 377 2261 ea
407 2228 567 2268 viventes,
599 2227 856 2261 confessionibus
884 2238 993 2261 earum

249 2282 421 2324 diligenter
441 2281 577 2322 auditis,
601 2281 640 2314 ab
662 2281 812 2314 omnibus
832 2281 971 2325 peccatis
985 2309 992 2322 ,

250 2336 449 2375 excessibus,
481 2335 624 2368 censuris
653 2340 684 2368 et
712 2334 854 2375 delictis,
887 2345 992 2379 quan-

252 2396 460 2432 tumcumque
476 2389 626 2431 gravibus
639 2395 669 2421 et
683 2388 880 2429 enormibus,
898 2388 995 2421 etiarn

253 2443 284 2475 in
301 2442 416 2475 litteris
437 2442 468 2474 in
490 2442 540 2475 die
564 2443 685 2476 Coenae
705 2442 842 2475 Domini
861 2441 923 2483 legi
944 2451 996 2474 so-

253 2495 335 2535 litis,
365 2495 523 2528 contentis
554 2502 585 2529 et
613 2495 686 2529 Sedi
716 2494 918 2539 Apostolicae
944 2505 996 2528 re-

253 2548 384 2582 servatis
405 2548 663 2592 (conspirationis
688 2548 720 2581 in
751 2558 923 2592 personam
948 2548 997 2581 vel

253 2603 377 2636 Statum
394 2601 530 2635 Romani
550 2602 725 2642 Pontificis‚
750 2601 894 2635 salsitatis
915 2601 997 2635 litte-

1668 189 1723 222 141

1018 261 1127 283 rarum
1156 255 1188 283 et
1218 249 1451 293 scripturarum
1486 247 1758 292 apostolicarum,

1017 303 1185 336 delationis·
1199 313 1376 341 armorum,
1392 302 1439 335 vel
1459 301 1595 334 aliorum
1618 300 1762 344 prohihi-

1018 362 1122 389 torum
1151 357 1190 389 ad
1223 361 1328 400 partes
1355 355 1557 393 infidelium,
1582 354 1763 387 iniectionis

1019 420 1171 442 manuum
1194 409 1407 442 violentarum
1434 409 1465 441 in
1487 408 1646 452 praelatos
1672 407 1764 440 dum-

1019 468 1099 495 taxat
1122 462 1273 505 exceptis)
1292 461 1489 501 absolvendi,
1507 467 1537 495 et
1557 471 1670 494 omncs
1685 460 1763 493 alias

1017 516 1057 548 ad
1079 515 1319 548 conversionem
1340 515 1521 547 :mimarum
1543 519 1575 547 et
1594 514 1763 546 haeresum

1018 568 1262 611 extirpationem
1284 573 1464 611 spectantes
1480 595 1487 607 ,
1512 573 1543 600 et
1568 567 1765 600 necessarias

1020 621 1185 654 facultates
1205 631 1223 653 a
1247 621 1399 654 Romanis
1428 620 1637 653 Pontificibus
1666 630 1762 664 prae-

1019 675 1243 707 decessoribus
1261 674 1378 707 nostris
1399 674 1468 707 aliis
1489 674 1710 707 sacerdotibus
1724 674 1764 706 ad

1020 728 1079 761 hoe
1101 739 1181 771 opus
1202 733 1294 760 antea
1317 727 1420 760 missis
1441 727 1616 767 concessis,
1640 727 1762 771 imper-

1021 786 1148 813 tumtur.

1775 197 1824 225 An,
1847 198 1874 225 C.
1893 198 1962 226 1594

1065 838 1080 876 ξ
1106 833 1154 868 13.
1178 834 1213 866 Et
1232 839 1265 866 ut
1285 833 1461 877 praemissa
1478 833 1586 866 omnia
1604 844 1697 867 suum
1712 834 1764 867 de·
1813 846 1901 875 eoitegn
1916 852 1967 866 cura

1781 874 1904 899 praeposito
1915 899 1918 901 Α
1933 878 1967 897 ge-

1020 887 1122 920 bitum
1143 893 1382 931 consequantur
1402 887 1563 926 effectum,
1579 886 1721 929 regimen
1737 893 1767 920 et
1783 901 1848 929 ..a-..n
1869 900 1966 919 δυσκη-

1020 942 1212 985 gubernium
1235 953 1270 976 ac
1291 948 1407 976 statum
1425 942 1520 975 huius
1533 942 1606 975 novi
1621 942 1764 984 collegii,
1783 927 1967 976 iiitirffffloeuu'ut'

1021 1006 1106 1028 nunc
1132 1002 1160 1029 et
1192 1007 1251 1039 pro
1282 1002 1427 1039 tempore
1453 995 1597 1028 existenti
1623 995 1765 1037 generali

1021 1048 1187 1082 Societatis
1207 1050 1287 1085 Iesu,
1313 1054 1343 1081 ut
1363 1049 1401 1082 de
1422 1054 1548 1081 rectore
1569 1054 1599 1081 ct
1620 1048 1690 1081 aliis
1708 1048 1767 1080 mi-

1021 1103 1129 1136 nistris
1149 1102 1382 1135 sufficientibus
1402 1107 1432 1135 et
1446 1102 1570 1135 idoneis
1584 1101 1670 1135 dicto
1684 1112 1769 1134 novo

1021 1155 1158 1198 collegio
1183 1166 1241 1199 pro
1262 1161 1407 1199 tempore
1426 1151 1596 1198 providere
1617 1160 1718 1191 curet,
1736 1154 1767 1186 in

1022 1209 1158 1243 Domino
1184 1208 1360 1252 plurimum
1383 1208 1663 1242 commendamus.

1067 1265 1082 1302 ἓ
1104 1262 1341 1296 ’14.ΙΙοι“Ιειι]ῐ(·.ς
1356 1273 1485 1306 quoque
1508 1262 1629 1296 dictum
1650 1261 1769 1296 Guliel-
1812 1271 1850 1308 ¹ux
1867 1270 1970 1309 cardin-att

1023 1327 1111 1349 mum
1133 1316 1349 1352 cardinalem,
1374 1326 1470 1359 quem
1491 1316 1532 1348 ob
1554 1315 1622 1349 eius
1643 1315 1766 1348 doctri·
1785 1298 1970 1345 slllll.⁰⁰“¹¹¹¹²¹¹‘

1023 1381 1108 1410 nam,
1133 1369 1362 1412 integritatem,
1387 1369 1603 1413 prudentiam,
1618 1369 1770 1413 pietatem

1023 1424 1166 1467 aliasque
1187 1423 1286 1456 animi
1308 1423 1440 1456 eximias
1460 1423 1561 1463 dotes,
1578 1433 1637 1455 nec
1651 1432 1716 1455 non
1730 1422 1771 1456 ob

1024 1478 1153 1519 longam
1182 1476 1431 1519 Anglicanarum
1463 1487 1572 1509 rerum
1604 1475 1773 1520 experien-

1025 1531 1100 1564 tiam
1126 1537 1155 1564 et
1183 1541 1276 1563 usum
1299 1530 1329 1563 in
1356 1530 1521 1564 mittendis
1546 1536 1574 1563 et
1600 1529 1772 1573 providen-

1025 1585 1072 1619 dis
1093 1584 1249 1629 operariis
1273 1585 1312 1617 ad
1335 1584 1421 1616 illam
1443 1583 1648 1623 necessariis,
1673 1589 1703 1617 et
1732 1584 1772 1617 ob

1024 1638 1233 1679 singularem,
1258 1648 1354 1681 quem
1376 1647 1452 1679 erga
1477 1647 1551 1670 suos
1570 1636 1653 1670 cives
1675 1647 1770 1670 amo-

1026 1702 1093 1724 rem
1113 1691 1204 1734 gerit⁷
1220 1691 1260 1724 ad
1281 1690 1313 1724 id
1335 1700 1453 1723 munus
1473 1689 1674 1734 aptissimum
1697 1700 1773 1723 con-

1026 1744 1168 1785 fidimus,
1191 1755 1228 1777 ac
1254 1743 1481 1787 Hispaniarum
1503 1752 1613 1785 regem
1640 1742 1774 1775 catholi-

1027 1808 1116 1838 cum,
1140 1808 1199 1831 nec
1219 1808 1284 1830 non
1305 1796 1583 1841 archiepiscopos,
1607 1796 1776 1841 episcopos

1027 1858 1057 1884 et
1074 1851 1154 1884 alios
1174 1851 1346 1894 praelatos,
1371 1861 1407 1882 ac
1424 1856 1652 1894 procuratores
1666 1855 1695 1882 et
1709 1849 1775 1893 pri-

1028 1912 1128 1938 mates
1149 1904 1310 1937 dictorum
1331 1913 1505 1946 regnorum
1527 1903 1753 1947 Hispaniarum
1766 1931 1773 1945 ,

1028 1965 1058 1992 et
1078 1958 1269 2003 praesertim
1290 1957 1493 1990 assistentem
1519 1957 1551 1989 in
1568 1957 1669 1990 dicta
1700 1956 1777 1990 civi·

1030 2017 1092 2045 tate
1112 2011 1291 2055 Hispalensi
1313 2016 1343 2044 et
1364 2011 1443 2044 alios
1464 2011 1572 2053 regios
1593 2010 1773 2050 ministros,

1028 2072 1063 2099 ut
1083 2065 1170 2099 dicto
1190 2076 1274 2099 novo
1295 2064 1432 2107 collegio
1453 2065 1484 2097 in
1508 2064 1659 2098 omnibus
1681 2074 1776 2108 opem

1030 2121 1145 2159 serant,
1167 2119 1227 2162 ipsi
1247 2119 1408 2153 Gulielmo
1431 2118 1588 2151 cardinali
1615 2119 1775 2151 mandan-

1030 2179 1085 2213 tes,
1110 2178 1145 2205 ut
1164 2172 1261 2205 huius
1280 2171 1408 2214 collegii
1429 2182 1538 2204 curam
1567 2170 1599 2203 in
1619 2170 1774 2214 spiritua-

1030 2226 1113 2259 libus
1133 2224 1297 2269 suscipiat‚
1314 2230 1412 2268 utque
1433 2225 1472 2257 de
1493 2224 1632 2257 alumnis
1653 2223 1778 2257 idoneis

1030 2279 1210 2324 provideam
1234 2278 1437 2322 praedictum
1457 2288 1533 2311 vero
1553 2288 1660 2320 regem
1679 2283 1710 2310 et
1727 2288 1777 2311 as-

1030 2332 1194 2366 sistentem
1221 2331 1252 2364 in
1278 2331 1361 2365 dicta
1384 2331 1509 2364 civitate
1530 2331 1721 2375 Hispalensi‚
1744 2337 1778 2364 ut

1031 2385 1125 2418 huius
1145 2385 1220 2418 novi
1241 2384 1368 2427 collegii
1391 2390 1419 2417 et
1447 2395 1660 2428 personarum
1687 2384 1719 2417 in
1740 2395 1778 2418 eo
1815 2412 1818 2413 γ

1030 2449 1089 2483 pro
1111 2444 1258 2482 tempore
1279 2438 1464 2479 degentium
1487 2437 1710 2471 omnimodam
1724 2449 1779 2471 cu-

1030 2504 1111 2534 ram,
1126 2492 1345 2526 defensionem
1361 2497 1390 2525 et
1404 2492 1638 2536 protectionem
1655 2491 1686 2524 in
1700 2496 1780 2525 tem·

1031 2547 1197 2592 poralibus
1217 2545 1404 2590 suscipiant,
1429 2544 1552 2589 ipsique
1577 2555 1637 2589 pro
1655 2551 1776 2586 nostra,

1032 2606 1060 2634 et
1089 2600 1194 2634 dictae
1224 2599 1314 2634 Sedis
1345 2598 1549 2644 Apostolicae
1573 2599 1777 2639 reverentia,
