2253 3195
26 222 67 248 ln.
85 220 114 248 C.
132 218 200 246 46th

37 547 120 570 'Mul-iia
135 552 146 566 a
158 545 197 566 sra-

25 575 81 596 ribus
100 574 120 594 iu
136 579 198 593 noso-

23 600 198 623 :unniisohoumtm

824 219 971 243 etmtnxs
991 218 1049 242 vttt
1070 219 1120 242 PP.

212 267 286 300 fidei
307 267 554 311 protestationes
579 267 738 301 faciendas
758 267 878 300 hortari
896 295 902 307 ,
927 273 954 300 et

212 320 449 362 agonizantium
477 321 600 354 animas
629 322 693 354 Deo
714 322 954 359 commendare,

212 373 340 417 aliaque
361 373 478 406 similia
493 374 618 417 pietatis
633 374 737 406 ottlcia
758 374 878 406 eisdem
899 374 956 406 im-

212 427 365 470 pendere.

258 482 274 523 Ξ
293 481 344 513 19.
373 482 475 525 Atque
501 487 534 514 ut
556 481 677 514 facilius
697 481 867 524 impleatur
891 480 954 513 mi-

212 533 380 566 nisterium
393 540 550 573 nostrum,
566 534 683 577 quibus
698 534 727 566 in
748 533 953 572 nosocomiis,

212 587 260 619 vel
282 593 415 631 propter
436 587 481 620 rei
508 587 675 620 familiaris
700 587 880 629 angustias,
908 587 955 619 vel

211 646 347 683 propter
374 640 468 672 aliam
500 640 679 683 quamlibet
715 639 954 679 difficultatem,

211 693 412 726 necessarius
440 699 567 737 patrum
599 699 629 725 ct
649 694 783 726 fratrum
804 703 959 726 numerus

211 746 251 779 ad
265 746 429 790 praedicta
442 746 605 780 charitatis
623 747 726 779 oflicia
741 747 900 786 obeunda,
918 746 958 778 ali

212 806 242 834 et
261 800 434 834 sustentari
455 811 519 833 non
545 806 661 844 potest,
686 812 758 834 cum
778 800 881 833 maior
897 811 958 833 nu—

212 865 320 888 merus
341 861 525 888 nostrorum
548 866 616 888 esse
638 855 751 888 debeat
785 854 954 887 ministro-

211 919 283 942 rum
305 909 580 942 mercenariorum
596 919 743 949 numero,
761 908 814 952 qui
836 908 867 941 in
883 908 957 951 ipsis

211 963 407 996 nosocomiis
417 963 528 996 haberi
542 963 656 996 solitus
676 963 957 1003 est(saecularium

212 1015 296 1049 enim
319 1026 456 1060 corpora
473 1016 657 1049 robustiora
674 1021 757 1055 sunt,
786 1021 881 1059 atque
899 1026 958 1048 va-

212 1068 328 1102 lidiora
339 1079 434 1112 quam
456 1069 706 1111 religiosorum),
730 1069 898 1101 statuimus
923 1074 958 1101 ut

213 1127 304 1165 pater
321 1123 480 1164 generalis
498 1128 528 1155 et
549 1123 750 1156 consultores
767 1123 814 1155 vel
829 1123 958 1166 provin-

213 1175 320 1215 ciales,
344 1186 399 1208 seu
421 1176 474 1208 alii
495 1175 671 1217 Religionis
690 1175 885 1219 superiores,
910 1175 957 1208 di-

213 1229 378 1271 ligentiam
405 1229 620 1262 adhibendam
643 1235 774 1270 curent,
792 1235 828 1262 ut
848 1239 957 1262 neces-

212 1282 295 1315 saria
314 1282 397 1316 vitae
421 1283 604 1326 praesidia,
637 1283 736 1316 victus
762 1282 957 1326 vestitusque

212 1335 330 1369 nostris
350 1336 495 1379 patribus
508 1342 538 1369 et
559 1336 710 1369 fratribus
730 1346 827 1380 supra
844 1346 956 1369 nume-

213 1399 283 1422 rum
294 1389 497 1433 praedictum
513 1390 787 1423 mercenariorum
797 1389 827 1422 in
836 1390 956 1423 eisdem

213 1442 292 1475 locis
312 1442 502 1485 degentibus
522 1442 817 1476 subministrentur.
840 1444 957 1476 Decer-

214 1501 325 1529 nentes
348 1502 514 1540 praeterea
545 1502 581 1529 ut
607 1496 744 1529 ministri
777 1497 958 1530 saeculares

214 1554 245 1582 et
258 1549 448 1582 mercenarii
461 1551 671 1588 advocentur,
693 1549 956 1582 nosocomiorum

215 1603 364 1636 mercede
378 1603 540 1643 conducti,
561 1610 593 1636 ut
607 1603 701 1636 molis
715 1614 813 1637 onera
831 1604 954 1643 tollant,

213 1655 434 1699 graviorisque
454 1656 607 1700 ponderis
627 1667 700 1689 vasa
717 1657 763 1689 vel
779 1667 888 1694 aenea,
910 1657 957 1689 vel

213 1709 330 1751 lignea,
352 1715 502 1749 crateres,
521 1709 709 1749 curriculos,
733 1710 853 1743 lebetes
867 1716 898 1743 et
914 1710 959 1742 la-

214 1762 282 1802 bra,
296 1763 457 1805 grabatos,
474 1763 623 1796 culcitras
643 1763 795 1807 paleatas,
816 1763 959 1796 anaclin-

214 1815 305 1854 teria,
329 1815 544 1849 accubitorias
565 1817 705 1859 spondas
727 1822 955 1860 transportem,

214 1878 333 1912 prunas
363 1868 395 1901 in
428 1869 588 1902 clibanum
620 1875 650 1902 et
684 1869 716 1902 in
742 1869 847 1903 focum
872 1870 960 1912 ligna

215 1928 422 1965 componant,
439 1928 534 1966 atque
549 1924 757 1964 succendant,
770 1933 886 1966 aquam
900 1933 959 1967 po-

216 1975 332 2009 toriam
351 1982 540 2020 excoquant,
557 1977 726 2010 fasciculos
740 1977 804 2010 sire
817 1977 959 2010 sarcinas

215 2028 479 2062 indumentorum
491 2030 726 2072 aegrotantium
737 2037 876 2074 portent,
893 2041 960 2064 sor-

215 2082 306 2115 didas
326 2088 428 2116 vestes
448 2083 598 2123 abluant,
623 2089 653 2117 et
678 2084 718 2116 ad
744 2083 958 2118 foeminarum

214 2135 341 2168 lavacra
361 2135 525 2176 deserant,
549 2136 736 2170 demortuos
757 2136 906 2177 efferant,
930 2142 961 2170 et

214 2189 389 2232 sepeliant,
423 2189 568 2233 capsulas
599 2196 630 2222 et
659 2195 900 2232 unguentorum
923 2201 960 2223 ae

215 2242 360 2275 oleorum
382 2243 584 2286 repositoria,
599 2243 769 2285 chirurgos
789 2249 884 2286 atque
902 2254 961 2276 un-

215 2301 318 2329 ctores
346 2296 512 2340 sequendo
543 2296 787 2336 circumferant,
822 2307 959 2330 nosoco—

216 2349 355 2382 miorum
377 2349 560 2393 pavimenta
580 2355 709 2382 verrant
724 2355 819 2393 atque
840 2350 956 2389 lavent,

216 2412 316 2435 aenea
333 2403 380 2435 vel
402 2402 509 2444 lignea
530 2413 602 2435 vasa
630 2408 772 2445 tergant,
800 2403 936 2446 polubra
950 2430 957 2443 ,

216 2456 362 2496 matulas,
384 2456 507 2488 catillos
528 2461 558 2488 et
578 2455 640 2488 alia
662 2456 849 2488 huiusmodi
874 2467 956 2500 pur—

216 2514 440 2551 gamentorum
462 2519 535 2541 vasa
552 2514 695 2549 egerant,
708 2519 768 2541 nec
789 2509 959 2552 quisquam

216 2572 252 2595 ex
273 2562 390 2595 nostris
414 2563 453 2595 ad
475 2562 672 2605 praedictum
707 2562 959 2595 ministeriorum

216 2626 316 2657 genus
334 2615 556 2658 exequendum
577 2620 723 2648 tencatur
741 2626 797 2647 nec
819 2616 960 2659 compel-

1641 206 1704 240 (3:39

993 267 1088 307 latur,
1113 277 1185 299 cum
1209 266 1427 299 robustiorum
1446 276 1544 309 opera
1559 266 1631 306 sint,
1653 275 1735 309 quae

992 320 1123 363 quidem
1149 330 1166 352 a
1190 319 1363 363 praedictis
1393 319 1600 353 mercenariis
1621 319 1735 352 melius

992 373 1172 415 exiguntur.

1036 427 1051 469 ξ
1076 426 1128 460 ΞΟ.
1153 427 1329 460 Statuimus
1353 427 1470 465 etiam,
1498 437 1537 459 ne
1562 427 1733 470 quisquam

992 490 1026 513 ex
1035 481 1151 513 nostris
1165 480 1195 512 in
1208 481 1402 513 nosocomiis
1414 491 1546 514 munere
1560 480 1731 520 unctionis,

992 533 1179 577 clysterarii,
1204 534 1311 577 coqui,
1333 534 1534 574 cannavarii,
1564 534 1731 577 dispensa-

994 586 1091 627 toris,
1116 587 1259 620 custodis
1282 587 1438 626 vestium,
1463 587 1734 631 pharmacopolae

993 639 1152 681 fungatur,
1167 650 1271 683 neque
1283 640 1452 672 stultorum
1469 651 1524 673 seu
1536 640 1734 673 dementium

993 703 1103 726 euram
1126 699 1227 735 gerat,
1249 704 1353 737 neque
1369 694 1501 727 caeteris
1522 694 1654 727 omnino
1675 694 1735 727 hu—

994 745 1042 778 ius
1063 746 1189 788 generis
1207 747 1396 779 muneribus
1410 746 1627 791 praeficiatur.
1645 747 1735 786 Quod

993 799 1018 831 si
1036 799 1142 832 morbi
1164 800 1335 832 difficultas
1352 800 1459 843 aliqua
1481 800 1594 838 maior,
1618 801 1666 833 vel
1680 801 1738 833 ali-

993 852 1083 885 cuius
1110 853 1266 895 gravioris
1305 854 1527 897 impedimenti
1566 854 1737 887 necessitas

993 910 1164 949 patresque
1176 906 1354 950 fratresque
1366 912 1493 940 nostros
1505 907 1633 949 urgebit
1644 908 1738 949 (itaut

993 959 1120 1002 explere
1145 959 1242 992 officii
1267 960 1315 992 sui
1335 966 1442 1004 partes
1464 966 1494 993 et
1524 960 1735 994 ministerium

993 1012 1053 1045 hoc
1062 1013 1237 1056 spiritualis
1247 1019 1277 1046 et
1297 1014 1474 1057 corporalis
1495 1014 1737 1047 misericordiae

993 1066 1106 1109 exequi
1128 1077 1193 1099 non
1218 1072 1374 1110 possent),
1399 1074 1475 1101 tunc
1496 1073 1531 1100 ut
1556 1068 1588 1101 in
1608 1068 1738 1111 supple-

994 1125 1136 1152 mentum
1159 1120 1198 1152 ad
1218 1126 1360 1163 tempus,
1384 1121 1648 1154 nosocomiorum
1675 1122 1736 1154 im-

992 1173 1118 1216 pensis,
1144 1173 1336 1206 mercenarii
1359 1174 1598 1215 conducantur,
1630 1175 1736 1218 quoad

993 1236 1029 1259 ca
1049 1227 1222 1260 necessitas
1242 1227 1379 1270 urgebit,
1404 1238 1468 1271 qua
1487 1228 1631 1267 cedente,
1659 1239 1734 1261 sue-

992 1280 1108 1312 cedant
1139 1280 1255 1313 iterum
1285 1281 1402 1321 nostri,
1437 1282 1629 1315 mercenarii
1662 1293 1737 1315 vero

993 1333 1205 1367 dimittantur.

1037 1388 1053 1429 S
1075 1386 1126 1420 ⁶2¹1.
1151 1388 1361 1421 Constituitur
1384 1388 1478 1422 etiam
1512 1395 1547 1422 ut
1571 1399 1683 1423 omnes
1708 1395 1738 1422 et

992 1440 1109 1483 singuli
1142 1442 1367 1475 tantummodo
1388 1442 1520 1483 fratres,
1545 1443 1600 1486 qui
1621 1453 1736 1486 aegro-

994 1494 1128 1527 tantium
1151 1505 1246 1527 curae
1275 1495 1306 1528 in
1340 1495 1553 1539 hospitalibus
1588 1497 1738 1530 destinati

993 1548 1129 1588 fuerint„
1158 1548 1296 1581 debeant
1322 1549 1354 1581 in
1380 1549 1500 1582 eisdem
1526 1550 1739 1594 hospitalibus

994 1601 1024 1633 in
1045 1600 1189 1643 singulos
1210 1612 1336 1635 menses
1356 1613 1414 1645 per
1434 1609 1497 1635 tres
1517 1603 1739 1636 hebdomadas

993 1655 1199 1695 commorari,
1224 1655 1381 1693 habitare,
1397 1656 1525 1699 degere,
1549 1663 1740 1700 pernoctare

993 1712 1025 1740 et
1044 1707 1230 1740 alimoniam
1243 1718 1279 1740 ac
1293 1708 1400 1741 eibum
1422 1719 1566 1749 sumere;
1590 1715 1739 1753 quartam

993 1770 1068 1793 vero
1082 1760 1336 1804 uniuscuiusque
1350 1762 1468 1794 mensis
1488 1761 1737 1800 hebdomadam,

994 1813 1025 1846 in
1047 1814 1264 1857 professorum
1283 1820 1468 1848 nostrornm
1491 1815 1658 1856 domibus,
1687 1821 1741 1848 aut

995 1867 1026 1900 in
1044 1867 1122 1900 locis
1143 1868 1240 1900 animi
1271 1868 1522 1902 relaxationibus
1550 1869 1737 1912 assignatis,

995 1921 1145 1964 praefecti
1159 1922 1306 1963 arbitrio,
1319 1928 1520 1955 consument.
1542 1923 1741 1956 Permittitur

996 1980 1102 2008 tamen
1123 1976 1211 2019 quod
1235 1976 1260 2008 si
1281 1976 1397 2019 aliquis
1417 1987 1453 2009 ex
1473 1977 1645 2020 praedictis
1675 1978 1739 2010 sra-

996 2028 1097 2061 tribus
1114 2039 1174 2073 pro
1199 2040 1256 2062 sua
1277 2030 1445 2063 devotione
1467 2036 1496 2063 et
1510 2030 1563 2073 pia
1576 2031 1739 2063 voluntate

996 2083 1133 2116 voluerit
1154 2089 1255 2116 totum
1278 2084 1382 2127 ipsum
1404 2095 1544 2117 mensem
1564 2085 1650 2128 apud
1667 2084 1740 2117 'eos-

996 2136 1069 2169 dem
1087 2136 1351 2170 nosocomiorum
1373 2142 1521 2179 aegrotos
1546 2137 1686 2181 explere,
1709 2138 1740 2171 id

996 2190 1123 2223 efficere
1145 2192 1256 2235 possit,
1277 2203 1313 2225 ex
1334 2192 1409 2225 dieti
1428 2192 1579 2235 praefecti
1597 2191 1736 2225 licentia.

995 2244 1085 2283 Quod
1109 2245 1133 2277 si
1163 2245 1287 2278 accidet
1310 2251 1345 2278 ut
1366 2245 1397 2278 in
1422 2245 1530 2289 aliqua
1554 2251 1738 2278 nostrorum

995 2298 1092 2331 domo
1107 2298 1211 2331 maior
1230 2309 1385 2331 numerus
1406 2298 1510 2339 degat„
1527 2309 1624 2342 qnam
1646 2309 1741 2332 noso-

995 2351 1174 2384 comiorum
1196 2351 1374 2384 ministeria
1389 2352 1608 2395 postulabunt,
1627 2352 1656 2385 in
1679 2352 1741 2385 hoc.

995 2414 1070 2437 casu
1091 2404 1228 2437 liberum
1242 2404 1302 2437 erit
1322 2405 1483 2448 praesecto
1505 2405 1590 2438 illius
1611 2406 1737 2444 domus,

995 2457 1127 2489 fratrum
1142 2457 1226 2490 vices
1239 2463 1433 2500 permutare,
1449 2458 1737 2501 quemadmodum,

995 2516 1023 2542 et
1043 2521 1107 2553 quo
1129 2516 1274 2554 tempore
1294 2511 1466 2544 convenire
1487 2511 1687 2553 iudicaverit,
1709 2513 1739 2545 in

995 2563 1111 2607 quibus
1135 2564 1280 2602 urbibus,
1300 2565 1428 2609 oppidis
1449 2571 1479 2598 et
1499 2565 1578 2598 locis
1598 2567 1645 2608 (ut
1666 2572 1741 2599 sunt

977 2649 978 2658 ἵ
996 2616 1084 2649 initia
1104 2627 1213 2650 rerum
1228 2624 1375 2651 recenter
1389 2618 1627 2660 inchoatarum>
1638 2620 1738 2653 nostri

1751 217 1799 244 An.
1818 218 1847 244 C.
1867 217 1934 245 1600

1765 438 1852 462 Quando
1865 445 1883 458 ιιι
1900 445 1933 458 eo<

1751 472 1794 486 runi
1807 466 1873 485 locum
1883 472 1934 485 unu--

1750 493 1829 512 rcuxtrti
1838 492 1878 512 ⁴tint
1888 498 1935 512 con-

1750 519 1847 539 ducendi.

1767 1399 1834 1422 Quoto
1847 1398 1936 1424 quisque

1754 1428 1848 1451 tempure
1865 1426 1884 1445 in
1902 1431 1938 1444 no-

1753 1457 1938 1472 sui-mnusinorart

1754 1479 1844 1502 il··ltt‘³l;
