2253 3195
95 274 143 302 An.
164 273 194 300 C.
213 272 280 300 1599

162 1081 278 1106 Suspensi«)

95 1108 185 1128 omnium
212 1107 279 1127 indul-

95 1137 211 1161 gentiarum
221 1137 241 1153 ut
253 1134 279 1154 12⁴-

94 1161 194 1181 cultatuin
208 1161 279 1181 absol-

95 1187 168 1209 vendi.
189 1187 278 1208 durante

95 1220 149 1236 anuo
163 1214 258 1235 jubilaei.

907 273 1052 297 CLEMENS
1073 273 1130 296 VIII
1150 273 1200 296 Pr.

294 322 493 358 duraturam,
507 321 657 353 universo
670 322 790 365 populo
805 321 978 354 christiano
997 321 1035 353 de

294 374 524 407 venerabilium
547 375 681 406 fratrum
705 380 888 407 nostrorum
903 375 932 407 S.
948 375 983 406 R.
999 374 1031 406 E.

293 428 506 460 cardinalium
536 439 666 460 assensu
695 427 914 465 indixerimus,
943 438 979 460 ac
1000 437 1035 459 o-

294 482 422 514 mnibus
451 482 618 525 utriusque
649 492 740 514 sexus
774 481 1036 513 clu·istitidelibus

292 546 364 568 vere
386 534 624 578 poenitentibus
645 540 673 566 et
700 533 864 569 confessis,
886 533 940 576 qui
962 534 1035 565 bea-

294 588 490 621 tissimorum
520 587 604 620 Petri
637 592 666 619 et
696 586 785 619 Pauli
814 587 1034 629 apostolorum

292 641 451 679 basilicas,
471 642 500 674 S.
518 640 645 673 loannis
666 640 889 672 Lateranensis
910 651 946 671 ac
960 640 1036 672 Bea-

294 700 342 727 tae
363 695 477 727 Mariae
506 694 631 727 Maioris
653 695 691 726 de
712 694 796 727 Urbe
817 693 968 726 ecclesias
993 693 1036 725 vi-

292 748 440 787 sitarent,
464 747 682 790 plenissimam
712 747 857 779 omnium
890 752 1036 790 peccato-

292 812 364 833 rum
385 811 517 834 suorum
538 799 789 843 indulgentiam,
813 799 1034 832 remissionem

293 860 324 888 et
344 855 468 888 veniam
490 854 765 893 concesserimus,
787 859 884 897 prout
912 853 943 885 in
973 863 1033 886 no-

293 909 364 942 stris
385 919 489 952 nuper
510 909 647 952 desuper
667 908 821 941 confectis
843 907 954 941 litteris
971 908 1037 951 ple-

294 963 366 995 nius
387 963 580 996 continetur.

339 1018 355 1058 ἓ
377 1015 407 1049 1.
431 1016 600 1059 Cupientes
620 1021 655 1048 ut
676 1015 870 1048 christianae
890 1014 1037 1047 nationes

295 1081 332 1103 ex
349 1069 500 1103 omnibus
521 1075 678 1102 terrarum
695 1069 782 1102 orbis
802 1068 879 1102 locis
901 1069 933 1101 in
954 1069 1037 1101 alma

294 1123 378 1156 Urbe
398 1129 517 1162 nostra,
535 1122 566 1155 in
587 1122 663 1155 fidei
683 1133 719 1155 ac
733 1122 898 1164 religionis
914 1122 1034 1155 unitate

294 1182 518 1219 congregatae,
547 1176 662 1209 eodem
686 1176 813 1220 pietatis
834 1187 870 1208 ac
895 1176 1037 1209 devotio-

293 1230 341 1263 nis
363 1230 489 1274 spiritu,
512 1229 661 1263 basilicas
682 1235 713 1263 et
732 1229 883 1263 ecclesias
902 1229 1033 1273 praedi-

293 1289 370 1324 ctas,
388 1295 452 1328 quo
474 1284 613 1317 maximo
635 1284 705 1317 fieri
723 1284 842 1328 poterit
862 1294 1032 1323 concursu,

293 1339 429 1372 durante
450 1339 564 1372 eodem
585 1339 738 1379 lubilaeo,
762 1338 890 1371 visitent
917 1344 946 1371 et
975 1338 1036 1370 sre-

292 1399 459 1437 quentent,
483 1393 659 1426 multorum
680 1393 901 1426 Romanorum
922 1392 1033 1425 Ponti<

292 1447 389 1480 ficum
411 1447 697 1491 praedecessorum
716 1452 901 1479 nostrorum
923 1457 1033 1479 exem-

292 1501 347 1544 plo
371 1500 520 1540 adducti,
545 1510 657 1533 omnes
688 1506 720 1533 et
751 1500 892 1542 singulas
923 1500 1033 1532 indul-

293 1554 431 1597 gentias,
455 1553 551 1586 etiam
572 1558 758 1597 perpetuas,
780 1558 811 1586 et
829 1559 1035 1596 peccatorum

292 1607 511 1646 remissiones,
535 1617 572 1640 ac
593 1607 760 1639 facultates
781 1612 811 1639 et
831 1606 955 1639 indulta
974 1607 1033 1639 ab-

293 1660 448 1699 solvendi,
472 1659 569 1693 etiam
596 1659 628 1692 in
648 1659 774 1692 casibus
794 1659 865 1693 sedi
895 1661 1033 1703 Aposto-

293 1713 374 1746 licae
394 1713 575 1753 reservatis,
592 1713 689 1746 etiam
710 1712 743 1745 in
762 1712 877 1745 litteris
898 1712 949 1745 die
965 1713 1037 1747 Coe-

293 1778 355 1800 nae
371 1767 503 1804 Domini
518 1767 580 1809 legi
598 1766 699 1799 solitis
717 1766 888 1806 contentis,
905 1766 1036 1809 quibus-

293 1820 339 1854 vis
367 1819 529 1859 ecclesiis,
550 1819 772 1859 monasteriis,
800 1819 1032 1862 hospitalibus,

294 1874 391 1907 etiam
418 1874 448 1907 S.
478 1875 522 1907 Io.
551 1873 833 1917 llierosolymitani
862 1873 1032 1913 domibus,

294 1928 427 1968 militiis,
452 1927 632 1967 ordinibus,
650 1927 746 1960 etiam
767 1926 1032 1967 mendicantium,

294 1980 618 2023 congregationibus,
647 1980 981 2019 confrater-nitatibus,
1005 1991 1035 2013 e-

294 2035 370 2068 tiam
392 2034 559 2073 laicorum,
576 2033 847 2073 universitatibus,
865 2039 895 2066 et
910 2033 971 2076 piis
992 2034 1037 2066 lo-

295 2088 350 2127 cis,
366 2087 561 2130 illorumque
581 2086 760 2127 ordinibus,
784 2086 943 2130 capitulis,
959 2097 1036 2120 con-

295 2141 453 2179 ventibus,
478 2140 648 2182 magistris,
672 2140 905 2184 superioribus,
922 2146 953 2173 et
973 2146 1036 2172 tam

294 2194 513 2228 saecularibus
526 2204 622 2237 quam
637 2194 824 2236 quorumvis
838 2193 932 2226 etiam
946 2204 1036 2226 men-

295 2248 471 2281 dicantium
490 2247 642 2280 ordinum
661 2247 862 2288 regularibus
879 2247 1034 2290 personis,

295 2302 500 2345 coronisque,
518 2301 636 2343 granis,
661 2301 857 2342 imaginibus
872 2306 902 2333 et
917 2301 1038 2333 numis-

295 2355 434 2388 matibus
455 2366 492 2388 ex
513 2355 654 2395 metallo,
675 2365 731 2388 seu
751 2365 956 2397 quacumque
977 2354 1038 2386 alia

295 2409 431 2441 materia
449 2409 611 2449 confectis,
633 2415 696 2442 tam
717 2407 922 2450 singulariter
942 2418 1037 2450 quam

295 2462 529 2501 universaliter,
553 2474 611 2506 per
631 2472 852 2506 quoscumque
878 2462 1039 2494 Romanos

295 2515 467 2548 Pontifices
477 2515 740 2558 praedecessores
750 2520 887 2552 nostros,
898 2526 933 2548 ac
943 2515 1038 2547 ctiam

295 2579 365 2609 nOS,
380 2569 474 2602 etiam
493 2569 532 2601 ad
554 2568 737 2602 instantiam
761 2568 974 2611 imperatoris,
992 2580 1040 2601 re-

297 2633 390 2664 gum,
412 2623 530 2655 ducum
553 2627 584 2655 et
604 2622 742 2655 aliorum
765 2622 963 2665 principum,
988 2628 1042 2654 aut

297 2676 374 2720 ipsis
394 2675 491 2709 etiam
512 2675 717 2720 imperatori,
738 2675 878 2718 regibus,
907 2675 1042 2708 ducibus

1070 326 1100 353 et
1120 320 1336 364 principibus,
1361 319 1408 352 vel
1430 319 1499 351 aliis
1520 328 1725 361 quacumque
1751 316 1813 349 alia

1070 374 1233 406 mundana
1247 374 1293 405 vel
1309 372 1521 406 ecclesiastira
1536 371 1702 412 dignitate,
1716 370 1811 403 etiam

1069 427 1198 469 speciali
1220 432 1295 459 nota
1314 426 1420 467 digna,
1439 424 1645 467 fulgentibus,
1662 424 1757 456 etiam
1773 424 1812 455 ad

1071 480 1169 512 instar
1186 480 1328 517 lubilaei,
1347 486 1398 512 aut
1414 480 1492 512 alias
1506 478 1812 522 quomodocumque

1071 539 1100 565 et
1121 544 1156 565 cx
1182 533 1346 576 quibusvis
1376 533 1478 566 causis
1507 538 1535 565 et
1568 531 1809 571 occasionibus,

1070 587 1128 618 sub
1149 586 1407 629 quibuscun‘ique
1429 586 1594 619 tenoribus
1620 591 1650 618 et
1677 585 1788 617 termis
1803 612 1810 624 ,

1071 650 1107 671 ac
1138 651 1210 672 cum
1237 640 1401 683 quibusvis
1426 639 1576 672 clausulis
1601 644 1629 671 et
1656 638 1810 678 decretis,

1071 693 1166 725 etiam
1188 699 1276 726 motu
1298 693 1442 736 proprio,
1460 699 1489 725 et
1511 703 1547 725 ex
1564 698 1650 725 certa
1668 692 1811 731 scientia,

1071 758 1107 779 ac
1120 747 1197 780 alias
1211 746 1454 791 quomodolibet
1474 746 1651 785 concessis,
1675 756 1814 789 quorum

1071 801 1216 833 omnium
1249 807 1399 840 tenores,
1424 801 1565 840 formas,
1590 800 1815 841 derogationes

1072 860 1103 888 et
1123 855 1261 894 decreta,
1282 854 1505 898 praesentibus
1518 864 1575 897 pro
1590 853 1747 896 expressis
1760 853 1816 885 ha-

1072 909 1140 941 beri
1168 909 1332 947 volumus,
1356 907 1532 951 apostolica
1553 907 1752 945 auctoritate,
1777 907 1816 940 de

1072 962 1260 995 eorumdem
1283 962 1418 994 fratium
1440 961 1574 994 consilio
1603 966 1633 993 et
1660 971 1812 1001 assensu,

1072 1027 1108 1049 ac
1128 1016 1323 1059 apostolieae
1343 1015 1509 1059 potestatis
1530 1014 1741 1058 plenitudine,
1765 1025 1817 1047 su-

1072 1070 1270 1113 spendimus,
1283 1075 1313 1102 et
1326 1079 1497 1112 suspensas
1514 1078 1582 1101 esse
1601 1069 1812 1107 declaramus,

1072 1134 1189 1166 easque
1207 1129 1237 1156 et
1257 1133 1304 1162 ea,
1329 1123 1443 1155 eodem
1462 1132 1546 1154 anno
1567 1122 1715 1161 durante,
1736 1121 1816 1154 nulli

1072 1177 1224 1221 prodesse
1252 1183 1307 1209 aut
1335 1176 1503 1219 suffragari
1529 1176 1665 1215 debere,
1690 1175 1815 1208 irritum

1067 1236 1201 1274 quoque
1220 1236 1251 1264 et
1270 1230 1364 1263 inane
1383 1230 1587 1263 decernimus
1607 1229 1632 1262 si
1653 1239 1745 1262 secus
1765 1240 1817 1261 su-

1072 1295 1129 1328 per
1156 1284 1205 1317 liis
1225 1294 1242 1316 a
1263 1293 1427 1327 quoquam
1459 1282 1569 1326 quavis
1601 1282 1791 1315 auctoritate
1806 1309 1813 1322 ,

1071 1338 1209 1371 scienter
1229 1338 1277 1370 vel
1296 1337 1493 1379 ignoranter,
1515 1336 1687 1378 contigerit
1707 1341 1814 1368 atten-

1072 1391 1142 1424 tari.
1160 1391 1228 1430 Quo
1243 1391 1326 1424 circa
1341 1401 1398 1434 per
1412 1395 1608 1434 praesentes,
1626 1389 1817 1422 auctoritate

1072 1445 1257 1488 apostolica,
1281 1444 1498 1488 praecipimus
1512 1449 1542 1476 et
1556 1443 1758 1482 mandamus,
1776 1453 1816 1475 ne

1072 1498 1200 1531 interim
1221 1498 1302 1530 aliae
1320 1508 1416 1541 quani
1439 1496 1551 1530 indicti
1573 1507 1591 1529 a
1611 1495 1704 1528 nobis
1724 1505 1817 1539 prae-

1073 1552 1148 1584 dicti
1173 1551 1305 1584 lubilaei
1331 1550 1570 1593 indulgentiae,
1594 1549 1659 1582 sive
1689 1549 1817 1593 publice

1072 1606 1136 1639 sive
1166 1605 1332 1649 privatim,
1365 1604 1478 1647 quovis
1510 1608 1676 1647 praetextu
1713 1602 1817 1636 ubivis

1072 1661 1217 1693 locorum
1239 1665 1269 1692 et
1289 1658 1445 1701 gentium,
1470 1657 1528 1690 sub
1550 1656 1813 1690 excommunica-

1073 1713 1166 1746 tionis
1191 1723 1228 1745 eo
1257 1712 1326 1755 ipso
1348 1711 1578 1751 incurrendae,
1603 1710 1738 1753 aliisque
1767 1720 1818 1742 ar-

1072 1767 1166 1800 bitrio
1192 1765 1438 1800 Ordinariorum
1469 1763 1652 1807 infligendis
1681 1763 1814 1807 poenis,

1072 1820 1276 1864 publicentur
1297 1819 1344 1851 vel
1365 1818 1572 1858 nuncientur,
1595 1823 1649 1850 aut
1670 1817 1701 1849 in
1724 1827 1816 1850 usum

1072 1874 1319 1907 demandentur.

1117 1929 1132 1969 ἓ
1154 1926 1183 1969 2.
1216 1926 1286 1959 Non
1312 1925 1513 1958 obstantibus
1545 1924 1751 1968 praemissis,
1780 1935 1816 1957 ac

1072 1979 1355 2014 constitutionibus
1380 1985 1410 2012 et
1441 1978 1700 2012 ordinationibus
1733 1989 1813 2021 apo-

1072 2034 1211 2074 stolicis,
1235 2043 1362 2066 necnon
1393 2032 1625 2071 ecclesiarum,
1649 2037 1814 2063 monaste-

1072 2088 1207 2124 riorum,
1233 2091 1462 2125 conventuum,
1483 2085 1651 2124 ordiuum,
1675 2095 1814 2125 congre-

1072 2142 1250 2184 gationum,
1265 2140 1484 2183 hospitalium,
1499 2138 1813 2177 confraternitatum,

1073 2194 1335 2233 universitatum,
1359 2193 1571 2235 collegiorum
1593 2198 1624 2225 et
1644 2193 1789 2225 locorum
1806 2219 1813 2232 ‚

1073 2249 1276 2291 aliorumque
1310 2247 1573 2290 praedictorum,
1598 2246 1693 2278 etiam
1726 2245 1814 2277 iura-

1074 2307 1192 2341 mento,
1210 2300 1455 2333 confirmatione
1474 2299 1660 2343 apostolica,
1678 2299 1725 2331 vel
1740 2310 1818 2341 qua-

1074 2355 1118 2387 vis
1138 2354 1289 2386 tirmitate
1307 2354 1368 2386 alia
1386 2353 1544 2386 roboratis
1558 2352 1682 2385 statutis
1696 2358 1726 2385 ct
1740 2363 1816 2385 con-

1073 2407 1318 2447 suetudinibus,
1343 2407 1518 2450 privilegiis
1536 2417 1684 2449 quoque,
1709 2417 1816 2439 exem-

1075 2461 1238 2504 ptionibus
1256 2466 1286 2493 et
1307 2460 1439 2493 indultis
1460 2460 1655 2503 apostolicis,
1681 2459 1741 2492 illis
1762 2470 1817 2492 eo-

1075 2524 1212 2557 rumque
1232 2513 1453 2557 superioribus
1474 2519 1504 2545 ct.
1524 2513 1681 2556 personis,
1700 2524 1735 2545 ac
1748 2512 1817 2546 aliis

1075 2567 1333 2611 quibuscumque
1347 2578 1405 2610 per
1418 2567 1548 2599 eosdem
1563 2566 1725 2599 Romanos
1737 2566 1819 2599 Pon-

1078 2621 1177 2653 titices
1198 2620 1462 2663 praedecessores
1486 2625 1635 2660 nostros,
1656 2630 1693 2652 ac
1713 2630 1770 2652 nos
1789 2626 1819 2652 et

1077 2674 1194 2708 dictam
1204 2674 1470 2719 Sede1‘11‚ciusque
1481 2674 1611 2717 legatos,
1621 2674 1680 2707 sub
1688 2673 1819 2718 quibus-

1716 257 1780 291 509
1828 266 1875 293 An.
1893 266 1920 293 c.
1945 266 2011 293 1599

1859 1929 1970 1950 clausulae
1982 1929 2018 1950 de-

1832 1960 1962 1983 t'ugaelnt‘tdv.
