2253 3195
227 258 275 283 An.
292 258 322 284 c.
348 258 414 285 1591
466 247 524 281 164

244 794 356 814 Confirmat
368 794 413 814 Clc-

231 828 287 842 luens
297 830 300 841 ῐ

267 1806 421 1832 ‹Itan-um-qiw

236 1836 366 1859 opportunas
385 1838 422 1858 pro

237 1863 340 1885 perpetim
350 1859 421 1879 ubst-l·-

239 1889 308 1907 mntia
320 1886 413 1912 appnnit,

425 306 520 345 secto,
540 305 630 338 cuius
651 311 795 338 tenorem
813 302 1036 347 praesentibus
1057 302 1165 343 inseri,

426 365 455 391 et
477 358 608 392 inferius
635 357 774 391 adscribi
801 362 832 390 et
851 355 999 389 annotari
1019 355 1165 395 fecimus,

426 411 520 444 latius
549 410 751 451 continetur)
787 404 917 442 insimul
947 409 1166 446 devenerunt;

426 465 584 508 nobisque
610 463 776 497 humiliter
800 462 976 507 supplicari
1010 463 1166 503 fecerunt,

428 525 462 551 ut
493 517 701 551 concordiam
732 516 918 550 huiusmodi
938 515 1120 560 approbare
1140 522 1169 549 et

428 571 621 604 confirmare
631 568 894 612 auctoritatisque
907 574 1036 602 nostrae
1051 568 1170 602 robore

429 623 631 658 communire
651 623 691 656 de
710 622 908 666 benignitate
928 622 1104 666 apostolica
1125 622 1172 655 di—

429 687 614 720 gnaremur.
1070 708 1074 712 ,

473 731 489 772 g
510 729 541 762 2.
564 729 639 769 Nos,
662 728 718 772 qui
747 727 890 762 honestis
918 728 1063 762 fidelium
1091 727 1172 761 votis

428 783 566 816 libenter
585 782 770 823 annuimus,
791 792 893 826 eaque
914 782 1076 815 favoribus
1096 791 1172 826 pro-

428 836 596 880 sequimur
616 835 819 879 opportunis,
843 835 1032 869 huiusmodi
1051 834 1173 879 suppli-

429 890 610 924 cationibus
637 889 792 929 inclinati,
823 889 1030 923 concordiam
1057 888 1170 922 buius-

429 943 528 981 modi,
541 949 571 976 et
583 943 911 987 desuperconsectum
925 942 1173 976 instrumentum

430 997 565 1031 inferius
596 997 764 1035 inscrtum,
788 1002 819 1029 et
838 1001 935 1040 prout
955 995 1010 1029 illa
1035 1005 1171 1028 concer-

430 1058 511 1085 nunt
530 1051 640 1085 omnia
660 1056 689 1084 et
707 1050 844 1093 singula,
865 1050 1000 1094 quaeda
1021 1049 1107 1083 dicto
1127 1049 1176 1082 in-

431 1110 611 1138 strumento
625 1104 758 1138 inferius
771 1103 933 1148 adscripto
955 1103 1172 1143 eontinentur,

432 1165 462 1192 ct
482 1159 557 1192 inde
576 1163 711 1202 sequuta
737 1168 976 1201 quaecumque,
1000 1156 1177 1201 apostoliea

432 1211 632 1252 auctoritate,
647 1217 759 1245 tenore
772 1211 1001 1255 praesentium,
1017 1210 1177 1254 approba-

434 1276 505 1299 mus
525 1271 556 1298 et
581 1265 823 1304 confirmamus,
847 1264 974 1308 illisque
1004 1269 1177 1308 perpetuae

434 1325 465 1353 et
485 1318 678 1352 inviolabilis
694 1317 854 1352 firmitatis
874 1318 975 1351 robur
994 1317 1174 1358 adiicimus,

434 1373 621 1417 supplentes
641 1382 754 1405 omnes
775 1377 806 1404 et
835 1371 979 1413 singulos
1001 1377 1064 1404 tam
1085 1370 1175 1411 iuris,

435 1437 532 1470 quam
553 1426 624 1459 sacti
647 1425 800 1465 desectus,
823 1425 848 1458 si
869 1425 923 1469 qui
946 1425 1053 1458 forsan
1074 1424 1189 1458 inter--

436 1480 579 1522 venerint
602 1479 632 1512 in
654 1479 787 1519 eisdem,
811 1485 841 1512 et
861 1489 919 1522 per
938 1488 1051 1511 omnes
1071 1477 1176 1511 invio-

437 1533 577 1566 labiliter
596 1532 760 1567 observari
785 1531 915 1571 debere,
939 1537 970 1564 et
989 1531 1030 1564 ad
1050 1531 1178 1564 illarum

436 1587 581 1621 omnium
602 1586 875 1626 observationem,
901 1585 1053 1619 omnibus
1070 1585 1127 1618 viis
1143 1595 1180 1618 ae

437 1641 515 1675 iuris
535 1647 566 1674 et
586 1641 659 1674 sacti
686 1639 853 1679 remediis,
882 1639 953 1682 cogi
974 1645 1003 1673 et
1029 1639 1179 1683 compelli

409 1739 412 1742 Ι
438 1705 530 1739 posse
551 1700 581 1728 et
601 1694 730 1728 debere.

482 1749 540 1791 §3-
555 1749 671 1792 Sieque
692 1758 750 1791 per
769 1757 992 1791 quoscumque
1013 1746 1134 1780 iudices
1151 1752 1181 1780 et

438 1801 678 1835 commissarios
698 1800 808 1844 quavis
829 1799 1018 1833 auctoritate
1039 1800 1177 1841 fungen-

439 1861 495 1894 tes,
512 1854 607 1888 etiam
627 1865 795 1887 causarum
814 1853 922 1897 palatii
940 1853 1107 1897 apostolici
1126 1864 1181 1886 au-

438 1908 557 1941 ditores
578 1913 606 1941 ct
631 1908 660 1941 S.
684 1908 718 1941 tt.
740 1908 772 1940 E.
791 1907 980 1945 cardinales,
995 1906 1120 1940 sublata
1137 1906 1181 1939 eis

437 1968 468 1995 ct
488 1972 600 1994 eorum
621 1961 751 1994 cuilibet
769 1960 880 2004 quavis
900 1960 992 1993 aliter
1017 1959 1181 1993 iudicandi

438 2022 468 2048 ct
487 2014 717 2059 interpretandi
745 2014 894 2047 facultate
923 2019 954 2046 et
974 2012 1178 2051 auctoritate,

439 2069 557 2112 ubique
590 2067 722 2101 iudicari
755 2073 785 2100 et
817 2066 946 2100 dilliniri
979 2066 1112 2106 debere,
1147 2077 1182 2099 ac

439 2122 599 2166 quidquid
619 2133 711 2155 secus
724 2132 822 2165 super
835 2120 882 2153 bis
896 2132 913 2153 a
927 2131 1090 2164 quoquam
1104 2130 1183 2163 qua-

440 2175 484 2208 vis
511 2174 719 2213 :un-toritate,
743 2173 881 2208 scienter
907 2174 952 2205 vel
975 2173 1179 2214 ignoranter,

439 2228 609 2269 contigerit
628 2227 787 2267 attentari,
809 2227 934 2260 irritum
956 2232 985 2259 et
1007 2226 1101 2259 inane
1121 2227 1180 2259 dc-

440 2283 613 2315 cernimus.

486 2343 500 2374 ξ.
518 2336 544 2369 ’4.
567 2336 600 2369 1⁴21
622 2334 831 2368 nibilominus
851 2334 967 2367 dilecto
986 2334 1052 2367 lilio
1073 2340 1183 2367 nostro

277 2425 317 2436 W
370 2398 425 2436 '22‘32
441 2396 468 2422 ct
486 2389 686 2433 Apostolicae
706 2389 796 2422 Sedis
816 2388 901 2432 apud
923 2387 1043 2420 dii-tum
1066 2387 1184 2431 l'liilip-

254 2450 425 2489 'iinssssi'sr'i'iss
443 2454 517 2487 putu
541 2455 660 2482 regem,
691 2453 774 2475 num·
796 2447 825 2475 ct
848 2453 906 2486 pro
928 2447 1091 2485 temporo,
1113 2441 1180 2474 cxi-

441 2495 534 2528 stcnti
547 2496 664 2527 nuncio
682 2495 913 2528 t-‹mimittimus
933 2500 963 2527 et
980 2494 1181 2533 uumdanius,

442 2555 598 2592 ‹piato-,nus
614 2561 670 2592 per
687 2561 731 2587 se,
749 2549 793 2581 wi
809 2549 907 2582 alium
926 2560 980 2581 seu
996 2548 1075 2582 alies
1093 2559 1184 2592 prae-

441 2608 546 2634 scutcs
578 2602 707 2641 litteras,
731 2608 760 2634 et
782 2602 812 2634 in
834 2602 879 2635 eis
906 2607 1057 2635 contenta
1085 2611 1182 2644 quae-

442 2667 591 2701 cumque,
616 2655 668 2688 ubi
699 2661 726 2689 ct
759 2656 889 2700 ‹puindu
920 2666 1000 2700 opus
1027 2654 1133 2705 fucrit,
1153 2659 1185 2688 et

1013 255 1195 279 BULLARlUM
1212 254 1366 278 ROMANUM

1202 301 1328 346 quoties
1358 313 1417 346 pro
1445 308 1536 346 parte
1555 301 1632 336 dicti
1652 301 1790 346 Philippi
1812 302 1897 345 regis
1916 308 1948 336 et

1202 355 1351 399 Gasparis
1370 355 1554 396 cardinalis,
1577 366 1614 389 ac
1634 366 1692 399 pro
1715 360 1862 400 tempore
1880 357 1944 390 To-

1202 408 1302 441 letani
1318 408 1563 453 archiepiscopi,
1587 419 1766 453 eorumque
1785 420 1948 443 successo-

1203 472 1275 495 rum
1303 462 1423 495 suerint
1441 461 1605 506 requisiti,
1628 462 1669 495 ad
1698 462 1947 506 exequutionem

1204 525 1318 549 eorum
1339 515 1498 556 omnium,
1515 525 1598 559 quae
1618 515 1650 548 in
1671 514 1756 549 dicta
1775 515 1950 549 concordia

1205 568 1421 609 continentur,
1437 569 1604 612 procedat,
1619 573 1651 602 et
1663 578 1720 612 per
1733 578 1799 607 eos,
1815 568 1856 602 ad
1868 578 1950 612 quos

1204 627 1338 665 spectat,
1361 621 1475 655 eadem
1495 621 1659 656 observari
1679 627 1769 655 curet
1788 627 1820 655 et
1839 621 1944 655 saciat.

1250 676 1267 717 ξ
1288 674 1318 707 5.
1341 675 1412 708 Non
1441 674 1643 709 obstantibus
1667 673 1950 708 constitutionibus

1207 734 1237 761 et
1250 727 1507 762 ordinationibus
1518 728 1713 772 apostolicis,
1729 739 1790 762 nec
1799 738 1865 762 non
1877 728 1950 772 qui-

1206 781 1314 814 busvis
1344 781 1440 814 etiam
1472 781 1668 821 iuramento,
1702 781 1951 815 confirmatione

1207 835 1393 879 apostolica,
1409 835 1457 868 vel
1475 834 1586 879 quavis
1603 834 1756 869 firmitate
1772 834 1835 868 alia
1855 835 1952 869 robo-

1207 888 1284 922 ratis
1303 888 1428 922 statutis
1448 894 1479 922 et
1499 888 1799 929 consuetudi-nibus,
1820 887 1952 932 privile-

1208 941 1268 984 giis
1285 952 1426 985 quoque,
1440 941 1574 975 indultis
1589 947 1619 974 et
1632 941 1746 975 litteris
1765 941 1954 985 apostolicis

1209 991 1547 1039 sub'quibuscumque
1575 995 1742 1029 tenoribus
1771 1000 1802 1028 et
1826 994 1950 1036 formis,

1210 1054 1241 1082 et
1261 1059 1334 1082 cum
1355 1048 1519 1092 quibusvis
1550 1048 1646 1082 etiam
1674 1048 1954 1092 derogatoriarum

1210 1102 1435 1145 derogatoriis,
1453 1101 1589 1146 aliisque
1608 1101 1843 1136 efficacioribus
1855 1108 1886 1135 et
1905 1102 1955 1135 in-

1210 1155 1311 1189 solitis
1342 1155 1508 1196 clausulis,
1531 1155 1797 1200 irritantibusque
1825 1161 1857 1189 et
1886 1154 1957 1189 aliis

1211 1209 1349 1242 decretis
1370 1208 1402 1242 in
1421 1219 1551 1251 genere,
1575 1209 1622 1242 rel
1655 1209 1687 1242 in
1712 1208 1835 1254 specie,
1859 1209 1956 1244 etiam

1213 1268 1301 1296 motu
1321 1262 1456 1306 proprio
1469 1268 1501 1296 et
1520 1263 1559 1296 de
1580 1262 1776 1307 apostolieae
1792 1261 1958 1307 potestatis

1212 1316 1424 1360 plenitudine,
1448 1322 1478 1350 et
1499 1316 1577 1350 alias
1597 1316 1844 1361 quomodolibet
1860 1316 1957 1350 etiam

1213 1369 1334 1403 iteratis
1364 1370 1485 1404 vicibus
1516 1370 1687 1409 concessis,
1711 1370 1897 1414 approbatis
1927 1375 1959 1404 et

1213 1423 1381 1457 innovatis.
1415 1423 1537 1463 Quibus
1566 1423 1717 1457 omnibus
1742 1428 1774 1457 et
1803 1422 1955 1465 singulis,

1213 1476 1338 1510 etiamsi
1359 1477 1398 1510 de
1418 1476 1481 1510 illis
1497 1487 1535 1510 ac
1552 1476 1625 1511 totis
1644 1487 1757 1511 eorum
1779 1476 1956 1518 tenoribus,

1214 1530 1372 1574 specialis,
1389 1531 1540 1574 specifica
1551 1536 1583 1564 ct
1599 1541 1747 1575 expressa
1767 1529 1888 1564 mentio
1901 1530 1960 1564 ha-

1214 1584 1331 1623 benda,
1347 1590 1403 1617 aut
1422 1584 1531 1628 aliqua
1548 1584 1610 1617 alia
1627 1584 1785 1628 exquisita
1804 1585 1907 1618 forma
1919 1585 1959 1618 ad

1215 1637 1276 1671 boc
1304 1638 1460 1672 servanda
1490 1638 1583 1678 soret,
1607 1643 1736 1671 tenores
1759 1637 1956 1678 huiusmodi,

1215 1702 1252 1725 ac
1270 1691 1296 1724 si
1323 1692 1362 1725 de
1382 1691 1479 1725 verbo
1499 1691 1539 1724 ad
1568 1691 1701 1725 verbum
1726 1691 1957 1732 insererentur,

1215 1745 1438 1788 praesentibus
1458 1755 1517 1788 pro
1534 1744 1691 1789 expressis
1711 1744 1877 1783 habentes,
1898 1743 1960 1777 illis

1215 1797 1293 1831 alias
1313 1798 1345 1831 in
1365 1808 1424 1832 suo
1439 1798 1555 1831 robore
1569 1797 1799 1842 permansuris,
1816 1797 1876 1831 hac
1892 1797 1960 1831 vice

1216 1852 1391 1892 dumtaxat,
1414 1851 1595 1895 specialiter
1608 1857 1639 1885 et
1657 1861 1805 1895 expresse
1825 1851 1961 1894 deroga-

1216 1905 1502 1949 nuis‚caeterisque
1510 1904 1956 1949 contrariisquibuscumque.

1261 1958 1319 2004 gii.
1335 1959 1441 1992 'l‘enor
1453 1968 1528 1991 vero
1550 1957 1754 1991 iustruu‘ienti
1774 1957 1960 1992 huiusmodi

1217 2013 1410 2047 concordiae
1429 2012 1576 2055 sequitur
1595 2017 1623 2045 et
1646 2017 1693 2045 est
1722 2011 1809 2045 talis:
1841 2012 1875 2045 lu
1896 2022 1958 2045 no-

1218 2067 1303 2100 mine
1324 2065 1550 2100 Sanctissimae
1569 2065 1731 2100 Trinitatis
1751 2065 1868 2106 Patris,
1891 2065 1961 2100 Filii

1217 2126 1247 2154 et
1267 2120 1402 2164 Spiritus
1422 2119 1528 2153 Sancti
1549 2119 1644 2153 unius
1663 2119 1762 2152 solius
1772 2119 1827 2153 Dei
1846 2124 1877 2152 et
1895 2118 1960 2152 veri

1217 2174 1343 2208 Domini
1362 2180 1389 2207 et
1403 2173 1561 2215 gloriosae
1576 2173 1712 2215 Virginis
1724 2172 1754 2206 S.
1769 2172 1886 2206 Mariae
1901 2173 1962 2207 Do-

1219 2228 1324 2261 minae
1345 2234 1493 2261 nostrae..
1509 2226 1709 2261 Manifestum
1737 2231 1768 2259 et
1797 2225 1960 2260 notorium

1217 2281 1255 2315 sit
1276 2280 1428 2314 omnibus
1449 2280 1508 2313 boc
1538 2290 1690 2324 praesens
1710 2278 1885 2323 publicum·
1907 2279 1959 2312 in-

1217 2340 1431 2368 strumentum
1451 2333 1682 2372 conventionis,
1703 2343 1862 2372 assensus,
1877 2338 1962 2366 tran-

1218 2387 1368 2421 sactionis
1397 2393 1426 2420 ct
1457 2386 1649 2420 concordiae
1669 2385 1794 2425 visuris,
1822 2385 1910 2429 quod
1929 2385 1960 2419 in

1218 2441 1338 2485 oppido
1360 2441 1398 2473 de
1423 2439 1556 2473 Madrid
1575 2438 1729 2472 existente
1761 2438 1792 2471 in
1813 2449 1852 2471 eo
1872 2437 1963 2472 curia

1219 2500 1249 2527 et
1269 2493 1403 2527 consilio
1420 2494 1451 2528 S.
1481 2492 1666 2530 Maiestatis,
1690 2492 1741 2524 die
1762 2502 1805 2525 vn
1836 2491 1959 2532 martii,

1219 2557 1304 2580 anno
1325 2546 1497 2580 millesimo
1523 2544 1782 2589 quingentesimo
1814 2554 1960 2587 nonage-

1217 2600 1299 2633 simo
1316 2605 1443 2644 quarto,
1464 2598 1495 2632 in
1516 2597 1696 2643 praesentia
1716 2597 1778 2631 inei
1799 2596 1914 2631 notarii
1932 2602 1964 2631 et

1218 2653 1341 2687 scribae
1362 2652 1500 2698 publici,
1524 2663 1560 2685 ae
1582 2650 1709 2686 testium
1738 2650 1980 2696 linfa-ascriptoffi

1960 253 2150 282 An.c.t
2243 293 2245 301 ,

1990 688 2084 718 Dis-rogat.
2101 676 2143 714 »³3¹2

1966 717 2044 738 trariis.
2103 716 2106 719 '

1993 1961 2063 1983 Τοιιοι·
2071 1966 2105 1982 cm

1975 1988 2030 2010 diae.
