2253 3195
286 235 336 262 An.
352 235 381 262 C.
403 234 470 262 1⁶00

337 1570 474 1591 nanntmenta

290 1604 346 1617 ritca
362 1598 475 1621 auru-unu-

290 1631 334 1644 rani
343 1630 383 1644 nun
392 1626 475 1644 taeiant⁴

516 222 580 258 624

485 290 516 317 et
535 281 802 322 iurisdietionem,
826 281 1030 321 conducere,
1060 282 1167 314 colere
1198 287 1229 314 et

484 337 656 375 seminare,
676 346 731 369 seu
749 335 829 375 attis,
846 335 941 368 etiam
962 340 1118 375 conventa
1139 345 1226 367 mer-

485 390 573 429 cede,
598 389 693 422 etiam
716 399 789 421 cum
813 399 926 422 eorum
948 388 1085 422 bovibus
1105 394 1136 422 et
1156 388 1227 421 ani-

485 443 622 476 malibus
643 442 815 482 inscrvire,
843 442 939 476 etiam
972 443 1030 476 sub
1062 448 1229 486 praetextu

485 506 770 540 quorumcumque
791 507 936 537 suorum,
957 507 1014 529 seu
1035 502 1227 537 castrorum,

485 550 648 582 civitatum
670 555 700 582 et
726 555 885 582 terrarum
912 549 1033 583 eisdem
1065 549 1227 583 subiecta-

484 613 568 642 rum,
592 602 849 646 privilegiorum,
866 607 1076 643 statutorum,
1100 602 1231 635 ordina-

486 655 623 696 tionum,
646 666 764 688 usuum
786 661 817 688 et
842 655 1113 689 consuetudinum
1134 655 1230 689 etiam

486 709 796 752 antiquissimarum,
817 719 873 742 seu
891 709 1148 742 iuramentorum
1170 719 1228 742 eo-

486 763 635 795 rumdem
658 763 884 803 vassallorum,
901 773 984 806 quae
999 762 1121 803 onmia,
1143 768 1228 795 tam-

486 827 583 860 quam
598 823 710 850 contra
723 817 885 860 publicam
901 816 1071 850 utilitatem
1087 816 1228 858 inducta,

486 870 630 903 tollimus
655 876 686 904 et
709 871 915 913 abrogamus,
939 870 1136 914 eosdemque
1156 881 1229 903 vas-

487 924 582 957 sallos
602 935 620 956 a
640 924 839 968 quibuslibet
866 923 1055 957 iuramentis
1083 924 1123 957 ad
1151 923 1228 957 effe-

487 983 574 1010 ctum
595 977 773 1021 praefatum
788 977 985 1011 absolvimus
998 982 1029 1011 et
1041 977 1228 1010 liberamus.

487 1030 720 1064 Conventiones
741 1037 848 1064 autem
870 1038 900 1064 et
920 1036 1024 1074 pacta,
1045 1041 1128 1074 quae
1148 1030 1231 1064 inter

488 1084 574 1128 ipsos
595 1085 744 1118 dominos
769 1091 799 1118 et
819 1085 970 1118 vassallos
999 1085 1031 1117 in
1057 1085 1227 1128 consigna-

489 1138 596 1179 tione,
620 1149 676 1171 seu
703 1138 920 1181 assignatione
945 1144 1105 1172 terrarum
1128 1138 1229 1171 inter-

488 1197 668 1232 cesserunt,
692 1191 870 1225 dummodo
892 1191 976 1225 iusta
996 1191 1059 1225 sint
1085 1198 1116 1225 et
1145 1192 1229 1225 reci-

488 1255 604 1288 proca,
629 1251 657 1277 et
687 1255 722 1278 ex
750 1255 845 1278 causa
870 1256 943 1278 vere
972 1256 1125 1286 onerosa,
1150 1256 1233 1289 quae

490 1297 549 1342 ipsi
571 1297 693 1331 domini
717 1298 748 1330 in
769 1298 900 1331 Camera
921 1298 1106 1342 Apostolica
1125 1299 1229 1332 dedu-

490 1362 563 1384 cere
578 1357 607 1384 ct
621 1351 773 1385 exhibere
794 1357 964 1385 teneantur
985 1352 1068 1385 infra
1089 1363 1231 1386 mensem

489 1415 506 1437 a
526 1405 578 1438 die
605 1405 832 1448 publicationis
858 1405 1076 1449 praesentium
1091 1433 1098 1447 ‚
1122 1406 1233 1440 obser-

489 1459 556 1491 vari
577 1459 727 1492 debeant.

533 1512 548 1555 ἓ
568 1511 598 1544 4.
626 1512 774 1545 Volentes
795 1512 890 1546 etiam
916 1513 1002 1556 quod
1030 1513 1140 1546 omnia
1160 1513 1231 1547 edi-

490 1572 539 1599 cta
558 1567 780 1609 proclamata,
806 1566 1026 1600 ordinationes
1054 1572 1084 1600 et
1113 1567 1230 1600 banni-

491 1626 614 1659 menta‚
640 1630 723 1663 quac
750 1619 808 1663 ipsi
839 1620 977 1653 barones
992 1648 999 1661 ‚
1020 1620 1183 1664 principes
1203 1626 1232 1654 et

490 1674 652 1707 domicelli
678 1674 717 1707 ad
746 1684 908 1707 annonam
942 1680 972 1707 et
1003 1674 1232 1717 agriculturam

489 1727 695 1771 pertinentia,
719 1732 749 1760 ct
770 1727 856 1760 illam
878 1727 1124 1770 quomodolibet
1151 1737 1230 1760 con-

489 1780 652 1814 cernentia
665 1780 820 1813 bactenus
835 1780 981 1820 fecerint,
995 1785 1167 1813 teneantur
1181 1780 1233 1813 illa

489 1834 644 1867 cardinali
665 1833 847 1867 Camerario
865 1844 952 1867 nunc
964 1839 993 1867 et
1011 1844 1069 1877 pro
1089 1839 1233 1878 tempore

488 1887 632 1920 existenti
658 1887 827 1926 exhibere,
851 1892 882 1920 ct
911 1886 940 1919 in
975 1887 1118 1919 futurum
1145 1887 1233 1919 nulla

489 1940 604 1979 edicta,
621 1940 840 1973 ordinationes
858 1945 888 1972 ct
905 1939 1114 1972 banniinenta
1127 1939 1166 1973 ad
1179 1950 1233 1972 an-

489 2004 608 2026 nonam
631 1999 661 2026 et
688 1993 920 2035 agriculturam
946 1992 1152 2037 pertinentia,
1175 1993 1234 2025 sub

489 2047 668 2085 antedictis,
692 2058 729 2079 ae
749 2046 844 2079 ctiam
866 2046 1020 2079 nullitatis
1041 2051 1070 2079 et
1088 2046 1234 2079 invalidi-

490 2101 561 2133 tatis
582 2100 704 2144 poenis,
730 2101 832 2132 lacere
854 2099 987 2143 possint.

534 2157 550 2194 ξ
569 2154 598 2187 Γ»,
620 2153 797 2186 statuimus
815 2153 910 2186 etiam
933 2153 1019 2196 quod
1049 2152 1177 2191 clerici,
1202 2152 1233 2185 in

490 2207 647 2239 casalibus
670 2212 774 2239 tamen
809 2206 948 2249 propriis
976 2211 1002 2238 ct
1026 2216 1090 2238 non
1113 2206 1235 2239 condu-

383 2251 475 2310 ¹⁴¹'',¹,','‚¹1
491 2261 566 2299 rtis,
591 2260 712 2305 possint
737 2260 854 2292 «lictant
882 2265 982 2293 artem
1016 2259 1234 2301 agriculturae

491 2326 548 2358 per
571 2327 603 2347 se
630 2315 676 2346 vel
698 2314 777 2346 alios
798 2324 946 2346 exercere
967 2319 997 2346 et
1018 2313 1159 2346 exerceri
1183 2314 1230 2346 l'a-

490 2380 577 2407 cerr,
600 2379 656 2400 nec
678 2367 722 2400 eis
748 2367 794 2399 vel
824 2377 936 2399 eornm
963 2366 1156 2399 haeredibus
1177 2377 1234 2410 per

489 2423 652 2454 tlainerain
677 2420 911 2464 Apostolicatn,
936 2431 990 2453 sen
1024 2420 1108 2453 illins
1140 2420 1232 2453 inini-

489 2481 571 2506 >tros
591 2474 687 2506 obiiri
706 2480 759 2507 ant
781 2473 932 2517 imputari
952 2473 1062 2516 possit,
1080 2474 1166 2517 qnod
1191 2473 1230 2505 il-

492 2528 608 2559 {tritam
632 2527 890 2567 negociationem
910 2526 1053 2566 teet-rint,
1078 2532 1133 2559 ant
1153 2537 1230 2570 spo-

492 2581 539 2612 liis
560 2581 669 2624 aliquo
691 2581 787 2613 motio
808 2592 842 2613 ex
865 2592 960 2613 cansa
988 2580 1128 2624 praefata
1150 2580 1228 2613 snb-

491 2634 623 2667 iat-vani.
649 2636 851 2668 berlai-antes
880 2634 998 2667 ‹lit-tani
1019 2640 1118 2667 artent
1141 2634 1228 2677 agri·
1262 2666 1264 2670 ,

1068 230 1253 257 ntJLLARmM
1273 230 1427 258 ROMANUM

1262 282 1407 315 culturae
1426 281 1521 315 etiam
1543 280 1619 325 ipsis
1636 279 1760 315 clericis
1773 281 1805 315 in
1826 290 1937 316 eorum
1950 293 2003 316 ca-

1262 334 1383 368 salibus
1400 334 1518 368 licitam
1541 340 1571 368 et
1590 335 1791 379 permissam.

1309 390 1325 431 S
1346 388 1376 421 6.
1400 389 1437 422 Et
1458 388 1552 432 quia,
1575 394 1708 433 propter
1733 389 1810 422 artis
1830 389 2004 432 agricultu-

1264 453 1318 475 rae
1338 443 1501 486 praefatae
1522 443 1794 476 intermissionem
1813 443 2005 477 etdesuetu-

1264 495 1391 536 dinem,
1419 496 1520 529 -boves
1547 496 1696 539 apprime
1721 496 1921 529 cultivationi
1946 506 2004 529 ne-

1264 549 1391 582 cessarii
1406 549 1602 589 defecerunt,
1615 554 1777 593 utquanto
1787 549 1879 582 citius
1892 559 2004 582 eorum

1263 612 1418 635 numerus
1439 603 1479 636 ad
1498 602 1714 636 necessariam
1744 602 1957 646 quantitatem
1975 607 2007 635 et

1264 655 1391 699 copiam
1411 661 1567 698 augeatur
1587 661 1618 688 et
1639 655 1833 696 reducatur,
1857 655 2007 689 volumus

1265 714 1295 742 et
1314 709 1506 742 mandamus
1526 709 1613 753 quod
1644 719 1778 749 omnes,
1804 709 1860 753 qui
1887 709 2008 742 habent

1265 767 1421 803 armenta,
1444 773 1501 795 seu
1526 762 1720 796 massaritias
1740 773 1910 795 vaccarum
1924 789 1931 803 ,
1955 768 2004 795 te-

1264 822 1403 849 neantur
1419 816 1505 849 alere
1526 827 1582 849 seu
1602 816 1643 850 ali
1660 817 1765 850 facere
1786 816 1914 850 tertiam
1933 826 2008 860 par-

1265 876 1329 903 tem
1359 870 1505 903 omnium
1536 870 1710 903 vitulorum
1726 897 1735 910 ,
1759 870 1814 914 qui
1845 870 1877 902 in
1898 880 2008 903 mense

1266 923 1383 964 martii,
1408 923 1518 967 aprilis
1536 929 1567 956 et
1584 923 1659 956 maii
1680 923 1825 967 quolibet
1839 933 1923 956 anno
1952 934 2006 956 na—

1265 983 1406 1018 scentur,
1430 983 1495 1010 tam
1516 977 1655 1010 marium
1676 988 1774 1021 quam
1794 977 2008 1011 foeminarum

1265 1041 1324 1075 pro
1342 1031 1468 1075 aequali
1489 1031 1650 1075 portione.

1311 1085 1325 1128 ἓ
1346 1084 1375 1118 7.
1396 1084 1434 1118 Et
1453 1085 1560 1117 nullus
1571 1084 1774 1118 macellarius
1789 1084 1939 1118 iuvencos
1952 1094 2008 1118 seu

1266 1138 1363 1172 boves
1380 1143 1534 1178 aratores,
1558 1143 1589 1171 ct
1606 1137 1661 1182 qui
1681 1137 1747 1181 apti
1767 1137 1831 1171 sint
1849 1137 1890 1171 ad
1911 1148 2006 1170 aran-

1266 1192 1343 1225 dum
1358 1219 1366 1232 ,
1394 1202 1453 1225 nec
1478 1191 1573 1225 etiam
1598 1201 1709 1224 vaccas
1729 1191 1789 1224 nisi
1816 1190 2008 1224 reiieiendas

1266 1246 1360 1289 (quas
1379 1245 1474 1288 vulgo
1491 1245 1673 1280 Cacciatore
1692 1245 1935 1288 nuncupantur)
1953 1255 2009 1278 seu

1266 1305 1387 1332 veteres
1404 1304 1434 1332 et
1446 1309 1528 1343 quae
1541 1309 1601 1342 pro
1613 1297 1766 1331 massaria
1788 1297 1917 1331 inutiles
1934 1297 2008 1338 sint,

1267 1353 1438 1386 macellare
1451 1352 1562 1396 possit,
1575 1352 1635 1385 sub
1653 1351 1835 1385 amissionis
1849 1351 2009 1385 dictorum

1267 1405 1472 1447 animalium,
1499 1406 1547 1439 vel
1577 1415 1689 1438 eorum
1715 1404 1809 1449 pretii
1829 1432 1836 1445 ‚
1859 1415 1916 1438 seu
1940 1404 2011 1438 aliis

1267 1459 1401 1492 arbitrio
1421 1458 1595 1493 Camerarii
1615 1458 1663 1492 vel
1688 1457 1839 1502 praesceti
1863 1467 2011 1491 annonae

1268 1512 1450 1555 infligendis
1470 1512 1601 1556 poenis;
1623 1517 1654 1545 et
1672 1511 1698 1545 si
1719 1511 1894 1545 macellarii
1924 1521 2012 1544 eme-

1267 1565 1331 1599 rint
1347 1566 1444 1599 boves
1463 1571 1599 1607 veteres
1623 1565 1677 1609 qui
1699 1565 1738 1598 ad
1759 1565 1918 1598 arandum
1943 1574 2011 1598 am-

1267 1619 1351 1663 plius
1371 1619 1437 1663 apti
1455 1618 1589 1652 minime
1609 1623 1810 1662 reputentur,
1827 1617 1944 1662 aliquis
1965 1623 2011 1650 ta-

1268 1683 1342 1706 men
1363 1673 1425 1706 illis
1446 1673 1485 1706 ad
1511 1672 1671 1706 arandum
1691 1672 1738 1705 uti
1762 1671 1848 1712 velit,
1872 1677 2007 1705 tenean-

1269 1732 1320 1760 tur
1340 1726 1516 1760 macellarii
1539 1726 1616 1759 tales
1642 1725 1739 1759 boves
1758 1725 1879 1759 eisdem
1905 1724 2010 1769 pretio

1267 1785 1424 1814 convento
1445 1780 1492 1813 vel
1513 1780 1620 1813 soluto
1642 1779 1768 1812 tradere
1794 1783 1825 1811 et
1853 1778 2007 1819 relaxare,

1267 1838 1298 1865 et
1318 1833 1488 1866 dohanerii
1510 1838 1573 1866 tam
1592 1833 1710 1865 bovum
1725 1842 1823 1876 quam
1840 1840 2010 1864 vaccarum

1267 1886 1505 1930 praedictarum
1535 1886 1695 1927 gabellam
1728 1885 1873 1929 recipcre
1890 1890 1922 1918 ct
1946 1884 2010 1918 cxi-

1267 1952 1342 1983 gere
1355 1941 1486 1974 minime
1497 1941 1632 1980 valeant,
1643 1941 1702 1974 sub
1714 1939 1896 1974 amissionis
1907 1939 2011 1973 dictae

1267 1994 1412 2037 gabellae
1442 1994 1577 2037 aliisque
1603 1993 1737 2026 arbitrio
1762 1992 1934 2027 Camerarii
1954 2003 2010 2027 seu

1268 2058 1414 2082 annonae
1435 2047 1588 2092 praefecti
1611 2046 1794 2089 infligendis
1814 2046 1936 2091 poenis.

1313 2103 1329 2143 ἕ
1350 2102 1380 2134 8.
1405 2102 1448 2134 Ac
1472 2101 1603 2145 insuper
1631 2100 1843 2144 probibemus
1862 2110 1903 2134 ne
1923 2105 2011 2133 extra

1269 2154 1466 2187 territorium
1497 2160 1527 2187 et
1556 2153 1734 2187 districtum
1768 2153 1881 2190 Urbis.
1915 2153 2011 2186 boves

1268 2213 1297 2240 ct
1318 2207 1441 2241 invenci
1463 2207 1558 2241 etiam
1574 2206 1718 2240 bubalini
1741 2206 1861 2250 absque
1883 2205 2011 2239 licentia

1268 2260 1390 2293 extrabi
1413 2260 1547 2304 possint,
1575 2259 1827 2293 snbamissionis
1848 2259 2008 2292 (lictorum

1267 2314 1455 2347 animalium
1487 2325 1545 2357 per
1570 2313 1731 2357 quoslibet
1758 2312 1960 2346 extrahentes
1979 2318 2011 2345 et

1268 2378 1325 2411 pro
1346 2367 1489 2411 qnalibet
1510 2367 1576 2399 vice
1599 2366 1811 2399 incurrendis

1312 2424 1327 2462 ξ
1348 2421 1378 2452 tt.
1407 2420 1521 2464 Sicqne
1537 2447 1544 2458 ‚
1575 2425 1603 2452 et
1627 2429 1690 2452 non
1713 2419 1805 2452 aliter
1830 2429 1887 2462 per
1912 2429 2010 2462 qnos—

1268 2485 1406 2517 cninqne
1428 2473 1559 2512 indices,
1583 2477 1653 2512 clia,
1677 2473 1814 2511 sublata,
1835 2477 1907 2509 clc.‚
1929 2471 2010 2505 indi-

1267 2527 1332 2559 rari
1354 2533 1385 2559 et
1402 2527 1529 2559 ‹letiniri
1551 2527 1680 2564 debere,
1698 2526 1836 2566 irritum,
1859 2530 1930 2565 etc„
1953 2525 2009 2559 ‹le-

1267 2579 1440 2612 cernimus.

1312 2635 1327 2675 ti
1353 2632 1399 2666 10.
1425 2633 1609 2666 Mandantcs
1627 2633 1750 2666 dilectis
1772 2632 1844 2665 tiliis
1863 2632 2009 2666 Camera-

2023 230 2072 260 Αη.
2091 232 2202 262 C.10C0
2226 235 2228 270 j

2058 396 2124 427 Vituli
2138 397 2204 420 naset—
2226 386 2239 423 'i

2019 424 2059 444 turi
2085 430 2104 444 ιιι
2132 429 2202 446 mense
2226 426 2239 454 }}

2019 450 2095 480 martii,
2103 451 2176 476 aprilis
2183 452 2204 472 ek

2019 483 2069 497 niati
2086 482 2123 502 pro
2141 477 2204 499 tertia
2238 478 2240 482 “

2019 505 2079 530 purte
2094 503 2197 524 aluntur.‘
2238 528 2239 531 Ἴ

2035 1089 2104 1110 Boves
2118 1087 2207 1110 aratorii
2246 1083 2253 1094 “

2023 1118 2044 1136 et
2064 1115 2147 1136 iuvenci
2166 1120 2208 1136 nun

2022 1144 2148 1163 mactentur.

2058 2100 2084 2121 Et
2099 2101 2124 2122 itu
2140 2099 2209 2122 ‹listri-

2025 2129 2059 2148 ctu
2080 2133 2122 2148 non
2141 2129 2209 2148 extra·

2025 2154 2108 2175 liuntur.

2038 2447 2040 2449 ‚
2057 2418 2168 2440 Decretum
2182 2417 2223 2440 ἦθ’

2025 2448 2098 2466 ritans.
2220 2455 2224 2458 ·
