2253 3195
235 224 286 252 Au.
305 223 334 251 e.
353 223 422 251 1595
468 213 532 248 222

433 271 533 305 dictas
542 269 809 313 congregationes
821 266 941 310 recepti
955 265 1086 305 fuerint,
1102 274 1175 308 per-

401 319 403 321 *
432 325 538 369 petuis
568 323 682 356 suturis
710 320 930 364 temporibus,
954 329 1018 362 quo
1037 327 1114 350 vero
1135 317 1175 349 ad

267 1398 350 1418 Relatio
364 1403 424 1423 prae-

241 1425 311 1453 dictae
343 1425 424 1445 insutu·

241 1454 311 1471 tinnis.

433 384 576 412 caeteros
589 374 823 413 christifideles,
838 374 878 406 ad
892 371 1084 406 decennium
1098 381 1175 414 pro-

432 431 553 464 ximum
573 427 728 461 valituris.
752 427 909 459 Volumus
929 430 1037 458 autem
1054 430 1090 457 ut
1113 423 1177 456 vir-

433 484 547 527 gines,-
560 482 672 514 viduae
693 485 723 513 et
734 479 816 512 aliae
828 478 980 511 mulieres
993 477 1176 522 praedictae

434 537 466 569 in
487 536 606 569 dictam
628 534 761 567 domum
781 537 941 575 receptae,
961 531 987 564 si
1000 530 1177 574 praemissa

435 589 545 623 omnia
565 593 595 621 et
618 586 747 629 singula
767 583 1028 628 adimpleverint,
1048 583 1176 616 easdem

436 648 645 687 peccatorum
676 650 809 674 suorum
831 637 1050 680 indulgentias
1070 643 1101 670 et
1122 647 1175 669 re-

435 695 615 735 missiones,
638 694 720 727 sicut
738 692 856 726 caeteri
873 691 1042 736 praedicti,
1066 690 1098 723 in
1110 699 1179 723 om-

435 750 529 783 nibus
550 753 802 791 consequantur.

478 804 593 837 Datum
612 802 734 835 Romae
755 800 840 844 apud
865 800 1017 833 Sanctum
1038 798 1179 831 Marcum

434 857 493 891 sub
514 855 633 889 annulo
654 853 836 893 Piscatoris,
852 853 903 887 die
923 863 964 886 xx
989 851 1180 895 septembris

435 920 551 949 mxcv,
579 908 788 953 pontificatus
808 907 910 940 nostri
929 917 1015 939 anno
1036 916 1078 939 iv.

470 973 527 999 Dat.
549 972 592 998 die
611 971 645 999 20
665 970 831 1006 septembris
852 969 931 1004 1595,
954 970 1030 1004 pont.
1051 976 1097 994 an.
1118 974 1154 994 lv.

437 1072 594 1116 Sequitur
614 1070 800 1103 iurisdictio
826 1068 946 1102 iudicis
969 1068 1050 1101 dicti
1069 1077 1181 1101 mona-

482 1125 586 1159 sterii.

633 1214 766 1241 Clemens
788 1212 866 1247 Papa
885 1213 964 1244 vm,

582 1267 618 1294 ad
636 1267 769 1293 futuram
785 1265 829 1293 rei
848 1264 1030 1292 memoriam.

484 1339 561 1373 Cum
579 1349 638 1372 nos
658 1347 773 1381 nuper,
796 1336 1041 1370 utdiversarum
1063 1345 1184 1378 paupe-

442 1404 512 1426 rum
534 1392 716 1436 puellarum
730 1401 766 1424 ac
780 1390 939 1432 virginum
961 1389 991 1421 in
1009 1389 1095 1422 Urbe
1114 1389 1184 1422 ino-

441 1445 494 1490 pia
516 1444 744 1483 laborantium,
768 1449 796 1477 et
819 1442 951 1476 diversis
972 1441 1122 1485 periculis
1133 1452 1184 1474 ex-

442 1499 634 1543 positarum,
662 1507 789 1531 necnon
828 1497 1037 1530 honestarum
1068 1495 1182 1529 ridua-

443 1562 527 1592 rum,
551 1551 647 1585 etiam
668 1551 698 1584 in
720 1550 879 1584 caelibatu
901 1549 1006 1582 virere
1036 1554 1181 1582 statuen-

442 1605 535 1645 tium,
571 1604 704 1638 honoris
735 1609 765 1637 et
791 1602 966 1647 pudicitiae
996 1602 1181 1642 securitati,

441 1669 565 1693 necnon
588 1659 773 1698 mulierum,
790 1668 873 1702 quae
886 1657 982 1690 ritam
1003 1656 1110 1689 minus
1127 1656 1186 1690 ho-

441 1720 563 1747 nestam
585 1719 678 1746 antea
704 1713 878 1751 duxerant,
908 1721 1056 1754 quaeque
1077 1715 1186 1754 postea

441 1767 481 1801 ad
499 1777 556 1800 cor
574 1776 719 1800 reversae
739 1775 877 1798 coenum
900 1763 1078 1797 carnalium
1095 1763 1186 1796 volu-

444 1826 567 1865 ptatum
590 1819 775 1862 relinquere
796 1823 825 1850 et
847 1816 1079 1860 poenitentiam
1091 1826 1187 1857 agere

443 1871 657 1911 decreverint,
692 1870 915 1904 commoditati
938 1875 968 1903 et
988 1868 1184 1912 probationi,

444 1927 547 1960 donec
568 1926 614 1958 vel
636 1925 666 1958 in
693 1924 825 1968 aliquod
845 1923 940 1956 Urbis
955 1921 1186 1955 monasterium

443 1979 602 2013 admissae
619 1978 748 2017 suerint,
770 1977 817 2010 vel
841 1976 902 2009 illis
922 1976 1002 2009 alias
1023 1975 1186 2019 provisum

444 2033 550 2070 suerit,
579 2037 712 2075 paterna
739 2030 895 2064 charitate
927 2029 1185 2066 consuleremus,

445 2096 541 2118 unam
576 2085 708 2118 domum
746 2083 870 2123 Refugit
902 2088 1119 2126 nuncupatam
1158 2081 1187 2114 in

444 2139 549 2172 Monte
570 2137 738 2177 Quirinali.
763 2137 793 2169 in
819 2136 953 2169 aedibus
973 2141 1005 2169 et
1032 2135 1190 2168 viridariis

445 2191 610 2235 quondam
640 2189 794 2224 Bernardi
821 2188 972 2223 Acciaioli
996 2199 1052 2232 per
1072 2199 1130 2221 nos
1150 2188 1189 2220 al»

447 2245 547 2288 ipsius
565 2243 720 2278 Bernardi
743 2242 936 2275 haeredibus
957 2251 1074 2281 maeno
1095 2252 1186 2274 suui-

448 2304 503 2341 ptu
524 2296 731 2340 comparati&
749 2295 950 2335 erigendam,
968 2294 1075 2337 ibique
1090 2304 1189 2327 unum

448 2351 620 2390 collegium
644 2359 822 2393 pauperum
854 2347 1014 2388 virginum
1038 2355 1066 2380 et
1090 2347 1191 2379 lione-

449 2410 568 2436 starum
599 2403 780 2442 viduarum,
804 2412 840 2435 ac
862 2411 919 2445 pro
942 2400 1014 2439 illis,
1042 2411 1100 2433 nec
1127 2410 1190 2433 non

451 2456 639 2488 mulieribus
661 2454 831 2498 praedictis
854 2453 1093 2498 poenitentibus
1113 2462 1192 2496 quo-

451 2520 550 2551 usque
571 2508 718 2541 siuilliter
745 2508 774 2540 iu
796 2507 928 2550 aliquod
945 2505 1189 2543 immasterimu,

451 2567 482 2594 ut
504 2572 613 2604 supra,
638 2567 784 2604 receptae
808 2560 935 2597 suerint,
963 2571 1018 2592 seu
1033 2558 1110 2591 alias
1132 2557 1193 2590 ittis

452 2615 571 2660 pariter
584 2614 676 2648 fuerit
692 2613 867 2658 provisum,
884 2612 1087 2657 recipiendis,
1105 2621 1194 2645 man-

1020 216 1204 242 BULLARIUM
1223 215 1377 239 ROMANUM

2152 185 2166 197 2.

1969 210 2058 238 Aac.
2084 211 2163 242 15852

1208 261 1315 297 siones
1345 267 1508 307 separatas
1538 261 1749 295 instituendas
1770 266 1801 295 et
1825 261 1945 294 instau·
2110 255 2113 257 ’
2154 254 2158 255 ’

1208 316 1326 349 randas
1347 315 1595 355 decreverimus,
1624 314 1755 358 iamque
1775 324 1892 356 magna
1916 324 1954 346 ex

1209 375 1300 414 parte
1321 368 1471 402 aedificia
1500 367 1604 401 dictae
1635 367 1752 400 domus
1777 366 1954 400 instaurata

1210 423 1340 456 fuerint.
2171 455 2173 458 ,

1255 477 1271 518 ξ
1292 476 1322 509 l.
1343 476 1460 509 Verum
1479 485 1552 508 cum
1570 475 1610 508 ad
1638 484 1748 507 earum
1779 473 1953 518 perfectio—
2002 484 2085 506 nerano
2105 484 2178 510 suh„

1210 540 1295 569 nem,
1319 534 1350 562 et
1368 527 1599 572 suppellectilis
1627 538 1664 560 ac
1683 537 1791 560 rerum
1809 536 1956 559 necessa-
1969 511 2161 559 ῗζῗέιῖἑῖῗὲἷῑοὼω

1210 583 1332 616 riarum
1364 581 1660 625 comparationem,
1683 590 1749 613 non
1781 578 1956 612 mediocris
1970 564 2163 612 iffffiiii‘isst‘isnff.

1212 637 1357 680 impensa
1378 635 1522 669 facienda
1541 635 1591 675 sit,
1608 645 1667 667 nos
1687 639 1721 667 ut
1740 633 1881 677 pretium
1903 643 1957 665 ae·
2154 636 2160 643 “

1212 691 1301 724 dium
1331 696 1361 723 et
1391 689 1535 722 viridarii
1559 687 1812 732 praedictorum,
1837 691 1958 730 quanto

1213 744 1305 778 citius
1324 744 1448 785 integre
1468 741 1605 786 persolvi
1630 741 1752 785 possit,
1777 740 1836 773 tria
1858 739 1960 772 millia

1213 808 1271 842 per
1300 796 1474 830 loffredum
1500 794 1714 828 Lomellinum
1736 793 1823 827 Cam.
1846 795 1956 837 Apost.

1214 850 1368 884 clericum
1393 859 1452 893 pro
1477 848 1606 882 residuo
1626 847 1722 891 pretii
1742 846 1840 880 oflicii
1861 845 1957 879 cleri-

1214 910 1303 938 catus
1324 903 1427 937 dictae
1453 902 1605 936 Gamerae
1623 900 1828 945 Apostolieae
1841 927 1848 940 ,
1872 899 1960 943 quod

1215 957 1357 997 obtinet,
1381 962 1412 989 et
1431 955 1519 988 mille
1544 960 1575 988 et
1599 959 1741 987 trecenta
1766 963 1824 996 per
1842 952 1959 986 Iulium

1215 1016 1246 1045 et
1265 1010 1333 1044 eius
1352 1009 1454 1042 filium
1476 1009 1515 1042 de
1534 1007 1691 1051 Philippis
1704 1006 1955 1046 Veliternenses‚

1215 1075 1274 1108 pro
1285 1062 1520 1107 compositione
1534 1072 1607 1095 cum
1618 1061 1752 1095 Camera
1762 1058 1957 1104 Apostolica,

1216 1128 1252 1151 ac
1272 1117 1335 1150 alia
1353 1122 1442 1150 scuta
1462 1115 1549 1148 mille
1570 1120 1718 1148 monetae
1748 1124 1807 1158 per
1834 1113 1961 1157 equites

1217 1171 1372 1214 Angelum
1396 1168 1657 1203 etAlexandrum
1676 1168 1716 1201 de
1732 1166 1877 1207 Camenis,
1901 1176 1961 1210 pro

1217 1223 1451 1267 compositione
1462 1221 1556 1266 spolii
1570 1226 1600 1255 et
1613 1221 1774 1254 bonorum
1794 1219 1961 1264 quondam

1216 1277 1320 1310 honae
1352 1275 1529 1309 memoriae
1553 1273 1725 1308 cardinalis
1744 1273 1863 1308 Canani
1891 1273 1959 1307 sol-

1218 1341 1289 1364 vere
1310 1329 1468 1374 promissa
1498 1334 1529 1362 et
1559 1333 1730 1367 conventa;
1754 1336 1880 1360 necnon
1896 1323 1963 1360 'alia

1219 1384 1304 1417 mille
1325 1382 1500 1427 quingenta
1513 1392 1571 1426 per
1584 1380 1825 1414 universitatem
1845 1379 1963 1413 macel-

1219 1437 1385 1477 lariorum,
1408 1447 1464 1469 seu
1486 1435 1628 1469 diversos
1648 1443 1760 1467 eorum
1786 1433 1963 1477 particula-

1218 1501 1268 1524 res
1288 1490 1421 1523 dilectos
1442 1488 1536 1527 filios,
1551 1498 1611 1532 pro
1625 1486 1755 1521 residuo
1769 1486 1880 1520 decem
1893 1484 1965 1518 mil-

1219 1544 1296 1576 lium
1318 1542 1486 1577 occasione
1506 1541 1607 1574 mutui
1628 1550 1687 1585 per
1699 1539 1865 1574 Cameram
1880 1540 1964 1583 Apo-

1218 1597 1363 1631 stolicam
1385 1595 1457 1629 sacti
1469 1595 1586 1633 debita,
1605 1600 1635 1627 et
1651 1602 1873 1638 quascumque
1885 1592 1964 1626 alias

1220 1650 1429 1695 pecuniarum
1455 1659 1598 1682 summas
1629 1657 1733 1691 nuper
1764 1657 1822 1691 per
1850 1645 1963 1680 Came-

1221 1714 1288 1737 ram
1309 1702 1539 1747 Apostolicam,
1561 1711 1618 1735 seu
1638 1700 1706 1734 eius
1727 1699 1891 1733 ministros
1912 1699 1962 1732 di-

1220 1757 1318 1791 versis
1335 1755 1587 1801 particularibus
1599 1752 1793 1787 macellariis
1806 1752 1837 1785 in
1852 1762 1965 1786 eorum

1221 1809 1431 1844 subventione
1453 1813 1623 1847 mutuatas,
1647 1805 1902 1840 irrevocabiliter
1919 1805 1967 1838 in-

1223 1870 1269 1897 ter
1288 1863 1375 1896 vivos
1403 1861 1593 1895 donavimus
1616 1865 1647 1893 et
1677 1858 1906 1893 concessimus.
1930 1858 1968 1892 Et

1222 1916 1500 1950 administratores
1519 1913 1594 1948 dicti
1613 1912 1752 1955 collegii,
1766 1922 1822 1946 seu
1836 1912 1964 1952 domus,

1223 1971 1356 2004 dilectos
1375 1970 1470 2002 etiam
1494 1968 1576 2002 filios
1597 1966 1894 2001 confraternitatem
1915 1966 1964 1999 vi-

1224 2034 1333 2057 rorum
1355 2023 1473 2057 ibidem
1488 2027 1627 2056 erectam
1642 2031 1698 2054 seu
1711 2020 1898 2063 erigendam
1911 2019 1968 2054 de-

1224 2077 1416 2122 putavimus,
1440 2086 1559 2119 eosque
1591 2079 1818 2119 procuratores
1843 2073 1965 2116 irrevo-

1224 2130 1358 2170 cabiles,
1383 2135 1415 2162 ut
1444 2129 1475 2161 iu
1509 2138 1576 2161 rem
1606 2126 1772 2171 propriam
1802 2125 1842 2159 ad
1869 2125 1970 2160 dictas

1224 2193 1385 2222 suuuuas,
1410 2187 1444 2214 ut
1470 2180 1666 2225 praefertur,
1690 2179 1836 2219 donatas,
1859 2184 1891 2212 et
1909 2188 1966 2212 ea-

1225 2246 1295 2270 rum
1326 2236 1468 2277 singulas
1485 2234 1675 2277 exigendas,
1696 2239 1727 2266 et
1748 2233 1788 2266 de
1809 2232 1853 2265 eis
1878 2231 1969 2276 quie-

1226 2290 1356 2323 tantiam
1391 2289 1524 2323 t'ecimus
1545 2293 1576 2321 et
1602 2286 1848 2326 constituimus,
1873 2290 1970 2329 prout

1227 2344 1256 2377 in
1275 2343 1346 2376 aliis
1366 2341 1481 2376 nostris
1499 2340 1610 2374 litteris
1631 2339 1756 2384 plenius
1773 2338 1965 2372 continetur.
2171 2375 2174 2379 ,

1270 2399 1286 2439 5
1308 2396 1337 2429 ⁹2.
1361 2395 1606 2429 Considerantes
1626 2393 1713 2437 quod
1733 2392 1778 2426 eis
1798 2392 1889 2425 valde
1909 2391 1968 2425 dis·
1983 2394 2169 2442 mffffiffhg‘m
2213 2400 2215 2402 ’

1227 2450 1310 2483 sutile
1335 2449 1546 2487 redderetur,
1572 2447 1596 2480 si
1623 2457 1682 2490 pro
1715 2444 1968 2489 consequutione
1984 2443 2141 2469 ¹ur¹⁵¹¹¹0¹¹⁰¹¹¹··

1225 2502 1485 2547 supradictorum
1507 2500 1717 2540 creditorum,
1746 2499 1792 2532 eis
1812 2504 1846 2532 ut
1871 2508 1966 2543 prae-

1228 2557 1346 2595 fertur,
1374 2556 1568 2589 donatorum
1600 2559 1631 2586 et
1659 2561 1910 2592 concessorum,
1939 2555 1971 2584 et

1227 2608 1414 2654 quorumvis
1427 2608 1564 2642 aliorum
1586 2607 1749 2640 bonorum
1769 2610 1799 2639 ut
1819 2602 1969 2649 pecunia-
