2253 3195
34 253 83 280 An.
100 252 128 278 C.
154 249 219 278 1594

86 364 178 390 Eiusque
195 368 215 381 uv

33 391 110 414 mnium
121 391 216 410 actorum

14 432 17 452 g
33 416 153 440 ratiticatio.

81 2551 130 2573 Cum
141 2552 236 2580 trequen-

54 2580 86 2600 te·
117 2581 237 2600 coutrover-

858 245 1004 268 CLEMENS
1023 245 1079 268 Vlll
1099 244 1148 268 ΡΡ.

232 296 409 340 scripturae
431 295 635 335 concordiae,
670 305 726 338 per
760 294 840 327 hanc
874 303 979 326 meam

232 350 379 384 cedulam
402 349 488 382 illam
511 349 618 387 laudo,
643 348 806 392 approbo,
831 346 976 387 iatitico,
997 376 998 379 ,

233 404 391 437 confirmo
410 409 437 435 et
463 403 566 435 liabeo
586 413 645 446 pro
666 402 751 435 bona
772 401 803 434 in
829 400 980 434 omnibus
997 436 999 452 Ι

233 463 260 490 et
289 468 346 501 per
366 456 485 493 omnia.
510 456 591 489 sieut
621 466 656 487 ac
677 460 774 498 prout
794 454 824 486 in
847 465 883 487 ea
904 453 999 496 con-1

235 508 354 543 {inetur
374 516 401 542 ct
425 509 590 554 promitto,
614 514 709 551 atque
730 508 887 551 polliceor
908 517 980 539 meo
998 531 999 548 ἦ

233 564 331 597 verbo
351 563 439 606 regio
465 563 551 607 quod
573 572 632 604 ugo
653 567 681 594 et
705 572 796 604 reges
817 561 879 593 mei
907 571 980 593 suc-

233 628 386 657 cessores,
404 627 461 661 pro
476 627 514 649 eo
535 616 622 660 quod
643 626 701 648 nos
716 614 827 657 tangit,
848 613 980 657 acquic-

233 680 358 704 scemus
388 675 419 703 et
449 668 604 702 stabimus
633 667 792 701 contentis
818 667 849 700 in
871 677 919 708 ca,
952 672 982 699 et

233 725 321 769 quod
342 734 406 756 non
426 723 544 756 ibimus
569 733 674 766 neque
692 721 859 754 veniemus
870 725 982 753 contra

234 789 271 812 ea
291 789 347 812 seu
368 789 481 812 eorum
502 783 639 822 pai-tenu
657 778 723 811 ullo
743 787 884 821 unquam
902 782 981 809 tem-

234 843 324 876 pore,
337 842 444 875 neque
460 832 526 864 ullo
545 831 654 871 modo,
672 836 702 864 et
717 830 880 875 praecipio
895 829 981 873 quod
999 820 1001 860 ἶ

235 897 271 919 ex
293 896 378 918 nune
391 890 545 925 servetur,
558 885 775 929 adimpleatur
796 889 826 917 et
846 868 1001 927 (Λαμια-Ε

236 945 287 972 tur
299 939 384 972 dicta
397 939 555 983 scriptura
580 938 821 977 inviolabiliter,
838 942 934 981 prout
954 941 981 969 et
1000 954 1002 973 ;

235 993 512 1038 quemadmodum
539 992 569 1025 in
600 1003 636 1025 ea
665 991 867 1028 continetur.
897 987 1002 1034 quod'j

237 1048 316 1080 illud
333 1047 378 1080 sic
392 1057 452 1091 pro
473 1047 560 1080 bono
582 1046 697 1083 haheo,
721 1051 749 1078 et
772 1050 817 1077 est
840 1055 908 1077 meu
931 1046 1003 1076 ivo-I

237 1102 353 1136 luntas.

281 1156 394 1188 Actum
417 1154 448 1186 in
467 1153 588 1198 oppido
610 1153 650 1186 de
667 1151 865 1191 Madrid‚dio
887 1151 1004 1196 unde-l

237 1209 319 1243 cima
341 1208 447 1241 martii
465 1218 597 1242 mnxcw.

712 1261 749 1294 Io
766 1261 795 1293 el
815 1261 892 1303 Rey.

281 1345 325 1378 De
345 1343 498 1376 mandato
512 1342 597 1385 regis
612 1340 737 1375 domini
759 1339 871 1377 nostri,
890 1340 986 1372 Fran·
1004 1349 1005 1355 ¹

238 1398 341 1432 ciscus
360 1397 516 1431 Gonzalez
538 1396 577 1430 de
597 1394 745 1429 Heredia.
1004 1430 1006 1446 Ι

282 1451 397 1484 Datum
417 1450 539 1483 Romae
560 1449 647 1493 apud
667 1449 820 1482 Sanctum
847 1448 986 1481 Marcum
1005 1448 1006 1454 ¹

239 1505 298 1538 sub
305 1502 615 1543 annuloPiscatoris,
623 1502 674 1535 die
683 1512 707 1535 11
717 1501 842 1544 augusti
853 1510 985 1537 MDxciv,

240 1557 448 1601 pontificatus
468 1556 570 1590 nostri
592 1566 677 1589 anno
698 1566 746 1589 111.

278 1621 337 1648 Dat.
357 1620 400 1648 die
419 1621 436 1647 2
452 1620 559 1656 augusti
580 1620 658 1654 1594,
676 1619 773 1655 pontif.
794 1627 838 1646 an.
855 1624 892 1645 111.

574 1762 660 1796 XCV.

242 1863 418 1906 Pompeius
434 1861 646 1905 Ammonius,
664 1860 920 1899 commissarius,
941 1858 992 1891 de-

289 1926 418 1970 leyatur
429 1924 473 1958 ad
485 1923 725 1958 constituendos
740 1923 894 1956 terminos
908 1923 994 1955 inter

288 1988 473 2021 dominium
483 1986 735 2020 ecclesiasticum
745 1990 774 2018 et
787 1989 911 2018 statum
924 1995 994 2017 ma-
1010 2008 1012 2022 .

290 2051 350 2094 qni
370 2051 470 2084 Ducis
488 2050 666 2083 Helruriae
686 2049 706 2081 ¹.
744 2077 748 2080 .

247 2131 362 2160 Dilecto
382 2129 444 2158 filio
464 2129 609 2165 magistro
624 2128 759 2163 Pompeio
775 2128 927 2164 Arriqono⁷
944 2136 993 2157 ca·
1011 2125 1013 2138 ¹

281 2186 401 2220 pollano
420 2187 523 2212 nostro
544 2186 575 2211 et
590 2190 749 2212 causarum
768 2182 873 2217 palatii
897 2183 994 2210 nostri

282 2239 438 2274 apostotici
459 2237 590 2266 auditori

442 2300 599 2331 Clemens
613 2300 708 2340 Papa
721 2299 814 2329 vm.

530 2373 646 2401 Dilecta
661 2372 716 2406 fili,

285 2429 416 2456 salutem
440 2431 472 2456 et.
495 2427 689 2462 apostolicam
708 2425 960 2454 benedictionem.
1013 2423 1016 2451 l

297 2502 313 2543 ἓ
335 2499 365 2532 ’1.
390 2500 466 2533 Cum
485 2499 517 2532 in
539 2498 672 2533 diversis
703 2498 781 2531 loeis
812 2497 1016 2542 temporalis?

252 2557 379 2586 nostrae
401 2552 520 2586 etS.R.
533 2552 567 2585 E.
591 2551 734 2592 ditionis,
750 2561 832 2595 quae
852 2550 999 2595 proxima

1665 231 1716 264 171

1015 292 1121 326 dilecti
1143 292 1198 325 tilii
1221 291 1338 325 nobilis
1353 291 1410 324 viri
1423 290 1616 324 Fordinandi
1636 290 1763 334 provin-

1015 347 1083 380 ciae
1094 345 1264 379 Hetruriae
1283 345 1342 378 sibi
1357 344 1519 378 subiectae
1538 343 1644 386 magni
1659 343 1760 384 ducis,

1015 411 1051 433 ac
1080 399 1267 444 praesertim
1289 400 1417 438 Clanes‚
1443 398 1542 431 nostri
1564 403 1592 430 et
1620 398 1763 430 ciusdem

1015 455 1044 486 S.
1061 454 1097 486 R.
1122 454 1154 486 E.
1177 453 1308 493 subditi,
1334 464 1407 485 cum
1428 451 1564 485 subditis
1591 457 1691 484 status
1711 451 1765 484 Se-

1016 518 1131 540 narum
1145 506 1221 539 dicti
1235 506 1429 539 Fcrdinansli
1453 505 1559 548 magni
1574 505 1665 538 ducis
1678 505 1765 538 Mon-

1016 561 1054 593 tis
1074 560 1299 593 Politianensis
1314 565 1344 593 ct
1365 560 1436 592 aliis
1459 560 1561 598 terris3
1586 559 1617 591 in
1632 558 1763 591 Umbria

1017 625 1091 647 vero
1113 619 1221 646 nostra
1243 613 1459 646 communitas
1492 618 1522 645 et.
1544 612 1691 645 homines
1713 611 1761 644 ci-

1016 667 1120 700 vitatis
1140 673 1267 700 nostrae
1288 666 1414 700 Castelli
1435 677 1506 699 cum
1535 665 1670 699 subditis
1697 670 1762 698 sta-

1017 726 1066 754 tus
1096 720 1288 761 Florentiae,
1322 719 1470 759 Aretinis,
1494 719 1559 752 sive
1589 719 1675 758 aliis3
1709 729 1766 752 nec

1017 785 1081 808 non
1112 775 1142 807 in
1173 774 1340 818 provincia
1371 778 1481 806 nostra
1510 772 1763 811 Romandiolae,

1017 829 1233 863 communitas
1251 834 1279 861 et
1302 827 1451 861 homines
1480 826 1615 860 civitatis
1636 832 1766 860 nostrae

1018 882 1168 916 Forolivii
1190 892 1263 914 cum
1285 881 1491 914 universitate
1503 880 1681 914 Castroeari
1701 886 1765 914 tam

1018 947 1115 980 super
1135 946 1251 978 aggere
1273 941 1300 968 et
1323 935 1471 967 clausura
1492 935 1531 967 de
1563 945 1647 967 anno
1669 944 1767 968 MDXCI

1019 1001 1035 1023 a
1047 988 1320 1023 Foroliviensihus
1338 988 1455 1021 nostris
1467 987 1616 1027 subditis,
1634 998 1693 1031 pro
1708 999 1767 1021 usu

1019 1049 1050 1077 et
1063 1042 1294 1076 commoditate
1308 1041 1573 1074 molendinorum
1588 1041 1619 1073 in
1634 1042 1768 1075 flumine

1002 1096 1162 1130 *Montoni
1183 1095 1292 1135 sactis,
1317 1106 1413 1138 quam
1442 1105 1539 1139 super
1564 1095 1767 1139 appositione

1021 1162 1077 1184 seu
1095 1150 1244 1183 affixione
1265 1149 1433 1182 cuiusdam
1447 1148 1520 1181 novi
1536 1148 1667 1181 termini
1685 1149 1769 1182 inter

1021 1215 1135 1247 agrum
1157 1203 1252 1237 castri
1274 1202 1420 1236 Flumani
1442 1202 1668 1236 Foroliviensis
1687 1209 1718 1236 et
1737 1213 1769 1236 a—

1021 1269 1116 1302 grum
1130 1257 1320 1297 Castrocari;
1339 1268 1375 1290 ac
1389 1257 1519 1290 denium
1535 1256 1769 1290 Brasichellen-

1021 1324 1082 1354 ses,
1100 1312 1201 1346 nostri
1216 1311 1366 1345 similiter
1385 1310 1515 1349 subditi,
1540 1321 1613 1344 cum
1634 1310 1766 1344 univer-

1004 1367 1114 1400 ›sitate
1144 1365 1263 1399 Maradi
1299 1375 1396 1409 super
1429 1365 1569 1408 quadam
1602 1365 1700 1397 dorno
1734 1375 1770 1397 ac

1023 1427 1128 1454 terrae
1144 1420 1229 1464 petia
1251 1419 1282 1452 in
1296 1419 1406 1453 schola
1418 1418 1567 1452 Gattarae
1581 1423 1611 1451 et
1632 1418 1702 1451 loco
1716 1418 1770 1452 Gi-

1022 1475 1114 1517 golae
1136 1473 1255 1507 vocatis
1281 1473 1360 1514 sita,
1390 1472 1560 1506 occasione
1593 1472 1707 1505 finium
1741 1477 1769 1505 et

1006 1528 1239 1566 ,terminorum
1259 1537 1354 1570 saepe
1386 1526 1600 1565 contendant,
1625 1531 1653 1558 et
1686 1536 1772 1558 nunc

1024 1592 1122 1625 super
1134 1579 1321 1613 huiusmodi
1342 1580 1462 1613 finibus
1476 1585 1506 1612 et
1524 1579 1671 1612 torminis
1689 1579 1773 1612 inter

1025 1635 1127 1668 dictos
1158 1639 1305 1673 nostros,
1335 1639 1364 1667 et
1395 1634 1425 1667 S.
1450 1634 1486 1666 R.
1511 1633 1544 1666 E.
1569 1632 1715 1666 subditos
1736 1644 1773 1666 ex

1026 1699 1101 1729 una,
1119 1694 1150 1722 et
1164 1688 1323 1733 praefatos
1339 1687 1483 1721 eiusdem
1497 1687 1692 1720 Ferdinandi
1708 1697 1774 1719 ina-

1026 1743 1079 1786 gni
1112 1743 1202 1776 ducis
1231 1742 1389 1782 subditos,
1412 1742 1559 1786 partibus
1591 1752 1628 1774 ex
1659 1741 1770 1781 altera,

1026 1798 1154 1842 aliquae
1174 1796 1401 1830 altercationes
1415 1802 1445 1829 et
1463 1795 1702 1829 controversiae
1723 1806 1774 1828 or-

1027 1857 1077 1885 tae
1098 1851 1175 1891 sint,
1202 1856 1232 1884 et
1256 1847 1295 1883 'in
1329 1850 1474 1883 futurum
1505 1849 1600 1882 etiam
1634 1849 1774 1882 suboriri

1027 1905 1168 1950 possint;

1073 1959 1087 2002 ξ
1108 1957 1138 1991 ⁹2.
1153 1958 1217 1990 Nos
1237 1967 1368 1990 omnem
1389 1956 1629 2000 praedictarum
1645 1961 1774 1989 contro-

1010 2024 1012 2064 ¹]
1027 2013 1205 2046 versiarum
1227 2011 1430 2045 occasionem
1445 2022 1461 2044 e
1475 2010 1582 2044 medio
1599 2011 1721 2050 tollere,
1746 2015 1777 2043 et

1011 2066 1232 2100 'subditorum
1257 2069 1444 2098 nostrorum
1470 2063 1674 2097 indemnitati
1695 2074 1773 2108 pro-

1030 2120 1137 2154 videre
1157 2119 1312 2160 volentes,
1337 2118 1498 2151 dictorum
1520 2118 1633 2150 finium
1656 2123 1686 2150 et
1707 2122 1772 2150 ter-

1029 2174 1193 2207 minorum
1219 2172 1409 2206 situationes
1431 2177 1461 2204 et
1481 2170 1774 2210 denominationes,

1030 2228 1126 2262 etiam
1146 2227 1300 2267 veriores,
1324 2226 1547 2270 praesentibus
1567 2236 1627 2270 pro
1649 2235 1776 2268 expres—

1030 2282 1072 2315 sis
1092 2281 1259 2320 habentes,
1284 2286 1338 2313 tua
1359 2279 1517 2319 doctrina,
1543 2278 1616 2319 side,
1633 2278 1777 2323 pruden-

1031 2335 1085 2376 tia,
1103 2340 1133 2367 et
1147 2334 1179 2367 in
1197 2334 1294 2367 rebus
1315 2333 1448 2376 agendis
1469 2331 1668 2372 dexteritate,
1682 2337 1780 2376 atque

1013 2407 1014 2410 κ
1032 2388 1229 2432 experientia
1243 2387 1325 2424 freti,
1342 2386 1399 2420 tibi
1420 2397 1478 2430 per
1492 2391 1676 2430 praesentes
1692 2396 1780 2419 com-

1014 2469 1015 2474 ,
1033 2442 1189 2475 mittimus
1210 2447 1241 2474 et
1262 2441 1465 2480 mandamus,
1482 2445 1516 2472 ut
1534 2440 1574 2473 ad
1594 2440 1666 2472 loca
1685 2450 1780 2483 prae-

1033 2496 1118 2529 dicta
1139 2506 1236 2539 quam
1257 2494 1399 2538 primum
1421 2499 1451 2526 te
1478 2494 1642 2531 conteras,
1667 2498 1694 2526 et
1717 2504 1782 2526 una

1033 2561 1106 2583 cum
1128 2550 1293 2593 deputato,
1308 2548 1372 2580 sive
1387 2547 1547 2592 deputatis
1568 2547 1607 2580 ab
1621 2547 1691 2591 ipso
1707 2548 1782 2580 Fer-

55 2604 99 2626 ⁸³⁸⁰
133 2605 238 2627 ⁰¹¹‘⁸¹¹¹¹¹s
254 2612 285 2640 et
304 2606 456 2649 contigua
472 2612 546 2639 sunt
576 2605 655 2640 locis
683 2611 714 2638 et
743 2604 837 2639 terris
862 2604 996 2638 dominii
1035 2604 1176 2637 ilinando
1198 2613 1316 2645 magno
1338 2602 1438 2643 duce,
1462 2612 1527 2635 uno
1550 2602 1597 2634 vel
1618 2601 1777 2645 pluribus,

291 2671 300 2694 1
321 2668 357 2695 Ex
381 2668 487 2704 Regest.
517 2668 545 2695 in
568 2667 671 2696 Secret.
694 2667 829 2695 Breviuni.
1015 2651 1017 2700 1

1033 2657 1171 2701 speciale
1198 2662 1229 2689 et
1248 2655 1410 2689 sufficiens
1431 2656 1471 2689 ad
1491 2655 1552 2689 hoc
1578 2655 1778 2696 mandatum,

1772 242 1820 267 An.
1839 242 1867 267 (1.
1893 242 1959 269 1594

1780 304 1834 324 inter
1855 307 1966 331 utriusque

1780 331 1866 351 ‹lominii
1895 331 1965 352 subdi-

1781 360 1819 379 tus.

1814 1961 1928 1982 Communi
1938 1968 1976 1983 au·

1792 1988 1855 2009 ditori
1875 1987 1976 2010 Gamerae

1791 2016 1924 2063 ἓὲὶῐοτηιίηοε
1940 2021 1976 2042 po-
