2253 3195
2 256 49 283 An.
65 254 93 282 C.
117 253 179 281 1601

816 253 962 277 CLEMENS
983 253 1040 276 VIII
1062 254 1111 277 1³5¹.

240 302 353 334 Datum
375 302 495 335 Romae
516 301 600 344 apud
621 300 650 333 S.
676 301 826 338 Petrum„
853 312 937 334 anno
971 302 1077 335 Sancti
1120 301 1253 335 Servatii
1283 300 1357 333 dicti
1394 300 1504 344 oppidi
1542 310 1606 333 una
1637 311 1710 333 cum

196 355 427 388 Incarnationis
458 354 642 388 Dominicae
671 354 842 387 millesimo
863 365 934 387 sex-

197 409 371 442 centesimo
385 408 501 452 primo,
519 407 622 452 pridie
637 407 707 440 idus
721 407 841 450 aprilis,
859 418 938 451 pon-

199 461 335 495 tificatus
356 461 456 495 nostri
477 471 562 494 anno
582 472 612 494 x.

234 524 292 551 Dat,
313 524 356 551 dic
377 524 409 550 12
424 524 516 559 aprilis
532 524 610 557 1601,
627 523 722 558 pontif.
744 532 786 550 au.
807 532 830 549 x.

507 703 623 736 CCLVI.

199 810 347 844 Nuncius
371 810 567 853 apostolicus
593 809 681 853 apud
702 809 820 853 Belqas
841 809 940 852 depu-

244 877 330 906 tatus
350 872 451 906 iudex
474 872 667 905 ordinarius
693 876 721 904 et
747 872 937 904 commissa-

241 937 312 969 rius
343 936 538 980 apostolicus
577 936 613 968 in
643 935 719 967 locis
757 934 942 968 Leodiensis

244 998 406 1039 dioecesis,
423 998 595 1042 temporali
608 998 810 1032 Brabantiue
823 997 942 1030 <lucum

244 1060 389 1093 dontinio
408 1061 560 1094 subiectis
578 1062 597 1094 ¹.

199 1151 370 1178 Venerabili
399 1151 486 1178 fratri
513 1151 653 1185 episcopo
680 1150 853 1178 Tricarensi
881 1157 942 1177 mo-

236 1197 325 1222 derno
346 1202 380 1223 ac
400 1203 452 1230 pro
471 1198 605 1229 tempore
627 1195 771 1223 existenti
791 1198 894 1222 nestro
913 1197 944 1222 et

235 1241 320 1268 Sedis
340 1240 530 1274 Apostolicae
554 1239 664 1267 nuncio
691 1239 721 1266 in
751 1239 877 1274 Belgicis
899 1240 943 1267 di-

234 1285 368 1312 tionibus

380 1341 535 1372 Clemens
556 1341 650 1382 Papa
670 1341 762 1371 vm.

218 1410 404 1439 Venerabilis
419 1411 522 1442 frater,
534 1411 664 1438 salutem
680 1414 710 1438 et
730 1410 926 1445 apostolicam

449 1455 699 1483 benedictionem.

249 1538 263 1581 ἓ
284 1538 315 1571 ’1.
341 1536 559 1571 Intelleximus
579 1547 684 1581 nuper
697 1537 796 1581 quod,
814 1537 854 1570 ol)
869 1547 941 1570 cer-

23 1600 188 1622 Brabautiacdu-
204 1597 250 1624 tas
270 1596 394 1624 veteres
411 1590 590 1624 discordias
604 1618 611 1631 ,
636 1601 718 1634 quae
750 1591 835 1623 inter
864 1591 944 1623 Leo-

23 1633 40 1685 ῗζ
51 1627 190 1702 ἷιᾶοῗτῗῖἷὲἒέῑ
205 1645 331 1678 dienses
356 1644 526 1688 episcopos
546 1650 578 1677 et
600 1644 723 1688 priscos
754 1644 945 1677 Brabantiae

24 1686 122 1729 33{}?}³¹m
136 1686 191 1728 miii:
205 1699 303 1732 duces
322 1699 473 1732 subortae
490 1698 627 1739 fuerant,
652 1698 712 1742 ipsi
732 1699 830 1731 duces
846 1708 943 1742 prae-

27 1740 60 1755 um
68 1735 139 1755 vocari
148 1740 190 1755 nou

27 1766 68 1782 ‚sse
108 1766 190 1783 assere-
205 1752 372 1786 tendentes
385 1752 445 1785 sibi
466 1752 563 1785 licere
583 1751 770 1795 prohibere,
792 1762 828 1785 ac
849 1752 945 1785 etiam

205 1807 313 1840 forsan
333 1805 493 1839 indultum
513 1811 568 1839 aut
580 1805 657 1838 alias
669 1816 858 1839 concessum
871 1806 947 1839 fuis-

203 1871 248 1901 se,
269 1870 309 1893 ne
329 1859 449 1893 subditi
481 1859 529 1892 sui
561 1864 592 1892 et
610 1869 769 1903 personae
790 1860 943 1893 ecclesia—

203 1914 300 1948 sticae
326 1914 358 1947 in
383 1913 503 1947 finibus
533 1913 663 1947 ditionis
689 1924 803 1947 eorum
834 1913 946 1947 huius-

204 1968 292 2001 modi
324 1968 457 2001 ducatus
486 1967 675 2008 existentes,
699 1973 786 2000 extra
816 1968 946 2001 eosdem

203 2021 284 2056 fines
305 2022 338 2054 in
370 2021 419 2054 ius
439 2026 633 2054 vocarentur
651 2031 709 2065 per
738 2031 850 2054 eorum
871 2022 944 2055 ossi-

203 2075 312 2116 ciales,
333 2080 364 2108 et
376 2074 456 2107 alios
474 2073 648 2114 ministros,
665 2074 786 2107 clerum
802 2080 832 2107 et
852 2075 944 2108 inco-

203 2129 250 2162 las
269 2127 381 2172 oppidi
404 2127 616 2161 Traiectensis
637 2132 667 2160 et
695 2127 832 2161 aliorum
853 2128 944 2162 adia-

205 2181 346 2215 centium
373 2181 520 2214 locorum
554 2181 738 2214 Leodiensis
765 2181 943 2223 dioecesis,

205 2245 287 2279 quae
306 2235 355 2268 vel
381 2234 448 2279 ipsa
474 2235 560 2268 clero
585 2235 740 2276 subsunt,
764 2235 810 2268 vel
841 2246 858 2268 a
884 2236 944 2269 do-

205 2288 305 2321 minio
342 2288 505 2321 dictorum
538 2288 657 2321 ducum
684 2288 716 2320 in
754 2289 945 2332 temporali-

205 2342 264 2375 bus
281 2342 444 2385 pendent,
462 2341 701 2386 impediverunt
721 2342 894 2385 quominus
916 2342 947 2375 in

206 2395 310 2429 causis
331 2395 427 2429 etiam
445 2405 534 2428 mere
560 2395 785 2428 ecclesiasticis
807 2395 947 2429 tribunal

208 2449 366 2482 dictorum
388 2448 615 2492 episcoporum
642 2459 701 2492 pro
722 2449 949 2492 consequenda

42 2503 195 2558 iir‘fflfflffiffl
208 2502 328 2535 iustitia
348 2502 436 2535 adire
450 2507 591 2545 possent;
612 2512 630 2533 a
643 2512 707 2545 quo
728 2507 873 2545 tempore
891 2502 950 2535 hu-

2 2576 3 2580 η
43 2556 349 2608 ξίῗὲξῑίυἳὲωῇἓζίυεῐηοάἰ
368 2556 473 2589 clerus
498 2561 528 2588 et
547 2555 736 2598 praesertim
758 2555 867 2588 dilecti
892 2556 948 2589 filii

209 2610 350 2643 decanus
370 2614 400 2642 et
425 2608 601 2652 capitulum
634 2608 767 2651 insignis
796 2609 950 2643 ecclesiae

245 2673 254 2698 ¹
279 2672 314 2699 Ex
330 2672 436 2706 Regest.
459 2671 485 2698 in
500 2671 604 2698 Secret.
622 2671 755 2698 Brevium.

315 2726 389 2754 [lull.
407 2726 490 2754 Rom.
512 2725 569 2753 Vol.
588 2725 621 2753 Χ.
835 2727 869 2753 86

973 366 1084 388 eorum
1114 354 1249 387 subditis
1276 364 1384 386 coram
1414 353 1547 387 diversis
1574 354 1712 387 eisdem-

972 420 1033 451 que
1055 408 1142 441 laicis
1171 408 1331 441 iudicibus
1357 408 1499 441 distracti
1533 414 1563 441 et
1589 408 1711 441 evocati

973 472 1120 503 magnam
1142 462 1174 494 in
1195 472 1306 495 corum
1333 462 1453 494 nedum
1474 461 1581 501 rebus,
1604 461 1709 501 bonis,

972 521 1003 547 et
1024 515 1167 555 iuribus,
1198 515 1297 548 immo
1325 515 1421 549 etiam
1449 515 1595 559 personis
1616 521 1647 548 et
1666 515 1714 548 di-

971 568 1107 611 sciplina
1135 569 1350 601 ecclesiastica
1374 569 1498 602 cladem
1536 574 1566 601 et
1604 568 1714 601 consu-

972 622 1094 654 sioncm
1117 622 1259 666 perpessi
1281 623 1420 662 fuerunt,
1444 633 1481 655 ac
1505 622 1545 655 ad
1562 632 1714 666 praesens

973 675 1138 719 patiuntur
1159 681 1189 709 et
1209 676 1377 716 sustinent,
1406 676 1437 708 in
1459 686 1554 719 grave
1585 676 1713 720 praeiu-

973 729 1093 761 dicium
1112 735 1142 762 et
1157 729 1332 762 laesionem
1348 729 1505 762 libertatis
1523 729 1714 762 ecclesiasti-

973 793 1028 816 cae
1057 789 1085 816 et
1110 783 1269 827 privilegii
1302 783 1386 816 illius
1418 783 1491 823 fori,
1515 783 1603 826 quod
1628 783 1715 826 apud

973 847 1085 870 omnes
1109 837 1254 880 personis
1282 836 1504 870 ecclesiasticis
1535 836 1716 880 specialiter

974 891 1127 934 prodesse
1149 890 1254 923 debet.
1289 890 1455 934 Siquidem
1475 890 1623 933 plerique
1642 900 1717 933 par-

975 944 1124 977 ticulares
1153 943 1267 977 exinde
1297 943 1486 977 audaciores
1516 943 1643 983 effecti,
1681 948 1717 975 ut

975 997 1084 1030 vident
1112 997 1316 1041 disciplinam
1349 996 1598 1030 ecclesiasticam
1624 996 1717 1029 isthic

976 1051 1130 1091 convelli,
1164 1061 1223 1084 nec
1254 1051 1365 1084 adesse
1389 1050 1443 1094 qui
1471 1060 1526 1083 eos
1546 1050 1578 1082 in
1611 1049 1717 1082 officio

977 1107 1172 1146 contineant,
1197 1106 1236 1138 ad
1257 1104 1385 1148 quaevis
1406 1104 1526 1144 illicita,
1546 1103 1718 1137 temerario

977 1171 1068 1201 ausu,
1092 1160 1225 1203 impune
1238 1158 1466 1202 prolabuntur,
1489 1167 1588 1200 seque
1607 1156 1647 1189 ab
1661 1156 1719 1189 ob-

977 1213 1156 1247 servatione
1174 1218 1384 1251 statutorum,
1406 1209 1610 1254 quantumvis
1633 1219 1721 1242 com-

979 1267 1223 1307 mendabilium,
1238 1266 1433 1305 subducunt,
1448 1264 1541 1298 sicuti
1554 1264 1638 1297 inter
1651 1274 1716 1303 eos,

978 1322 1032 1366 qui
1050 1322 1089 1355 de
1106 1320 1252 1364 Capitulo
1271 1319 1456 1363 praedictae
1481 1317 1634 1351 ecclesiae
1656 1317 1720 1350 exi-

978 1381 1075 1415 stunt,
1089 1384 1154 1407 non
1163 1374 1263 1407 semel
1273 1373 1391 1406 sactum
1403 1372 1498 1405 fuisse
1519 1370 1715 1415 accepimus.

1023 1428 1080 1471 §⁶2-
1103 1427 1258 1471 Neigitur
1277 1427 1501 1469 ingravescens
1515 1425 1576 1458 hoc
1597 1425 1718 1457 malum

978 1483 1072 1516 latius
1092 1481 1302 1521 diffundatur,
1319 1479 1427 1513 debita
1440 1478 1719 1512 animadversione

978 1540 1257 1581 compescerehet
1280 1540 1453 1578 antequam
1480 1532 1604 1566 radices
1625 1531 1719 1565 altius

978 1597 1061 1633 agat,
1085 1594 1241 1634 quantum
1262 1587 1356 1621 nobis
1373 1597 1410 1620 ex
1430 1587 1494 1620 alto
1515 1585 1716 1625 conceditur,

978 1644 1166 1689 praecidere
1197 1642 1379 1686 cupientes,
1412 1646 1502 1674 motu
1527 1639 1661 1684 proprio
1690 1645 1721 1672 et

979 1710 1017 1732 ex
1034 1703 1120 1732 certa
1144 1702 1254 1730 nostra
1273 1695 1416 1735 scientia,
1441 1695 1546 1738 deque
1567 1692 1720 1736 apostoli-

980 1763 1034 1787 cae
1054 1750 1235 1796 potestastis
1255 1748 1466 1793 plenitudine,
1481 1753 1511 1780 te
1521 1757 1558 1780 ac
1572 1757 1631 1790 pro
1642 1751 1721 1779 tem-

980 1817 1058 1851 pore
1091 1805 1278 1839 existentem
1310 1803 1343 1835 in
1371 1802 1482 1845 Belgio
1512 1805 1659 1834 nostrum
1691 1805 1722 1832 et

979 1861 1069 1895 Sedis
1086 1857 1288 1903 Apostolicae
1302 1856 1465 1896 nuntium,
1480 1855 1513 1887 in
1532 1852 1718 1898 praepositi,

980 1914 1111 1954 decani,
1134 1911 1266 1956 capituli
1283 1917 1314 1944 et
1333 1909 1577 1948 canonicorum,
1594 1919 1630 1941 ac
1643 1906 1722 1939 alio-

981 1979 1052 2001 rum
1071 1965 1350 2005 beneficiatorum,
1367 1973 1493 1997 necnon
1513 1961 1609 1995 totius
1630 1961 1718 2001 cleri,

981 2033 1018 2055 ac
1037 2030 1250 2065 personarum
1271 2017 1561 2052 ecclesiasticarum
1581 2022 1646 2048 tam
1667 2015 1718 2047 di-

981 2082 1050 2110 ctae
1069 2076 1099 2109 S.
1119 2073 1270 2114 Servatii,
1299 2083 1396 2117 quam
1417 2077 1616 2105 caeterarum
1638 2069 1719 2103 alia-

980 2141 1053 2164 rum
1075 2128 1302 2167 ecclesiarum,
1327 2126 1523 2170 capellarum
1545 2134 1618 2157 cum
1643 2134 1721 2156 cura

982 2189 1012 2218 et
1040 2183 1108 2217 sine
1140 2193 1217 2216 cura
1247 2180 1461 2214 saecularium
1492 2189 1528 2211 ac
1560 2182 1722 2210 monaste-

981 2237 1105 2269 riorum
1126 2242 1157 2268 et
1177 2235 1348 2268 domorum
1370 2231 1506 2265 cuiusvis
1526 2230 1653 2264 Ordinis
1673 2240 1723 2263 re-

982 2290 1154 2333 gularium,
1173 2294 1235 2321 tam
1258 2287 1399 2320 virorum
1419 2295 1515 2329 quam
1534 2284 1719 2324 mulierum,

982 2353 1108 2376 necnon
1138 2340 1368 2385 hospitalium,
1400 2337 1720 2377 confraternitatum,

983 2397 1188 2438 aliorumque
1215 2395 1360 2427 locorum
1393 2392 1533 2436 piorum,
1564 2402 1600 2424 ac
1620 2391 1720 2424 sabri-

983 2459 1093 2482 carum
1119 2447 1308 2481 eorumdem
1334 2446 1365 2478 in
1386 2445 1506 2489 oppido
1531 2444 1723 2478 Traiectensi

983 2512 1110 2535 necnon
1134 2500 1223 2544 pagis
1238 2527 1245 2540 ,
1270 2500 1358 2539 loeis,
1390 2510 1426 2532 ac
1446 2498 1643 2532 districtibus
1662 2525 1669 2539 ,
1694 2503 1725 2531 et

984 2554 1151 2589 territoriis
1171 2553 1356 2587 Leodiensis
1366 2552 1522 2586 dioecesis
1535 2552 1632 2596 (quae
1647 2558 1726 2585 tem-

984 2609 1086 2654 porali
1108 2607 1253 2641 dominio
1274 2607 1435 2640 dictorum
1456 2605 1646 2639 Brabantiae
1666 2606 1725 2639 du-

986 2674 1057 2696 cum
1088 2668 1150 2695 tam
1176 2661 1299 2694 ratione
1321 2660 1418 2704 ipsius
1447 2660 1603 2701 ducatus,
1628 2671 1725 2703 quam

1615 241 1674 275 681
1726 252 1774 279 An.
1796 252 1824 281 c.
1842 253 1905 280 1601

1762 1434 1856 1455 Clemens
1869 1440 1920 1455 nun-

1734 1462 1789 1482 cium
1822 1463 1921 1488 apostoli-

1735 1493 1781 1508 cum
1796 1489 1877 1509 illorum
1890 1490 1920 1509 iu-

1735 1515 1803 1535 dicem
1836 1516 1921 1536 ordina-

1735 1542 1788 1562 rium
1803 1543 1919 1563 constituit.
