2253 3195
69 1358 96 1380 Et
109 1363 156 1379 euin
171 1362 213 1377 ma-

31 1385 121 1415 gnusad
131 1384 153 1405 m
164 1389 214 1410 ope-

29 1414 156 1434 ratoriorum
177 1416 214 1431 nu-

11 1441 13 1469 }
31 1444 99 1460 merus
120 1437 214 1467 require-

12 1479 13 1493 ,
31 1467 94 1489 retur,
109 1470 172 1491 super
188 1464 214 1484 lis

12 1495 13 1523 ζ
31 1492 95 1514 eiiam
103 1497 170 1513 novas
178 1490 214 1520 de·

31 1518 96 1540 cimas
106 1518 169 1545 petiit
178 1523 214 1538 nn-

12 1558 13 1573 ,
30 1544 86 1572 poni.

8 2454 9 2457 Ἴ
69 2430 133 2452 tutius
142 2431 169 2452 111
179 2436 222 2452 rem

40 2457 141 2487 nonnullis
178 2458 222 2487 cpi—

8 2495 10 2497 >
41 2488 111 2510 scopis
138 2489 222 2505 commi-

40 2509 80 2536 sitq

837 279 984 303 CLEMENS
1004 279 1061 303 vni
1082 279 1132 303 ΡΡ.

186 359 188 361 ,
220 329 416 369 huiusmodi,
429 329 553 363 ratione
563 329 723 362 dictarum
733 328 964 372 impensarum,

220 385 283 418 iam
304 383 421 416 alicubi
447 383 509 416 frui
532 383 740 427 incoepisset,
765 388 871 415 tamen
893 381 969 425 quia

220 439 252 472 in
273 437 406 471 diversis
420 438 565 481 partibus
584 447 759 479 regnorum
774 420 925 469 Castethe
939 441 967 468 ct

221 491 369 534 Legionis
396 502 432 524 ac
452 490 574 530 Toleti‚
598 490 696 523 etiam
718 494 852 533 propter
870 499 968 531 aqua-

221 555 293 579 rum
314 544 486 588 penuriam
507 549 548 584 et,
574 553 657 587 quae
683 542 796 575 exinde
814 541 969 575 causaba-

223 605 285 639 tur,
309 598 523 637 sterilitatem,
560 596 687 630 illarum
709 595 908 629 habitatores
937 594 966 627 in

223 652 413 686 collectione
426 656 570 693 segetum
589 655 620 683 et
632 650 793 682 fructuum
808 648 968 681 humanae

222 706 304 739 vitae
324 704 509 738 huiusmodi
534 703 803 742 necessariorum,
827 707 968 744 aegesta-

224 765 287 792 tem
306 763 337 791 et
353 753 548 791 detrimenta
561 766 626 789 non
638 766 736 800 parva
749 755 965 799 patiebantur,

224 813 310 846 idem
335 811 466 846 Carolus
487 811 684 854 imperator,
718 810 772 854 qui
794 809 890 843 etiam
912 810 969 843 Ca-

225 866 336 900 stellae
357 858 388 899 e't
411 864 559 907 Legionis
584 874 621 897 ac
644 863 745 897 Toleti
777 874 831 896 rex
858 863 968 896 cxistc-

225 919 289 957 bat,
313 918 410 951 etiam
440 928 538 962 super
558 917 620 950 hoc
640 916 811 960 providere
830 915 940 949 volens
960 943 966 956 ,

225 983 263 1005 ex
282 972 422 1005 Xarama
441 981 499 1015 per
519 981 655 1013 regnum
674 975 705 1003 et
725 969 898 1003 dioecesim
912 970 970 1002 To-

225 1026 378 1066 letaniam,
395 1036 431 1058 ac
450 1024 616 1058 nonnullis
629 1023 699 1056 aliis
710 1023 899 1056 fluminibus
912 1033 971 1066 per

226 1080 403 1120 Castellae,
430 1079 579 1122 Legionis
608 1084 638 1112 et
668 1079 841 1112 Toletanae
872 1088 971 1120 regna

226 1135 402 1169 fluentibus
419 1145 518 1178 aquas
539 1133 771 1176 adirrigandas
789 1138 901 1171 terras,
915 1144 973 1176 per

229 1189 371 1223 diversas
402 1188 499 1221 etiam
522 1189 629 1221 foveas
650 1193 678 1220 et
700 1198 756 1220 scu
775 1187 895 1220 rivulos
916 1187 971 1219 de-

228 1243 301 1277 duci
320 1243 424 1276 facere
445 1242 643 1276 intendebat.

274 1298 290 1339 ἕ
309 1295 339 1329 3.
367 1296 405 1329 Et
428 1295 582 1340 quoniam
603 1295 636 1328 in
655 1295 850 1328 deductione
868 1305 970 1338 aqua-

229 1361 301 1384 rum
310 1349 495 1383 huiusmodi
505 1349 618 1392 ingens
631 1348 725 1393 copia
737 1348 970 1392 laboratorum,

230 1415 267 1437 ac
292 1414 428 1447 magnae
448 1409 478 1437 et
498 1403 676 1436 immensae
690 1413 847 1446 expensae
869 1402 975 1446 requi-

229 1463 400 1498 rerentnr,
424 1464 455 1491 et
478 1468 538 1502 pro
564 1457 649 1490 illius
675 1456 851 1490 subeundis
878 1457 974 1490 etiam

230 1512 334 1546 dictae
353 1511 442 1545 Sedis
463 1511 638 1545 auctoritas
652 1516 682 1543 et
700 1510 854 1543 auxilium
866 1521 976 1544 neces-

230 1565 314 1598 saria
335 1576 402 1599 esse
422 1565 619 1605 viderentur;
654 1565 740 1599 idem
762 1565 892 1598 Carolus
914 1565 974 1597 im-

230 1625 361 1663 perator
380 1624 411 1653 et
430 1629 486 1652 rex
507 1619 611 1652 eidem
632 1618 713 1652 lulio
734 1618 975 1662 praedecessori

230 1672 406 1718 supplicari
435 1673 523 1713 fecit,
558 1678 594 1706 ut
610 1682 671 1716 pro
698 1672 909 1705 subventione
930 1678 974 1705 tot

230 1727 452 1772 impensarum
472 1727 506 1759 in
531 1726 629 1760 foveis
660 1732 689 1759 et
711 1725 822 1759 rivulis
839 1736 900 1770 pro
922 1726 976 1759 de-

219 1781 378 1815 ·cursibus
403 1792 563 1825 aquarum
591 1780 801 1821 huiusmodi,
825 1786 859 1814 ut
876 1791 972 1824 prae-

231 1836 344 1876 fertur,
359 1835 556 1869 fabricandis
569 1841 601 1868 et
618 1834 799 1868 necessario
821 1834 976 1868 faciendis

231 1889 483 1923 excrescentiam
491 1889 691 1922 decimarum
702 1894 731 1921 et
744 1887 972 1932 primitiarum,

231 1942 356 1976 ratione
376 1942 602 1985 irrigationum
619 1947 781 1975 terrarum
799 1941 914 1974 ultimo
929 1941 976 1974 di-

232 2001 357 2030 ctarum
378 2000 611 2040 proventarum
627 2022 634 2035 ,
658 2005 694 2028 ac
716 1994 858 2028 decimas
879 2005 977 2028 nova—

232 2050 312 2083 lium
337 2059 620 2094 quorumcumque
645 2060 682 2082 ex
710 2048 911 2082 derivatione
946 2054 977 2081 et

233 2103 420 2147 irrigatione
446 2113 604 2147 aquarum
632 2102 819 2136 huiusmodi
839 2113 978 2146 proven-

234 2163 332 2198 turas,
353 2168 409 2190 seu
434 2161 609 2201 propterea
628 2157 668 2189 ad
685 2157 845 2189 culturam
866 2161 897 2189 ct
914 2157 978 2189 fru-

234 2222 306 2255 gem
339 2211 545 2256 pinguiorem
570 2211 787 2251 redactorum,
816 2210 876 2243 sibi
907 2221 977 2243 suc-

236 2265 483 2309 cessoribusque
503 2263 654 2309 praefatis
668 2264 847 2297 concedere
860 2264 975 2306 digna-

236 2325 336 2354 retur.

281 2375 296 2418 ἓ
316 2373 346 2407 4.
370 2373 459 2407 Idem
485 2372 584 2406 Iulius
604 2371 842 2405 venerabilibus
874 2371 980 2404 fratri-

237 2428 297 2461 bus
310 2426 555 2470 archiepiscopo
572 2425 726 2459 Toletano
747 2429 778 2457 et
795 2425 979 2458 Zamorensi

239 2492 275 2515 ac
295 2480 447 2515 Abulensi
468 2480 637 2524 episcopis,
662 2485 693 2513 et
714 2490 826 2513 eorum
848 2479 981 2513 cuilibet

239 2534 388 2568 similiter
419 2533 579 2567 commisit
603 2539 634 2566 et
665 2532 847 2571 mandavit,
872 2538 982 2576 quate-

239 2599 310 2629 nus,
344 2588 454 2621 habita
476 2599 535 2632 per
560 2598 614 2622 eos
639 2599 695 2621 seu
715 2597 828 2621 eorum
844 2587 982 2619 alterum

241 2641 386 2685 diligenti
418 2641 658 2686 informatione,
679 2646 837 2685 quantum
859 2651 876 2673 a
896 2651 978 2684 quo-

242 2696 322 2729 libet
356 2705 462 2735 anno,
487 2706 506 2728 a
524 2695 626 2730 tribus
646 2695 738 2729 annis
758 2694 849 2735 citra,
886 2694 982 2728 fertili

1652 264 1716 299 179

1003 337 1076 359 cum
1105 326 1206 360 sterili
1228 324 1456 370 compensatis,
1479 334 1538 369 pro
1565 323 1699 357 decimis
1716 328 1747 357 et

1003 380 1154 424 primitiis
1168 391 1205 413 ex
1226 380 1383 413 fructibus
1404 379 1435 412 in
1457 378 1551 412 terris
1573 378 1668 411 etiam
1686 387 1746 410 no-

1003 434 1127 467 valibus
1155 434 1316 467 dictorum
1358 443 1534 475 regnorum
1566 431 1743 468 Castaliae,

1003 487 1151 529 Legionis
1166 498 1202 521 ac
1215 487 1315 520 Toleti
1330 486 1483 527 collectis,
1502 485 1662 526 ecclesiis,
1680 496 1748 518 mo-

1003 540 1171 579 nasteriis,
1194 540 1442 584 praeceptoriis,
1475 545 1505 573 et
1536 538 1748 583 hospitalibus

1004 594 1237 637 cuiuscumque
1258 593 1396 632 Ordinis,
1421 593 1517 626 etiam
1533 592 1639 626 Sancti
1657 593 1748 625 Ioan-

1004 647 1051 679 nis
1072 647 1366 691 Hierosolymitani,
1391 658 1428 679 ac
1441 646 1631 679 militiarum
1641 645 1748 679 Sancti

1004 700 1109 733 Iacobi
1124 701 1163 733 de
1176 700 1283 743 Spata,
1301 705 1332 732 et
1349 700 1387 732 de
1411 699 1614 738 Alc-antliara,
1639 703 1669 731 et
1692 698 1749 732 Ca·

1004 754 1134 793 latrava,
1155 764 1212 786 seu
1230 753 1300 786 aliis
1320 753 1381 797 piis
1401 752 1480 785 locis
1502 752 1533 784 in
1555 751 1746 791 civitatibus,

1004 806 1143 851 oppidis,
1167 806 1257 846 locis,
1281 816 1338 838 seu
1364 805 1446 838 villis
1472 805 1503 837 in
1525 805 1645 838 eisdem
1666 804 1749 847 regis

1004 857 1156 894 Castellae
1171 865 1202 893 et
1219 859 1369 902 Legionis
1392 870 1427 892 ac
1447 858 1548 892 Toleti
1571 858 1749 891 consisten-

1005 915 1100 955 tibus,
1121 920 1176 947 aut
1195 914 1324 947 illarum
1345 913 1394 946 vel
1415 913 1544 946 illorum
1566 912 1747 953 abbatibus,

1005 968 1178 1012 prioribus,
1220 967 1487 1011 praeceptoribus
1516 972 1547 1000 et
1570 966 1752 999 rectoribus

1005 1033 1061 1055 seu
1078 1021 1289 1060 beneficiatis,
1311 1026 1365 1054 aut
1385 1020 1550 1064 quibusvis
1577 1019 1648 1053 aliis
1673 1030 1752 1063 qua-

1006 1077 1221 1119 litercumque
1242 1075 1446 1119 qualificatis,
1471 1074 1613 1108 decimas
1637 1080 1668 1107 et
1686 1073 1752 1117 pri-

1007 1130 1111 1163 mitias
1136 1128 1322 1162 huiusmodi
1343 1127 1618 1172 percipientibus,
1642 1137 1752 1171 perso-

1007 1184 1110 1216 lutum
1130 1183 1250 1222 fuisset,
1272 1182 1297 1215 si
1318 1183 1482 1226 praelatus
1502 1181 1633 1214 Carolus
1652 1180 1752 1224 impe-

1008 1242 1096 1270 rator
1117 1242 1149 1269 et.
1176 1247 1230 1269 rex
1255 1246 1373 1280 aquam
1394 1246 1431 1268 ex
1449 1235 1534 1268 dieto
1554 1235 1694 1267 Xarama
1723 1239 1754 1267 et

1008 1291 1078 1325 aliis
1098 1291 1288 1324 fluminibus
1317 1290 1477 1323 dictorum
1497 1299 1672 1331 regnorum
1697 1288 1753 1322 Ca-

1009 1346 1119 1380 stellae
1140 1351 1171 1380 et
1190 1345 1339 1388 Legionis
1364 1355 1400 1378 ac
1420 1343 1532 1383 Toleti,
1571 1343 1620 1376 vel
1641 1353 1754 1376 eorum

1009 1399 1155 1440 alicuius,
1178 1398 1233 1432 ubi
1254 1399 1359 1432 maior
1378 1398 1551 1432 necessitas
1572 1396 1679 1437 suerit,
1701 1397 1756 1430 de-

1010 1453 1084 1487 duci
1104 1453 1238 1493 fecisset,
1263 1452 1368 1486 taliter
1388 1457 1433 1493 ut,
1444 1456 1578 1495 propter
1595 1456 1755 1484 terrarum

1009 1507 1196 1540 huiusmodi
1224 1506 1460 1548 irrigationem,
1487 1505 1609 1538 fructus
1644 1515 1754 1538 excre-

1010 1566 1136 1594 scerent
1156 1566 1187 1594 et
1205 1560 1375 1593 uberiores
1406 1559 1532 1599 fierent,
1563 1558 1754 1592 auctoritate

1010 1614 1186 1659 apostolica
1211 1618 1391 1647 statuerent
1422 1619 1453 1646 et
1477 1612 1685 1653 ordinarent,
1725 1617 1756 1646 et

1010 1669 1146 1713 quilibet
1172 1678 1286 1701 eorum
1318 1672 1474 1700 statueret
1505 1672 1535 1699 et
1566 1666 1753 1707 ordinaret,

1010 1723 1098 1766 quod
1123 1721 1258 1759 solutis,
1292 1720 1384 1753 annis
1404 1719 1558 1763 singulis,
1592 1720 1756 1763 perpetuis

1010 1775 1126 1809 suturis
1143 1774 1357 1819 temporibus,
1374 1774 1556 1813 abbatibus,
1578 1773 1753 1817 prioribus,

1010 1829 1275 1874 praeceptoribus
1295 1834 1326 1861 et
1358 1827 1548 1867 rectoribus,
1576 1838 1633 1860 seu
1659 1827 1757 1860 bene-

1010 1884 1146 1923 ficiatis,
1170 1889 1199 1917 et
1221 1883 1386 1928 quibusvis
1411 1882 1481 1915 aliis
1502 1881 1649 1926 personis
1669 1881 1756 1914 deei-

1010 1938 1070 1971 mis
1091 1944 1122 1971 et
1148 1938 1319 1982 primitiis,
1342 1942 1441 1981 prout
1468 1937 1500 1969 in
1520 1947 1585 1969 uno
1607 1946 1644 1969 ex
1664 1935 1758 1969 dictis

1012 1992 1113 2026 tribus
1133 1991 1236 2032 annis,
1259 1990 1355 2024 fertili
1376 2001 1449 2024 cum
1471 1989 1584 2030 sterili,
1608 1994 1644 2022 ut
1663 2000 1757 2033 prae-

1012 2047 1121 2087 fertur,
1145 2045 1373 2089 compensatis,
1401 2045 1506 2077 soluta
1532 2043 1676 2083 fuissent,
1705 2054 1758 2076 ex-

1012 2100 1209 2139 crescentia,
1239 2110 1294 2132 seu
1322 2104 1531 2141 augmentum
1557 2097 1757 2130 decimarum

1013 2159 1043 2188 et
1060 2153 1278 2198 primitiarum
1303 2152 1509 2193 huiusmodi,
1537 2156 1671 2196 propter
1696 2156 1759 2184 ter-

1014 2219 1123 2241 rarum
1145 2207 1367 2250 irrigationem
1389 2217 1449 2250 pro
1476 2212 1621 2249 tempore
1642 2215 1758 2249 prove-

1013 2260 1195 2301 nientium,
1226 2266 1256 2294 et
1287 2260 1431 2293 decimae
1463 2259 1626 2292 novalium
1644 2258 1758 2292 ultimo

1014 2315 1174 2349 dictorum
1207 2314 1238 2348 in
1260 2314 1352 2348 dictis
1377 2314 1485 2356 regnis
1510 2313 1674 2351 Castellae‚
1702 2313 1759 2345 Le-

1014 2369 1118 2412 gionis
1138 2380 1174 2401 ac
1200 2368 1301 2402 Toleti
1327 2368 1419 2401 annis
1443 2366 1594 2409 singulis,
1629 2377 1665 2399 ac
1686 2377 1759 2410 per-

1015 2423 1104 2467 petui
1126 2422 1240 2456 suturis
1261 2422 1461 2466 temporibus
1474 2421 1513 2454 ad
1535 2421 1685 2454 eumdem
1700 2420 1758 2454 Ca-

1016 2478 1122 2510 rolum
1147 2476 1379 2520 imperatorum
1399 2481 1427 2508 et
1453 2485 1584 2516 regem,
1609 2474 1759 2518 illiusque

1016 2540 1217 2564 successores
1252 2529 1434 2574 praedictos
1461 2528 1603 2571 legitime
1629 2533 1756 2572 specta-

1018 2590 1084 2617 rent
1109 2589 1137 2617 et
1163 2574 1382 2627 pertinerent,
1413 2582 1541 2626 illisque
1561 2581 1639 2614 solvi
1661 2581 1760 2614 debe-

1017 2645 1097 2680 rcnt‚
1121 2638 1320 2678 ordinarent,
1348 2641 1527 2670 statuerent
1553 2640 1583 2669 et
1604 2636 1760 2669 decerne-

1018 2698 1099 2734 rent,
1113 2698 1143 2726 et
1152 2692 1287 2737 quilibet
1297 2702 1409 2725 eorum
1420 2690 1595 2731 ordinaret,
1607 2695 1761 2723 statueret

1764 274 1813 301 An.
1830 274 1948 302 (3:1594

1821 1140 1874 1163 Qui¹
1889 1139 1953 1161 rebus

1768 1167 1865 1188 omnibns
1876 1167 1954 1187 exami-

1768 1194 1836 1217 natis,
1859 1194 1954 1214 decimas

1769 1223 1789 1241 et
1804 1220 1908 1246 primitias
1917 1225 1954 1240 au-

1769 1253 1818 1273 gere
1828 1263 1833 1271 ,
1870 1246 1954 1267 ratione

1769 1273 1856 1295 maioris
1866 1278 1955 1299 proven-

1770 1303 1814 1325 tus,
1829 1301 1926 1326 possent,-
