2253 3195
462 234 527 268 912
1013 246 1197 271 munuum
1221 246 1376 271 nomnen

507 317 642 348 cessere,
663 307 743 340 ibid.
767 306 882 341 Omnia
901 308 1060 352 approbat
1081 308 1237 345 Clemens.
1260 307 1341 340 ibid.
1356 319 1369 348 ,·
1399 307 1606 351 declaratque
1626 305 1695 340 eius
1719 305 1963 340 administrato-

506 371 557 393 res
573 370 638 393 non
651 370 743 404 posse
765 361 804 393 ab
825 361 1070 405 archiepiscopo
1091 361 1162 404 cogi
1182 361 1220 394 ad
1242 360 1383 394 rationes
1403 360 1596 401 reddendas,
1617 358 1682 393 325
1698 370 1730 392 a.

419 412 581 457 Hospitale
603 413 744 455 Reginae
763 413 794 446 in
815 414 936 458 oppido
957 415 1149 447 Balneorum
1171 419 1203 447 et
1221 413 1316 457 Regis
1337 413 1507 452 incivitate
1526 412 1760 447 Colimbriensi.
1783 411 1968 446 Provisores

509 471 539 499 et
559 471 786 510 procuratores
806 467 924 501 horum
945 467 1168 512 hospitalium,
1190 473 1262 511 post
1282 467 1423 511 primum
1450 466 1636 508 triennium,
1659 466 1700 500 ad
1721 466 1806 500 idem
1826 465 1967 500 officium

509 519 638 552 nonnisi
655 525 727 564 post
747 520 909 563 integrum
929 521 1116 555 sexennium
1135 520 1210 564 eligi
1235 526 1412 565 nequeunt,
1435 519 1500 554 ⁹235
1519 520 1546 554 b.
1894 546 1899 551 .

420 572 582 616 llospitale
602 572 633 606 S.
657 573 785 607 Ioannis
813 574 1108 619 Ilierosolymitani.
1133 574 1280 608 Declarat
1307 575 1393 618 Papa
1412 574 1582 618 episcopos
1612 583 1705 618 posse
1722 572 1850 607 visitare
1869 583 1966 618 paro-

508 625 598 659 chias
617 626 724 660 unitas
745 627 832 661 dicto
850 627 1000 672 hospitali
1024 628 1056 661 in
1076 628 1114 662 iis
1132 639 1215 672 quae
1238 628 1416 672 respiciunt
1440 638 1551 661 euram
1576 627 1771 669 animarum,
1794 625 1858 660 7:39
1878 626 1907 660 b.
1934 626 1969 660 In

509 679 642 723 reliquis
662 690 739 714 vero
757 681 1022 715 constitutionem
1043 682 1190 725 Gregorii
1214 682 1281 715 XIII
1302 681 1506 722 servandam,
1530 679 1594 714 740
1613 692 1644 714 α.

420 731 584 776 IIospitale
602 732 782 767 Parisiense
803 735 919 768 (lomus
939 735 1006 768 Dei.
1041 735 1147 769 Sixtus
1178 735 1215 768 IV
1236 734 1403 779 privilegia
1423 734 1499 768 huic
1518 734 1669 778 hospitali
1690 733 1858 774 concessit,
1886 742 1970 778 quae

510 786 682 820 Pontifices
702 799 903 821 successores
934 789 1167 822 contiru‘iaruut
1185 816 1192 828 ‚
1227 788 1290 821 758
1310 799 1330 821 a
1350 794 1381 822 et
1408 788 1435 821 b.
1464 788 1611 822 Clemens
1631 788 1695 821 Vlll
1720 788 1760 821 ad
1781 786 1969 831 petitionem

509 839 638 873 llenrici
658 841 696 874 lv
717 841 802 884 regis
819 842 931 875 eadem
951 848 1018 875 rata
1038 842 1146 883 habet,
1168 841 1231 875 759
1251 853 1281 875 a.
1306 841 1629 876 Administratoribus
1648 841 1805 886 permittit
1825 846 1861 874 ut
1888 839 1972 873 elee-

512 903 663 937 mosynas
683 904 742 938 per
767 894 938 939 deputatos
959 895 1124 940 colligant,
1153 895 1232 928 ibid.
1258 896 1285 928 b.
1313 895 1534 938 Indulgentiae
1554 894 1722 939 hospitalis
1739 893 1906 928 ecclesiam
1925 892 1971 926 vi-

511 946 692 988 sitantibus,
715 947 773 980 761
798 959 829 981 ιι.

425 999 596 1043 Ilospitalis
616 1000 669 1034 SS.
694 1001 914 1035 Annunciatae
932 1001 1162 1046 Neapolitanae
1177 1002 1312 1036 civitatis
1325 1003 1421 1044 bona,
1439 1003 1556 1036 donata
1574 1008 1605 1036 et
1625 1002 1729 1044 tegata
1748 1010 1971 1046 quaecumque

514 1052 778 1086 distrahebantur
798 1053 830 1086 in
850 1065 927 1087 usus
944 1061 1072 1099 praeter
1098 1061 1238 1089 mentem
1269 1062 1470 1096 testatorum,
1493 1055 1559 1090 324
1578 1055 1604 1088 b.
1628 1055 1772 1088 Pontifex
1792 1054 1888 1088 huius
1915 1053 1974 1086 ho-

514 1106 636 1150 spitalis
661 1107 943 1149 gubernatoribus,
967 1109 1159 1143 officialibus
1181 1116 1211 1143 et
1235 1109 1390 1143 ministris
1410 1109 1688 1154 quibuscumque,
1719 1108 1778 1142 sub
1809 1107 1922 1152 poenis
1940 1106 1972 1140 in

513 1160 742 1194 constitutione
763 1162 934 1203 contentis,
958 1163 1020 1197 hoc
1041 1162 1109 1196 fieri
1131 1163 1293 1208 prohibet,
1317 1162 1382 1198 325
1401 1174 1432 1197 a.

425 1213 674 1248 IIuntiliatorum
695 1215 786 1248 ordo.
816 1215 849 1248 V.
873 1216 1014 1250 Thomae
1038 1217 1099 1260 (S.)

425 1267 606 1310 IIungariae
626 1267 860 1313 archiepiscopi
874 1275 905 1303 et
917 1269 1072 1314 episcopi,
1089 1270 1213 1303 noviter
1225 1270 1344 1314 provisi
1359 1271 1397 1303 (le
1412 1270 1669 1314 metropolitanis
1682 1275 1714 1303 et
1733 1267 1973 1302 cathedralibus

512 1320 666 1361 eeclesiis,
689 1331 754 1355 non
776 1327 925 1356 tenentur
945 1323 1098 1357 accedere
1115 1324 1154 1357 ad
1176 1323 1333 1357 visitanda
1354 1323 1466 1357 limina
1496 1323 1735 1368 Apostolorum,
1758 1321 1818 1355 nisi
1839 1320 1973 1364 singulis

513 1373 747 1418 quadrienniis,
772 1374 834 1408 777
852 1387 872 1409 α
893 1381 923 1410 et
943 1377 971 1409 b.
1924 1385 1927 1388 “

425 1427 592 1472 Hyacinthi
618 1427 678 1471 (S.)
713 1429 926 1463 canonizatio.
951 1430 1058 1464 Sancti
1080 1431 1134 1475 qui
1162 1431 1193 1464 in
1223 1431 1321 1465 coelis
1350 1435 1486 1474 regnant
1513 1430 1608 1463 etiam
1642 1429 1672 1462 in
1705 1428 1809 1469 terris,
1836 1426 1972 1462 Romani

517 1480 681 1514 Pontifieis
701 1482 843 1523 decreto,
868 1484 1039 1517 venerandi
1067 1490 1157 1525 sunt,
1178 1484 1242 1518 123
1267 1495 1296 1518 a.
1331 1484 1435 1518 Sixtus
1457 1484 1478 1517 V
1499 1483 1699 1517 canonizavit
1728 1483 1858 1516 beatum
1878 1481 1975 1516 Dida-

515 1543 602 1574 cum,
625 1539 655 1567 et
677 1544 749 1567 mox
776 1536 941 1580 proposita
972 1537 1030 1570 t'uit
1054 1537 1255 1571 canonizatio
1277 1537 1359 1570 beati
1386 1536 1572 1582 Hyacinthi,
1600 1535 1681 1569 ibid.
1713 1535 1776 1569 Leo
1806 1535 1848 1574 X,
1875 1533 1970 1568 Poto-

514 1587 586 1620 niae
612 1598 687 1630 rege
720 1595 854 1629 orante,
889 1600 1075 1634 processum
1107 1591 1192 1625 illius
1222 1590 1402 1630 commisit,
1430 1589 1506 1623 ibid.
1536 1590 1576 1629 b;
1609 1589 1666 1623 sed
1689 1599 1728 1622 eo
1755 1588 1817 1622 vita
1849 1587 1970 1627 functo,

514 1640 658 1674 Clemens
680 1642 727 1675 t'tt
762 1642 979 1676 Dominieanis
1006 1644 1160 1677 Poloniae
1187 1643 1345 1677 concessit
1375 1643 1459 1676 illius
1486 1642 1629 1676 officium
1650 1641 1826 1682 celebrare,
1855 1639 1920 1673 124
1938 1650 1969 1673 a.

517 1694 633 1728 Paulus
668 1695 706 1728 Ill
743 1695 858 1729 iterum
903 1697 1069 1740 negotium
1105 1697 1209 1731 dictae
1247 1696 1499 1730 canonizationis
1534 1695 1753 1730 cardinalibus
1783 1693 1972 1728 examinan-

516 1748 592 1781 dum
611 1749 784 1789 commisit,
808 1749 885 1783 ibid.
909 1750 1082 1794 Gregorius
1113 1751 1245 1795 insuper
1276 1750 1342 1785 xnt
1363 1756 1394 1784 et
1410 1750 1516 1784 Sixtus
1536 1750 1559 1782 V
1584 1750 1624 1784 de
1651 1748 1854 1783 absolutione
1877 1757 1974 1781 cano-

516 1801 686 1835 nizationis
718 1802 820 1845 rogati
854 1803 995 1844 suerunt,
1030 1804 1108 1838 ibid.
1145 1805 1187 1845 b;
1217 1814 1356 1848 quorum
1389 1803 1441 1837 hie
1467 1803 1646 1848 perfectum
1678 1811 1864 1847 processum
1885 1801 1970 1835 Con-

516 1855 696 1898 gregationi
727 1856 780 1890 SS.
813 1857 942 1890 Rituum
975 1858 1227 1892 examinandum
1259 1857 1422 1898 credidit,
1456 1856 1521 1890 ⁴125
1545 1867 1583 1897 a,·
1613 1866 1696 1900 quae
1723 1854 1878 1898 Gregorio
1905 1853 1970 1887 XIV

515 1909 624 1943 omnia
641 1910 761 1951 retulit,
786 1910 864 1944 ibid.
890 1911 917 1944 b.
942 1911 1006 1945 nex
1027 1911 1182 1945 Potoniae
1206 1921 1266 1956 pro
1293 1910 1480 1945 huiusmodi
1501 1909 1751 1944 canonizationis
1771 1907 1974 1943 absolutione

516 1963 601 2007 apud
621 1962 817 1997 Clementem
839 1964 903 1998 VIII
933 1965 1141 1998 vehementer
1162 1965 1267 2005 instat,
1291 1963 1354 1997 ‘1226
1378 1975 1409 1997 a.
1434 1963 1577 1997 Pontifex
1597 1962 1681 1996 beati
1702 1962 1761 1995 viri
1785 1961 1880 1995 vitam
1900 1960 1976 1994 bre-

517 2017 596 2050 viter
615 2017 670 2050 sed
693 2017 947 2052 luculentissime
973 2024 1111 2059 enarrat,
1135 2018 1216 2051 ibid.
1241 2027 1342 2062 usque
1362 2018 1402 2050 ad
1432 2016 1506 2050 21228.
1538 2017 1580 2050 Ex
1602 2027 1666 2060 qua
1685 2015 1871 2049 narratione
1891 2014 1977 2059 Papa

517 2070 610 2104 insert
630 2070 795 2111 negotium
817 2072 1071 2106 canonizationis
1091 2071 1160 2106 eius
1187 2081 1255 2105 esse
1286 2071 1532 2111 absolvendum,
1556 2069 1620 2103 2128
1647 2070 1675 2103 b.
1699 2070 1803 2114 Atque
1823 2067 1975 2102 omnibus

516 2124 547 2158 in
568 2124 727 2158 similibus
749 2125 816 2159 fieri
832 2126 934 2159 solitis
953 2125 1194 2160 accuratissime
1209 2124 1359 2169 peractis,
1383 2123 1446 2157 129
1466 2135 1486 2156 α
1506 2129 1538 2157 et
1557 2123 1589 2165 b,
1613 2123 1741 2157 beatum
1759 2121 1974 2167 Hyacinthum

517 2182 685 2224 cathalogo
708 2181 899 2215 Sanctorum
925 2179 1096 2219 adscribit,
1125 2178 1284 2221 assignata
1305 2178 1344 2211 rut
1366 2177 1435 2211 eius
1456 2177 1655 2210 festivitatem
1678 2176 1729 2210 die
1761 2175 1976 2210 decimasexta

517 2235 654 2280 augusti,
680 2234 740 2268 ¹:30
759 2234 776 2267 b
793 2240 823 2268 et
841 2244 904 2277 seq.
929 2231 1151 2276 Indulgentiae
1177 2231 1317 2272 additae,
1348 2230 1401 2264 tat
1429 2231 1456 2263 b.

431 2507 601 2550 Iagellonia
620 2507 720 2541 Anna.
752 2504 782 2539 Υ.
806 2503 1020 2549 Capettaniav.

431 2562 525 2595 Index
550 2561 707 2594 librorum
731 2558 980 2604 prohibitorum,
1001 2567 1018 2589 a
1033 2555 1088 2589 I‘io
1109 2555 1143 2589 IV
1167 2554 1308 2599 primum
1331 2553 1506 2594 contectus,
1527 2552 1683 2586 nonnulla
1703 2563 1720 2585 a
1741 2550 1828 2586 Sixto
1845 2550 1977 2586 Vaddi-

520 2619 659 2647 tamenta
680 2612 814 2656 accepit,
838 2611 880 2642 ιίῑὶ
899 2611 916 2643 b
928 2622 936 2648 ,-
959 2621 1041 2654 qurm
1066 2608 1175 2642 omnia
1194 2608 1364 2650 diligenter
1385 2606 1548 2649 recognita
1563 2611 1591 2640 rt
1605 2605 1783 2639 examinata
1804 2615 1822 2638 a
1841 2604 1980 2647 Congre-

519 2667 646 2709 gatiowe
671 2665 885 2699 vardiimliuui
905 2675 922 2697 a
944 2663 1098 2697 I¹outitice
1116 2663 1358 2706 deputatorum,
1386 2660 1514 2693 tandem
1535 2660 1680 2694 Clemens
1701 2658 1764 2693 VIII
1785 2663 1853 2692 rata
1867 2657 1974 2697 babet,
