2253 3195
248 192 298 218 An.
314 190 344 218 C.
363 190 431 217 1594

477 180 540 215 1:38

422 258 430 268 -
447 249 559 272 eorum
580 238 712 272 cuilibet
731 237 842 282 quavis
861 237 954 271 aliter
974 236 1138 270 iudicandi
1158 242 1189 269 et

273 619 386 640 Promea.)
398 624 434 643 per

251 650 344 667 notanus
357 646 433 664 [isit-n-

251 673 278 692 du
288 673 314 692 «le
325 672 433 697 seris-turis

251 699 370 720 huiusmodi
386 704 433 717 ren·

250 725 367 746 {erran-lis,
382 727 417 743 (11¹.

295 1893 439 1919 Etequutores

255 1919 364 1944 itu-snm

447 292 679 336 interpretandi
702 291 850 324 facultate
869 296 898 323 et
921 289 1120 327 auctoritate,
1142 289 1189 322 iu-

448 346 547 379 dicari
577 351 607 378 et
635 344 762 377 definiri
788 344 904 377 debere
919 370 926 383 ‚
950 353 987 375 ac
1011 342 1138 375 irritum
1159 348 1190 375 et

448 399 543 431 inane
569 397 727 441 quidquid
757 407 849 429 secus
877 407 973 440 super
1000 396 1050 429 his
1070 406 1088 428 a
1108 405 1190 439 quo-

447 461 564 495 quam,
599 450 708 494 quavis
737 449 943 489 auctoritate,
977 449 1113 483 scienter
1142 449 1190 482 vel

449 504 643 546 ignoranter,
665 503 834 545 contigerit
855 503 1015 536 attentari.

493 559 509 595 ξ
531 556 561 589 9.
584 557 751 590 Caeterum
772 555 1016 597 obligationem,
1039 566 1137 600 quam
1158 556 1190 588 in

448 615 656 653 praenarrato
673 615 784 642 nostro
798 615 888 642 motu
905 609 1038 653 proprio
1056 609 1191 642 erectio-

449 663 496 695 nis
514 662 587 696 dicti
609 662 722 696 Montis
741 662 961 696 ordinavimus
981 662 1051 696 fieri
1073 663 1191 696 debere

449 726 506 758 per
524 715 678 754 notarios,
702 721 876 759 antequam
900 716 940 748 ad
968 715 1074 749 officia
1098 726 1191 759 prae-

449 768 532 802 dicta
556 769 786 809 admittantur,
810 769 931 803 seilicet
964 770 1003 803 de
1029 769 1190 803 solvendis

448 823 523 855 ratis
547 823 697 856 antedicti
718 823 873 862 redditus,
888 834 944 857 seu
965 823 1128 867 pensionis
1141 823 1190 856 di-

448 882 570 908 ctarum
596 875 839 919 scripturarum.
863 882 895 909 ut
916 887 1013 920 supra
1030 877 1083 920 (ad
1104 887 1188 920 quo-

449 940 519 961 rum
549 929 742 963 solutionem
774 940 832 973 per
862 930 1098 964 thesaurarium
1127 941 1188 964 no-

448 988 548 1015 strum
581 982 656 1015 dicti
685 983 799 1016 Montis
826 988 1058 1027 protectorem,
1087 983 1188 1017 colle-

448 1035 535 1077 gium
560 1042 591 1069 et
610 1036 752 1070 notarios
771 1037 964 1080 praedictos,
988 1037 1113 1080 quoties
1139 1047 1192 1071 oc-

450 1089 605 1129 currerit,
630 1089 700 1132 engi
728 1095 757 1123 et
783 1090 933 1133 compelli
963 1100 1055 1134 posse
1083 1090 1192 1124 decer—

449 1141 568 1185 nimus)
585 1153 621 1176 ac
639 1143 678 1176 de
699 1143 791 1183 bene,
812 1143 952 1176 fideliter
971 1149 1000 1177 et
1023 1143 1194 1186 diligenter

450 1194 551 1228 dictas
570 1196 745 1240 scripturas
766 1196 988 1237 custodiendo,
1013 1197 1109 1230 etiam
1134 1198 1192 1231 sub

451 1259 554 1292 poena
574 1260 592 1283 a
621 1250 713 1284 nobis
737 1251 784 1284 rel
808 1251 940 1284 Camera
973 1251 1189 1295 imponenda,

451 1308 560 1336 tenore
580 1304 808 1347 praesentium,
825 1303 924 1348 recipi
939 1305 1086 1338 volumus
1097 1311 1127 1338 et
1140 1305 1195 1338 de-

451 1356 613 1390 cernimus
634 1368 723 1390 more
743 1357 897 1390 hactenus
913 1358 1008 1391 solito
1025 1369 1083 1402 per
1102 1359 1194 1392 deca-

452 1419 528 1441 num
550 1420 634 1443 nunc
652 1416 679 1443 et
701 1421 759 1454 pro
782 1417 925 1454 tempore
946 1411 1133 1445 existentem
1148 1412 1194 1445 (li-

452 1463 492 1495 rti
514 1463 651 1505 collegii.
668 1464 807 1497 Poenam
826 1474 900 1497 vero
920 1464 1117 1508 praedictam
1135 1466 1194 1499 sub

451 1516 662 1559 qua‘notarii,
686 1523 719 1549 ut
732 1527 839 1560 supra,
855 1517 1020 1560 obligandi
1039 1518 1193 1561 adstringi

452 1570 579 1607 debent,
601 1570 734 1603 arbitrio
753 1571 899 1604 moderni
921 1577 950 1603 et
972 1581 1030 1615 pro
1051 1577 1195 1616 tempore

452 1623 613 1656 existentis
650 1623 806 1657 auditoris
838 1624 990 1657 Gamerae
1021 1625 1191 1658 declaran—

453 1676 537 1716 dam,
561 1688 597 1709 ex
619 1687 703 1709 nunc
724 1683 880 1721 perpetuo
901 1677 1132 1722 relinquimus,
1155 1679 1194 1712 ad

455 1730 513 1762 boe
534 1736 566 1763 ut
587 1731 695 1763 omnia
716 1731 878 1774 praedicta
901 1731 1024 1764 facilius
1049 1738 1076 1765 et
1103 1743 1194 1765 secu-

453 1783 529 1820 rius,
553 1784 678 1827 quoties
698 1785 886 1822 occurrerit.
910 1785 1129 1829 expediantur.

499 1837 588 1877 §¹1st
621 1837 777 1877 Quocirca
804 1838 925 1870 eisdem
955 1839 1133 1871 camerario
1165 1845 1192 1872 et

455 1901 622 1923 causarum
644 1891 751 1924 curiae
765 1892 915 1924 Gamerae
929 1892 1130 1935 Apostolicae
1143 1902 1197 1935 ge-

455 1945 553 1977 nerali
576 1945 726 1985 auditori,
746 1945 922 1989 apostolica
941 1945 1132 1979 auctoritate
1153 1951 1196 1979 te-

454 2008 532 2030 nore
553 1998 781 2041 praesentium,
805 1998 1037 2032 committimus
1056 2005 1084 2031 et
1109 2010 1197 2032 man-

455 2051 749 2095 damus-quatenus
773 2051 846 2096 ipsi,
867 2052 914 2085 rel
937 2052 1001 2085 duo
1032 2058 1084 2085 aut
1116 2064 1197 2086 uuus

455 2115 565 2138 cortun
587 2111 770 2149 praesentes
792 2105 923 2146 litteras,
947 2112 974 2138 et
1002 2105 1032 2138 in
1054 2106 1100 2138 eis
1119 2117 1197 2139 con-

456 2164 542 2191 tenta
561 2169 801 2202 quaecmnque,
825 2159 879 2191 ubi
901 2165 931 2192 et
959 2159 1089 2203 quando
1117 2170 1198 2204 opus

456 2211 560 2249 luerit,
584 2223 619 2243 ac
640 2212 765 2255 quoties
786 2222 843 2256 pro
865 2218 954 2255 parte
973 2212 1048 2245 (licti
1071 2213 1196 2255 collegii

457 2267 655 2300 notariorum
686 2273 737 2300 aut
771 2267 905 2300 alicuius
937 2278 1049 2300 ι-ῡιίιιιι
1082 2267 1195 2301 sus-rint

458 2319 611 2362 requisiti,
630 2332 686 2363 per
703 2331 736 2353 se
757 2321 802 2353 rel
823 2320 914 2358 alios,
929 2320 1118 2353 solemniter
1138 2333 1197 2365 pu-

457 2372 625 2410 blic-antes,
650 2374 759 2417 risque
791 2374 819 2406 in
852 2374 1036 2418 praemissis
1061 2374 1216 2424 ellit-aris·

457 2425 650 2458 ‹lct'vnsionis
672 2427 832 2470 praesidio
853 2427 1045 2465 assistentes,
1068 2427 1194 2466 saciant,
1214 2432 1216 2460 ἕ

457 2478 646 2511 auctoritate
667 2486 791 2517 nostra,
815 2480 944 2513 eosdem
971 2480 1141 2521 collegium
1163 2461 1217 2527 acl

458 2531 597 2563 notarios
619 2532 781 2565 universos
799 2539 827 2566 et
845 2533 988 2573 singulos
1008 2534 1198 2567 eorumdem
1213 2532 1218 2581 l

458 2585 706 2629 praemissorum
722 2586 835 2619 ‹·tl'⁴.·ctu
851 2587 982 2630 pat-ilict·
1002 2587 1062 2620 srui
1077 2593 1107 2620 ct
1121 2598 1199 2629 gau·
1216 2607 1219 2622 l

1028 188 1213 214 BULLARIUM
1232 187 1386 212 ROMANUM

1223 236 1309 276 dere,
1324 245 1389 269 non
1403 234 1626 279 permittentes
1639 245 1693 269 eos
1706 240 1760 269 aut
1770 245 1966 280 quemquam

1223 288 1366 332 ipsorum
1389 289 1528 332 desuper
1547 298 1679 332 quoquo
1700 289 1798 322 modo
1825 288 1967 322 indebite

1225 342 1403 382 molestari;
1423 341 1675 375 contradictores
1685 352 1743 386 per
1753 353 1904 376 censuras
1917 353 1968 376 ec-

1224 394 1428 436 clesiasticas,
1444 395 1571 439 aliaque
1592 401 1776 440 opportuna
1789 395 1868 429 iuris
1881 401 1913 428 et
1924 395 1968 429 sa-

1225 448 1264 481 cti
1278 448 1432 489 remedia,
1449 449 1664 492 appellatione
1676 448 1864 492 postposita,
1880 458 1967 481 com-

1225 502 1396 545 pescendo,
1412 502 1558 535 invocato
1576 501 1673 535 etiam
1694 502 1735 534 ad
1754 501 1826 543 hoe,
1842 501 1866 534 si
1888 512 1968 545 opus

1227 555 1330 595 suerit,
1354 555 1472 589 auxilio
1493 555 1617 589 brachii
1637 555 1820 589 saecularis.

1270 608 1357 651 g‘l‘l.
1380 609 1450 642 Non
1470 609 1672 643 obstantibus
1697 609 1862 653 quibusvis
1892 619 1970 642 con-

1225 661 1444 695 stitutionibus
1457 667 1487 695 et
1499 662 1758 696 ordinationibus
1770 662 1965 706 apostolicis,

1225 725 1351 748 necnon
1369 715 1512 748 eiusdem
1533 715 1696 754 Gamerae,
1719 720 1815 759 atque
1834 714 1966 759 praedi-

1224 768 1263 800 cti
1285 767 1414 810 collegii
1427 767 1640 808 notariorum,
1655 768 1751 801 etiam
1772 767 1966 808 iuramento,

1224 822 1471 855 confirmatione
1492 822 1680 866 apostolica,
1704 822 1753 855 vel
1778 821 1889 865 quavis
1908 821 1967 854 fir-

1226 875 1334 909 mitate
1355 875 1417 909 alia
1436 875 1598 909 roboratis
1617 875 1743 909 statutis
1773 881 1803 909 et
1834 885 1970 909 consue-

1226 928 1407 969 tudinibus,
1430 928 1606 972 privilegiis
1623 939 1769 972 quoque,
1792 928 1924 962 indultis
1941 934 1971 962 et

1226 982 1338 1015 litteris
1351 982 1547 1026 apostolicis,
1558 982 1616 1015 sub
1630 981 1892 1026 quibuscumque
1902 992 1970 1015 ver-

1226 1035 1341 1068 borum
1363 1035 1474 1068 formis
1497 1041 1529 1069 et
1558 1035 1735 1075 tenoribus,
1756 1040 1787 1068 et
1807 1045 1880 1068 eum
1901 1034 1972 1079 qui·-

1225 1091 1333 1124 busvis
1346 1091 1441 1124 etiam
1452 1091 1731 1134 derogatoriarum
1745 1091 1969 1134 derogatoriis,

1227 1145 1360 1189 aliisque
1380 1144 1614 1178 efficacioribus
1635 1151 1665 1178 et,
1682 1144 1820 1178 insolitis
1839 1145 1970 1178 clausu-

1227 1199 1275 1238 lis,
1290 1209 1326 1232 ac
1340 1198 1539 1232 irritantibus
1559 1204 1588 1232 et
1609 1198 1680 1232 aliis
1700 1198 1838 1232 decretis
1851 1198 1883 1231 in
1897 1208 1973 1231 con-

1229 1252 1360 1285 trarium
1372 1252 1624 1296 praemissorum
1637 1251 1884 1296 quomodolibet
1897 1261 1973 1285 con·

1228 1305 1334 1345 cessis,
1351 1305 1559 1345 confirmatis,
1583 1305 1769 1350 approbatis
1789 1311 1819 1338 et
1840 1305 1973 1339 innova-

1229 1359 1277 1392 tis.
1301 1358 1421 1398 Quibus
1445 1358 1618 1399 omnibus,
1643 1358 1768 1392 etiamsi
1792 1368 1852 1402 pro
1878 1357 1969 1392 suffi-

1228 1412 1322 1446 cienti
1343 1423 1456 1445 eorum
1477 1411 1698 1455 derogatione,
1722 1413 1761 1445 de
1782 1411 1844 1445 illis
1863 1422 1899 1445 ac
1919 1422 1973 1446 eo-

1229 1476 1299 1498 rum
1327 1465 1399 1498 totis
1424 1465 1590 1498 tenoribus
1605 1464 1775 1508 specialis,
1799 1464 1970 1509 specifica,

1229 1529 1376 1562 expressa
1401 1524 1429 1551 et
1457 1518 1644 1557 individua,
1674 1527 1739 1551 non
1771 1523 1879 1551 autem
1915 1528 1974 1562 per

1229 1571 1387 1605 clausulas
1426 1571 1593 1613 generales
1635 1571 1719 1604 idem
1762 1571 1974 1615 importantes

1230 1624 1362 1664 mentio,
1391 1635 1447 1658 seu
1474 1624 1605 1668 quaevis
1634 1624 1697 1657 alia
1728 1624 1891 1668 expressio
1918 1624 1974 1658 ha-

1230 1679 1349 1719 benda,
1373 1685 1425 1711 aut
1453 1678 1561 1722 aliqua
1590 1678 1652 1711 alia
1684 1678 1840 1722 exquisita
1871 1678 1974 1712 forma

1229 1733 1268 1765 ad
1301 1732 1361 1764 hoc
1391 1731 1547 1765 servanda
1574 1732 1678 1772 foret,
1707 1737 1834 1765 tenores
1862 1731 1974 1765 huius-

1231 1785 1335 1822 modi,
1363 1796 1400 1817 ac
1431 1784 1455 1817 si
1487 1785 1527 1818 ad
1559 1784 1694 1818 verbum
1732 1784 1950 1818 insererentur
1963 1812 1970 1825 ,

1230 1839 1431 1883 presentibus
1450 1848 1509 1882 pro
1537 1838 1693 1882 expressis
1720 1837 1890 1879 habentes,
1915 1837 1975 1872 hac

1231 1893 1297 1926 vice
1314 1893 1476 1925 dumtaxat
1498 1891 1680 1935 specialiter
1701 1897 1731 1925 et
1751 1902 1899 1936 expresse
1921 1891 1976 1926 de-

1231 1956 1399 1988 rogamus,
1423 1945 1622 1989 caeterisque
1648 1944 1818 1978 contrariis
1842 1944 1975 1989 quibus·

1231 2010 1380 2042 cumque.
1412 1998 1473 2032 Seu
1510 1998 1534 2030 si
1567 1998 1728 2042 aliquibus
1758 1997 1976 2032 communiter

1231 2053 1278 2085 rel
1297 2052 1421 2085 divisim
1443 2052 1482 2084 ab
1504 2051 1687 2095 apostolica
1706 2050 1746 2084 sit
1765 2051 1846 2085 Sede
1868 2050 1974 2084 indul-

1233 2112 1297 2139 tum
1319 2106 1405 2150 quod
1428 2105 1587 2144 interdici,
1605 2105 1768 2149 suspendi,
1786 2105 1834 2138 vel
1848 2114 1975 2139 excom-

1233 2159 1390 2193 municari
1421 2169 1484 2192 uon
1510 2158 1631 2202 possint
1663 2169 1721 2202 per
1745 2158 1865 2192 litteras
1895 2167 1974 2202 apo-

1232 2213 1359 2246 stolicas
1379 2223 1442 2245 nou
1465 2211 1616 2245 facientes
1636 2212 1764 2255 plenam
1785 2217 1813 2244 et
1840 2221 1971 2256 expres-

1232 2278 1311 2303 sam.
1335 2277 1371 2299 ae
1392 2266 1431 2298 «le
1453 2265 1551 2298 verbo
1572 2265 1611 2298 ad
1637 2265 1770 2298 verbum
1791 2264 1831 2297 ‹le
1851 2264 1975 2298 indulto

1233 2319 1417 2353 huiusmodi
1439 2319 1648 2352 mentionem.

1276 2373 1388 2406 llatum
1405 2373 1523 2405 Romae
1537 2371 1621 2415 apud
1635 2371 1665 2404 S
1681 2371 1833 2409 Marcum,
1847 2370 1907 2404 sub
1920 2380 1976 2404 an-

1233 2427 1308 2459 nulo
1329 2425 1498 2459 l’iscatoris
1515 2424 1566 2458 die
1583 2435 1635 2458 xiv
1656 2423 1730 2457 maii
1753 2434 1881 2464 Μυκειν,
1895 2433 1976 2469 pon-

1233 2479 1370 2513 tificatus
1391 2478 1491 2523 nostri
1509 2488 1594 2511 anno
1620 2488 1666 2512 ιιι.

1268 2541 1327 2569 Dat.
1339 2541 1383 2569 dio
1400 2541 1431 2568 it
1447 2540 1510 2568 maii
1528 2540 1607 2574 ¹594,
1619 2539 1713 2576 pontit.
1731 2548 1774 2568 an.
1792 2547 1832 2568 ιιι.

2033 620 2131 643 obstant!
2145 615 2157 645 χ’

1984 647 2102 673 derogatio.
