2253 3195
220 229 272 256 An.
290 229 318 256 c.
338 229 405 256 isos
451 219 515 254 874

226 557 340 579 scholares
346 562 405 577 arma

220 586 302 610 nesure
317 584 405 610 possint.

269 1090 370 1111 Lectores
385 1092 405 1110 et

219 1118 328 1138 scholare«
364 1117 407 1137 sint

221 1149 322 1164 imnniues
337 1149 350 1163 a
371 1149 406 1169 ga-

220 1171 280 1192 henes
309 1175 346 1196 pro
372 1175 404 1190 re-

220 1197 295 1218 hendis
303 1197 366 1218 rebus
377 1197 407 1217 si-

220 1225 240 1245 bi
265 1223 406 1246 necessariis,

220 1251 310 1276 aliisquo
321 1250 404 1275 imposi-

219 1277 320 1301 tionibus.
329 1279 365 1297 cte.

247 2209 349 2231 nartem
384 2211 402 2230 ,ΙΔ

219 2236 269 2260 kun
286 2240 304 2255 ut
322 2243 402 2257 urum-r·

220 2267 270 2283 nlu-
280 2264 358 2283 uli-ila
386 2272 396 2282 ιι

221 2295 261 2313 Bau
272 2292 275 2307 Ι
285 2293 311 2309 *al
322 2292 382 2314 print
398 2301 403 2306 -

221 2321 232 2341 ff
244 2323 257 2334 Ι·
268 2324 275 2331 =
288 2318 313 2335 wt
325 2324 352 2340 avg

221 2348 229 2362 r
247 2345 251 2362 Ι
255 2347 357 2362 1111111111
367 2343 387 2363 Ιί-

220 2375 231 2388 n
249 2376 295 2389 ime
321 2377 351 2387 'vu

220 2403 247 2414 ιι·
268 2405 278 2415 ,ι
296 2395 379 2416 ndns-u

419 279 459 312 tis
479 279 643 321 corrigere
668 285 699 312 et
723 280 901 313 reformare
922 280 1055 323 possint,
1081 281 1183 356 quael

419 332 463 366 sie
484 339 630 366 correcta
658 338 689 366 et
712 333 903 372 reformata,
927 333 1062 377 perinde
1082 345 1119 367 ac
1137 333 1162 367 si

419 386 608 420 auctoritate
640 386 818 430 apostolica
847 387 1001 420 roborata
1033 393 1160 429 essent,

419 440 583 473 observari
605 440 755 473 debeant.

464 492 521 535 56.
538 493 630 532 Quod
647 494 848 527 scholaribus
865 494 1076 538 descriptisin
1090 495 1161 528 albo

420 547 523 580 dictae
544 547 778 587 universitatis,
809 548 847 582 de
877 548 1034 593 praedicti
1065 548 1161 591 legati

419 610 475 633 seu
506 600 734 643 gubernatoris
755 601 899 641 licentia,
923 601 978 645 qui
1000 600 1162 645 (inspecta

419 653 573 698 qualitate
594 664 806 698 personarum
832 661 862 687 et
882 655 1029 697 morum)
1051 654 1164 688 huius-

420 707 508 740 modi
529 707 692 740 licentiam
704 708 860 742 concedet
878 719 967 742 arma
981 719 1162 752 quaecum-

420 771 494 804 que,
518 771 583 793 non
604 766 711 794 tamen
729 771 879 805 expresse
900 761 1084 805 prohibita,
1108 761 1162 794 <liu

419 818 583 857 noctuque
603 824 677 847 cum
699 814 820 847 lumine
838 820 868 847 et
888 815 957 848 sine
977 814 1111 855 lumine,
1135 820 1163 849 et

419 866 540 911 ubique
560 867 706 900 locorum
729 868 853 902 deferre
871 868 995 901 licitum
1017 868 1066 909 sit,
1091 868 1161 902 edi-

421 920 478 954 ctis
498 926 553 954 aut
573 921 885 964 proclamationibus
898 922 946 955 vel
967 921 1082 955 bannis
1095 921 1163 965 qui-

419 973 624 1018 buscumque
641 974 776 1008 minime
794 975 1005 1008 obstantibus.

465 1029 481 1070 ξ
497 1026 526 1060 7.
543 1028 634 1067 Quod
647 1029 796 1062 doctores
813 1029 966 1071 legentes,
990 1035 1021 1062 et
1040 1028 1164 1062 schola-

421 1091 471 1114 res
493 1087 555 1114 tam
580 1082 801 1116 Ferrarienses
822 1088 852 1116 et
869 1083 922 1115 alii
942 1083 1062 1116 subditi
1086 1083 1163 1116 San-

422 1140 491 1168 ctae
510 1135 676 1169 Romanae
696 1136 868 1175 Ecclesiae,
892 1147 989 1180 quam
1010 1136 1165 1179 alienige-

422 1199 481 1222 nae
503 1189 701 1234 quicumque
722 1190 795 1224 albo
823 1190 926 1224 dictae
950 1190 1166 1224 universitatis

421 1243 586 1287 adscripti,
603 1243 762 1277 veniendo
776 1249 807 1277 et
828 1244 1020 1284 recedendo,
1044 1244 1166 1278 condu-

421 1297 524 1330 cendo
549 1303 579 1330 et
615 1298 865 1331 reconrlucendo
890 1298 1006 1338 libros,
1038 1304 1161 1338 vestes,

420 1349 866 1393 suppellectilia,utensiliaac
876 1351 1015 1384 eaetiam
1027 1352 1164 1384 emendo

420 1413 479 1446 pro
501 1403 645 1447 ipsorum
668 1410 697 1437 ct
723 1404 864 1437 familiae
889 1404 1033 1448 ipsorum
1056 1415 1115 1438 usu
1136 1410 1164 1438 et

421 1456 680 1500 opportunitate,
704 1457 743 1490 ab
765 1457 916 1491 omnibus
935 1457 1090 1501 gemellis,
1111 1468 1164 1491 ve-

421 1509 601 1551 ctigalibus
630 1510 784 1554 pedagiis,
810 1510 915 1551 datiis,
933 1511 1028 1544 etiam
1048 1511 1165 1545 hullet-

421 1567 471 1597 tae
481 1569 510 1597 et
525 1564 722 1605 transitibus,
737 1565 873 1609 aliisque
893 1565 1046 1599 oneribus
1060 1566 1166 1609 (prae-

420 1622 566 1661 terquam
589 1617 762 1652 moliturae
788 1625 817 1652 ct
837 1619 998 1661 gabeHae,
1016 1606 1098 1663 quac
1119 1618 1166 1652 di-

420 1671 504 1704 citur
518 1671 554 1703 di
564 1672 690 1715 pv'azza)
709 1682 834 1706 necnon
856 1672 950 1705 etiam
963 1672 1003 1705 ab
1015 1672 1166 1706 omnibus

419 1724 628 1764 factionibus,
653 1725 794 1767 angariis
825 1730 856 1758 et
885 1725 1104 1769 perangariis,
1129 1736 1165 1758 ac

420 1777 573 1811 oneribus
597 1779 823 1822 personalibus
847 1784 879 1812 ct
904 1779 1066 1820 realibus,
1101 1784 1164 1812 tam

419 1830 588 1874 hucusque
607 1831 764 1875 impositis
779 1842 874 1876 quam
895 1831 1107 1876 imposterum
1128 1842 1165 1866 ex

420 1895 626 1928 quacumque
656 1895 752 1918 causa
779 1885 1004 1929 imponendis,
1038 1885 1166 1930 penitus

419 1937 581 1971 immunes
609 1943 638 1971 ct
665 1929 805 1982 exempti
831 1949 867 1972 ac
888 1938 980 1972 liberi
1007 1945 1165 1983 perpetuo

420 1991 566 2029 existant,
594 1997 690 2035 prout
712 2001 769 2024 nos
784 1991 854 2025 illos
875 1998 904 2025 ct
923 1992 1165 2036 quemlibetco-

420 2054 504 2084 rum,
527 2044 658 2083 liberos,
677 2044 837 2078 immunes
858 2051 887 2078 ct
909 2051 1074 2089 exemptos
1091 2056 1164 2089 pcr-

420 2103 518 2142 petuo
540 2097 676 2131 facimus
697 2104 725 2132 ct
749 2099 962 2132 declaramus.

465 2151 524 2194 58.
546 2145 679 2186 Demum
702 2152 847 2195 collegiis
865 2153 1032 2186 doctorum
1052 2157 1079 2186 et
1095 2151 1165 2186 uni-

362 2216 382 2227 Η
419 2206 558 2239 versitati
584 2206 767 2239 scholarum
793 2206 896 2240 studii
917 2205 1075 2249 generalis
1091 2206 1164 2239 Fer-

364 2271 382 2283 ···
400 2273 403 2282 ·
421 2258 571 2292 raricnsis
590 2259 699 2292 omnia
725 2265 755 2292 et
775 2259 901 2299 singula
939 2258 1107 2302 privilegia
1133 2264 1163 2292 et

421 2312 555 2352 indulta,
581 2324 638 2357 per
658 2323 880 2357 quoscumque
902 2311 1065 2346 Romanos
1085 2312 1164 2346 Pon·

354 2378 364 2387 ··
384 2379 404 2415 [3
421 2366 531 2403 titicus,
550 2366 814 2410 praedecessores
836 2371 974 2402 nastros,
996 2376 1033 2398 ai:
1059 2376 1116 2399 nos
1134 2372 1160 2398 ct

420 2420 634 2462 Apostolicam
650 2420 764 2453 sudem
792 2420 934 2460 collegiis
949 2420 1117 2453 doctorum
1134 2426 1161 2453 el

419 2473 618 2506 universitati
655 2473 850 2507 scholarium
872 2473 975 2507 Studii
1005 2473 1163 2515 generalis

420 2525 553 2559 civitatis·
588 2533 716 2559 nostras:
747 2526 957 2560 Bononiensis
989 2536 1158 2563 concessa.

420 2579 556 2621 (etiamsi
585 2581 656 2613 talia
677 2581 750 2619 sint,
771 2592 853 2624 quae
874 2579 1004 2624 speciali
1021 2586 1095 2613 nota
1113 2580 1161 2613 ‹li-

419 2642 481 2675 gna
501 2638 615 2671 essent,
639 2643 720 2676 quum
740 2642 843 2666 nuncu
866 2633 974 2666 onmia
992 2641 1021 2667 ct
1036 2632 1161 2676 singula

1004 232 1188 256 BULLARIUM
1208 232 1362 256 ROMANUM

1196 280 1420 324 praesentibus
1439 291 1499 324 pro
1518 280 1728 323 singulariter
1740 281 1896 325 expressis
1911 286 1942 314 et

1197 333 1389 377 specificatis
1408 333 1522 376 haberi
1535 333 1709 377 volumus),
1727 339 1828 375 motu,
1840 334 1942 368 scien-

1199 387 1241 420 tia
1267 393 1298 420 et
1329 387 1496 431 potestatis
1527 387 1730 431 plenitudine
1763 387 1939 429 similibus,

1198 440 1294 483 (itaut
1321 440 1459 484 collegia
1487 441 1657 475 doctorum
1687 452 1724 475 ac
1753 440 1943 475 universitas

1197 493 1392 526 scholarium
1417 494 1520 527 Studii
1547 494 1707 537 generalis
1730 494 1950 528 Ferraricnsis·

1198 547 1385 589 huiusmodi
1404 547 1579 592 privilegiis
1593 553 1623 581 et
1642 547 1773 582 indultis
1793 547 1944 582 omnibus

1198 605 1229 634 et
1245 611 1303 644 per
1323 601 1432 634 omnia
1451 600 1524 642 frui,
1545 600 1642 645 potiri
1660 607 1691 634 et
1709 601 1850 644 gaudere
1868 611 1942 645 pos-

1197 653 1259 686 sint
1281 659 1311 687 et
1331 655 1466 694 valeant,
1491 654 1626 698 perinde
1646 665 1683 688 ac
1699 654 1724 688 si
1746 654 1807 688 illis
1831 653 1940 688 nomi<-

1198 706 1297 740 natim
1319 718 1471 741 concessa
1496 707 1654 752 fuissent),
1681 708 1888 743 concedimus
1913 714 1944 742 et

1199 760 1414 804 indulgemus.

1243 814 1259 855 ἓ
1280 812 1310 847 9.
1331 813 1487 853 Quocirca
1509 825 1567 859 per
1584 821 1768 859 praesentes
1789 815 1940 850 commit'-

1199 865 1294 900 timus
1315 872 1346 900 et
1373 868 1565 902 mandamus
1597 869 1714 902 dilecto
1741 868 1808 902 filio
1829 875 1941 903 nostro

1198 918 1228 952 S.
1252 920 1288 953 R.
1312 920 1346 954 E.
1367 921 1548 955 camerario
1580 932 1616 955 ac
1634 921 1894 965 praesidentibus
1912 928 1943 956 et

1198 973 1323 1007 clericis
1346 974 1498 1008 Gamerae
1526 981 1655 1009 nostrae
1673 976 1888 1019 Apostolicac,
1909 982 1943 1010 ut

1199 1027 1326 1061 easdem
1346 1034 1531 1072 praesentes
1550 1029 1582 1062 in
1603 1029 1716 1062 eadem
1737 1029 1870 1063 Camcra
1884 1030 1941 1064 ad—

1201 1080 1336 1121 mittant,
1349 1087 1379 1116 et
1392 1082 1423 1115 in
1438 1082 1693 1126 ipsiusCamcrac
1706 1082 1941 1117 librisdcscribi

1200 1140 1229 1168 et
1249 1135 1414 1177 registrari
1436 1135 1565 1168 saciant.

1245 1190 1261 1231 ἓ
1279 1187 1332 1221 10.
1353 1189 1484 1222 Necnon
1497 1189 1663 1233 praedicto
1684 1194 1794 1222 nostro
1813 1195 1840 1222 ct
1855 1190 1942 1234 Apo-

1199 1242 1332 1276 stolicae
1351 1241 1442 1276 Sedis
1468 1243 1506 1276 de
1520 1243 1620 1276 latere
1637 1242 1742 1285 legato
1762 1253 1799 1276 ac
1811 1253 1943 1277 venera-

1955 231 2004 260 An.
2021 213 2154 261 c.1·a·'
2206 237 2209 244 ·

2005 825 2072 848 iussio
2090 836 2092 844 ·

1955 852 2034 874 bullam
2058 852 2080 874 in

1955 885 2014 901 mera
2019 879 2112 906 Apostot·
2118 895 2120 897 v
2126 877 2135 907 ’ἶ
2145 890 2149 894 ’

1955 905 2090 933 magistrandi.

1970 1198 2084 1226 nepuuuo
2097 1200 2116 1215 s·
2123 1201 2131 1209 ‘¹

1956 1228 2075 1253 quutorum.

1201 1295 1256 1328 bili
1278 1296 1366 1329 fratri
1388 1296 1540 1340 episcopo
1558 1296 1768 1335 Ferrariensi‚
1784 1302 1943 1340 quatenus
1971 1292 1980 1298 ⁴

1200 1348 1272 1392 ipsi,
1289 1349 1337 1382 vel
1358 1349 1440 1382 alter
1457 1359 1586 1390 eorum,
1606 1359 1665 1393 per
1689 1359 1737 1389 se,
1760 1349 1808 1383 vel
1828 1349 1938 1389 alium,

1199 1412 1255 1435 seu
1270 1403 1350 1435 alios
1368 1408 1553 1446 praesentes
1567 1403 1700 1443 litteras,
1717 1402 1791 1436 etin
1809 1402 1854 1436 eis
1867 1413 1944 1436 con·

1201 1461 1286 1490 tenta
1297 1467 1522 1501 quaecumque
1535 1457 1723 1491 solemniter
1732 1456 1942 1501 publicantes,

1199 1520 1236 1543 ac
1249 1510 1370 1543 eisdem
1386 1511 1586 1552 doctoribus,
1609 1510 1810 1544 scholaribus
1823 1515 1851 1544 et
1873 1509 1942 1544 aliis

1201 1561 1373 1607 praedictis
1399 1564 1430 1597 in
1455 1563 1642 1608 praemissis
1665 1563 1803 1597 efficacis
1827 1563 1940 1597 desen-

1200 1617 1299 1650 sionis
1319 1617 1481 1662 praesidio
1491 1617 1684 1657 assistentes,
1703 1617 1940 1651 saciantaucto·

1200 1670 1293 1704 ritate
1314 1677 1422 1704 nostra
1444 1671 1515 1704 illos
1540 1670 1791 1715 praemissorum
1813 1680 1943 1704 corum—

1200 1721 1272 1755 dem
1293 1721 1408 1755 effectu
1429 1721 1562 1766 pacifice
1584 1721 1644 1755 srui
1666 1727 1696 1755 et
1709 1722 1860 1765 gaudere,
1876 1731 1942 1756 non

1200 1775 1422 1819 permittentes
1454 1786 1508 1809 eos
1538 1775 1677 1820 desuper
1707 1786 1724 1809 a
1752 1786 1939 1820 quoquam,

1200 1829 1311 1873 quavis
1331 1829 1537 1870 auctoritate,
1568 1829 1815 1873 quomodolibet
1834 1829 1938 1863 mole-

1199 1883 1286 1924 stari,
1310 1882 1495 1928 perturbari
1508 1883 1555 1915 vel
1576 1882 1759 1927 inquietari.
1777 1882 1942 1917 Contradi-

1200 1943 1304 1971 clores
1325 1931 1548 1981 quoscumque
1570 1946 1628 1981 per
1647 1946 1800 1970 censuras
1819 1942 1848 1970 ct
1863 1946 1942 1980 poe-

1200 2001 1256 2024 nas
1269 1990 1510 2029 ecclesiasticas,
1528 1990 1654 2033 aliaque
1667 1994 1850 2035 opportuna
1863 1989 1941 2023 iuris

1199 2050 1229 2077 et
1251 2044 1320 2077 sacti
1340 2043 1494 2084 remedia,
1511 2043 1728 2087 appellatione
1748 2043 1936 2088 postposita,

1199 2097 1447 2141 compescendo,
1472 2097 1618 2130 invocato
1640 2096 1734 2130 etiam
1752 2097 1791 2130 ad
1818 2096 1894 2138 hoc,
1914 2097 1939 2131 si

1199 2161 1279 2195 opus
1301 2150 1406 2190 suerit,
1430 2150 1548 2184 auxilio
1570 2150 1690 2184 brachii
1715 2150 1899 2184 saecularis.

1243 2204 1324 2247 §lt
1348 2204 1416 2237 Non
1438 2204 1639 2238 obstantibus
1656 2203 1939 2239 constitutionibus

1198 2263 1228 2291 ct
1249 2257 1506 2292 ordinationibus
1525 2257 1720 2301 apostolicis,
1732 2263 1760 2291 et
1775 2257 1939 2302 quibusvis

1197 2311 1324 2344 statutis
1349 2317 1379 2344 ct
1403 2310 1706 2352 consuetudinibus,
1730 2311 1826 2344 etiam
1848 2311 1936 2345 iura-

1199 2371 1306 2398 mento
1326 2392 1333 2405 ,
1376 2365 1623 2401 confirmatione
1654 2364 1852 2409 apostolica,
1891 2365 1938 2399 vel

1197 2417 1308 2461 quavis
1327 2417 1477 2451 firmitate
1496 2418 1557 2450 alia
1578 2417 1748 2458 roboratis3
1765 2417 1939 2462 privilegiis

1197 2480 1338 2515 quicque,
1363 2470 1494 2504 indultis
1515 2477 1545 2504 et
1570 2465 1682 2505 litteris
1703 2470 1886 2515 apostolicis
1906 2470 1938 2504 in

1197 2524 1395 2558 contrarium
1418 2524 1670 2568 praemissorum
1693 2524 1939 2568 quomodolibet

1197 2572 1367 2614 concessis.
1385 2577 1584 2611 confirmatis
1599 2583 1627 2611 et
1648 2577 1846 2622 approbatis.
1863 2576 1938 2617 Oui-

1198 2631 1255 2664 bus
1276 2630 1426 2665 omnibus
1447 2636 1477 2664 ct
1502 2630 1652 2674 singulis.
1677 2641 1788 2665 corum
1811 2635 1938 2665 tenores

1968 2205 2082 2234 beron-tto
2094 2216 2095 2221 =
2106 2216 2108 2221 ·

1953 2235 2073 2256 turturum.
