2253 3195
15 235 64 261 An.
81 233 109 260 C.
134 233 200 261 tono

832 231 978 255 CLEMENS
998 232 1055 254 rtlt
1074 232 1124 254 1⁵1³.

210 281 288 321 vari,
312 292 347 314 ac
363 281 446 314 idem
466 281 565 314 robur
586 280 716 321 babere,
740 285 771 313 et
796 290 849 313 eos
870 290 950 323 quo-

211 346 281 368 rum
315 335 462 372 interest,
498 335 627 368 illorum
661 334 806 367 onmium
838 333 952 366 effectu

211 395 241 422 et
258 390 430 422 commodo
454 389 586 433 pacifice
608 389 668 421 t'rui
693 394 719 421 et
737 389 877 429 gaudere
899 388 953 421 de-

211 444 298 481 bere,
323 443 457 487 perinde
480 454 516 475 ac
537 442 562 474 si
593 442 622 474 in
646 442 786 485 capitulo
811 440 952 483 generali

211 497 355 529 eiusdem
373 496 539 540 hospitalis
559 506 631 528 eum
658 495 839 527 interventu
861 499 889 526 et
915 494 953 526 de

211 561 387 590 consensu,
418 559 482 582 non
515 549 617 581 solum
652 547 758 590 magni
788 547 950 589 magistri,

210 603 368 647 priorum,
392 602 620 642 baiulivoruni,
638 606 896 644 praeceptorum,
918 611 953 632 ac

210 656 354 688 omnium
371 661 398 688 et
413 655 613 697 singulorum
629 654 766 686 aliorum
787 654 817 686 in
839 653 952 686 eodem

210 818 368 856 bentium,
391 818 446 851 sed
479 817 574 850 etiam
605 817 701 850 totius
734 816 864 860 capituli
897 827 953 849 seu

211 872 335 906 consilii
363 872 522 914 generalis
553 877 583 904 et.
612 877 786 904 conventus
809 869 971 903 eiusdem}

210 926 376 970 hospitalis
414 925 633 969 capitulariter
669 929 950 967 congregatorum,

210 979 346 1023 praeviis
367 979 482 1011 debitis
503 978 690 1012 tractatibus
716 984 747 1011 et
776 978 846 1010 aliis
872 977 954 1010 sole-

211 1034 398 1067 mnitatibus
419 1034 458 1066 ad
480 1033 511 1065 id
532 1033 570 1065 de
585 1032 665 1071 iure,
682 1033 729 1064 rel
748 1031 833 1064 iuxta
855 1030 954 1074 ipsius

210 1087 376 1130 hospitalis
396 1092 523 1125 statuta,
546 1085 804 1123 consuetiulines,
825 1083 950 1117 stabili-

211 1146 329 1178 menta,
344 1140 512 1183 privilegia
525 1146 553 1172 et
568 1139 703 1177 indulta,
725 1149 760 1170 ae
782 1138 859 1170 alias
874 1148 953 1181 quo-

210 1193 388 1227 modolibet
408 1192 571 1237 requisitis
591 1192 725 1225 serratis
739 1198 765 1224 et
786 1191 949 1232 adhibitis,

211 1249 405 1281 concordata
430 1252 460 1280 et
486 1252 645 1280 transacta
673 1246 819 1286 fuissent,
848 1257 971 1289 nequev

211 1301 418 1335 concordiam
437 1306 467 1334 et
484 1300 734 1333 transactionem
753 1299 950 1339 huiusmodi,
969 1318 971 1329 ·

211 1355 380 1399 minusque
391 1358 577 1398 praesentes
591 1353 711 1386 litteras
721 1353 786 1386 ullo
799 1363 952 1396 uniquam

212 1414 367 1453 tempore,
392 1407 487 1441 etiam
509 1418 545 1440 ex
566 1417 603 1440 eo
625 1407 712 1450 qnod
733 1407 883 1449 generale
903 1417 954 1439 ca-

211 1462 361 1506 pitulum,
386 1460 557 1495 eonsilium
580 1465 611 1493 et
631 1465 806 1493 conventus
836 1459 950 1492 huius-

211 1515 310 1555 modi,
332 1525 367 1547 ae
382 1525 494 1547 omnes
515 1513 632 1546 milites
653 1512 828 1553 antiani,et
842 1513 955 1545 fratres

212 1569 368 1601 dictarum
387 1568 596 1609 Linguarum,
622 1567 668 1599 rel
687 1566 884 1610 quicumque
902 1566 955 1598 alii

213 1621 365 1654 interesse
391 1620 546 1653 babentes
567 1620 607 1652 ad
629 1619 660 1652 id
686 1619 789 1652 vocati
812 1629 876 1651 non
890 1619 973 1651 sue-i

212 1674 286 1713 rint,
307 1685 365 1707 nec
384 1684 496 1706 omnes
518 1672 579 1705 illis
600 1673 694 1716 plene
718 1672 952 1711 consenserint,

213 1728 260 1760 rel
282 1727 380 1771 aliqui
401 1738 437 1760 ex
458 1727 503 1760 eis
524 1727 642 1765 forsan,
660 1736 719 1769 pro
738 1736 849 1758 eorum
865 1736 954 1769 prae-

215 1787 304 1814 tenso
325 1781 478 1813 interesse
493 1780 539 1812 rel
560 1779 786 1823 primipaliurn
808 1789 953 1819 suorum,

214 1845 361 1879 expresse
382 1833 652 1873 contradixerint,
677 1844 780 1876 neque
805 1838 958 1866 tractatus

214 1894 242 1922 et
265 1899 487 1932 quaecumque
507 1887 749 1926 solemnitates,
783 1898 818 1920 ae
836 1888 897 1920 alia
919 1888 957 1921 de

216 1943 295 1983 iure,
321 1942 576 1982 consuetudine,
605 1942 652 1974 rel
682 1942 872 1985 privilegio,
902 1954 957 1976 seu

216 1997 301 2029 iuxta
322 2001 449 2036 statuta,
474 1995 691 2028 stabilimenta
709 2023 715 2035 ,
739 1996 906 2039 privilegia
928 2003 955 2029 et

217 2051 343 2083 indulta
364 2049 531 2094 hospitalis
560 2049 769 2089 huiusmodi,
796 2060 853 2083 seu
879 2061 959 2094 quo-

215 2102 959 2147 rumcumqueRomanorumPontificumprae-

216 2158 422 2191 decessorum
444 2161 640 2194 nostrorum,
663 2160 717 2188 aut
740 2160 886 2196 nostras,
911 2157 957 2189 vel

217 2211 320 2244 dietae
341 2210 431 2244 Sedis
455 2209 578 2242 litteras
601 2209 739 2252 desuper
765 2210 882 2249 editas,
911 2211 958 2242 vel

216 2265 294 2297 alias
314 2262 556 2308 quomodolibet
580 2262 745 2306 requisita,
763 2268 793 2295 et
812 2262 841 2294 in
863 2263 955 2296 simi-

218 2318 301 2351 libus
322 2316 503 2350 necessat-ia
525 2316 765 2353 intervenerint,
787 2327 842 2349 seu
863 2317 957 2349 etiam

217 2371 358 2405 enormis
379 2377 408 2404 et
428 2369 683 2409 enormissimae,
708 2380 743 2402 ac
766 2370 870 2403 totalis
889 2371 955 2403 lae-

217 2425 326 2465 sionis,
351 2425 397 2457 rel
423 2424 485 2457 alio
518 2423 629 2467 quovis
662 2429 839 2466 praetextu,
864 2435 959 2457 eausa

218 2484 245 2511 et
265 2477 433 2511 occasione
454 2482 752 2521 quantumeiunque
774 2477 907 2509 notabili
929 2483 956 2510 et

218 2532 364 2572 inridiea,
389 2532 484 2564 etiam
518 2531 698 2564 necessario
724 2531 955 2574 exprimenda,

218 2586 257 2619 de
281 2584 498 2629 subreptionis
519 2585 564 2618 rel
591 2584 801 2627 obreptionis,
822 2590 872 2617 aut
888 2585 958 2617 nul-

218 2639 314 2673 litatis
336 2639 420 2680 vitio,
456 2651 509 2672 seu
533 2639 717 2672 intentionis
743 2645 889 2679 nostrae,
912 2640 958 2672 rel

1636 218 1699 251 579

986 279 1048 312 alio
1067 278 1219 323 quopiam
1241 279 1365 312 defectu
1386 278 1502 319 notari,
1528 276 1725 321 impugnari,

987 333 1017 365 in
1042 339 1107 366 toto
1135 333 1182 365 vel
1208 333 1239 365 in
1266 338 1355 376 parte
1376 331 1526 372 rescindi,
1549 330 1726 370 retractari,

987 386 1158 427 annullari,
1187 386 1372 426 invalidari,
1397 385 1428 418 in
1457 385 1504 418 ius
1522 385 1570 417 vel
1592 389 1726 417 contro-

988 439 1121 472 versiam
1149 439 1303 479 revocari,
1328 439 1367 472 ad
1389 439 1543 472 terminos
1575 438 1653 471 iuris
1673 448 1726 471 re-

989 494 1074 534 duci,
1097 505 1153 527 seu
1178 494 1330 526 adversus
1345 493 1414 526 illas
1439 493 1668 538 quodcumque
1683 492 1730 525 iu-

988 547 1042 587 ris,
1061 547 1133 580 faeti
1157 547 1204 579 rel
1226 547 1347 589 gratiae
1369 547 1548 580 remedium
1564 546 1729 590 impetrari

989 611 1100 644 posse,
1125 611 1228 644 neque
1250 600 1308 633 sub
1330 600 1496 644 quibusvis
1513 600 1668 633 similium
1682 600 1729 632 vel

971 653 1193 691 ,dissimilium
1231 653 1406 696 gratiarum
1446 652 1726 693 revocationibus,

210 710 350 754 capitulo
382 709 628 753 quomodolibet
661 709 699 741 de
722 708 801 747 iure,
826 708 971 757 privile-¹

210 764 282 806 gio,
315 763 548 797 consuetudine
580 773 616 795 ae
648 762 726 795 alias
754 773 863 795 vocem
896 759 971 794 lia-³

988 707 1270 751 suspensionibus,
1299 706 1566 747 limitationilms,
1596 706 1727 739 modui-

988 760 1178 801 cationibus,
1207 759 1472 802 derogationibus
1497 765 1527 793 et
1553 759 1623 792 aliis
1648 770 1727 792 con-

990 814 1093 847 trariis
1118 813 1382 858 dispositionibus
1403 824 1420 846 a
1445 813 1549 853 nobis,
1573 824 1628 846 seu
1658 812 1730 856 qui-

988 868 1095 900 busvis
1126 868 1196 900 aliis
1225 867 1378 901 Romanis
1400 866 1612 900 Pontificibus
1632 877 1728 910 prae-

988 921 1211 954 decessoribus
1240 920 1370 961 nostris,
1395 932 1431 953 ae
1454 920 1539 954 dicta
1559 920 1651 959 Sede,
1675 930 1730 952 seu

988 975 1083 1007 etiam
1113 985 1171 1018 pro
1200 980 1346 1019 tempore
1375 974 1584 1007 existentibus
1612 984 1731 1015 magno

989 1029 1154 1071 magistro,
1178 1040 1214 1061 ac
1231 1029 1381 1071 ‘generali
1412 1028 1569 1068 consilio,
1591 1027 1731 1071 capitulo

969 1087 1019 1114 ⁴et
1056 1088 1215 1115 conventu
1252 1081 1420 1125 hospitalis
1452 1080 1637 1114 huiusmodi
1674 1091 1732 1124 pro

989 1140 1132 1178 tempore
1162 1135 1317 1167 emanatis
1346 1146 1402 1167 seu
1430 1133 1617 1167 emanandis
1638 1144 1729 1166 coni-

969 1188 1156 1232 rpreliendi,
1188 1188 1243 1221 sed
1273 1198 1400 1231 semper
1428 1188 1466 1220 ab
1489 1187 1549 1220 illis
1571 1192 1728 1230 exceptas,

988 1247 1018 1275 et
1039 1241 1165 1286 quoties
1186 1241 1258 1274 illae
1280 1241 1488 1281 emanabunt‚
1514 1240 1607 1274 toties
1622 1240 1652 1272 in
1666 1240 1732 1284 pri-

987 1296 1105 1328 stinum
1128 1301 1159 1328 et
1179 1295 1421 1336 validissimum,
1446 1300 1476 1327 et
1496 1305 1581 1335 euni,
1603 1294 1635 1326 in
1653 1304 1729 1338 quo,

988 1356 1160 1393 antequam
1182 1354 1394 1389 emanarent,
1419 1354 1510 1382 erant
1534 1353 1650 1381 statum
1676 1359 1729 1381 re-

988 1403 1124 1443 stitutas,
1152 1402 1310 1446 repositas
1332 1408 1362 1435 et
1382 1402 1527 1446 plenarie
1553 1401 1732 1444 reintegra-

970 1462 1057 1496 .tas,
1089 1467 1125 1489 ae
1157 1456 1252 1489 etiam
1282 1456 1340 1489 sub
1369 1456 1442 1489 data
1473 1455 1645 1499 posteriori
1674 1466 1733 1499 per

989 1520 1212 1554 quoscumque
1233 1510 1386 1543 interesse
1400 1509 1555 1542 habentes
1569 1509 1730 1551 eligenda,

990 1565 1029 1597 de
1055 1575 1137 1598 novo
1159 1574 1311 1597 concessa
1342 1564 1409 1597 sore
1440 1569 1469 1596 et
1494 1573 1584 1604 esse,
1611 1573 1648 1596 ao
1669 1563 1732 1595 vim

991 1619 1098 1659 validi,
1123 1618 1261 1652 efficacis
1282 1623 1312 1651 et
1333 1617 1461 1650 onerosi
1483 1622 1666 1650 contractus
1686 1617 1734 1650 in-

992 1679 1038 1705 ter
1057 1672 1245 1705 Mieliaelem
1276 1677 1307 1704 et,
1324 1671 1528 1704 Vincentium
1559 1681 1595 1703 ae
1621 1681 1734 1704 omnes

991 1732 1021 1760 et
1041 1726 1184 1768 singulos
1198 1725 1277 1758 alios
1297 1725 1499 1768 supradictos
1516 1724 1576 1757 rite
1597 1730 1627 1758 et
1649 1731 1735 1758 reete

992 1780 1073 1820 initi,
1098 1778 1251 1823 stipulati,
1280 1789 1316 1811 ac
1334 1778 1429 1821 etiam
1451 1777 1616 1821 utrimque
1639 1778 1735 1811 iurati

992 1834 1113 1866 babere
1134 1838 1164 1865 et,
1185 1832 1341 1865 obtinere.
1369 1831 1485 1875 Sieque
1506 1837 1537 1864 et
1557 1842 1620 1865 non
1643 1831 1736 1865 aliter

993 1899 1049 1932 per
1070 1897 1221 1930 magnum
1244 1886 1446 1929 magistrum,
1468 1886 1652 1927 consilium,
1676 1897 1732 1919 ca-

992 1942 1141 1985 pitulum,
1166 1946 1358 1974 conventum
1381 1945 1412 1973 et
1429 1939 1509 1972 alios
1530 1938 1731 1983 praedictos,

993 2006 1118 2028 necnon
1151 2004 1374 2038 quoscumque
1405 1993 1529 2026 iudices
1553 1992 1736 2025 ordinarios

993 2054 1023 2082 et
1041 2047 1324 2091 d‹;=legatos,etiam
1345 2057 1516 2080 causarum
1528 2046 1636 2090 palatii
1658 2056 1736 2089 apo-

993 2103 1097 2136 stolici
1118 2102 1292 2143 auditores,
1314 2113 1350 2135 ae
1375 2101 1405 2135 S.
1426 2102 1462 2135 R.
1484 2102 1517 2134 Ε.
1542 2100 1733 2141 cardinales,

994 2157 1089 2190 etiam
1111 2157 1149 2189 de
1170 2157 1271 2189 latere
1289 2157 1421 2198 legatos,
1438 2156 1564 2188 sublata
1578 2154 1623 2187 eis
1638 2160 1668 2187 et
1681 2165 1736 2187 eo-

994 2221 1064 2243 rum
1093 2210 1225 2243 cuilibet
1251 2210 1362 2254 quavis
1393 2209 1486 2242 aliter
1517 2208 1680 2241 iudicandi
1707 2214 1737 2241 et

995 2264 1228 2307 interpretandi
1250 2264 1398 2296 facultate
1419 2269 1448 2296 et
1469 2262 1681 2302 auctoritate,
1706 2261 1737 2294 in

994 2318 1104 2361 quavis
1125 2328 1221 2350 eausa
1241 2322 1272 2350 et
1292 2317 1443 2350 instantia
1469 2315 1603 2349 iudicari
1625 2321 1656 2347 et
1676 2316 1734 2348 de-

995 2371 1079 2403 finiri
1102 2371 1234 2404 debere:
1261 2371 1385 2403 irritum
1408 2381 1536 2414 quoque
1553 2375 1584 2403 et
1604 2369 1698 2402 inane
1712 2368 1737 2402 si

994 2436 1088 2457 secus
1109 2436 1206 2469 super
1226 2424 1275 2457 liis
1300 2435 1317 2457 a
1338 2434 1502 2468 quoquam
1518 2451 1527 2464 ,
1551 2422 1662 2467 quavis
1683 2434 1739 2455 au-

994 2478 1151 2517 ctoritate,
1172 2478 1311 2511 scienter
1331 2478 1379 2511 vel
1408 2477 1605 2520 ignoranter,
1630 2475 1735 2509 conti-

994 2532 1072 2573 gerit
1094 2531 1255 2565 attentari.

1039 2587 1054 2627 ξ
1085 2585 1126 2623 5.,
1151 2586 1219 2619 Non
1245 2584 1446 2618 obstantibus
1471 2583 1677 2628 praemissis,
1702 2594 1738 2616 ae

995 2645 1154 2684 ‹piati-nus
1176 2650 1256 2684 opus
1277 2639 1327 2677 sit,
1353 2644 1460 2672 nostra
1483 2639 1599 2672 deuon
1623 2637 1737 2671 tollen-

1746 227 1796 253 An.
1817 227 1846 254 C.
1864 227 1932 254 1600

1825 2586 1939 2615 Dementia

1753 2616 1912 2634 mittrarmruin.
