2253 3195
70 276 119 304 An.
137 275 165 302 C.
191 275 256 302 1594

105 1077 206 1104 Magister
221 1083 256 1101 ge-

69 1105 146 1126 nei-atis
154 1109 209 1131 quae
221 1109 257 1124 ca-

17 1136 19 1138 ·
69 1131 135 1158 pitula
150 1136 255 1157 pospeno»

71 1163 92 1179 re
107 1159 180 1185 pussss.

87 1717 161 1738 Forma
171 1717 256 1739 rotandi

74 1751 92 1765 111
101 1745 204 1766 electione
213 1752 256 1766 nia-

38 1780 41 1781 ⁷
73 1771 130 1798 gistri
147 1772 256 1798 generalis.

110 2561 210 2587 Magister
225 2567 260 2586 gn-

76 2588 152 2609 uerutis
160 2594 186 2609 an
195 2588 262 2614 possit

78 2615 185 2636 nominare
205 2615 260 2636 xiva-

78 2640 131 2661 riuin
142 2642 260 2667 generalem

78 2667 110 2688 vel
143 2668 260 2694 provincia-

85 2699 124 2714 ern.

885 272 1033 295 CtEMENS
1055 272 1110 295 vm
1132 272 1181 295 Pr.

268 333 330 356 non
344 322 578 366 comprehenso
594 321 674 354 inter
688 321 759 354 illos
775 326 931 364 tempore,
946 331 1010 364 quo

268 375 381 419 legerit
407 386 498 408 casus
518 374 734 408 conscientiae
749 402 756 414 ,
781 379 813 407 et
844 374 1011 407 observata

269 430 300 463 in
321 429 454 473 reliquis
475 429 624 462 omnibus
650 430 751 461 forma
772 427 1010 461 constitutionis

268 483 299 516 in
323 482 529 516 distinctione
554 493 589 521 11,
613 493 681 525 cap.
706 492 756 515 xvi
784 481 822 513 Et
838 480 893 524 qui
918 480 1011 512 aliter

269 536 386 569 suerint
422 535 581 577 graduali,
610 545 674 568 non
700 535 880 569 habeantur
907 544 1010 576 neque

269 595 457 633 reputentur
476 589 522 622 uti
543 589 631 628 tales,
656 599 715 621 uec
728 587 1007 623 habeantnomen,

268 653 327 675 nec
346 647 467 681 votum,
490 652 550 674 nec
570 640 656 674 aliud
677 639 891 684 privilegium,
916 650 1012 682 super

268 706 332 738 quo
350 706 407 739 per
425 694 612 737 magistrum
634 694 818 735 generalem
835 703 900 726 non
912 692 1009 736 possit

269 748 447 793 dispensari
469 748 576 792 aliqua
597 748 636 781 de
649 758 755 787 causa,
777 746 945 780 occasione
962 747 1011 779 vel

269 807 444 846 praetextu.
474 802 512 834 Et
547 802 654 834 nullus
692 800 855 845 expositus
887 800 1012 834 fruatur

269 866 357 895 voce,
381 855 463 895 loco,
476 854 651 898 nec-aliquo
665 853 833 898 privilegio
854 864 1008 897 praesen-

271 907 336 947 tati,
360 919 419 941 nec
440 907 581 950 magistri
597 918 765 951 quousque
786 917 851 940 non
864 906 1013 940 admitta-

271 967 324 995 tur
343 961 375 994 in
407 961 548 1005 capitulo
568 961 721 1004 generali.

316 1017 332 1058 ξ
361 1014 412 1048 13.
442 1015 608 1059 Simulque
628 1021 663 1048 ut
683 1014 836 1057 magister
855 1014 1014 1057 generalis

272 1069 383 1102 adesse
426 1068 527 1112 possit
555 1068 703 1112 capitulis
738 1067 1010 1111 provincialibus,

272 1123 402 1166 quando
423 1134 504 1166 opus
524 1132 592 1155 esse
613 1121 738 1159 viderit,
762 1122 929 1155 decretum
951 1132 1011 1165 pa-

273 1170 398 1210 riter‘et
418 1181 572 1210 statutum
601 1176 669 1217 fuit,
690 1177 776 1220 quod
791 1176 896 1209 eidem
917 1186 1014 1218 gene-

272 1230 330 1263 rali
358 1230 452 1263 liceat
479 1230 607 1263 differre
634 1235 689 1263 aut.
714 1229 891 1274 anticipare
921 1230 1011 1274 capi-

271 1284 337 1317 tula
356 1284 564 1328 provincialia
581 1284 775 1317 celebranda
794 1289 867 1316 ante
885 1283 1011 1327 eapitu-

271 1337 337 1370 lum
359 1337 585 1370 intermedium
611 1337 698 1381 quod
718 1337 884 1381 sequitur,
909 1348 945 1370 ea
969 1343 1015 1370 ta-

271 1402 345 1425 men
359 1392 440 1434 lege,
456 1397 489 1425 ut
512 1392 709 1436 anticipatio,
722 1397 776 1425 aut
796 1391 907 1425 dilatio
922 1391 1014 1424 unius

271 1444 401 1489 capituli
427 1444 632 1493 provincialis
652 1445 692 1478 ad
712 1444 811 1485 aliud,
835 1455 901 1478 non
919 1456 1012 1478 exee-

271 1499 326 1532 dat
342 1504 468 1542 tempus
493 1499 706 1542 quadraginta
728 1499 865 1539 dierum,
889 1510 962 1532 cum
976 1499 1015 1532 sit

273 1557 399 1596 tempus
420 1557 606 1596 competens
623 1553 663 1585 ad
683 1552 755 1593 hoc,
784 1558 819 1585 ut
837 1552 938 1596 possit
959 1552 1013 1585 uni

272 1605 435 1646 interesse,
460 1611 491 1638 et
515 1606 555 1639 ad
575 1605 661 1639 aliud
681 1607 845 1640 accedere.

317 1661 333 1701 ξ
365 1659 417 1692 14,
445 1660 509 1693 Nee
526 1670 591 1693 non
611 1665 647 1693 ut
666 1659 698 1692 in
719 1659 929 1693 electionibus
949 1665 1014 1693 tam

272 1712 415 1755 magistri
431 1713 600 1755 generalis,
617 1724 713 1757 quam
727 1713 865 1747 aliorum
885 1714 1015 1758 provin-

272 1766 402 1800 cialium
420 1772 492 1800 vota
509 1767 610 1800 libera
625 1767 698 1807 sint,
724 1767 888 1800 decretum
903 1774 934 1801 et
953 1773 1015 1801 sta-

272 1826 376 1854 tutum
402 1820 469 1861 suit,
491 1821 595 1864 quod,
619 1820 638 1853 ii
661 1821 716 1864 qui
736 1821 920 1865 praestituri
941 1828 1015 1855 sunt

272 1880 399 1915 votum,
427 1884 492 1907 non
513 1880 682 1907 teneantur
701 1881 809 1918 petere
829 1875 1011 1916 schedulas,

272 1928 312 1961 ad
330 1928 479 1961 effectum
499 1933 608 1961 votum
623 1928 731 1969 dandi,
746 1929 946 1962 aseeretario
964 1940 1014 1962 ca-

273 1981 377 2025 pituli,
404 1982 460 2015 sed
481 1982 604 2026 possint
629 1982 688 2026 ipsi
716 1983 821 2015 faeere
845 1983 1014 2016 schedulas

273 2035 409 2068 arbitrio
435 2046 511 2076 suo,
540 2041 710 2079 postquam
732 2036 917 2078 congregati
944 2037 1013 2070 sue-

273 2088 336 2121 rint.
354 2088 385 2120 in
406 2088 547 2132 capitulo
572 2089 613 2122 ad
633 2089 839 2131 eligendum,
861 2095 913 2122 aut
945 2089 1014 2123 illas

273 2152 309 2174 ex
329 2142 394 2175 suis
414 2142 571 2175 cubiculis
585 2143 683 2175 saetas
695 2142 820 2183 afferre,
837 2144 886 2176 vel
907 2149 939 2176 ut
955 2143 1013 2187 ipsi

272 2194 451 2235 voluerint,
480 2195 644 2228 afferendo
671 2196 895 2229 tantummodo
916 2196 1010 2229 sehe-

271 2250 381 2283 dulam
405 2249 472 2283 eius
499 2259 671 2293 personae,
701 2249 730 2282 in
753 2249 843 2282 cuius
873 2250 1013 2283 savorem

270 2309 380 2337 votum
407 2303 571 2344 dederint,
595 2308 626 2336 et
651 2302 706 2336 ubi
738 2303 799 2336 hoc
828 2308 920 2346 pacto
943 2310 1014 2336 vota

271 2357 423 2401 praestita
447 2357 586 2397 suerint,
621 2357 740 2390 electus
761 2357 876 2390 debeat
895 2356 1014 2390 habere

271 2421 368 2454 supra
382 2410 588 2444 medietatem
604 2415 751 2444 votorum
770 2410 833 2443 alia
846 2411 910 2444 duo
930 2416 1011 2450 vota,

272 2463 297 2497 si
319 2464 438 2497 electus
462 2469 508 2496 est
528 2463 723 2507 capitularis.

319 2518 335 2559 ἕ
356 2515 408 2549 15.
434 2516 587 2550 Similiter
613 2517 776 2550 decretum
803 2521 833 2549 et
862 2521 1013 2549 statutum

276 2570 335 2603 fuit
354 2570 440 2614 quod
462 2570 613 2613 magister
633 2570 802 2613 generalis,
824 2569 849 2602 si
870 2580 1015 2603 commo-

277 2623 400 2657 rabitur
421 2624 453 2656 in
473 2624 634 2668 Hispania,
650 2635 715 2657 non
728 2623 827 2668 possit
848 2623 1016 2665 nominare

275 2677 429 2711 vicarium
451 2679 634 2721 generalem
659 2678 691 2711 in
711 2678 819 2722 aliqua
838 2677 1012 2721 provincia.
1034 2707 1035 2716 ,

1699 257 1758 291 187

1046 323 1084 353 At
1104 330 1190 358 vero,
1203 324 1329 352 mortuo
1350 317 1538 362 provinciali
1560 317 1695 350 alicuius
1715 326 1790 360 pro—

1045 373 1178 411 vinciae,
1203 373 1273 405 licet
1305 371 1409 405 dictus
1437 370 1644 415 provincialis
1675 369 1792 403 substi-

1045 426 1140 460 tuerit
1160 426 1257 458 alium
1276 425 1431 458 vicarium
1453 423 1697 468 provincialem,
1719 434 1792 467 pos-

1045 479 1084 512 sit
1115 485 1219 512 tamen
1254 479 1406 521 magister
1431 477 1590 520 generalis
1620 477 1790 510 nominare

1045 543 1103 576 pro
1134 532 1187 565 illa
1214 532 1380 576 provincia
1412 531 1511 565 alium
1542 530 1698 564 vicarium
1731 541 1788 572 ge-

1046 586 1199 623 neralem,
1225 586 1280 629 qui
1308 585 1339 617 in
1370 596 1407 618 ea
1427 590 1574 618 exerceat
1598 583 1791 617 iurisdietio-

1045 649 1130 679 nem,
1159 649 1255 682 quam
1279 644 1442 672 exerceret
1473 638 1540 682 ipse
1561 638 1713 681 magister
1730 648 1787 680 ge-

1046 692 1173 732 neralis,
1194 693 1217 725 si
1241 693 1271 724 in
1294 703 1329 724 ea
1350 692 1509 725 existeret.

1090 747 1106 788 ξ
1137 745 1188 778 16.
1218 745 1356 778 Ulterius
1383 746 1548 778 decretum
1578 751 1606 777 et
1635 748 1789 778 statutum

1046 799 1116 839 fuit,
1140 804 1174 832 ut
1195 799 1303 832 nullus
1323 798 1493 841 religiosus
1513 798 1644 831 alterius
1661 797 1790 832 Ordinis

1047 853 1079 885 in
1100 853 1206 896 ipsum
1234 847 1404 889 Ordinem.
1429 853 1550 896 absque
1572 862 1719 896 expressa
1750 851 1789 884 li-

1047 906 1151 939 centia
1172 906 1317 948 magistri
1343 906 1513 948 generalis,
1537 905 1636 949 recipi
1657 905 1768 949 possit.

1092 960 1106 1002 ἓ
1128 959 1179 992 17.
1201 960 1236 992 Et
1259 960 1347 1003 quod
1360 960 1468 992 nullus
1483 959 1620 992 vicarius
1632 958 1800 1001 generalis·

1048 1013 1224 1054 Indiarum,
1248 1013 1348 1057 possit
1368 1024 1403 1046 ex
1424 1013 1522 1046 Indiis
1548 1013 1579 1045 in
1604 1012 1790 1056 Hispaniam

1049 1078 1194 1100 reversus
1223 1066 1354 1109 egredi,
1378 1076 1548 1110 quousque
1569 1066 1651 1099 alius
1672 1066 1703 1098 in
1725 1065 1792 1099 eius

1048 1122 1155 1155 locum
1177 1121 1350 1164 deputatus
1368 1131 1432 1154 non
1454 1120 1634 1160 accesserit,
1652 1125 1707 1152 aut
1727 1130 1794 1152 rna-

1048 1173 1146 1216 gister
1170 1173 1329 1216 generalis
1349 1184 1406 1217 per
1427 1184 1500 1206 suas
1520 1173 1642 1206 litteras
1660 1173 1793 1217 permit-

1049 1232 1094 1260 tat
1114 1233 1147 1260 ut
1169 1227 1321 1260 recedere
1342 1227 1456 1266 valeat,
1473 1231 1648 1270 antequam
1669 1237 1795 1259 succes-

1048 1291 1102 1314 sor
1122 1281 1196 1313 illuc
1218 1280 1393 1325 perveniat,
1411 1280 1597 1324 providerit,
1614 1280 1672 1313 sub
1690 1290 1795 1324 poena

1049 1334 1237 1379 privationis
1255 1334 1363 1375 officii,
1382 1340 1412 1368 et
1433 1334 1518 1367 vocis
1539 1334 1660 1367 activae
1681 1338 1795 1378 etpas-

1048 1389 1133 1422 sivae
1151 1389 1402 1433 inperpetuum.
1420 1389 1457 1421 Et
1477 1389 1535 1421 sub
1557 1388 1669 1422 eadem
1690 1399 1795 1432 poena

1048 1453 1233 1483 successor,
1262 1443 1316 1487 qui
1350 1443 1426 1475 illuc
1457 1442 1602 1482 accedit,
1628 1442 1795 1476 remittere

1050 1501 1196 1530 teneatur
1213 1496 1439 1535 visitationem,
1468 1506 1524 1529 seu
1547 1506 1644 1539 quam
1669 1495 1791 1536 dicunt,

1048 1550 1255 1583 residentiam
1277 1550 1324 1583 sui
1357 1549 1586 1589 antecessoris,
1611 1560 1685 1582 rum
1709 1549 1793 1582 eius-

1049 1604 1121 1638 dem
1143 1604 1354 1638 antecessoris
1375 1603 1477 1648 culpis
1498 1609 1529 1637 et
1552 1603 1791 1637 iustificationi-

1049 1658 1122 1698 bus,
1144 1658 1318 1702 clausoque
1346 1668 1516 1701 processu,
1540 1657 1630 1689 illum
1650 1657 1795 1690 remittat

1050 1711 1080 1743 in
1093 1711 1291 1755 Hispaniam,
1307 1716 1340 1744 ut
1356 1710 1508 1753 magister
1521 1710 1682 1753 generalis
1695 1721 1793 1754 super

1049 1775 1086 1798 eo
1108 1765 1228 1798 iudicet
1252 1770 1283 1797 et
1302 1764 1493 1797 sententiam
1516 1765 1616 1804 ferat,
1642 1764 1794 1799 mandato

1048 1818 1233 1862 supradicto
1254 1817 1373 1851 vicario
1394 1817 1547 1860 generali,
1562 1817 1618 1860 qui
1639 1828 1676 1851 ex
1696 1817 1794 1851 Indiis

1049 1871 1143 1905 suerit
1160 1882 1358 1912 reversurus,
1375 1877 1410 1904 ut
1426 1882 1459 1904 se
1480 1876 1663 1915 praesentet
1686 1881 1794 1904 coram

1048 1926 1117 1969 ipso
1138 1925 1292 1968 magistro
1323 1925 1485 1967 generali,
1509 1925 1552 1957 ita
1580 1928 1689 1957 tamen
1714 1929 1750 1957 ut
1769 1924 1795 1958 si

1048 1990 1084 2013 ex
1102 1989 1254 2023 processu
1274 1979 1431 2023 probatae
1449 1978 1612 2012 extiterint
1636 1978 1750 2022 culpae
1764 1983 1795 2011 et

1048 2033 1184 2073 delicta,
1205 2037 1339 2077 propter
1369 2042 1452 2075 quae
1481 2032 1586 2065 eidem
1612 2037 1796 2064 antecessor

1048 2087 1194 2120 videatur
1211 2086 1437 2127 carcerandus,
1452 2086 1553 2130 possit
1566 2085 1657 2119 illum
1672 2085 1793 2118 carceri

1049 2141 1245 2185 mancipare.

1093 2197 1109 2237 g
1125 2194 1176 2227 118.
1194 2195 1374 2235 Postremo,
1385 2193 1495 2226 habito
1511 2197 1647 2226 tractatu
1665 2194 1705 2226 de
1721 2193 1793 2227 loco

1048 2249 1272 2282 celebrationis
1299 2248 1431 2292 capituli
1459 2247 1618 2289 generalis
1638 2247 1793 2280 interme-

1048 2303 1103 2343 dii,
1127 2303 1306 2336 resolutum
1327 2302 1396 2341 fuit,
1420 2301 1507 2345 quod
1528 2300 1650 2333 dictum
1672 2300 1795 2344 ‹rapitu-

1048 2356 1115 2389 lum
1147 2356 1329 2388 celebretur
1360 2354 1391 2386 in
1424 2353 1620 2387 monasterio
1649 2353 1794 2386 eiusdem

1806 266 1855 293 An.
1878 266 1905 292 C.
1926 267 1989 294 1594

1826 755 1889 775 Nemo
1901 761 1979 780 recipia

1806 783 1838 802 tur
1853 781 1880 802 ad
1895 781 1990 802 ordinem

1805 808 1886 838 absque
1908 814 1952 828 eius
1969 808 1991 828 Ιι-

1805 837 1881 856 centia.

1834 968 1913 988 vicarii
1924 968 1992 989 ludia·

1807 1001 1851 1016 rum
1867 1001 1908 1015 non
1923 995 1992 1015 disco-

1807 1022 1856 1042 ‹lant
1873 1021 1900 1042 ab
1916 1021 1992 1043 Inuliis.

1808 1054 1919 1075 quuusque
1945 1048 1992 1069 illuc

1808 1081 1943 1096 sut-cessores
1952 1081 1992 1095 111111

1808 1102 1950 1128 pervenerint.

1827 2197 1945 2218 Proximum
1961 2203 1995 2218 ca-

1809 2224 1897 2250 pitulum
1907 2230 1994 2250 genera-

1810 2252 1827 2272 le
1843 2251 1878 2271 ubi
1898 2251 1923 2271 sit
1940 2252 1994 2272 eule-

1809 2278 1920 2298 brandum.

1048 2409 1174 2443 Ordinis
1187 2409 1298 2453 oppidi
1312 2408 1498 2448 Vallisoleti,
1510 2407 1694 2441 Palentinae
1708 2407 1796 2441 dioe-
1845 2418 1850 2421 ·

1049 2462 1128 2495 cesis
1141 2489 1148 2502 ‚
1172 2473 1208 2495 ac
1228 2462 1306 2495 alias
1326 2467 1422 2505 prout
1443 2461 1474 2493 in
1494 2460 1621 2494 statutis
1645 2466 1677 2494 et
1702 2461 1792 2494 ordi-

1049 2515 1235 2548 nationibus
1255 2515 1417 2558 desuper,
1442 2519 1477 2547 ut
1496 2514 1682 2558 praefatur,
1708 2513 1796 2547 sactis

1050 2568 1175 2613 plenius
1195 2568 1313 2602 dicitur
1337 2567 1507 2601 contineri.

1096 2622 1185 2665 519.
1214 2623 1358 2666 Cumque
1391 2621 1544 2665 magister
1575 2621 1733 2665 generalis
1765 2628 1796 2655 et

1051 2676 1238 2710 definitores
1262 2675 1395 2720 praefati
1417 2675 1547 2721 cupiant
1567 2675 1743 2720 praeniissa
1762 2686 1796 2709 o-

1865 2626 1922 2647 Ornlo
1942 2625 1996 2652 petit

1816 2653 1996 2674 consu-mationem

1811 2680 1950 2706 pontificiam.
