2253 3195
231 267 279 294 An.
303 267 329 294 c.
350 267 416 296 ¹598
462 258 526 292 462

272 1338 423 1359 ent-ornatum

239 1367 352 1413 prm-tates
363 1368 383 1386 ct
394 1365 422 1386 ot·

247 1400 315 1413 ΙΓΙυΙΉ4

260 2194 357 2218 Altayin

1013 264 1196 289 BULLARH‘M
1212 262 1365 288 ROMANL'M

431 330 495 363 qua
518 317 683 362 privilegia
709 321 737 348 ct
759 314 1018 354 consuetudines,
1041 313 1172 346 faculta-
1207 311 1434 356 Apostolicam,
1456 316 1486 344 et
1505 321 1587 343 unus
1605 311 1644 343 ad
1665 315 1800 344 vestram
1819 310 1946 344 univer-

433 379 494 405 tem
525 371 613 406 (sine
645 375 750 402 tamen
783 367 860 401 iuris
891 377 1172 411 quarumcumque

431 424 569 469 partium
596 420 815 466 praeiudicio)
836 420 991 459 babeatis,
1015 425 1172 463 perpetuo

431 476 578 511 similiter
598 474 805 508 concedimus
825 480 853 506 et
876 473 1089 516 indulgemus.
1104 473 1172 506 Sta-

433 530 552 562 tuimus
566 538 695 572 quoque
710 533 739 560 et
755 526 953 567 ordinamus⁷
965 531 999 560 ut
1014 525 1097 560 circa
1110 525 1171 558 mi-

432 583 523 617 litum
545 581 786 626 deputationem
804 580 896 613 isthic
910 586 1055 614 serretur
1074 580 1171 621 idem,

432 636 520 681 quod
540 641 685 669 servatur
703 634 734 668 in
753 634 878 678 reliquo
889 634 979 668 Statu
998 640 1106 667 nostro
1116 635 1174 667 Ee-

433 689 621 723 rlesiastico.
649 688 738 722 Circa
765 694 870 722 auteur
892 687 1092 732 provisiones
1112 699 1172 731 gu-

432 739 634 783 bernatoris,
657 748 685 774 et
717 741 968 786 applicationem
997 752 1175 786 poenarum

433 796 763 836 condemnationum‚
799 795 1043 829 constitutiones
1073 795 1173 828 Atdo-

434 850 608 884 brandinas
622 855 833 893 nuncupatas,
844 849 1059 893 perdilectum
1075 848 1176 881 lilium

434 911 579 938 nostrum
605 904 747 942 Petrum,
774 901 880 936 Sancti
901 901 1023 936 Nicolai
1054 902 1085 935 in
1103 902 1177 936 Car-

435 968 518 998 cere,
546 956 717 990 diaconum
739 955 935 989 cardinalem
958 954 1174 988 Aldobrandi-

435 1022 512 1044 num
545 1015 788 1054 nuncupatum,
823 1015 970 1042 nostrum
1000 1009 1176 1042 secundum

435 1074 565 1097 carnem
587 1074 622 1097 ex
645 1064 741 1096 fratre
762 1072 917 1105 germano
946 1067 1097 1106 nepotem
1111 1089 1118 1102 ‚
1142 1072 1179 1095 ae

437 1118 608 1151 incivitate
634 1123 662 1151 ct
685 1118 801 1151 ducatu
814 1115 1010 1150 Ferrariensi
1033 1121 1178 1149 nostrum

437 1178 465 1204 ct
488 1171 593 1205 dictae
613 1170 702 1205 Sedis
716 1170 754 1204 de
776 1170 875 1203 latere
895 1170 1048 1212 legatum,
1068 1169 1175 1210 saclas,

437 1225 556 1258 servari
579 1225 736 1258 volumus.

483 1280 499 1320 Ξ
513 1277 543 1311 3.
559 1277 816 1311 Gubernatorem
831 1282 1000 1320 praetcrea
1014 1276 1103 1309 istius
1119 1282 1180 1309 ter-

439 1342 491 1365 rae
512 1342 571 1376 pro
601 1337 745 1376 tempore
771 1330 957 1363 existentem
986 1329 1016 1362 in
1043 1336 1180 1374 utroque

439 1392 493 1420 aut
513 1386 613 1419 altero
636 1385 754 1418 iurium
776 1385 941 1418 doctorem
961 1384 1180 1428 qualificatum

439 1449 498 1484 pro
518 1438 613 1472 officii
632 1438 786 1482 qualitate
807 1448 886 1477 esse,
903 1437 1069 1480 illumque,
1090 1436 1181 1470 finito

439 1493 507 1527 eius
518 1491 824 1536 officio‚sy11dicatui
837 1496 922 1524 stare
935 1491 1064 1529 debere,
1076 1500 1182 1534 neque

439 1546 536 1580 fidem
562 1546 643 1579 bene
668 1544 812 1589 praestiti
843 1543 980 1585 servitii,
1004 1543 1064 1577 nisi
1091 1543 1182 1577 finito

439 1601 604 1647 syndieatu
625 1598 810 1633 huiusmodi
824 1598 970 1632 obtinere
986 1608 1090 1642 posse.
1106 1598 1184 1632 Cau-

439 1667 489 1689 sas
514 1655 588 1688 item
607 1663 828 1698 quascumque
848 1651 956 1685 civiles
981 1657 1011 1685 et
1031 1651 1183 1685 crimina-

440 1709 485 1742 les
506 1709 537 1741 in
559 1707 663 1752 prima
685 1705 835 1740 instantia
863 1705 894 1738 in
920 1705 1006 1739 dicta
1027 1710 1131 1745 terra,
1155 1711 1185 1739 et

441 1762 547 1806 quoad
568 1760 676 1793 cirites
697 1770 808 1792 causas
827 1758 858 1791 in
875 1758 1018 1792 secunda
1035 1758 1185 1792 instantia

442 1815 472 1848 in
495 1813 645 1848 tribunali
675 1811 929 1857 appellationum
951 1812 1105 1856 deputato
1129 1822 1185 1845 seu

443 1867 648 1912 deputando,
673 1866 704 1898 in
726 1865 873 1903 civitate,
897 1865 955 1898 snb
982 1864 1074 1898 cuius
1093 1865 1182 1908 lega-

444 1922 531 1956 tione
544 1921 629 1955 dicta
642 1926 726 1954 terra
739 1930 797 1964 pro
813 1925 958 1963 tempore
978 1919 1084 1959 suerit,
1101 1919 1186 1952 salva

446 1983 551 2010 tamen
573 1975 764 2009 auctoritate
784 1973 970 2018 superioris,
994 1974 1101 2017 quoad
1121 1973 1188 2017 pri-

446 2041 513 2063 mas
534 2028 699 2063 instantias
729 2026 933 2067 huiusmodi,
953 2026 1103 2069 cognosci
1125 2027 1186 2060 de-

446 2086 521 2119 bere
543 2083 758 2117 decernimus.

491 2139 505 2181 §
525 2138 555 2171 fi.
581 2137 676 2171 Vobis
697 2141 862 2181 praeterea
884 2145 920 2167 ac
941 2133 1073 2177 singulis
1095 2133 1186 2166 liabi-

412 2200 430 2212 ‘·
447 2192 602 2225 tatoribus
620 2197 650 2224 vt
671 2190 783 2224 incolis
805 2195 907 2223 terrae
931 2188 1030 2228 Centi,
1055 2187 1187 2231 eiusque

445 2245 613 2278 comitatus
635 2250 664 2277 et.
683 2243 856 2281 districtus,
871 2248 905 2275 ut
922 2253 958 2275 ex
979 2241 1188 2285 quibuscum-

446 2310 507 2342 que
533 2298 609 2332 loris
635 2297 769 2331 civitatis
787 2302 815 2328 et
837 2297 972 2329 ducatus
998 2294 1184 2328 Ferrarien-

446 2352 488 2384 sis
521 2353 702 2391 iruna-nrt,
733 2350 848 2390 blada,
873 2348 1035 2391 legumina
1066 2353 1095 2381 et
1127 2347 1189 2380 alia

447 2416 593 2438 annonae
621 2415 762 2445 rga-itera,
793 2414 851 2447 pro
879 2408 982 2435 restro
1014 2407 1043 2435 et
1075 2412 1187 2434 eorum

449 2470 518 2497 risu,
542 2458 652 2491 solutis
673 2457 807 2499 flabellis
827 2456 938 2496 solitis,
967 2456 1066 2488 libere
1087 2461 1189 2488 extra-

449 2512 523 2543 tivi-⁴·
538 2511 675 2555 possitis,
697 2510 857 2543 lis-entiam
877 2515 905 2542 et
928 2509 1109 2542 laenitatem
1133 2509 1190 2541 iin-

451 2566 615 2609 pvrtinmr.
641 2565 782 2599 l’rctimn
805 2565 934 2609 insuper
954 2563 1028 2597 salis
1050 2563 1079 2596 in
1106 2563 1209 2595 dicta·

452 2625 535 2650 tvi-ra
550 2618 704 2651 vendendi
720 2618 758 2651 ad
779 2625 840 2652 tres
853 2624 1027 2662 quatrenos
1041 2627 1099 2660 pro
1114 2627 1191 2659 qna-

452 2672 525 2704 libet
553 2672 654 2712 libra,
689 2683 826 2716 «piorum
861 2672 926 2705 dno
957 2672 995 2704 ad
1025 2672 1190 2705 (jameratn

1207 365 1332 399 sitatem
1358 364 1536 409 pertineant
1552 391 1559 405 ,
1583 363 1777 397 reducimus.
1802 364 1848 397 Ad
1867 364 1947 396 haec

1207 419 1307 459 vobis,
1335 424 1367 451 ut
1397 429 1495 451 unum
1526 418 1573 451 rel
1600 418 1709 461 plures
1737 422 1947 460 exequutores

1208 483 1266 517 pro
1294 472 1457 505 exactione
1479 470 1675 504 creditorum
1697 470 1801 504 dictae
1819 469 1947 503 univer-

1208 524 1320 565 sitatis,
1337 525 1504 568 deputare,
1521 530 1551 557 ct
1564 524 1603 556 ad
1616 522 1743 556 libitum
1764 532 1946 561 remorere;

1209 584 1306 622 utque
1327 588 1427 611 unum
1456 577 1627 620 registrum
1661 577 1948 610 instrumentorum

1209 632 1313 666 dictae
1338 637 1442 665 terrac
1467 631 1506 663 ad
1535 630 1634 671 instar
1659 629 1786 673 registri
1818 628 1951 663 civitatis

1210 691 1339 719 nostrae
1360 684 1570 718 Bononiensis
1590 684 1714 727 erigere
1735 683 1873 728 possitis,
1898 682 1948 715 in-

1211 739 1391 782 dulgemus.
1425 737 1566 771 Pretium
1599 737 1770 770 moliturae
1800 735 1952 769 frumenti

1211 798 1241 826 et
1261 792 1395 825 aliarum
1423 801 1531 824 rerum
1559 791 1784 825 molendarum
1813 800 1872 834 pro
1893 800 1952 822 usu

1211 845 1428 879 habitatorum
1448 850 1477 878 et
1496 844 1673 878 incolarum
1690 850 1804 884 terrae,
1820 842 1952 877 comita-

1213 906 1262 934 tus
1282 906 1311 934 et
1331 899 1493 933 districtus
1513 898 1765 943 praedictorum,
1778 898 1818 931 ad
1829 908 1881 930 sex
1893 908 1953 942 pro

1212 954 1396 988 centenario
1419 953 1613 987 reducimus.
1636 953 1679 986 Ac
1700 952 1776 996 ipsis
1795 951 1954 985 habitato-

1212 1008 1300 1041 ribus
1321 1013 1351 1041 et
1373 1007 1503 1047 incolis,
1520 1012 1555 1039 ut
1574 1006 1614 1039 ad
1638 1015 1864 1050 quaecumque
1884 1005 1955 1038 loca

1211 1062 1316 1096 Status
1330 1060 1429 1094 nostri
1443 1059 1666 1100 Ecclesiastici,
1682 1058 1824 1093 molendi
1846 1069 1952 1097 causa,

1213 1115 1252 1148 de
1276 1114 1405 1148 licentia
1433 1120 1539 1147 tamen
1567 1112 1737 1147 camerarii
1767 1112 1865 1155 gratis
1894 1111 1956 1145 illis

1213 1169 1432 1209 concedenda,
1445 1168 1598 1202 accedere
1615 1166 1749 1212 possint,
1763 1171 1955 1211 potestatem

1214 1222 1361 1262 sachun-<3
1379 1226 1409 1255 et
1426 1221 1684 1265 quibuscumque
1698 1219 1827 1253 advenis
1839 1219 1956 1253 farinas

1215 1277 1248 1310 in
1274 1281 1411 1309 vestram
1435 1282 1553 1309 terram
1572 1275 1789 1314 introducere,
1811 1273 1879 1308 sine
1900 1273 1956 1307 ali-

1214 1340 1277 1373 qua
1294 1328 1453 1362 solutione
1479 1334 1531 1361 aut
1561 1327 1793 1371 cuiuscumque
1813 1326 1953 1367 licentia,

1216 1382 1337 1416 licitum
1359 1392 1427 1416 esse
1446 1382 1595 1416 volumus
1615 1386 1646 1415 et
1665 1380 1865 1415 ordinamus.
1883 1379 1957 1420 Qui-

1215 1436 1415 1480 buscumque
1437 1435 1557 1481 pariter
1576 1446 1613 1469 ex
1638 1434 1750 1469 restris
1775 1434 1908 1474 civibus,
1923 1439 1959 1468 ut

1217 1491 1338 1524 fructus
1359 1501 1395 1524 ex
1414 1489 1565 1534 praediis,
1590 1495 1621 1523 et
1641 1488 1734 1522 terris
1759 1498 1817 1533 per
1846 1498 1901 1522 eos
1927 1487 1958 1521 in

1217 1555 1294 1587 agro
1313 1542 1518 1581 Bononiensi,
1542 1552 1624 1586 quae
1646 1551 1710 1575 non
1728 1540 1869 1584 gaudent
1888 1540 1956 1585 pri-

1217 1597 1332 1640 vilegio
1353 1596 1470 1641 quarti,
1494 1607 1554 1640 pro
1576 1601 1720 1639 tempore
1740 1593 1956 1637 colligendos,

1218 1651 1329 1685 relicta
1354 1657 1459 1684 tamen
1480 1654 1595 1694 quarta
1616 1649 1745 1682 illorum
1767 1653 1868 1692 parte,
1885 1647 1960 1682 inde

1218 1705 1318 1738 libere
1340 1704 1520 1738 extrahere:
1545 1708 1644 1746 utque
1665 1701 1748 1735 inter
1773 1711 1827 1734 ros
1851 1706 1882 1735 el
1901 1701 1960 1735 Bo-

1219 1757 1390 1796 nonienscs
1408 1756 1545 1790 liberum
1560 1765 1838 1800 quarumcumque
1851 1765 1959 1788 rorum

1219 1811 1292 1845 ltine
1312 1810 1386 1844 inde
1404 1809 1648 1848 commercium,
1676 1807 1789 1842 solutis
1813 1807 1957 1851 gabellis,

1220 1864 1346 1905 existat,
1366 1874 1491 1897 necnon
1513 1869 1545 1897 ut
1566 1862 1746 1896 birruari0s
1771 1861 1874 1895 dictae
1899 1867 1961 1895 ter-

1220 1929 1285 1959 rae,
1306 1918 1389 1951 ultra
1410 1927 1581 1950 numerum
1604 1917 1732 1957 decem,
1756 1925 1900 1957 cassare,
1921 1915 1960 1948 ad

1220 1978 1365 2005 nostrum
1388 1977 1493 2004 tamen
1520 1976 1548 2004 et
1578 1970 1721 2003 ciusdem
1746 1969 1836 2003 Sedis
1865 1969 1962 2005 bene-

1203 2025 1374 2074 ¹placitum
1406 2023 1545 2057 taleatis.
1569 2024 1612 2056 Ac
1643 2023 1794 2062 demum,
1819 2027 1851 2055 ut
1883 2021 1962 2055 libe-

1221 2090 1291 2113 rnm
1318 2077 1421 2114 vobis,
1445 2083 1474 2111 et
1496 2076 1689 2121 cuicumque
1718 2075 1877 2109 dictorum
1908 2075 1963 2109 lia-

1222 2133 1396 2166 bitatormn
1418 2136 1447 2164 et
1470 2131 1647 2164 incolarum
1668 2129 1726 2170 sit,
1751 2129 1906 2162 solicellos
1932 2133 1964 2162 ct

1221 2187 1358 2220 sericum
1380 2197 1414 2218 ex
1437 2185 1548 2218 cadmn
1577 2190 1680 2222 terra,
1705 2183 1837 2227 eiusque
1864 2182 1964 2216 comi-

1223 2246 1288 2273 tatu
1318 2246 1346 2271 et
1369 2238 1536 2275 districtu,
1563 2238 1602 2271 ad
1631 2247 1875 2282 quaecumque.
1899 2246 1963 2269 non

1224 2301 1329 2327 tanwn
1348 2298 1435 2325 extra
1456 2293 1578 2325 Statum
1600 2289 1870 2331 tect-testasticum,
1894 2290 1964 2323 lora

1223 2348 1358 2386 deferre,
1383 2357 1419 2378 ac
1444 2346 1482 2378 de
1505 2345 1566 2377 illis
1586 2355 1645 2389 pro
1666 2343 1757 2377 libito
1778 2343 1961 2388 disponere,

1223 2399 1412 2433 :anctoritate
1433 2404 1462 2431 et
1484 2404 1595 2431 tenore
1615 2397 1796 2442 praedictis.
1809 2402 1966 2441 perpetuo

1223 2453 1432 2487 concedimus
1457 2458 1486 2485 ct
1520 2452 1744 2493 indulgemus,
1766 2463 1801 2483 ar
1823 2450 1853 2483 in
1874 2461 1966 2495 prae-

1225 2507 1328 2539 missis
1348 2505 1499 2539 omnibns
1519 2511 1546 2538 et
1574 2505 1728 2548 singulis,
1753 2504 1798 2537 nti
1826 2515 1842 2536 a
1874 2503 1967 2537 nobis

1225 2572 1375 2595 concessa
1396 2566 1424 2593 et
1447 2560 1594 2594 ordinata
1615 2565 1687 2593 sunt
1703 2587 1710 2600 ,
1734 2563 1889 2603 perpetuo
1910 2556 1966 2589 ob-

1224 2615 1342 2648 servari
1358 2614 1475 2648 debere
1489 2613 1694 2647 ‹let-eruimus
1707 2618 1737 2646 et
1751 2612 1962 2646 declaramus.

1271 2671 1285 2708 ξ
1308 2667 1336 2701 Γι.
1363 2668 1430 2701 Non
1456 2667 1657 2701 obstantibus
1684 2663 1966 2700 constitutionilms

1961 258 2010 286 An.
2031 259 2059 286 C.
2079 259 2143 288 ¹598
