2253 3195
257 226 306 252 An.
325 225 354 252 C.
374 226 441 254 1597

280 1083 374 1103 Clemens
390 1089 436 1104 cum

254 1110 372 1130 intusurem
401 1110 436 1130 dc-

253 1137 330 1161 riaratg

487 216 552 250 396

450 275 648 319 praehensus
670 274 789 313 fuisset,
813 279 843 306 et
863 272 922 305 nisi
943 282 1003 315 pro
1024 277 1112 304 certo
1133 271 1193 304 ha-

451 328 581 365 buisset,
604 338 637 360 se
658 327 778 369 absque
799 325 908 358 liberis
935 336 971 358 ac
999 325 1197 358 descenden-

453 381 537 413 tibus
556 380 726 415 defuneto,
751 379 838 422 quod
860 378 989 411 tandem
1010 377 1115 411 evenit
1129 404 1136 418 ,
1157 377 1196 409 li-

453 443 544 466 neam
560 442 689 475 quoque
702 442 737 464 ac
752 431 886 475 stirpem
900 441 990 464 suam
1005 430 1193 464 desituram.

452 486 492 518 Ex
514 495 577 528 quo
599 485 690 518 facile
715 485 812 518 etiam
838 484 1031 528 perspicitur
1052 485 1196 517 eiusdem

451 539 592 572 Caesaris
612 549 677 572 non
698 539 795 572 modo
816 539 935 572 iniusta
955 539 1060 572 dictae
1080 538 1198 571 civita—

452 591 491 623 tis
518 596 549 624 et
566 591 716 632 ducatus,
741 597 1008 635 caeterarumque
1033 591 1196 625 civitatum

452 650 480 676 et
502 644 650 677 locorum
672 645 854 689 occupatio,
870 645 927 678 sed
948 645 1043 678 etiam
1065 645 1198 678 manife-

451 704 499 730 sta
520 703 549 731 et
569 698 665 741 plena
695 698 800 732 inanis
831 699 956 732 consilii
987 699 1138 732 iaetantia
1165 698 1197 730 in

453 751 545 784 titulo
557 757 587 784 et
600 752 731 785 nomine
749 752 840 785 ducis
859 752 994 785 civitatis
1014 751 1198 785 Ferrarien-

451 804 493 837 sis
513 811 543 837 et
568 805 711 838 eiusdem
733 806 867 839 ducatus
887 806 1064 848 insignibus
1084 806 1125 838 de
1145 806 1194 838 fa-

452 862 502 890 cto
520 857 580 890 sibi
596 858 800 899 asciscendis.
816 870 899 902 quae
916 864 984 892 tum
1006 859 1091 902 apud
1108 869 1193 899 suos,

452 916 518 943 tum
544 911 630 954 apud
649 912 823 956 plerosque
843 911 1007 955 principes
1027 911 1112 944 viros
1125 938 1132 951 ,
1149 911 1196 944 uti

452 964 645 1004 audivimus
669 965 788 1009 passim
809 965 987 1009 usurpavit.

496 1018 511 1061 ἓ
532 1017 583 1051 12,
608 1019 671 1051 Nos
694 1018 811 1060 igitur,
835 1018 952 1062 quibus
982 1019 1072 1051 nullo
1102 1023 1197 1062 pacto

453 1072 626 1104 ferendum
647 1077 694 1104 est
718 1077 753 1104 ut
776 1077 904 1112 nostra,
929 1078 960 1105 et
979 1072 1113 1106 Sanctae
1133 1073 1197 1105 Ro-

453 1135 568 1158 manae
593 1125 773 1166 Ecclesiae,
797 1125 953 1169 Sedisque
985 1130 1015 1158 et
1045 1125 1197 1159 Gamerae

451 1178 656 1221 Apostolicae
677 1178 748 1212 iura
772 1189 790 1211 a
819 1189 983 1222 quoquam
1013 1179 1193 1220 violentur,

450 1231 499 1264 vel
521 1231 664 1264 indebite
685 1238 895 1276 occupentur,
920 1231 1053 1265 minime
1078 1232 1193 1265 conni-

451 1286 601 1325 vendum,
626 1291 681 1319 aut
698 1286 818 1319 danius
838 1286 1107 1319 dissimulandum
1128 1297 1196 1320 esse

451 1338 616 1379 duximus;
640 1345 669 1372 et
690 1339 767 1382 quia
790 1339 945 1372 haetenus
969 1339 1118 1373 humanis
1139 1351 1192 1372 re-

452 1392 567 1426 mediis
585 1398 710 1426 utentes
729 1404 843 1436 parum
865 1393 1073 1436 profecimus,
1089 1394 1129 1426 ad
1149 1393 1196 1426 di-

451 1446 523 1479 vina
543 1446 715 1489 praesidia,
732 1456 844 1489 preces
864 1446 1030 1487 nimirum,
1054 1447 1195 1479 recurri-

450 1510 540 1537 mus,
567 1510 646 1543 quas
676 1499 708 1532 in
738 1499 798 1532 hac
829 1500 914 1532 alma
945 1499 1029 1533 Urbe
1061 1505 1191 1541 nostra,

449 1553 597 1586 universo
623 1554 710 1586 clero
741 1559 771 1586 et
801 1554 922 1597 populo
953 1554 993 1586 ad
1025 1553 1196 1597 primarias

450 1607 597 1639 basilicas
618 1613 646 1640 et
668 1607 820 1640 ecclesias
842 1607 1026 1647 indiximus,
1052 1613 1087 1639 ut
1113 1608 1196 1641 Deus

448 1672 484 1693 ac
510 1661 603 1694 l‘atcr
624 1661 919 1694 misericordiarum
943 1666 1083 1693 mentem
1104 1661 1191 1694 cius-

449 1714 522 1746 dem
543 1714 684 1747 Caesaris
710 1714 780 1746 luce
811 1714 937 1746 divinae
967 1714 1089 1755 gratiae
1122 1714 1193 1747 illu-

448 1772 572 1799 straret.
602 1767 718 1799 Verum
750 1778 823 1799 cum
853 1766 905 1799 illc
939 1767 1044 1799 adbuc
1076 1767 1106 1799 in
1137 1778 1195 1800 sua

448 1819 546 1851 animi
577 1820 695 1852 duritie
718 1820 883 1863 persistat,
912 1820 951 1852 ad
981 1830 1070 1852 arma
1102 1820 1192 1863 spiri-

450 1874 545 1906 tualia
581 1874 815 1907 deveniendum
848 1874 1020 1914 duximus,
1051 1875 1075 1907 si
1114 1876 1194 1908 sorte

449 1926 545 1959 etiam
568 1927 722 1959 ecclcsiae
742 1927 848 1959 timeat
869 1926 1036 1965 iudicium,
1061 1927 1110 1959 cui
1133 1938 1190 1971 pa-

450 1991 518 2012 rere
541 1986 676 2019 tenetur,
695 1991 733 2012 ne
754 1980 778 2012 si
800 1980 930 2012 demum
951 1990 1014 2012 non
1036 1981 1190 2023 paruerit,

451 2034 550 2076 ipsam
583 2033 789 2075 obligationis
825 2045 901 2065 suae
939 2032 1131 2065 sententiam
1165 2038 1195 2065 et

448 2087 507 2118 alia
529 2098 658 2130 quoque
679 2087 784 2130 culpa,
802 2085 883 2119 idest
904 2097 939 2119 cx
962 2085 1190 2125 inobedientia,

450 2146 611 2172 mercatur
625 2146 720 2183 atque
734 2146 858 2179 augeat.
873 2139 985 2172 llabita
1001 2139 1096 2178 teitu·-
1107 2139 1194 2183 prius

448 2206 544 2237 super
560 2194 607 2226 bis
622 2206 693 2226 cum
715 2193 950 2226 rcucrabililms
970 2193 1120 2225 tran-ibus
1139 2204 1194 2225 no-

450 2248 520 2279 stris
542 2248 685 2280 eiusdem
707 2249 842 2279 Sanctae
857 2247 1019 2279 Romanae
1036 2247 1194 2279 tincti—>iae

450 2301 667 2333 cardinalibus
689 2300 831 2340 ‹liliucuti
861 2311 895 2332 ac
925 2305 1049 2331 matura
1072 2299 1193 2331 delibe-

450 2354 584 2393 rationc,
615 2361 642 2386 et
672 2356 710 2387 ‹le
744 2354 871 2387 illorum
894 2353 1036 2386 unanimi
1059 2353 1194 2385 consilio

451 2408 568 2450 parua-r
585 2414 613 2440 ct
639 2418 781 2443 assensu.
806 2412 832 2438 ct
856 2406 1000 2439 omnium
1024 2418 1058 2438 ac
1079 2406 1190 2446 singu-

451 2462 552 2492 lorum
577 2462 846 2501 investiturarmu,
872 2471 994 2493 necnon
1015 2460 1190 2498 uuuiitorii,

452 2527 638 2557 processus,
667 2515 863 2552 sententiae.
890 2514 1030 2546 mandati
1057 2515 1095 2546 de
1129 2513 1189 2545 im-

452 2568 608 2599 mittendo
630 2569 658 2599 in
679 2569 924 2611 possessionem,
949 2580 983 2600 ac
1012 2566 1188 2600 intimatio-

452 2621 498 2654 nis
518 2622 752 2665 prxwulictarmu
768 2622 946 2654 litte-rarum
963 2627 1089 2654 tenores
1102 2631 1192 2664 prae-

1039 223 1223 248 BULLARIUM
1239 223 1392 248 ROMANUM

1230 271 1374 304 sentibus
1394 282 1453 315 pro
1469 272 1625 315 expressis
1642 273 1808 315 habentes,
1820 280 1851 307 et
1862 284 1975 308 omnes

1230 335 1267 358 ac
1291 324 1435 367 singulos
1456 325 1534 358 iuris
1552 330 1583 358 et
1602 326 1676 359 facti
1693 331 1724 359 et
1744 338 1975 370 quarumcum-

1231 389 1294 422 que
1313 378 1570 419 solemnitatum,
1591 379 1687 412 etiam
1715 380 1973 414 substantialium

1231 432 1422 465 omissiones
1449 437 1479 465 et
1505 432 1665 473 defectus,
1689 433 1716 466 si
1736 444 1819 477 quae
1847 435 1896 467 vel
1919 434 1974 478 qui

1232 485 1340 519 forsan
1360 485 1592 519 intervenerint
1611 486 1643 518 in
1664 486 1859 529 praemissis,
1871 492 1975 520 stante

1988 225 2037 253 An.
2054 225 2082 253 C.
2105 225 2172 253 1597
2215 244 2217 246 -

1232 538 1417 572 huiusmodi
1442 539 1665 583 occupationis
1695 545 1726 572 et
1752 539 1975 583 impedimenti
1999 582 2003 584 -

1232 591 1443 631 notorietate‚
1474 593 1514 625 dc
1547 603 1611 635 qua
1645 592 1738 625 nobis
1770 592 1914 625 constitit
1946 598 1977 625 et

1232 650 1367 685 constat,
1391 655 1428 678 ac
1452 655 1489 678 ex
1509 650 1596 678 certa
1615 650 1725 678 nostra
1745 645 1890 685 scientia,
1913 656 1973 678 au-

1233 697 1380 731 ctoritate
1400 698 1593 741 apostolica,
1617 698 1713 731 etiam
1743 699 1782 732 de
1810 698 1976 742 potestatis

1231 751 1434 794 plenitudine
1450 753 1647 796 supplentes,
1663 758 1693 786 et
1713 753 1861 786 eamdem
1879 763 1975 786 occu-

1232 804 1408 848 pationem,
1431 815 1468 838 ac
1493 805 1761 848 impedimentum
1787 806 1950 839 notorium
1965 833 1973 846 ‚

1233 863 1263 890 et
1282 857 1356 890 sacti
1373 858 1594 901 permanentis
1614 858 1760 899 existere,
1778 864 1809 891 et
1827 859 1917 892 nulla
1929 858 1976 891 iu-

1233 910 1276 943 ris
1295 911 1510 951 solemnitate,
1525 916 1580 944 aut
1596 911 1760 944 ulterioris
1776 911 1977 955 probationis

1232 964 1430 997 adminiculo
1456 964 1602 1007 indigere
1627 964 1844 1004 declarantes;
1867 964 1978 1008 sicque

1232 1028 1290 1061 per
1317 1028 1541 1061 quoscumque
1568 1017 1691 1051 iudices
1706 1045 1713 1058 ,
1736 1018 1861 1051 sublata
1882 1017 1928 1051 eis
1948 1023 1979 1050 et

1232 1082 1346 1104 eorum
1371 1071 1502 1104 cuilibet
1521 1071 1615 1104 aliter
1634 1071 1797 1104 iudicandi
1821 1076 1853 1104 et
1872 1071 1976 1104 inter-

1232 1125 1378 1169 pretandi
1400 1125 1561 1165 facultate,
1589 1125 1745 1164 iudicari,
1770 1125 1977 1169 interpretari

1232 1183 1262 1211 et
1292 1178 1420 1212 deliniri
1454 1178 1591 1218 debere,
1627 1178 1753 1211 irritum
1789 1188 1919 1222 quoque
1948 1184 1980 1211 et

1232 1231 1327 1264 inane
1356 1231 1515 1275 quidquid
1543 1241 1634 1264 secus
1654 1242 1752 1274 super
1779 1231 1828 1264 liis
1854 1241 1872 1263 a
1897 1241 1978 1274 quo-

1231 1295 1340 1329 quam,
1351 1284 1461 1328 quavis
1473 1284 1674 1324 auctoritate,
1684 1283 1822 1318 scienter
1830 1284 1878 1317 vel
1888 1283 1978 1326 igno-

1231 1344 1351 1378 ranter,
1375 1343 1566 1371 attentatum
1587 1338 1693 1370 forsan
1724 1343 1770 1371 est
1800 1337 1974 1377 hactenus,

1231 1392 1279 1424 vel
1301 1391 1512 1435 imposterum
1535 1390 1728 1432 contingerit
1748 1391 1908 1431 attentari,
1923 1391 1978 1424 de-

1231 1450 1414 1478 cernentes:
1437 1449 1559 1477 attento
1577 1444 1681 1488 quod,
1702 1449 1737 1477 ut
1755 1444 1976 1488 supradictum

1231 1499 1299 1539 suit,
1324 1504 1437 1532 contra
1457 1499 1561 1542 ipsum
1592 1498 1758 1532 Caesarem
1786 1509 1895 1538 reum,
1919 1509 1978 1532 nee

1230 1553 1408 1598 personalis
1426 1553 1599 1597 exequutio
1617 1553 1686 1585 fieri
1702 1552 1816 1597 potuit,
1831 1558 1861 1586 et
1873 1558 1977 1586 stante

1230 1607 1326 1640 etiam
1354 1606 1497 1639 ciusdem
1523 1616 1597 1638 vera
1619 1616 1695 1647 erga
1724 1616 1782 1638 nos
1801 1611 1973 1638 contuma-

1231 1660 1290 1698 cia,
1305 1665 1438 1704 propter
1458 1666 1578 1693 certam
1605 1659 1703 1703 ipsius
1724 1659 1976 1702 praemissorum
2018 1656 2023 1661 ”

1230 1713 1408 1752 scientiam,
1433 1713 1472 1746 de
1493 1724 1556 1756 qua
1582 1712 1612 1745 in
1634 1712 1859 1756 procuratorio
1887 1723 1977 1745 man-

1230 1768 1305 1800 dato
1334 1767 1520 1810 supradicto
1554 1766 1584 1798 in
1615 1765 1694 1798 actis
1719 1776 1833 1798 causae
1865 1765 1976 1798 liuius-

1231 1821 1316 1854 modi
1338 1821 1506 1864 producto,
1528 1825 1563 1852 ut
1582 1819 1802 1863 supradictum
1825 1825 1882 1859 est,
1899 1829 1976 1852 con—

1229 1879 1304 1906 stat:
1329 1883 1401 1905 cum
1424 1873 1492 1906 lesu
1513 1872 1627 1905 Christi
1646 1871 1741 1910 vices,
1766 1871 1836 1904 licet
1860 1871 1975 1904 imme.-

1230 1926 1291 1966 riti,
1310 1932 1475 1959 teneamus
1497 1925 1527 1957 in
1550 1925 1654 1965 terris,
1672 1925 1830 1968 nobisque
1846 1924 1875 1956 in
1888 1924 1974 1958 Beati

1230 1980 1312 2012 l'etri
1332 1979 1559 2023 Apostolorum
1582 1978 1739 2021 Principis
1769 1988 1905 2021 persona
1936 1978 1975 2011 sit

1230 2033 1367 2065 dictum:
1391 2032 1623 2074 Quodcumque
1638 2032 1791 2073 lifsureris
1805 2041 1902 2074 super
1916 2035 1976 2063 ter-

1230 2096 1312 2123 rum,
1330 2086 1389 2117 crit
1406 2085 1543 2126 liqatum
1558 2089 1586 2117 ct
1601 2085 1635 2117 in
1649 2085 1757 2121 coclix,
1775 2084 1974 2128 praedictum

1229 2140 1395 2171 Caesarem
1417 2139 1552 2171 civitatis
1573 2144 1603 2171 ct
1629 2139 1763 2171 ducatus
1791 2143 1974 2170 nostrorum

1231 2193 1412 2231 l¹'crr.'iriac,
1439 2192 1586 2236 illiusque
1612 2191 1782 2224 comitatus
1811 2198 1841 2224 ct
1870 2191 1976 2224 distri-

1229 2252 1317 2283 ctus,
1341 2245 1543 2288 aliarunnpic
1573 2244 1758 2283 civitatum,
1789 2250 1971 2281 terrarum,

1230 2305 1408 2332 castrorum
1428 2304 1457 2331 et
1480 2299 1624 2331 locorum
1645 2297 1798 2341 praedicti
1818 2297 1973 2341 Alpliousi

1230 2353 1319 2386 ducis
1341 2352 1598 2385 antecessoribus
1620 2351 1650 2383 in
1673 2351 1802 2383 t'cudum
1831 2362 1888 2393 pcr
1914 2351 1975 2383 lto-

1231 2416 1342 2438 manos
1363 2405 1544 2444 l'ontitices,
1560 2404 1822 2448 1»rstcdccessmcs
1835 2408 1972 2443 nostros,

1229 2470 1418 2492 concessum
1441 2470 1503 2491 una
1524 2469 1596 2490 cum
1615 2457 1891 2490 ‹unnibuscormn
1912 2463 1974 2489 ter-

1230 2513 1359 2549 ritoriis,
1377 2512 1585 2551 districtibus,
1604 2509 1893 2548 iurisdictionibus,
1911 2510 1974 2542 sor-

1229 2566 1346 2604 talitiis,
1373 2565 1543 2601 tut-mbiis,
1568 2563 1769 2607 pertiuentiis
1789 2569 1819 2596 et
1850 2562 1972 2595 iuribus

1229 2619 1382 2653 universis·
1401 2618 1579 2651 invasorem
1601 2623 1629 2649 ct
1653 2621 1881 2659 occupatorem
1905 2625 1971 2647 ma-
