2253 3195
255 228 306 254 An.
325 228 354 254 c.
375 227 442 256 ico-2
489 219 552 252 779,

455 278 560 321 Papae
578 278 600 310 V
621 278 759 310 etetiam
787 276 972 310 Sanctitatis
989 275 1073 310 Suae
1101 286 1200 320 super

455 331 640 375 receptione
654 330 865 371 novitiorum,
882 330 1036 371 decrevit,
1053 340 1090 363 ac
1106 340 1200 373 prae-

454 384 552 417 sentis
572 383 693 417 decreti
706 383 824 416 virtute
838 383 1011 424 mandavit,
1022 394 1062 417 ne
1074 382 1107 416 in
1121 394 1200 417 con-

453 437 601 470 ventibus
621 448 677 471 seu
703 437 907 471 monasteriis
927 438 968 471 ad
987 437 1125 471 novitios
1143 448 1197 471 re-

454 490 632 533 cipiendos,
656 491 695 524 de
714 490 897 524 Sanctitatis
909 491 1003 531 Suae,
1026 501 1084 524 seu
1096 490 1200 524 dictae

453 543 1114 585 CongregationisReformationislicentia
1124 543 1201 576 hac-

456 603 548 630 tenns
573 597 749 639 designatis
767 603 799 630 et
818 597 1006 642 approbatis
1020 625 1027 638 ‚
1051 608 1107 631 sen
1133 597 1197 632 im-

455 655 621 693 posterum
646 650 856 693 designandis
880 657 912 684 et
931 651 1163 695 approbandis.

499 703 514 746 §
536 702 587 736 14.
611 703 726 737 Novitii
748 705 787 737 ad
812 704 958 738 habitum
974 704 1075 748 recipi
1095 705 1200 738 nulla-

255 793 260 813 !
285 766 303 811 ,ιι
358 766 439 811 *meh*
456 762 548 790 tenus
572 757 696 800 possint
723 758 771 791 vel
793 757 943 798 admitti,
969 758 1029 792 nisi
1050 758 1140 801 prius
1160 758 1200 791 ab

256 800 295 842 f*
397 799 440 812 ”
456 810 524 853 ipsa
547 810 815 853 Congregatione,
837 812 884 844 vel
905 822 923 850 a
945 811 1086 855 propriis
1105 812 1198 845 loco-

255 849 315 918 }'t33t.;j
375 863 409 917 »js
424 879 439 919 la
457 874 527 896 rum
553 863 742 905 Ordinariis,
768 865 798 897 in
820 875 959 908 quorum
984 865 1126 899 dioecesi
1143 876 1201 899 no-

255 932 298 945 1¹¹*ss

457 917 584 950 vitiatus
605 917 760 959 existunt,
786 918 816 951 in
842 918 961 962 quibus
981 918 1093 952 novitii
1118 919 1201 953 reci-

456 971 564 1014 piendi
594 971 736 1012 suerint,
769 983 919 1016 expresse
949 978 980 1005 et
1007 973 1199 1007 nominatim

456 1023 567 1057 novitii
589 1024 650 1068 ipsi
675 1024 853 1068 recipiendi
874 1025 1045 1069 approbati
1066 1026 1198 1068 suerint,

456 1083 486 1109 et
512 1083 545 1110 ut
563 1078 663 1122 recipi
682 1084 712 1111 et
732 1078 858 1112 admitti
878 1079 1013 1122 possint,
1036 1079 1200 1113 licentiam

457 1130 487 1163 in
512 1131 640 1175 scriptis
666 1133 677 1173 (
698 1132 797 1174 gratis
828 1138 934 1166 tamen
960 1133 992 1165 in
1024 1134 1197 1176 omnibus,

455 1185 550 1218 etiam
572 1186 679 1228 quoad
704 1185 910 1229 scripturam,
934 1187 1200 1232 concedendam)

456 1239 669 1272 obtinuerint.
694 1240 799 1273 Monet
819 1245 926 1273 antem
959 1240 1117 1275 Sanctitas
1137 1242 1200 1276 Sua

456 1293 587 1326 eosdem
602 1292 790 1325 Ordinarios
807 1303 938 1326 omnem
957 1305 1069 1327 curam
1095 1301 1125 1328 et
1145 1296 1196 1329 di-

457 1347 622 1389 ligentiam
643 1346 798 1380 adbibere
813 1352 845 1379 ut
860 1347 944 1380 cirea
957 1353 1108 1389 aetatem,
1125 1360 1201 1383 eon-

456 1400 624 1440 dssionem,
648 1400 885 1441 educationem,
907 1400 1087 1443 scientiam,
1104 1403 1199 1436 vitam

456 1459 487 1487 et
512 1464 630 1491 mores,
655 1459 863 1497 caeterasque
884 1453 1054 1497 ‹ptalitates
1072 1455 1103 1488 in
1125 1455 1201 1500 ipsis

456 1507 584 1540 novitiis
605 1506 784 1550 requisitas,
801 1507 1013 1540 observentur
1026 1507 1201 1543 institutio-

456 1571 511 1593 nes
536 1570 595 1603 pro
620 1559 682 1592 illis
706 1559 902 1604 recipiendis
922 1560 962 1593 ab
983 1561 1095 1594 eadem
1121 1562 1202 1596 Con-

455 1613 642 1655 gregatione
671 1613 922 1646 Resormationis
947 1614 1049 1648 sactae
1079 1621 1110 1648 et
1135 1627 1197 1659 pu-

457 1666 603 1699 blicatae.
639 1666 748 1710 Neque
780 1666 889 1706 aliter,
914 1677 973 1700 nec
1004 1668 1068 1701 alio
1090 1669 1197 1710 modo,

456 1720 598 1764 aliquem
620 1721 659 1753 ad
688 1719 834 1753 habitum
867 1720 966 1764 recipi
999 1721 1197 1765 permittant,

455 1773 700 1806 Ordinariorum
721 1773 863 1817 ipsorum
879 1773 1108 1807 conscientiam
1124 1786 1200 1808 one-

458 1827 570 1866 rando,
593 1825 618 1858 si
648 1825 835 1869 quempiam
867 1827 1117 1870 apsnobaverint
1152 1829 1199 1861 vel

456 1880 581 1913 admitti
607 1879 825 1924 permiserint,
847 1879 983 1923 quinon
1005 1881 1043 1913 sit
1067 1881 1201 1917 idoneus

457 1940 498 1973 et,
535 1934 620 1966 iuxta
652 1933 898 1967 constitutiones
929 1940 958 1967 et
985 1934 1201 1970 institutiones

458 1987 651 2031 praedit-tas,
674 1987 905 2030 approbandus
922 1993 950 2019 et
967 1987 1196 2023 admittendus.

503 2047 518 2078 ξ
542 2040 588 2073 13,
608 2040 944 2074 Firmisnihilominus
959 2042 1202 2075 remanentibus

296 2099 441 2139 ¹..‡.''.'''.'t'.-.‘'
459 2095 570 2138 poenis·
591 2094 743 2127 omuibus
774 2100 886 2127 eontra
910 2095 1094 2138 superiores
1114 2095 1201 2139 quol

384 2155 441 2192 „Tg-{j
459 2160 673 2191 rium-nmque
686 2147 856 2188 llrdinnm,
872 2148 926 2191 qui
945 2148 974 2181 in
993 2149 1202 2182 admittendis

307 2234 326 2245 ...
346 2208 350 2218 ¹
383 2207 442 2220 '¹⁰⁸¹'
458 2202 496 2234 ad
520 2201 663 2234 habitum
683 2207 713 2234 et
731 2201 964 2245 professionem
987 2201 1202 2251 noyitiis,t'01·-

460 2254 1202 2299 inamconstitutiomuuetinstitutionnmprae-

460 2307 617 2340 dis-tarum
640 2318 703 2340 non
725 2307 942 2345 servaverint,
966 2313 1021 2340 aut
1044 2307 1200 2341 novitium

461 2360 614 2403 aliquem,
636 2360 842 2404 qnantmnvis
864 2360 1016 2393 idoneum
1041 2361 1203 2404 approba·

462 2419 539 2450 ιιιιιι,
565 2413 594 2445 in
621 2413 734 2456 quovis·
752 2413 816 2446 alio
838 2419 1041 2446 votiveutuet
1064 2414 1202 2447 loroseu

462 2466 669 2503 intonasti-rio,
699 2472 926 2510 praetercpmm
957 2466 987 2499 in
1016 2467 1203 2500 ltartcnusa

460 2520 521 2550 Sua
535 2520 718 2559 &int-litate,
741 2520 786 2552 vel
809 2532 825 2552 a
844 2521 927 2553 dit-ta
948 2520 1203 2561 llongregatione.

461 2572 633 2611 designatis
648 2579 674 2604 et
691 2573 888 2616 approbatis,
912 2584 967 2606 sou
990 2574 1202 2618 imposterum

462 2625 667 2664 designandis
687 2632 715 2658 et
731 2626 961 2670 approbandis,
975 2627 1021 2659 vel
1043 2627 1125 2660 ultra
1144 2637 1203 2660 nu-
1240 2624 1667 2659 instituticonstitutionibus
1680 2624 1898 2666 continentur,
1915 2629 1978 2657 tam

1042 229 1226 252 BULLARIUM
1245 228 1399 253 ROMANUM

1227 1946 1348 1979 ²eorum
1369 1935 1496 1979 spiritu,
1524 1945 1564 1967 an
1590 1944 1664 1968 vere
1677 1939 1761 1967 esset
1785 1944 1821 1967 ex
1841 1934 1906 1968 Deo
1927 1939 1978 1968 at-

1991 232 2040 260 An.
2052 232 2079 261 G.
2104 223 2175 267 iffi

1234 286 1360 309 merum
1385 277 1419 309 in
1439 287 1552 310 eorum
1583 277 1717 320 singulis
1736 279 1972 323 praescriptum
2132 276 2174 309 '-

1232 339 1290 362 seu
1311 330 1610 373 praescribendum,
1638 331 1820 375 receperint
1839 332 1887 365 vel
1912 333 1972 366 ad—

1234 382 1391 424 miserint,
1402 394 1458 417 seu
1465 384 1544 417 alias
1555 384 1740 428 praemissis
1753 384 1866 428 quovis
1877 385 1976 419 modo

1234 436 1492 470 contrafecerint.

1279 491 1296 532 ἓ
1321 489 1374 523 16.
1398 490 1528 523 Irritum
1549 501 1586 523 ex
1605 501 1693 524 nunc
1710 496 1742 524 et
1757 491 1854 524 inane
1866 492 1977 525 decer·
2003 532 2007 535 .
2023 504 2086 536 οοῃιι
2104 508 2132 535 ·i·.
2152 526 2164 532 ,,

1234 553 1314 576 nens
1334 543 1494 587 quidquid
1513 554 1606 577 secus
1618 545 1666 578 vel
1687 544 1776 585 alias,
1797 545 1909 588 quavis
1921 556 1978 579 au·
1992 533 2032 552 ‘¹⁸⁵¹
2045 534 2094 554 ⁵¹⁰⁸*

1234 596 1393 638 ctoritate,
1406 608 1424 630 a
1437 597 1550 640 quovis
1569 602 1696 640 gestum
1717 597 1766 631 vel
1787 603 1977 632 attentatum

1233 649 1347 683 fuerit:
1719 694 1723 696 ‚

1279 705 1297 746 g
1319 703 1370 736 «17.
1394 704 1464 737 Non
1485 704 1687 738 obstantibus
1703 704 1975 750 quibuscumque,
2047 716 2076 738 κι
2110 699 2127 733 ,'

1234 761 1290 790 εἰσ.
1944 768 1946 771 ‚
1992 747 2034 764 nou
2046 743 2085 765 obs
2104 750 2121 764 ιἸ

1278 811 1395 844 Datum
1427 812 1550 845 Romae
1574 813 1672 856 apud.
1707 813 1738 846 S.
1761 813 1904 853 Petrum,
1927 813 1980 847 die

1234 875 1288 898 xix
1310 865 1398 906 maii,
1421 865 1594 899 millesimo
1612 865 1846 900 sexcentesimo
1866 876 1980 900 secun-

1236 919 1289 959 do,
1308 918 1516 962 pontificatus
1536 918 1680 952 eiusdem
1701 919 1731 952 S.
1754 919 1790 952 D.
1813 919 1849 953 N.
1865 928 1916 953 an.
1933 930 1977 954 xl.

1235 1061 1464 1094 [institutiones
1490 1071 1588 1104 super
1607 1061 1791 1105 receptione
1814 1066 1843 1095 et
1863 1061 1980 1097 educa-

1281 1123 1366 1156 tione
1385 1124 1586 1156 novitiorum
1603 1124 1831 1168 religliosorum
1851 1125 1888 1158 in
1905 1136 1977 1158 mo-

1279 1185 1434 1218 naslei-iis
1453 1189 1482 1218 el
1499 1186 1708 1219 conventibus
1727 1186 1910 1229 desiqnatis
1928 1187 1979 1220 vel

1279 1247 1503 1291 clesigynandis.

1279 1347 1296 1388 ξ
1317 1344 1369 1378 18.
1397 1345 1474 1378 Cum
1501 1345 1541 1378 ad
1566 1345 1749 1387 regularem
1771 1345 1977 1390 disciplinam
1992 1351 2078 1400 8ο,Ιῑιοιὲιι
2108 1364 2122 1385 x,

1235 1399 1266 1431 in
1286 1397 1421 1441 singulis
1435 1397 1662 1440 religiosorum
1681 1399 1884 1433 monasteriis
1900 1409 1979 1444 pro-
1993 1383 2118 1455 ιῦιὲἳὶὲρὲ

1236 1452 1431 1497 pagandam,
1451 1452 1649 1486 novitiorum
1664 1452 1821 1486 institutio
1843 1453 1981 1488 maxime
2088 1446 2096 1458 '

1235 1507 1322 1541 utilis
1342 1507 1383 1540 sit
1403 1517 1440 1540 ac
1462 1506 1664 1548 necessaria,
1688 1512 1720 1540 et
1738 1506 1818 1544 nihil
1843 1507 1884 1541 ad
1909 1517 1982 1550 gra-

1236 1571 1306 1594 vem
1336 1560 1424 1593 illam
1457 1571 1494 1594 ac
1519 1559 1774 1594 laudatissimam
1796 1560 1979 1604 priscorum

1236 1618 1364 1657 patrum
1396 1612 1523 1646 vivendi
1552 1612 1710 1646 rationem
1747 1613 1978 1655 relaxandam,

1237 1666 1393 1700 maiorem
1419 1666 1483 1699 vim
1511 1665 1663 1700 habuisse
1691 1671 1895 1710 compertum
1926 1666 1979 1708 sit,

1235 1732 1332 1766 quam
1353 1722 1401 1755 vel
1430 1720 1563 1754 nimiam
1585 1720 1618 1754 in
1639 1719 1835 1765 recipiendis
1854 1719 1982 1754 novitiis

1236 1774 1419 1808 facilitatem
1441 1784 1539 1818 supra
1555 1784 1740 1810 numerum,
1757 1783 1853 1817 quem
1867 1783 1982 1817 capere

1236 1835 1333 1874 atque
1353 1829 1440 1863 alere
1461 1828 1658 1862 monasteria
1682 1828 1750 1872 ipsa
1771 1833 1912 1872 possent,
1933 1827 1981 1861 vel

1236 1876 1465 1925 negligentiam
1487 1881 1519 1914 in
1533 1881 1702 1925 probando
1723 1886 1754 1914 et
1766 1879 1982 1914 examinando

1236 2000 1298 2034 que
1312 2000 1347 2023 ex
1362 1988 1537 2033 praecipuo
1556 1987 1718 2022 desiderio
1740 1987 1786 2020 illi
1807 1987 1982 2021 inservien-

1236 2043 1280 2082 di,
1307 2042 1355 2076 vel
1376 2041 1516 2086 denique
1538 2041 1694 2074 incuriam
1718 2041 1749 2074 in
1770 2040 1815 2074 eis
1839 2041 1981 2076 educan-

1236 2096 1285 2130 dis
1305 2102 1401 2140 atque
1423 2094 1637 2128 instituendis.

1281 2151 1297 2191 ξ
1317 2149 1368 2182 ttt.
1382 2148 1521 2190 ΙιΙιείι-υο,ι
1537 2154 1571 2181 ut
1589 2147 1775 2181 huiusmodi
1797 2147 1979 2182 incommo-

1237 2204 1278 2236 do
1303 2202 1455 2246 deinceps
1475 2207 1676 2242 occurratur,
1701 2201 1898 2246 praecipitur
1910 2212 1980 2236 om·
1994 2221 2118 2254 qut-novt*

1238 2255 1332 2289 nibus
1350 2261 1380 2288 et
1400 2254 1546 2297 singulis,
1569 2254 1610 2287 ad
1634 2264 1716 2298 quos
1735 2260 1871 2298 spectat,
1887 2259 1922 2288 ut
1947 2254 1979 2288 in
1993 2253 2075 2307 ffi'ffl
2102 2263 2118 2271 ”

1238 2307 1432 2352 recipiendis
1458 2307 1597 2347 novitiis,
1621 2312 1654 2340 et
1674 2306 1705 2340 in
1727 2317 1838 2340 eorum
1855 2306 1982 2341 institu-

1239 2361 1325 2394 tione
1345 2366 1441 2404 atque
1473 2359 1675 2400 educatione,
1699 2370 1824 2393 necnon
1847 2359 1877 2393 in
1906 2370 1978 2394 ma-

1238 2413 1326 2455 gistri
1347 2418 1377 2446 et
1402 2413 1540 2446 aliorum
1563 2412 1782 2446 ministrorum
1808 2411 1978 2453 electione,

1238 2473 1366 2511 praeter
1379 2466 1452 2505 alia,
1476 2477 1558 2510 quae
1580 2465 1610 2499 in
1624 2465 1723 2499 sacris
1743 2465 1923 2500 canonibus
1943 2476 1981 2500 ac

1239 2519 1387 2559 ‹len-retis,
1411 2518 1600 2563 praesertim
1625 2518 1757 2552 Concilii
1788 2518 1978 2559 Tridentini,

1240 2571 1413 2616 pontificiis
1427 2598 1434 2612 ,
1464 2578 1495 2605 et
1525 2571 1759 2615 cuiuscumque
1778 2571 1907 2605 Ordinis
1926 2577 1982 2605 aut

1994 2147 2032 2196 1⁶2¹
2047 2152 2076 2196 ιιι..
2108 2157 2117 2183 ³³
