2253 3195
62 250 110 276 An.
132 249 160 277 C.
178 249 245 277 1597

78 732 102 753 1⁴21
113 732 152 752 liae
162 732 186 752 ile
200 738 249 752 ‹utu-

65 765 88 780 sa
99 758 168 779 eidem
177 758 249 779 Ordini

66 787 170 806 tercentus
185 785 248 805 duca<

66 815 97 833 los
107 813 207 837 assignat.

76 1529 253 1556 Applicatioalia-

69 1562 113 1577 rum
128 1561 254 1577 summarum

70 1583 89 1603 in
104 1583 156 1603 alios
172 1584 218 1609 pios
231 1588 253 1603 u-

70 1615 112 1631 sus.

98 2168 258 2190 Adniinistratur

75 2195 135 2216 buius
152 2196 215 2220 leuati
230 2195 257 2216 ab

75 2222 259 2249 Hispaniarumre-

77 2254 100 2274 ge
115 2249 259 2270 nominandus,

876 249 1022 274 CLEMENS
1042 250 1101 273 VIII
1119 250 1157 273 1³1³
1164 267 1169 273 .

262 299 302 331 ad
323 303 429 341 partes
447 298 673 341 Hispaniarum
703 303 915 337 revertantur,
945 298 1004 341 ipsi

263 351 473 384 nihilominus
495 353 608 384 l'ratres
628 353 667 384 ad
685 352 746 384 boe
767 352 904 394 speciale
925 362 1005 395 opus

263 405 361 445 missi,
377 405 407 437 iu
421 405 482 438 illis
495 406 638 448 partibus
656 416 823 438 remanere
836 410 866 437 et
879 405 1005 438 assidue

263 458 416 491 diversari
447 464 625 495 teneantur,
649 469 684 491 ac
714 464 747 490 ut,
778 459 1006 490 commendent

264 512 434 555 praedictis
455 512 586 555 captivis
607 517 635 544 et
654 511 789 544 detentis
807 511 1002 543 christifide-

264 565 357 605 libus,
379 571 411 597 ut
431 565 553 608 aliquas
571 575 681 608 preces
701 574 757 596 seu
775 563 1005 606 orationespro

265 618 351 651 dicto
372 617 543 650 Laurentio
575 617 739 660 episcopo,
763 617 810 648 vel
843 621 912 659 post
939 617 1006 649 eius

264 672 401 709 obitum,
425 682 484 714 pro
505 670 574 703 eius
595 670 714 709 anima,
731 669 864 702 recitent
886 680 941 702 seu
963 672 1007 701 et'-

266 725 400 757 fundant
420 724 460 756 ad
471 723 655 756 Dominum.
675 723 710 756 Et
732 728 903 766 propterea
923 723 1007 755 dicta

265 777 388 819 religio„
413 788 449 810 ex
481 776 654 819 praedictis
680 776 859 809 redditibus
889 777 1007 809 ducen-

265 837 370 864 torum
392 838 422 864 et
452 831 595 874 quinque
625 830 760 863 millium
790 830 1007 874 morapetino-

263 896 334 917 rum
364 884 519 928 pereipiat
552 890 581 917 et
609 884 723 917 babeat
753 884 897 927 quolibet
923 895 1007 917 anno

264 939 295 971 in
316 944 508 982 perpetuum
528 943 689 971 trecentos
707 939 839 971 duratos
860 944 1007 971 monetae

264 993 504 1036 Hispaniarum,
519 993 561 1025 ita
574 998 692 1033 tamen,
703 993 789 1035 quod
801 992 826 1025 si
835 992 1007 1035 aliquando

265 1047 350 1079 diota
371 1046 484 1088 religio
498 1046 635 1078 voluerit
654 1046 746 1079 dictis
758 1046 884 1079 duobus
905 1046 1008 1078 fratri—

265 1100 324 1132 bus
348 1099 549 1132 committere
582 1099 746 1141 negotium
779 1099 1008 1142 redemptionis

266 1151 477 1195 captivorum,
499 1152 530 1185 id
552 1152 656 1184 facere
677 1152 869 1195 possit31iec
889 1162 954 1184 non
975 1158 1006 1184 ut

266 1206 429 1238 residuum
451 1205 611 1238 dictorum
633 1206 845 1238 ducentorum
866 1211 896 1238 et
916 1206 1009 1248 quin-

266 1271 327 1303 que
341 1260 478 1292 millium
493 1260 781 1303 morapetinorum,
798 1261 884 1303 quod
905 1270 1009 1292 rema-

265 1313 364 1352 nebit,
390 1313 534 1346 deduetis
546 1313 717 1356 praedietis
735 1313 884 1346 trecentis
906 1314 1006 1347 duea-

267 1367 316 1405 tis‚
341 1366 420 1399 illud
440 1366 557 1398 habeat
582 1371 612 1398 et
638 1366 795 1410 pereipiat
819 1366 903 1399 dieta
937 1367 1009 1399 reli-

267 1420 331 1461 gio,
348 1419 494 1463 illudque
515 1420 612 1452 modo
627 1425 657 1452 et
675 1420 779 1452 forma
799 1419 1010 1463 infrascriptis

268 1473 449 1516 expendere
471 1478 628 1513 teneatur⁷
653 1473 818 1505 videlicet:
840 1474 927 1516 quod
952 1474 1009 1506 do-

270 1537 340 1559 mus
360 1526 435 1560 dicti
456 1526 567 1570 oppidi
596 1526 731 1564 Materia,
761 1526 906 1569 quolibet
926 1537 1010 1559 anno

268 1580 384 1613 habeat
405 1585 435 1613 et
455 1580 613 1623 pereipiat
626 1581 737 1612 decem
757 1580 844 1612 mille
866 1591 1012 1623 morape-

269 1634 352 1667 tinos
372 1644 431 1677 pro
462 1634 572 1667 labore
600 1639 629 1666 et
657 1645 745 1671 cura,
770 1644 867 1677 quam
895 1634 1013 1667 habere

269 1688 364 1720 debet
382 1687 528 1730 exigendi
543 1693 574 1720 et
595 1687 808 1731 recuperandi
826 1688 928 1720 dictos
942 1689 1014 1721 red-

269 1741 353 1774 ditus
374 1751 497 1773 annuos
512 1741 726 1773 ducentorum
739 1746 770 1773 et
781 1741 924 1784 quinque
944 1740 1014 1773 mil-

269 1795 347 1827 lium
385 1794 683 1838 morapetinorum,
727 1794 863 1837 illosque
902 1800 1012 1827 custo-

269 1848 378 1881 diendi
400 1848 431 1880 in
452 1858 515 1880 una
537 1858 633 1891 capsa
654 1848 700 1879 vel
724 1847 832 1887 theca,
857 1858 938 1891 quae
960 1848 1015 1879 lia-

269 1901 342 1934 beat
363 1907 425 1934 tres
446 1901 549 1934 claves
575 1902 725 1944 (quarum
748 1911 811 1933 una
837 1911 936 1944 penes
964 1911 1014 1933 su-

269 1954 432 1998 periorem
450 1954 553 1986 dietae
575 1953 701 1993 domus,
718 1954 818 1986 altera
832 1964 906 1987 xero
919 1964 1016 1997 penes

271 2018 370 2041 unum
393 2008 524 2040 fratrem
544 2007 779 2039 nominandum
799 2013 829 2040 et
850 2008 889 2039 ad
910 2007 941 2039 id
963 2007 1017 2039 de-

272 2061 450 2105 putandum
468 2071 526 2103 per
546 2066 689 2093 caeteros
707 2061 820 2093 fratres
838 2060 941 2093 dietae
962 2061 1017 2093 do-

273 2126 343 2148 mus
371 2115 460 2148 tertia
487 2125 563 2147 vero
596 2125 694 2158 penes
721 2114 1017 2147 administratorem

273 2174 488 2213 praesentem,
513 2169 560 2201 rel
582 2169 612 2201 in
634 2169 778 2200 futurum
800 2168 839 2200 ab
861 2168 929 2211 ipso
946 2168 1017 2200 Phi-

274 2223 362 2266 lippo
376 2233 462 2265 rege,
484 2222 532 2254 vel
552 2221 582 2253 in
605 2221 673 2254 eius
694 2231 814 2253 corona
834 2231 1019 2253 successore

274 2277 509 2310 nominandum
537 2286 595 2319 pro
627 2274 758 2317 negotio
790 2273 1021 2317 redemptionis¹

275 2331 473 2374 captivorum
487 2330 621 2363 existere
639 2335 669 2362 et
688 2328 841 2362 custodiri
856 2328 1018 2370 debeaiit);

276 2383 329 2416 alii
348 2394 422 2416 vero
437 2382 607 2416 duodecim
626 2382 712 2414 mille
735 2380 928 2424 iuorapetini
943 2390 1022 2423 qno-

279 2437 354 2468 libet
368 2447 452 2469 aimo
466 2435 626 2468 deservire
640 2435 789 2471 debeant,
808 2433 953 2466 videlieet
969 2434 1022 2465 ‹le-

278 2499 346 2521 eeni
369 2489 455 2521 mille
473 2499 530 2532 pro
552 2488 668 2521 salario
683 2488 758 2520 dicti
779 2487 1021 2520 administrato—

277 2543 331 2583 ris,
356 2548 388 2575 et
407 2543 455 2575 bis
474 2542 560 2575 mille
582 2553 640 2586 pro
662 2542 811 2574 mercede
840 2540 955 2573 notarii
986 2540 1021 2572 il—

278 2596 339 2629 lius
367 2595 531 2639 temporis,
556 2606 620 2639 quo
653 2606 685 2628 se
718 2595 748 2627 in
770 2594 964 2638 recipiendis
992 2599 1021 2627 et

279 2649 465 2690 solidandis,
483 2660 537 2683 seu
550 2648 745 2693 liquidandis
759 2648 919 2692 computis
934 2648 1022 2681 istius

1683 237 1746 271 357

1040 298 1083 341 pii
1104 297 1221 340 operis,
1246 296 1517 340 consumpserint,
1542 302 1572 329 et
1592 296 1679 340 quod
1701 296 1781 328 nihil

1040 351 1161 394 possint
1182 351 1336 394 recipere,
1360 350 1385 382 si
1406 350 1494 393 prius
1519 349 1619 382 dietas
1641 349 1782 382 rationes

1041 410 1069 436 et
1084 409 1236 447 computa
1250 414 1313 436 non
1329 403 1548 446 receperintet
1560 402 1779 442 solidaverint,

1041 470 1095 491 seu
1116 458 1356 501 liqnidaverint.
1372 458 1409 490 Et
1422 463 1456 490 ut
1476 457 1592 489 melius
1612 457 1700 500 pium
1722 457 1784 490 hoc

1041 522 1121 554 opus
1142 517 1318 554 exequatur
1338 516 1367 543 et
1389 511 1616 553 adiml‘ileatuig
1640 521 1677 542 ex
1710 515 1785 542 tune

1042 565 1120 597 illud
1141 564 1244 607 posuit
1267 565 1326 597 sub
1346 564 1548 607 protectione
1566 569 1596 596 et
1617 569 1785 596 manuten-

1043 617 1128 650 tione
1150 617 1377 660 dictiPliilippi
1399 616 1494 658 regis,
1509 622 1542 648 ut
1564 617 1632 659 ipse
1654 617 1785 649 mandet

1042 676 1069 704 et
1093 670 1183 703 saciat
1209 670 1287 702 illud
1309 670 1432 712 exequi,
1454 680 1489 701 ae
1510 674 1661 712 computa
1685 679 1781 712 prae—

1043 724 1125 756 dicta
1156 723 1272 766 recipi,
1305 722 1456 766 liquidari
1488 733 1544 755 seu
1569 722 1718 761 solidari,
1751 727 1785 754 ut

1043 778 1233 821 praefertur,
1265 782 1296 809 et
1316 776 1442 819 reliqua
1461 776 1501 808 ad
1522 776 1782 819 exequutionem,

1043 830 1239 866 firmitatem,
1264 829 1461 862 validitatem
1479 835 1510 861 et
1537 829 1784 872 perpetuitatem

1043 884 1117 918 dieti
1139 884 1181 927 pii
1201 883 1307 927 operis
1321 889 1348 916 et
1371 883 1543 915 dotationis
1563 882 1742 915 necessaria
1756 888 1787 915 et

1043 943 1236 981 opportuna.
1261 938 1431 969 Praeterea
1452 941 1484 968 ut
1510 936 1651 978 reliquas
1683 946 1783 978 pecu-

1043 991 1111 1024 nias
1130 996 1333 1023 remanentes
1355 1001 1458 1033 usque
1477 990 1515 1022 ad
1530 990 1686 1031 integram
1701 1000 1787 1021 sum-

1044 1055 1128 1076 mam
1150 1044 1310 1077 dictorum
1330 1043 1513 1076 reddituum
1529 1043 1742 1076 ducentorum
1757 1047 1788 1075 et

1044 1098 1186 1141 quinque
1207 1097 1344 1129 millium
1366 1096 1656 1139 inorapetinorum,
1680 1096 1784 1128 dedu-

1044 1151 1101 1183 ctis
1119 1150 1291 1194 praedictis
1316 1149 1463 1182 ducentis
1483 1148 1616 1188 ducatis,
1641 1154 1671 1181 et
1688 1159 1785 1191 prae-

1045 1204 1137 1237 dietis
1157 1203 1266 1245 viginti
1289 1203 1415 1235 duobus
1436 1202 1580 1234 millibus
1612 1202 1788 1245 inorapeti-

1044 1257 1103 1295 nis,
1128 1256 1203 1289 dicti
1235 1256 1299 1289 duo
1329 1257 1451 1296 fratres,
1476 1256 1531 1298 qui
1555 1266 1614 1298 pro
1647 1266 1789 1298 exequu-

1046 1311 1131 1344 tione
1152 1310 1324 1343 dotationis
1344 1315 1375 1342 et.
1395 1309 1577 1342 donationis
1604 1309 1789 1342 huiusmodi

1045 1375 1103 1408 pro
1135 1370 1281 1407 tempore
1312 1363 1440 1396 assidue
1471 1362 1612 1395 residere
1642 1368 1792 1395 tenentur

1045 1419 1130 1461 apud
1152 1418 1273 1450 dietum
1295 1416 1452 1460 oppidum
1480 1415 1598 1458 Algerii
1629 1421 1660 1448 et
1686 1421 1792 1459 partes

1047 1471 1241 1507 infidelium,
1260 1471 1289 1502 in
1306 1470 1533 1503 subveniendis
1548 1469 1792 1502 necessitatibus

1047 1527 1207 1559 dictorum
1229 1524 1428 1568 captivorum
1450 1523 1595 1556 fidelium
1615 1528 1789 1565 aegrotan-

1048 1579 1138 1616 tium,
1155 1584 1182 1611 et
1203 1578 1341 1610 alioruin
1360 1582 1536 1610 extremam
1552 1588 1608 1609 seu
1622 1582 1791 1619 urgentem

1048 1632 1269 1665 necessitatem
1292 1630 1493 1669 habentium,
1515 1630 1625 1663 habito
1645 1636 1793 1673 respectu

1049 1686 1148 1719 solius
1167 1685 1298 1717 maioris
1312 1683 1520 1721 necessitatis,
1537 1683 1718 1726 expendere
1740 1683 1794 1715 de-

1049 1740 1165 1772 beant:
1199 1744 1297 1781 utque
1329 1737 1478 1770 similiter
1509 1736 1568 1779 ipsi
1600 1736 1723 1776 sratrQS,
1758 1748 1794 1769 ex

1050 1792 1222 1836 praedictis
1242 1790 1399 1834 pecuniis,
1423 1790 1604 1833 expendere
1626 1794 1796 1822 teneantur

1051 1853 1152 1880 totum
1169 1846 1257 1884 illud,
1275 1845 1363 1889 quod
1381 1855 1463 1888 opus
1478 1843 1571 1877 suerit
1586 1843 1722 1887 expendi
1736 1854 1795 1887 pro

1050 1901 1203 1934 solvenda
1223 1899 1372 1933 mercede
1398 1909 1453 1931 seu
1475 1898 1565 1931 luc'ro
1588 1897 1725 1937 iudaeis,
1747 1898 1795 1930 vel

1050 1954 1120 1987 aliis
1134 1953 1319 1986 infidelibus
1332 1952 1603 1995 quibuscumque,
1620 1950 1674 1994 qui
1688 1961 1706 1982 a
1719 1951 1797 1983 Tur-

1051 2008 1096 2040 eis
1117 2012 1145 2040 et
1168 2007 1237 2040 aliis
1262 2005 1374 2050 piratis
1400 2004 1538 2037 emerint
1558 2003 1699 2047 captivos
1718 2013 1797 2046 pue-

1052 2072 1104 2094 ros
1125 2066 1155 2093 et
1175 2060 1298 2104 puellas
1320 2058 1523 2097 christianos,
1547 2057 1684 2100 illosque
1705 2056 1798 2089 dietis

1053 2114 1210 2155 religiosis
1241 2113 1289 2145 vel
1318 2111 1595 2155 redemptoribus,
1628 2109 1797 2142 occasione

1053 2178 1109 2200 seu
1130 2166 1254 2199 ratione
1283 2165 1420 2198 alieuius
1449 2163 1608 2197 mercedis
1629 2163 1675 2195 vel
1702 2163 1794 2199 lueri,

1054 2225 1175 2254 secreto
1197 2220 1372 2252 revendere
1392 2219 1511 2257 solent3
1529 2227 1610 2260 quos
1630 2226 1748 2259 pueros
1768 2221 1799 2248 et

1056 2274 1177 2318 puellas
1197 2273 1339 2317 captivos
1368 2283 1383 2304 a
1412 2270 1585 2315 praedictis
1614 2269 1798 2302 infidelibus

1056 2338 1167 2359 eorum
1194 2326 1333 2359 dominis
1359 2325 1437 2358 alias
1457 2324 1569 2357 liaberi
1602 2334 1658 2356 seu
1683 2323 1798 2356 redimi

1056 2390 1120 2413 uon
1142 2385 1282 2423 possent.
1307 2380 1350 2411 Ae
1373 2384 1408 2411 ut
1428 2378 1512 2410 ultra
1534 2376 1716 2420 praedictos
1737 2386 1796 2408 an-

1057 2443 1137 2465 nuos
1168 2431 1312 2464 redditus
1344 2432 1558 2463 ducentorum
1591 2435 1621 2463 et
1657 2429 1799 2472 quinque

1057 2486 1191 2518 millium
1206 2484 1495 2529 moi‘aljtetinorum,
1513 2483 1589 2516 dieti
1603 2484 1725 2522 fratres,
1743 2483 1800 2515 du-

1057 2545 1146 2572 rante
1158 2539 1219 2571 rita
1230 2538 1306 2571 dicti
1318 2537 1479 2571 Laurentii
1495 2536 1649 2580 episcopi,
1660 2535 1800 2568 habeant

1056 2593 1202 2637 quolibet
1213 2602 1297 2625 auno
1310 2591 1390 2624 alios
1410 2595 1568 2623 trecentos
1583 2590 1716 2622 ducatos
1731 2599 1800 2622 mo-

1056 2652 1147 2679 netae
1168 2645 1406 2690 Hispaniarum,
1430 2655 1511 2689 quos
1542 2643 1723 2689 expendere
1748 2648 1797 2676 te-

1795 247 1843 274 Αιι.
1861 247 1890 273 C.
1913 246 1979 274 1597

1816 1052 1900 1073 Summa
1917 1057 1937 1071 ιιι
1953 1055 1987 1069 ea-

1801 1079 1905 1104 pliturum
1920 1076 1987 1097 subsi-

1803 1106 1860 1151 tdlium
1869 1104 1987 1130 expenden-

1818 1139 1837 1152 a.
