2253 3195
219 218 268 244 An.
285 218 315 244 C,
335 217 402 245 1595

242 329 402 350 Sacramentum

219 356 374 377 Eucharistiae.

245 1342 405 1362 Sacramentum

222 1367 374 1389 Poeniteutiae.

447 207 511 241 212

461 266 476 309 ἓ
497 265 527 298 2.
551 265 794 300 Sanctissimum
814 264 1035 297 Eucharistiae
1054 274 1160 298 sacra-

417 325 573 359 mentum,
601 319 688 362 quod
712 328 772 361 pro
800 317 938 350 infirmis
957 323 1157 359 asservatur,

417 372 550 415 singulis
567 377 640 405 octo
662 371 786 411 diebus»,
810 376 863 403 aut
889 370 1002 404 saltem
1022 371 1160 415 quinde-

418 425 491 464 cim,
515 430 697 458 renovetur.

461 479 530 511 Non
543 482 724 511 asservetur
737 477 823 510 idem
835 482 1074 511 sacramentum
1092 481 1161 511 toto

417 541 513 570 anno,
528 530 553 563 si
576 535 682 563 tamen
703 535 900 563 asservatum
916 530 1024 571 fuerit,
1047 530 1161 564 saltem

418 585 449 617 in
469 584 534 617 fine
553 584 629 617 anni
646 590 802 617 sumatur.

460 637 604 670 Tollalur
631 637 750 670 abusus
778 637 957 678 tundendi,
984 638 1034 671 vel
1065 638 1161 671 etiam

418 691 572 724 miscendi
591 701 684 724 sacro
698 691 781 731 oleo,
796 702 833 724 ac
850 691 966 724 iterum
987 691 1158 735 coquendi,

417 745 465 778 vel
495 744 573 777 alias
602 744 783 778 exsiccandi
818 744 941 788 species
969 745 1162 778 sacramenti

417 797 532 832 Sacrae
552 797 772 831 Eucharistiae
793 798 873 831 seria
892 808 911 831 v
924 825 931 839 ,
956 798 1078 832 Coenae
1097 797 1161 831 Do-

418 851 514 891 mini,
535 856 570 883 ut
590 851 707 884 deinde
727 851 808 884 illud
829 857 1001 885 asservent.

461 904 493 937 Si
513 904 626 938 Graeci
653 904 753 938 velint
777 904 924 948 accipere
951 904 1065 937 altaria
1088 915 1163 948 por-

418 957 518 991 tatilia
551 959 590 991 ab
618 958 777 1002 episcopis
812 958 920 992 latinis
950 964 1159 999 consecrata,

418 1012 500 1045 bene
517 1011 595 1052 erit;
623 1011 671 1044 sin
695 1011 822 1051 minus,
846 1012 1025 1046 tolerentur
1050 1022 1162 1046 eorum

419 1065 539 1105 throni,
560 1065 624 1098 sive
650 1064 758 1098 throni
775 1075 873 1109 super
897 1064 1009 1099 altaria
1036 1065 1163 1110 lapidea

419 1117 561 1163 ponendi
582 1128 656 1151 cum
674 1118 848 1152 celebrant.

463 1172 649 1216 Corporalia
661 1172 707 1205 uti
720 1172 822 1205 Latini
834 1172 986 1213 habeant,
1003 1171 1063 1205 nisi
1074 1172 1163 1205 thro-

419 1225 469 1258 nis
489 1226 585 1259 etiam
605 1236 665 1269 pro
685 1225 910 1269 corporalibus
929 1230 1072 1258 utantur.

465 1278 535 1322 §3
568 1280 602 1312 In
631 1289 706 1312 casu
741 1278 956 1319 necessitatis,
986 1278 1162 1323 presbyteri

420 1333 526 1375 graeci
541 1332 689 1366 catholici
708 1332 831 1376 possint
843 1332 972 1366 Latinos
984 1332 1159 1366 absolvere.

465 1390 602 1424 Utantur
623 1390 726 1423 forma
743 1389 954 1423 absolutionis
972 1389 1003 1423 in
1021 1391 1162 1433 generali

420 1443 562 1478 Concilio
576 1443 759 1477 Florentino
771 1443 979 1487 praescripta3
995 1449 1026 1477 et
1038 1450 1160 1487 postea,

422 1497 446 1530 si
464 1497 635 1537 voluerint,
659 1496 767 1530 dicant
791 1496 972 1530 orationem
994 1496 1080 1530 illam
1102 1497 1161 1531 de-

421 1551 628 1595 precativam,
652 1561 749 1595 quam
774 1561 833 1594 pro
855 1550 958 1583 forma
978 1551 1163 1585 huiusmodi

422 1605 633 1638 absolutionis
645 1605 751 1638 dicere
770 1609 892 1637 tantum
915 1611 1160 1638 consueverunt.

465 1658 637 1692 Tollendus
656 1658 786 1696 abusus,
802 1657 856 1690 ubi
877 1663 934 1698 est,
951 1662 986 1691 ut
1003 1658 1049 1690 vir
1069 1663 1164 1702 atque

421 1722 522 1753 uxor,
546 1712 642 1745 simul
668 1716 695 1744 et
729 1711 843 1743 eodem
865 1716 1028 1754 tempore,
1059 1711 1163 1744 eidem

421 1765 608 1810 presbytero
626 1764 851 1797 confiteantur.

466 1820 566 1863 Aqua,
591 1829 626 1851 cx
644 1817 706 1850 ritu
738 1828 864 1858 graeco,
889 1817 919 1850 in
951 1817 1002 1851 die
1027 1818 1164 1862 Epipha-

421 1873 513 1912 niae,
537 1872 584 1905 vel
613 1871 718 1915 primo
747 1871 798 1903 die
826 1871 943 1903 mensis
972 1871 1161 1911 benedicta,

422 1931 629 1959 conservetur
658 1925 688 1957 iu
719 1923 872 1963 ccclesia,
906 1930 939 1957 ut
971 1924 1024 1957 illa
1054 1924 1164 1958 fideles

422 1984 643 2024 aspergantur.

467 2033 535 2066 Non
561 2036 634 2065 sunt
664 2031 799 2073 cogendi
832 2031 1008 2075 presbyteri
1036 2032 1161 2074 graeci,

339 2095 406 2131 ''.⁴'¹¹·'!
423 2088 492 2121 olea
512 2092 621 2120 sancta
642 2092 769 2130 practer
788 2085 926 2118 chrisma
947 2086 986 2119 ab
1007 2085 1165 2130 episcopis

340 2148 372 2187 ’,ξω
388 2150 397 2160 ’·
424 2141 528 2174 latinis
549 2139 748 2172 dioecesanis
777 2139 935 2183 accipcre,
959 2150 1031 2172 cum
1054 2139 1164 2172 liuius-

424 2194 510 2226 modi
538 2194 607 2225 olna
639 2192 678 2225 al·
711 2192 778 2231 eis,
803 2191 833 2224 in
865 2192 932 2235 ipsa
962 2192 1108 2225 oleorum
1135 2198 1162 2225 ct

421 2251 697 2279 sacramentorum
711 2244 918 2284 exhibitione,
933 2256 968 2277 ex
987 2245 1083 2278 veteri
1103 2245 1163 2278 ritu

423 2299 646 2337 coniiciuntur,
669 2309 724 2332 seu
750 2298 993 2331 benedicantur.
1021 2298 1164 2332 Clirisrna

422 2359 539 2392 autem,
554 2353 642 2396 quod
660 2363 723 2385 non
746 2351 803 2385 nisi
825 2351 865 2384 ab
886 2351 1049 2396 episcopo,
1067 2351 1163 2385 ctiam

423 2407 507 2439 iuxta
529 2417 639 2438 corum
662 2406 772 2443 ritum,
794 2405 939 2438 benedici
969 2411 1087 2449 potest,
1111 2416 1164 2439 eo-

422 2464 537 2498 guntur
549 2458 704 2501 arripere.
717 2458 952 2491 Proliibcantm·
965 2468 1039 2491 vcro
1049 2458 1164 2502 abepi-

421 2512 527 2555 scopis
555 2511 677 2550 gram-ts
699 2512 837 2545 externis
857 2511 1084 2551 schismaticis,
1108 2522 1162 2545 scu

422 2566 451 2599 S.
487 2565 577 2598 Rom.
609 2565 767 2598 Ecclesiae
798 2565 1061 2599 communionem
1097 2575 1161 2599 non

425 2618 636 2658 habentibus,
661 2618 738 2651 illud
771 2618 917 2663 accipere
937 2619 984 2652 rel
1009 2629 1047 2652 eo
1068 2617 1124 2652 uti.

998 216 1183 241 BULLARIUM
1203 217 1357 242 ROMANUM

1239 266 1256 307 S
1275 264 1307 298 4.
1323 264 1468 299 Ordinati
1481 265 1521 299 ab
1534 265 1695 310 episcopis
1710 266 1934 308 schismaticis,
1973 266 2139 308 sacramentum
2167 275 2186 296 2·

1195 318 1273 351 alias
1290 318 1351 351 rite
1370 318 1537 360 ordinatis,
1553 323 1678 360 servata
1694 319 1802 353 debita
1819 319 1934 361 forma,

1194 372 1355 416 recipiunt
1371 371 1503 416 quidem
1523 372 1683 413 ordinem,
1705 373 1762 406 sed
1781 383 1847 407 non
1867 383 1938 407 exe-

1195 424 1396 469 quutionem.

1239 477 1378 511 Proinde
1389 477 1448 522 ipsi
1461 478 1600 512 ordinati
1615 478 1654 511 ab
1668 477 1828 523 episcopis
1840 479 1939 513 schis-

1196 531 1332 572 maticis,
1363 531 1501 565 correcti
1527 532 1577 565 vel
1603 532 1766 565 emendati
1794 532 1940 566 reconci-

1195 583 1295 617 liandi
1314 590 1400 625 sunt,
1420 590 1452 618 et
1467 585 1654 618 absolvendi
1674 595 1748 618 cum
1768 585 1939 629 poeniten-

1196 637 1247 671 tiis
1273 637 1480 679 salutaribus‚
1512 638 1690 672 dummodo
1717 648 1866 679 errores,
1889 639 1939 672 vel

1196 690 1308 724 saltem
1339 691 1478 732 schisma
1506 691 1702 725 ordinatoris
1732 691 1882 725 abiurent
1905 691 1939 724 in

1197 744 1327 785 iudicio,
1349 744 1399 777 vel
1418 744 1548 788 publice
1563 745 1613 778 vel
1629 750 1766 786 secreto,
1781 755 1841 789 pro
1861 755 1940 790 qua-

1197 798 1284 832 litate
1304 797 1388 832 facti.
1412 798 1447 831 In
1470 797 1640 831 ordinibus
1668 803 1775 831 autem
1806 809 1865 842 per
1885 808 1940 833 eos

1198 851 1276 885 alias
1295 851 1355 885 rite
1378 850 1535 895 susceptis
1566 850 1750 885 ministrare
1778 861 1844 885 non
1867 862 1941 896 per-

1198 905 1376 946 mittantur,
1399 904 1460 938 nisi
1479 915 1552 938 cum
1573 904 1651 949 ipsis
1668 915 1767 949 super
1785 904 1942 948 irregula-

1197 959 1290 993 ritate
1307 958 1493 993 huiusmodi
1506 959 1676 993 occasione
1693 964 1869 1000 contracta,
1885 969 1942 993 au·

1197 1014 1344 1048 ctoritate
1360 1014 1494 1048 Sanctae
1506 1013 1596 1048 Sedis
1608 1012 1822 1058 Apostolicae‚
1845 1013 1942 1047 suerit

1198 1067 1428 1112 dispensatum.

1241 1121 1311 1155 Non
1327 1126 1402 1155 sunt
1418 1120 1609 1155 admittendi
1630 1119 1772 1165 episcopi
1789 1119 1943 1154 schisma-

1198 1174 1270 1215 tici,
1293 1175 1358 1209 sive
1387 1185 1447 1219 pro
1478 1174 1663 1215 ordinibus,
1686 1174 1752 1208 sive
1781 1184 1840 1218 pro
1871 1173 1942 1208 aliis

1198 1229 1408 1263 sacramentis
1428 1228 1632 1262 conferendis
1644 1256 1651 1270 ‚
1675 1229 1732 1262 sed
1751 1227 1939 1269 detinendi,

1198 1282 1306 1326 quoad
1325 1282 1441 1316 Sancta
1464 1282 1562 1316 Sedes
1591 1281 1774 1326 Apostolica
1804 1281 1943 1326 desuper

1199 1336 1397 1377 consulatur,
1418 1342 1447 1369 et
1469 1346 1660 1380 responsum
1681 1335 1849 1369 habeatur.

1241 1390 1353 1424 Graeci
1371 1389 1440 1423 sine
1459 1389 1573 1423 litteris
1591 1389 1781 1423 dimissoriis
1800 1388 1942 1433 episcopi

1199 1443 1289 1476 latini
1309 1442 1490 1476 dioecesani
1517 1443 1558 1476 ad
1586 1452 1695 1476 sacros
1715 1442 1845 1476 ordines
1864 1452 1942 1486 pro-

1199 1496 1297 1537 moti,
1329 1495 1473 1540 suspensi
1501 1501 1594 1535 sunt;
1617 1500 1648 1529 et
1678 1495 1704 1529 si
1733 1494 1879 1539 suspensi
1910 1494 1942 1528 in

1199 1549 1264 1583 suis
1284 1549 1453 1583 ordinibus
1473 1547 1736 1589 ministraverint,
1760 1547 1944 1582 efficiuntur

1200 1603 1394 1645 irregulares
1410 1602 1492 1636 sicut
1511 1607 1542 1636 et
1561 1601 1674 1635 Latini.
1895 1644 1898 1645 7

1243 1658 1345 1702 Super
1371 1655 1558 1690 huiusmodi
1584 1661 1690 1689 autem
1723 1661 1754 1689 et
1784 1654 1944 1689 similibus

1200 1710 1490 1754 irregularitatibus
1501 1709 1706 1754 dispensandi
1725 1708 1908 1743 facultatem
1925 1714 1944 1742 a

1198 1766 1313 1800 Sancta
1326 1764 1407 1799 Sede
1419 1763 1602 1808 Apostolica
1616 1762 1754 1796 obtineri
1775 1767 1916 1806 oportet.

1243 1818 1274 1852 Si
1295 1817 1465 1861 episcopus
1488 1816 1606 1850 latinus
1623 1816 1780 1850 Graecum
1801 1815 1943 1860 aliquem

1199 1872 1350 1906 ordinare
1364 1870 1511 1910 voluerit,
1528 1869 1583 1914 qui
1597 1880 1614 1902 a
1628 1870 1815 1914 presbytero
1826 1879 1942 1913 graeco

1201 1925 1231 1958 in
1251 1924 1411 1968 baptismo
1431 1923 1605 1957 chrismate
1624 1922 1654 1956 in
1673 1923 1779 1956 fronte
1799 1922 1838 1957 de
1858 1923 1942 1957 sacto

1200 1978 1293 2011 suerit
1305 1977 1522 2020 consignatus,
1536 1977 1632 2011 debet
1645 1976 1734 2010 illum
1753 1982 1845 2010 antea
1865 1987 1942 2012 con-

1201 2032 1341 2071 tii-mare,
1362 2031 1474 2064 saltem
1488 2030 1546 2063 sub
1564 2029 1761 2069 conditione,
1781 2029 1939 2064 videlicet:

1202 2085 1240 2118 Ν.
1257 2085 1286 2117 si
1305 2095 1336 2118 es
1356 2084 1578 2127 confir-malm,
1593 2087 1664 2124 eta,
1684 2088 1717 2116 ut
1737 2093 1844 2127 supra.
1862 2082 1939 2117 Pre-

1200 2137 1317 2182 sbyteri
1339 2137 1436 2178 vidui,
1464 2148 1520 2170 seu
1541 2137 1696 2170 uxoribus
1715 2135 1830 2177 orbati,
1853 2135 1944 2170 habi-

1201 2197 1266 2224 tum
1288 2191 1431 2224 deserant
1456 2189 1616 2224 diversum
1638 2189 1678 2223 ab
1699 2189 1780 2223 aliis.

1245 2246 1261 2286 5
1282 2243 1312 2276 ἶ).
1334 2244 1451 2278 Curent
1470 2243 1630 2277 Ordinarii
1653 2244 1810 2282 locorum,
1833 2246 1869 2276 ut
1889 2242 1943 2276 de-

1199 2303 1323 2331 cretum
1344 2297 1427 2331 sacri
1450 2296 1610 2340 generalis
1621 2295 1752 2330 Concilii
1765 2295 1942 2330 Tridentini

1199 2351 1238 2384 de
1259 2350 1490 2385 reformatione
1521 2348 1716 2383 matrimonii
1738 2353 1880 2383 vertatur
1910 2348 1943 2382 in

1201 2405 1342 2446 linguam
1368 2415 1518 2447 graecam
1545 2404 1727 2445 vulgarem,
1751 2409 1781 2436 et
1812 2402 1844 2436 in
1864 2401 1944 2437 locis

1199 2463 1229 2491 et
1255 2458 1417 2501 parochiis
1438 2458 1635 2492 Graecorum
1660 2463 1689 2490 et
1712 2455 1942 2491 Albanensium

1198 2512 1365 2553 cvulgetur
1384 2516 1416 2544 et
1436 2510 1626 2555 publicetur.

1243 2563 1444 2598 Matrimonia
1468 2563 1551 2597 inter
1571 2563 1724 2607 coniuges
1743 2573 1876 2607 graecos
1894 2562 1944 2598 di·

1198 2616 1283 2658 rimi,
1311 2628 1368 2651 seu
1390 2617 1526 2652 divortia
1546 2617 1652 2662 quoad
1680 2616 1842 2650 vinculum
1872 2615 1941 2650 lieri

1952 307 2044 328 Ordinis.

1979 2246 2095 2268 snei-umen
2111 2255 2120 2261 ν·
2134 2268 2137 2270 ,
2148 2246 2149 2249 ’

1957 2272 2092 2295 matrimonii.

2103 313 2138 328 ,Q
2191 308 2205 328 ἰ
