2253 3195
258 224 306 249 Αιι.
328 223 356 249 c.
375 223 442 250 1596
488 214 551 247 b25⁴2

459 272 714 305 latio-destitutas
728 283 782 305 sen
796 278 954 307 vacantes.
973 272 1058 304 iuxta
1073 282 1196 304 morem

458 336 569 357 eorum
588 336 642 358 seu
664 325 794 357 modum
818 325 878 357 illis
899 325 1104 368 permissum,
1128 325 1195 358 ele-

298 387 394 424 fa=jq÷3<0
459 384 527 410 ctus
551 389 607 410 seu
637 378 821 410 nominatus
851 378 965 414 suerit.
986 389 1013 419 *a
1034 378 1198 421 praedicto

392 421 701 480 '¹³:333archiepiscopo
734 431 938 474 metropolita
969 431 1131 464 Kioviensi
1163 442 1199 464 ae

417 493 435 510 ·
459 483 639 519 llaliciensi,
663 493 748 516 nunc
760 489 789 516 et
802 494 860 527 pro
873 489 1018 527 tempore
1038 484 1196 524 existenti,

430 533 443 581 {3
459 535 648 568 auctoritate
668 542 699 569 et
729 537 860 569 nomine
886 537 976 570 Sedis
996 537 1200 581 Apostolicae

367 599 386 634 ¹>2
411 579 443 617 ‹af-¹
460 587 645 620 confirmari
654 588 702 621 vel
716 588 849 627 institui,
871 589 966 633 eique
986 601 1104 623 munus
1124 600 1201 623 con-

345 658 350 669 «
372 631 443 668 ⁴⁷51*ss
459 641 647 675 secrationis
667 642 811 686 impendi
831 644 930 687 possit
953 650 984 677 et
1001 644 1116 677 debeat
1134 671 1141 684 ,
1164 655 1201 677 ac

460 701 492 727 ut
512 695 556 727 sic
583 696 702 728 electus
731 707 788 729 seu
813 697 998 730 nominatus
1019 703 1050 730 et
1076 697 1198 730 confir-

459 753 563 781 matus
582 749 630 781 vel
649 748 824 789 institutus,
844 750 884 782 ab
909 751 1021 783 eodem
1043 749 1202 793 archiepi-

458 812 557 845 scopo
569 802 787 845 metropolita,
812 803 861 836 vel
875 803 994 836 deeius
1013 803 1142 836 licentia
1162 803 1201 835 ab

459 854 522 888 alio
544 854 704 887 catholico
721 855 863 888 antistite
883 855 1027 889 eiusdem
1048 855 1199 895 nationis,

260 500 305 512 stru

1039 225 1222 248 BULLARIUM
1241 225 1395 249 ROMANUM

459 908 595 950 gratiam
617 913 649 941 et
669 908 932 941 communionem
959 909 1048 942 Sedis
1068 910 1203 952 Aposto-

460 961 540 994 licae
571 961 732 1000 habente,
761 962 888 995 duobus
924 962 973 994 vel
999 962 1102 995 tribus
1133 961 1204 995 aliis

460 1015 618 1059 episcopis
635 1015 812 1056 catholicis,
835 1026 872 1049 ac
890 1016 1030 1050 similem
1050 1027 1200 1050 commu-

460 1069 591 1102 nionem
613 1069 818 1107 habentibus,
839 1069 1071 1111 assistentibus,
1086 1080 1204 1103 munus

461 1122 1086 1166 consecrationishuiusmodisuscipere,
1103 1123 1205 1156 idem—

461 1186 523 1220 que
555 1176 688 1209 antistes
714 1176 760 1208 illi
791 1176 913 1209 dictum
941 1187 1056 1210 munus
1076 1177 1202 1220 impen-

461 1229 538 1262 dere
558 1229 672 1262 valcat.
705 1229 809 1272 Super
826 1240 890 1273 quo
916 1229 976 1273 ipsi
997 1235 1062 1263 tam
1083 1229 1114 1262 in
1136 1230 1204 1273 epi-

461 1292 596 1325 scopum
617 1292 676 1326 pro
710 1288 854 1326 tempore
874 1283 977 1315 electo
1007 1293 1062 1316 seu
1092 1282 1200 1316 nomi-

463 1340 538 1368 nato
559 1341 587 1368 et
610 1335 814 1375 confirmato,
838 1346 934 1379 quam
961 1335 1204 1379 archiepiscopo

464 1388 689 1432 metropolitae
714 1399 773 1432 pro
795 1395 941 1432 tempore
961 1389 1106 1422 existenti
1137 1389 1204 1432 ple-

464 1451 538 1474 nam
553 1468 560 1481 ,
590 1442 730 1485 amplam
753 1448 783 1475 et
807 1441 941 1475 liberam
963 1447 1153 1486 potestatem
1175 1448 1205 1475 et

464 1494 646 1527 facultatem
668 1505 725 1538 per
747 1501 931 1538 praesentes
951 1495 1158 1529 concedimus
1175 1501 1202 1528 et

464 1547 678 1590 indulgemus.

509 1602 525 1643 ξ
546 1600 576 1634 3.
601 1601 718 1634 Vei-mn
744 1613 817 1634 vum
837 1603 928 1635 sedes
949 1603 1207 1646 archiepiscopa—

465 1655 520 1694 les,
535 1665 591 1688 seu
606 1655 870 1698 metropolitanas
887 1655 1037 1689 ecclesias
1058 1655 1206 1689 Kiovien-

464 1718 531 1740 sem
552 1713 584 1740 et
608 1708 821 1741 llaliciensem
854 1709 1033 1752 praedictas
1059 1709 1208 1742 similiter

466 1760 602 1793 invicem
631 1767 804 1805 perpetuo,
831 1762 879 1798 yet
905 1762 983 1795 alias
1004 1762 1108 1795 unitas
1144 1762 1208 1795 sive

466 1823 626 1851 annexas,
656 1825 714 1857 per
743 1815 887 1851 obitum.
911 1816 957 1847 vel
994 1815 1072 1847 alias
1097 1815 1208 1858 quovis

468 1867 576 1905 modo,
600 1868 871 1911 quandocumque
891 1874 954 1901 tam
980 1870 1087 1901 soi-san
1103 1869 1132 1900 in
1148 1869 1209 1901 Ro-

468 1930 562 1952 mana
591 1920 699 1960 Curia,
734 1931 830 1964 quam
856 1927 944 1954 extra
975 1933 1044 1954 eam
1074 1921 1209 1954 ubilibet

469 1974 605 2016 pastoris
629 1974 744 2007 solatio
769 1974 909 2011 destitui,
933 1986 988 2007 sen
1008 1984 1208 2007 vacaret-on-

292 1657 386 1677 numan·-
396 1657 447 1677 Pun-

266 1684 315 1703 tinvi
329 1690 368 1703 ren
379 1687 449 1703 initur

266 1710 396 1730 m:nlirnmtto
408 1717 448 1729 nir·

266 1737 385 1761 irs-pultuna

469 2027 585 2068 tigerit,
607 2028 763 2063 volumus,
787 2034 814 2060 ct
837 2028 904 2071 pari
924 2034 1011 2061 motu
1032 2035 1127 2072 atque
1147 2040 1205 2061 au-

468 2081 625 2121 ctoritate,
655 2087 810 2124 perpetuo
832 2082 1001 2115 statuimus
1022 2088 1049 2114 vt
1073 2082 1205 2115 ordina-

469 2145 539 2166 mus
564 2139 597 2166 ut
625 2135 670 2172 is,
701 2135 754 2178 qui
784 2135 814 2167 in
843 2135 1121 2178 arrliiepisropmn
1153 2146 1207 2167 scu

469 2187 732 2230 tincti-‹ipolitatit,
767 2188 850 2220 inxta
873 2198 984 2220 vorum
1007 2198 1129 2220 morem
1152 2199 1207 2220 seu

468 2242 599 2273 modum
623 2241 684 2274 iltis
704 2242 907 2285 permissum,
928 2252 986 2285 pro
1006 2249 1148 2286 tempori·
1168 2243 1209 2275 si-

469 2294 588 2327 militer
608 2295 727 2328 clectus
747 2306 802 2327 scu
825 2295 1007 2328 nominatus
1026 2295 1129 2334 lin-rit,
1146 2296 1227 2328 cle-⁷

469 2348 583 2380 rtionis
603 2360 658 2380 svn
683 2349 911 2381 nominationis
932 2360 1006 2381 stlat·
1027 2351 1205 2382 sontii-ma—
1225 2351 1227 2374 Γ

471 2400 600 2437 tionum„
630 2401 863 2434 institutionem
891 2413 946 2434 sen
966 2402 1205 2445 provisions-m.

471 2464 594 2485 nvn-non
622 2461 648 2485 vt
671 2455 813 2487 nmncris
833 2455 1085 2488 ‹tonsos-rationis
1111 2454 1206 2487 liven-

472 2506 545 2537 tiam
572 2517 588 2538 a
610 2507 701 2539 nobis
718 2514 745 2539 vt
767 2519 784 2540 .ἰ
806 2509 950 2541 llomann
978 2508 1131 2541 l'ontilicc
1152 2518 1210 2551 pro

473 2564 616 2601 tvmpnrc·
639 2560 801 2597 existente,
817 2567 925 2604 pcto-r«-
943 2567 973 2595 et
986 2561 1131 2595 obtinere
1143 2572 1211 2592 om-

472 2611 548 2644 nino
563 2617 707 2645 tenentur
727 2620 757 2647 ct
778 2614 902 2647 ‹totu-at.

1225 2125 1226 2130 Ἰ
1245 2082 1305 2114 kal.
1330 2080 1450 2118 martii,
1479 2079 1684 2123 pontificatus
1704 2079 1806 2113 nostri
1827 2090 1912 2113 anno
1933 2090 1963 2113 v.

1224 2393 1227 2461 i
1246 2427 1410 2471 Epis-copis
1430 2426 1751 2459 Wlodimtriens-ibus
1763 2430 1792 2458 et
1811 2425 1987 2459 Brcstensi-

1279 274 1295 313 g
1315 272 1346 304 4.
1381 272 1601 316 Volumusque
1629 278 1660 306 et
1684 273 1833 307 similiter
1858 283 1973 317 perpe·
1996 285 2172 315 *Coum-uiauonis

1235 330 1288 358 tuo
1309 325 1491 363 statuimus,
1515 331 1547 358 ut
1566 325 1694 359 litterae
1718 326 1975 360 confirmationis
1989 313 2170 361 {fil-‘illffvl'sssnssss-

1233 386 1288 408 seu
1303 376 1509 410 institutionis
1522 382 1553 410 et
1564 377 1757 420 provisionis
1774 377 1972 417 huiusmodi,
1989 365 2116 391 ¹¹⁶¹¹¹⁰¹¹¹h¹m

1234 434 1265 462 et
1284 429 1431 463 licentiae
1461 430 1644 474 praedictae
1674 430 1705 463 in
1733 431 1846 464 eadem
1882 431 1977 464 Curia

1233 493 1292 526 per
1311 482 1475 523 officiales,
1503 483 1544 516 ad
1564 494 1645 527 quos
1664 489 1797 527 spectat,
1817 494 1876 527 per
1892 484 1976 517 viam

1234 542 1390 570 secretam
1412 537 1511 579 gratis
1536 537 1760 580 expediantur.
1789 538 1974 570 Decernen-

1234 594 1280 622 tes
1299 589 1344 623 sic
1368 595 1399 622 et
1418 601 1483 623 non
1501 590 1593 623 aliter
1610 601 1669 634 per
1685 600 1907 634 quoscumque
1930 589 1978 622 iu-

1235 642 1322 675 dices
1330 648 1359 676 et
1373 643 1623 683 commissarios,
1643 653 1848 687 quacumque
1865 648 1977 676 aucto-

1235 695 1330 728 ritate
1349 702 1381 729 et
1401 696 1557 739 dignitate
1579 697 1759 739 fungentes,
1786 696 1912 730 sublata
1932 696 1977 729 eis

1236 748 1328 781 aliter
1347 749 1512 782 iudicandi
1530 755 1561 782 et
1574 749 1806 793 interpretandi
1826 749 1978 782 facultate

1236 807 1264 834 et
1283 802 1484 843 auctoritate,
1509 802 1645 835 iudicari
1661 807 1690 835 el
1704 802 1832 844 definiri
1845 802 1975 841 debere,

1236 854 1363 887 irritum
1396 865 1526 898 quoque
1547 861 1575 888 et
1605 855 1699 888 inane
1719 855 1744 888 si
1769 865 1862 888 secus
1881 866 1980 899 super

1237 907 1286 940 his
1307 918 1512 952 aquoquam,
1527 908 1638 951 quavis
1658 908 1859 949 auctoritate,
1877 908 1980 941 scien-

1238 966 1286 994 ter
1304 961 1354 994 vel
1374 961 1573 1003 ignoranter,
1603 961 1774 1003 contigerit
1792 960 1954 994 attentari.

1282 1014 1297 1058 g
1323 1013 1354 1046 ἴ).
1386 1014 1456 1048 Νοη
1491 1014 1691 1052 obstantibus
1721 1014 1981 1058 quibuscumque

1238 1069 1435 1112 apostolicis,
1459 1079 1495 1102 ac
1517 1068 1820 1109 inuniversalibus,
1843 1068 1978 1112 provin-

1238 1122 1439 1166 cialibusque
1453 1128 1483 1156 et
1502 1122 1710 1166 synodalibus
1725 1121 1871 1156 conciliis
1887 1121 1981 1156 editis

1238 1176 1442 1218 generalibus
1461 1176 1511 1208 vel
1531 1175 1725 1219 specialibus
1742 1175 1980 1209 constitutioni-

1237 1229 1297 1262 bus
1317 1234 1349 1262 et
1370 1229 1629 1262 ordinationibus
1653 1228 1849 1272 apostolicis,
1877 1234 1981 1262 caete-

1237 1282 1346 1326 risque
1365 1282 1536 1315 contrariis
1556 1282 1826 1325 quibuscumque.
1909 1321 1913 1325 p

1283 1337 1300 1378 g
1321 1335 1540 1368 &Nolumus
1564 1341 1684 1375 autem,
1708 1340 1743 1368 ut
1762 1334 1980 1379 praesentium
2004 1377 2008 1382 1

1239 1389 1393 1432 exemplis
1419 1389 1515 1422 etiam
1543 1388 1718 1432 impressis,
1744 1398 1841 1421 manu
1862 1388 1981 1423 notarii
2005 1383 2008 1389 ’

1239 1441 1361 1486 publici
1381 1441 1579 1485 subscriptis,
1603 1447 1634 1474 et
1653 1441 1759 1483 sigillo
1779 1451 1937 1485 personae
1950 1441 1982 1474 in

1240 1495 1395 1536 dignitate
1427 1494 1643 1528 ecclesiastica
1674 1493 1867 1528 constitutae
1895 1493 1983 1527 obsi-

1240 1548 1355 1590 gnatis,
1381 1548 1492 1581 eadem
1515 1557 1647 1591 prorsus
1667 1546 1747 1580 fides
1767 1547 1799 1580 in
1819 1546 1940 1580 iudicio
1953 1552 1985 1580 et

1241 1607 1330 1634 extra
1361 1601 1438 1634 illud
1469 1600 1590 1644 ubique
1619 1600 1766 1634 locorum
1798 1601 1979 1638 habeatur,

1241 1665 1323 1698 quae
1355 1654 1529 1687 haberetur
1559 1654 1680 1687 eisdem
1710 1654 1934 1698 praesentibus
1957 1653 1983 1687 si

1242 1713 1345 1741 essent
1371 1707 1529 1740 exhibitae
1557 1707 1605 1740 vel
1625 1712 1783 1740 ostensae.
1805 1707 1889 1740 Nulli
1907 1717 1984 1749 ergo

1242 1761 1422 1797 hominum,
1457 1764 1528 1796 etet.
1564 1765 1749 1793 nostrorum
1775 1765 1980 1799 statutorum,

1242 1814 1466 1853 ordinationis,
1505 1813 1736 1848 roncessionis.
1764 1813 1878 1846 indulti
1895 1841 1902 1851 ,
1926 1814 1982 1847 de-

1243 1867 1321 1901 creti
1343 1873 1374 1900 et
1385 1866 1558 1903 voluntatis
1570 1866 1756 1909 infringere,
1767 1870 1838 1907 etc„
1855 1866 1886 1900 Si
1897 1866 1980 1911 quis,

1242 1925 1298 1954 etc.
1307 1948 1314 1960 ,
1330 1921 1547 1954 incursurum.

1287 1976 1400 2008 Datum
1419 1974 1538 2006 Romae.
1558 1973 1643 2017 apud
1668 1973 1819 2007 Sanctum
1840 1973 1981 2011 Petrum,

1243 2038 1328 2061 anno
1341 2026 1572 2061 lncarnationis
1591 2026 1776 2060 Dominicae
1791 2036 1921 2067 mxcvi,
1942 2037 1984 2061 vn

1995 1052 2111 1079 rogaturi-1.

1279 2143 1337 2171 Dat.
1349 2143 1393 2171 die
1407 2142 1441 2170 23
1457 2141 1586 2170 februarii
1606 2142 1683 2176 ¹596,
1695 2141 1789 2178 pontif.
1807 2149 1851 2169 au.
1869 2148 1894 2168 v.

1556 2319 1683 2354 cxxvi.

1289 2490 1360 2527 hus,
1391 2488 1526 2521 rutheni
1557 2487 1662 2523 ritus,
1694 2487 1879 2521 conceditur
1908 2497 1986 2521 usus

1292 2551 1426 2583 roseium.
1459 2559 1651 2585 sacrarum.
1685 2559 1767 2592 quas
1798 2548 1984 2583 Sacc-ocium

1290 2613 1468 2656 appellant.
1485 2608 1738 2645 ‹latrantium-<um
1757 2616 1786 2645 0!
1799 2611 1986 2645 tunicarum

2029 1027 2126 1047 tllansnla
2146 1034 2149 1043 ·
2169 1033 2174 1044 :
2224 1036 2226 1045 v
