2253 3195
108 291 157 316 An.
174 287 201 315 C.
226 287 293 315 ¹599

182 1199 290 1229 Clausulas

119 1228 290 1256 praeservativas

119 1255 214 1278 apponit».

148 2369 293 2397 Exeqnutores

111 2395 203 2422 deputat.

931 285 1077 309 CLEMENS
1094 285 1153 309 vm
1171 285 1220 309 Pr.

304 334 445 368 cantium
464 334 687 378 praesentibus
709 340 735 367 ct
761 334 887 371 suturis,
903 345 1049 377 praeser-

304 388 359 421 tim
381 398 455 421 vero
481 388 585 421 dictae
612 387 748 420 civitatis
777 387 1045 429 Burdegalensis,

303 441 335 474 in
367 441 482 474 virtute
514 447 641 473 sauctae
674 440 898 476 obedientiae,
924 451 959 472 ac
990 440 1049 473 sub

303 494 920 527 excommunicationislataesententiac
930 503 1046 536 poena,

303 558 360 591 per
378 547 655 580 contravenientes
681 557 718 579 co
741 546 820 590 ipso,
845 546 964 589 absque
988 545 1050 578 alia

304 600 534 640 declaratione,
553 600 758 639 incurrenda,
780 610 797 632 a
820 610 883 643 qua
904 609 968 631 non
990 598 1049 631 nisi

303 664 362 697 per
394 655 576 687 Romanum
614 653 801 685 Pontificem
835 658 958 685 tantum
991 663 1049 696 pro

305 713 450 751 tempore
463 706 661 747 existentem,
676 712 903 749 praeterquam
918 705 950 738 in
965 716 1050 738 mor-

305 760 343 792 tis
364 759 501 792 articulo
522 759 697 799 constituti,
716 759 837 792 absolvi
851 758 987 803 possint,
1011 769 1050 792 ne

304 813 422 846 dictam
441 812 730 855 Congregationem
749 812 943 852 Fuliensem,
957 822 993 844 ac
1014 812 1050 844 il-

304 866 365 900 lius
385 867 572 907 monachos,
589 877 675 899 nunc
696 872 723 900 et
746 877 805 910 pro
824 873 971 911 tempore
985 866 1049 899 exi-

303 925 434 961 stentes,
451 932 549 965 super
568 920 753 964 praemissis
780 926 833 953 aut
855 931 967 954 eorum
991 920 1049 953 ali-

305 984 380 1018 quo,
405 975 594 1015 molestare,
624 974 816 1018 inquietare,
844 980 899 1007 aut
917 984 1049 1018 quoquo

305 1028 402 1061 modo
418 1027 576 1072 impedire
589 1033 797 1073 praesumant
818 1039 873 1061 seu
895 1028 1047 1067 audeant,

305 1081 480 1114 districtius
500 1081 695 1115 inhibemus.

350 1136 366 1177 ξ
392 1134 422 1167 6.
450 1135 662 1168 Decernentes
690 1141 874 1179 praesentes
903 1135 1047 1175 litteras,

305 1187 363 1221 sub
385 1188 550 1232 quibusvis
575 1188 854 1232 suspensionibus,
879 1188 926 1221 vel
955 1189 1050 1221 dero-

305 1241 500 1285 gationibus,
525 1241 622 1275 etiarn
643 1253 661 1274 a
688 1242 770 1275 Sede
794 1241 978 1286 Apostolica
1002 1242 1050 1275 vel

306 1295 373 1329 eius
393 1295 517 1338 legatis,
542 1301 573 1328 et
593 1295 670 1329 alias
691 1295 938 1339 quomodolibet
958 1306 1047 1329 ema-

305 1350 388 1383 natis
422 1356 453 1384 et
488 1350 677 1384 emanandis
714 1351 946 1395 comprehendi
985 1361 1051 1384 non

304 1413 410 1446 posse,
438 1409 469 1437 et
486 1403 613 1448 quoties
631 1414 683 1437 eas
703 1404 859 1444 revocari,
884 1404 1048 1448 suspendi,

306 1461 361 1489 aut
381 1456 426 1490 eis
457 1456 488 1489 in
520 1457 628 1500 aliquo
661 1457 831 1500 derogari,
858 1468 914 1491 seu
939 1464 1051 1490 contra

308 1509 377 1542 illas
397 1509 518 1553 aliquid
539 1510 673 1543 concedi
694 1510 882 1552 contigerit,
906 1510 999 1544 toties
1020 1511 1051 1543 in

306 1562 479 1606 pristinum
504 1568 534 1596 et
556 1563 789 1596 validissimum
810 1568 929 1596 statum
954 1563 1048 1597 resti—

306 1620 390 1649 tutas
402 1626 469 1649 esse
483 1622 513 1650 et
526 1617 660 1650 censeri.
675 1617 713 1650 Et
729 1617 773 1650 sic
794 1628 852 1661 per
872 1627 1048 1661 quoscum-

305 1679 368 1712 que
385 1668 508 1702 iudices
526 1675 556 1702 et
579 1670 725 1703 locorum
744 1670 942 1711 Ordinarios,
958 1670 1052 1704 alios-

305 1733 367 1766 que
388 1723 626 1757 commissarios
638 1724 750 1767 quavis
767 1724 959 1757 auctoritate
981 1725 1052 1757 sun<

305 1781 426 1818 gentes,
451 1776 548 1810 etiam
569 1776 712 1810 eiusdem
733 1777 867 1811 Sanctae
886 1779 1051 1811 Romanae

304 1829 464 1862 Ecclesiae
484 1830 674 1869 cardinales,
692 1841 727 1864 ac
749 1841 919 1864 causarum
940 1831 1051 1875 palatii

305 1882 471 1926 apostolici
493 1884 666 1924 auditores,
683 1884 807 1917 sublata
826 1884 870 1917 eis
888 1889 916 1917 et
939 1895 1050 1917 eorum

306 1936 437 1970 cuilibet
457 1937 568 1980 quavis
589 1937 681 1970 aliter
702 1938 866 1971 iudicandi
887 1944 917 1971 et.
946 1938 1049 1972 inter-

306 1990 455 2033 pretandi
474 1991 623 2024 facultate
644 1996 674 2024 et
695 1991 899 2033 auctoritate,
917 1992 1051 2026 iudicari

307 2049 338 2076 et
358 2044 485 2076 deliniri
507 2044 641 2084 debere;
667 2055 703 2078 ac
721 2056 756 2077 ex
771 2056 857 2078 nunc
878 2045 1003 2079 irritum
1023 2052 1053 2079 et

307 2097 401 2130 inane
426 2097 584 2141 quidquid
614 2108 704 2131 secus
733 2109 830 2142 super
858 2098 907 2132 his
928 2110 945 2132 a
965 2109 1049 2143 quo-

307 2160 404 2194 quam
421 2177 428 2191 ,
458 2150 568 2194 quavis
600 2151 791 2184 auctoritate
807 2179 814 2192 ,
842 2152 980 2185 scienter
1005 2154 1053 2186 vel

307 2204 516 2246 ignoranter,
541 2204 710 2246 contigerit
734 2205 907 2245 attentari,
932 2205 1052 2238 eisdem

307 2257 497 2290 auctoritate
518 2262 549 2290 et
569 2263 690 2298 tenore,
716 2257 930 2291 decernimus.

353 2312 367 2355 ἓ
395 2311 424 2345 7.
448 2311 608 2351 Quocirca
636 2312 875 2345 venerabilibus
905 2312 1054 2346 fratribus

308 2365 551 2410 archiepiscopo
578 2366 827 2408 Burdegalensi,
852 2372 883 2399 et
902 2366 1054 2410 episcopo

308 2418 493 2460 Vasanensi,
514 2430 570 2452 seu
591 2429 705 2452 eorum
727 2419 928 2459 officialibus,
953 2425 984 2452 et
1001 2419 1052 2452 sli-

308 2472 391 2505 lecto
406 2471 473 2504 filio
494 2472 604 2505 curiae
622 2482 792 2505 causarum
804 2472 955 2505 Gamerae
970 2472 1055 2516 Apo-

308 2524 439 2559 stolicae
466 2525 609 2568 generali
635 2525 773 2559 auditori
794 2536 852 2569 pcr
871 2531 1056 2569 praesentes

308 2579 542 2612 committimus
556 2584 586 2612 et
598 2580 801 2620 mandamus,
821 2585 979 2623 quatenus
995 2579 1054 2623 ipsi

309 2632 358 2665 vel
384 2632 471 2673 duo,
500 2638 554 2666 aut
579 2643 664 2666 unus
696 2643 809 2666 eorum
839 2643 897 2677 per
924 2643 980 2673 se,
1008 2633 1055 2666 vel

310 2685 424 2727 alium,
448 2697 505 2719 seu
530 2686 630 2728 alios,
653 2692 839 2730 praesentes
859 2686 1002 2727 litteras,
1027 2692 1057 2720 et

360 2747 438 2776 Bull.
460 2749 542 2777 Rom.
567 2748 627 2777 Vol.
648 2749 682 2777 X.
911 2747 946 2776 60

1730 273 1795 306 473

1084 334 1116 366 iu
1129 333 1173 366 eis
1182 339 1331 367 contenta
1342 343 1578 377 quaecumque,
1589 332 1644 365 ubi
1659 337 1687 365 et
1699 332 1829 375 quando

1084 397 1165 430 opus
1187 387 1293 425 suerit,
1311 397 1347 419 ac
1365 386 1490 430 quoties
1511 396 1569 429 pro
1590 390 1680 429 parte
1701 384 1830 418 Ioannis

1084 440 1304 483 procuratoris
1329 440 1502 480 generatis.
1532 451 1567 472 ac
1593 438 1828 472 monachorum

1084 493 1347 535 Congregationis
1373 492 1528 525 Fuliensis
1551 492 1736 525 huiusmodi
1758 491 1827 524 fue-

1085 546 1147 579 rint
1180 546 1348 589 rcquisiti,
1384 546 1573 579 solemniter
1603 546 1826 590 publicantes,

1085 599 1195 643 eisque
1215 600 1245 631 in
1267 599 1452 643 praemissis
1478 599 1615 632 efficacis
1636 599 1831 632 defensionis

1085 654 1247 697 praesidio
1269 654 1451 687 assistentes
1467 682 1474 694 ,
1499 654 1616 686 saciant
1640 653 1831 686 auctoritate

1085 714 1195 741 nostra
1215 708 1368 741 loannem
1390 714 1635 752 procuratorem
1655 718 1691 740 ac
1721 717 1832 740 mona—

1085 762 1162 795 chos
1182 762 1375 806 praedictos,
1401 768 1431 795 et
1450 773 1561 795 eorum
1583 761 1738 804 singulos,
1756 771 1833 794 con-

1085 814 1279 855 firmatione,
1293 815 1539 859 approbatione,
1553 814 1744 852 adiectione,
1757 825 1832 857 sup-

1085 867 1237 911 pletione,
1263 868 1467 905 inhibitione,
1492 868 1638 907 decreto,
1663 879 1699 900 ac
1720 867 1828 900 omni-

1085 921 1144 954 bus
1164 921 1369 965 praemissis,
1395 922 1577 965 nostrisque
1609 921 1832 965 praesentibus

1086 975 1200 1008 litteris
1227 975 1413 1009 huiusmodi
1445 975 1578 1019 pacifice
1606 975 1667 1007 frui
1695 980 1725 1008 et
1753 985 1832 1017 gau-

1086 1029 1171 1062 dere.
1202 1029 1271 1063 Non
1296 1029 1519 1072 permittentes
1545 1039 1620 1069 eos,
1644 1028 1692 1062 vel
1718 1038 1830 1061 eorum

1085 1082 1226 1126 aliquem
1249 1083 1388 1126 desuper
1408 1094 1465 1126 per
1491 1092 1725 1126 quoscumque,
1750 1092 1832 1125 qua-

1084 1136 1130 1168 vis
1151 1136 1342 1169 auctoritate
1373 1137 1561 1178 fungentes,
1586 1135 1834 1178 quomodolibet

1086 1188 1227 1222 indebite
1259 1189 1435 1222 molestari.
1460 1189 1739 1228 Contradictores,
1765 1198 1834 1221 mo-

1085 1243 1251 1276 lestatores
1284 1243 1463 1286 quoslibet,
1487 1253 1523 1276 ac
1550 1242 1772 1276 inobedientes
1804 1247 1834 1274 et

1085 1297 1233 1337 rebelles,
1249 1307 1306 1341 per
1324 1307 1474 1330 censuras
1493 1302 1523 1330 et
1543 1307 1664 1341 poenas
1684 1295 1833 1329 ecclesia-

1086 1350 1201 1391 sticas,
1226 1350 1353 1395 aliaque
1381 1356 1564 1394 opportuna
1594 1349 1673 1383 iuris
1705 1355 1735 1382 et
1760 1348 1833 1382 sacti

1086 1404 1240 1445 remedia,
1267 1404 1483 1448 appellatione
1503 1403 1681 1448 postposita
1701 1413 1832 1447 compe-

1086 1459 1227 1498 scendo;
1251 1469 1377 1491 necnon
1404 1458 1557 1501 legitimis
1577 1468 1675 1502 super
1701 1457 1750 1490 his
1775 1457 1834 1490 ha-

1086 1511 1200 1544 bendis
1225 1511 1357 1545 servatis
1382 1511 1606 1555 processibus,
1632 1521 1783 1544 censuras
1804 1516 1834 1544 et

1086 1575 1207 1608 poenas
1227 1564 1419 1608 praedictas,
1448 1565 1545 1597 etiam
1566 1564 1687 1597 iteratis
1710 1563 1833 1598 vicibus

1087 1618 1313 1661 aggravando,
1339 1617 1545 1651 interdictum
1579 1617 1831 1650 ecclesiasticum

1087 1670 1284 1713 imponendo
1300 1698 1307 1711 ,
1331 1671 1478 1704 invocato
1499 1671 1595 1703 etiam
1626 1670 1665 1703 ad
1691 1670 1774 1711 hoc,
1806 1670 1831 1703 si

1087 1733 1168 1767 opus
1189 1723 1296 1764 suerit,
1320 1724 1438 1756 auxilio
1456 1723 1581 1756 brachii
1600 1723 1783 1756 saecularis.

1131 1778 1146 1821 ἓ,
1167 1776 1196 1810 8.
1217 1777 1287 1810 Non
1308 1777 1510 1810 obstantibus
1542 1777 1644 1810 felicis
1673 1777 1828 1810 recorda-

1086 1831 1183 1864 tionis
1197 1830 1352 1863 Bonifacii
1368 1831 1471 1874 Papae
1479 1830 1558 1871 Vlll,
1575 1830 1832 1874 praedecessoris

1086 1885 1199 1924 nostri,
1221 1885 1259 1917 de
1280 1894 1354 1924 una,
1379 1890 1407 1917 et
1427 1884 1459 1916 in
1481 1884 1619 1917 concilio
1637 1884 1778 1927 generali
1793 1883 1833 1917 de

1087 1938 1212 1971 duabus
1239 1937 1352 1971 diaetis
1381 1937 1484 1977 edita,
1509 1937 1687 1971 dummodo
1718 1936 1833 1980 aliquis

1087 1992 1280 2025 auctoritate
1301 1991 1519 2035 praesentium
1546 1992 1630 2024 ultra
1657 1996 1720 2024 tres
1745 1991 1833 2024 diae-

1087 2051 1133 2079 tas
1153 2046 1193 2078 ad
1221 2045 1375 2078 iudicium
1408 2055 1473 2077 non
1498 2044 1663 2085 trahatur,
1688 2055 1724 2077 ac
1756 2044 1831 2088 qui-

1086 2099 1193 2133 busvis
1220 2099 1290 2132 aliis
1323 2099 1606 2133 constitutionibus
1638 2104 1668 2131 et
1697 2098 1831 2131 ordina-

1088 2153 1227 2186 tionibus
1257 2153 1473 2196 Apostolicis,
1508 2162 1634 2185 necnon
1672 2151 1834 2185 dictorum

1087 2205 1351 2248 Congregationis
1380 2211 1411 2238 ct
1438 2205 1565 2238 Ordinis
1586 2205 1719 2238 fratrum
1743 2204 1832 2237 Men-

1089 2259 1288 2299 dicantium,
1311 2259 1405 2292 etiam
1428 2258 1631 2295 iuramento,
1656 2257 1832 2290 confirma-

1089 2312 1175 2345 tione
1196 2312 1383 2355 apostolica,
1404 2312 1451 2345 vel
1471 2312 1581 2355 quavis
1602 2311 1753 2344 firmitate
1774 2311 1835 2344 alia

1089 2365 1249 2398 roboratis
1269 2365 1396 2398 statutis
1410 2370 1438 2398 ct
1454 2364 1754 2404 consuetudinibus,
1771 2364 1836 2408 pri-

1089 2419 1212 2461 vilegiis
1240 2429 1392 2463 quoque,
1415 2418 1546 2451 indultis
1567 2424 1597 2451 et
1617 2417 1732 2451 litteris
1756 2427 1835 2462 apo-

1090 2472 1210 2505 stolicis
1230 2471 1342 2505 Ordiui
1363 2471 1613 2505 Mendicantium
1635 2471 1832 2511 huiusmodi,

1090 2536 1126 2559 ac
1147 2525 1231 2558 illius
1253 2524 1491 2568 superioribus,
1521 2525 1672 2558 fratribus
1703 2531 1733 2558 et
1757 2534 1833 2569 per-

1091 2578 1198 2618 sonis,
1227 2578 1285 2611 sub
1316 2578 1576 2621 quibuscumque
1609 2578 1775 2611 tenoribus
1806 2583 1838 2611 et

1092 2632 1214 2673 sormi&
1235 2643 1272 2665 ac
1290 2642 1361 2665 cum
1384 2631 1548 2676 quibusvis
1573 2632 1668 2665 etiam
1694 2633 1833 2675 deroga-

1093 2686 1249 2720 toriarum
1271 2685 1495 2728 derogatoriis,
1516 2685 1651 2730 aliisque
1673 2685 1833 2720 efficacio-

1842 282 1891 309 Λη.
1909 282 1937 309 C.
1961 282 2030 309 {599

1870 1786 1971 1808 Omnibus
1982 1791 2033 1807 eon-

1848 1815 1919 1835 trariis
1934 1814 2031 1839 derogat.
