2253 3195
294 189 342 214 An.
364 186 391 214 c.
411 186 479 214 1593
526 176 566 210 72

536 236 551 279 ξ
571 234 601 268 3.
625 234 698 273 Nos,
715 233 884 276 negocium
906 231 1091 265 huiusmodi
1112 230 1235 264 dilectis

307 298 477 324 ctemensnenta
493 288 566 321 filiis
591 287 708 321 nostris
734 285 902 320 Dominico
933 284 1037 318 Sancti
1065 283 1232 326 Grisogoni

294 326 401 345 coufirmat
411 341 415 348 .

295 1867 365 1886 'cendi

308 1733 424 1759 Ηιιῐιιικμιν
441 1734 474 1752 lia-

370 1766 474 1779 ἸίΙί“ΰ’.»ιι--

295 1795 298 1806 ι
393 1794 396 1801 ⁴
407 1793 418 1805 ιι
430 1796 437 1803 x
461 1786 474 1805 Χ

293 1821 298 1831 ι
307 1819 369 1833 ansas
385 1819 431 1838 ‚ig-pi
441 1814 476 1832 lta·

294 1843 371 1859 tionum
401 1845 464 1860 vulti?

464 1850 475 1857 ··
493 1841 569 1873 ctas,
593 1846 629 1867 ac
649 1835 769 1868 litteras
797 1835 936 1878 desuper
959 1834 1133 1878 expeditas,
1157 1845 1235 1877 qua-

492 341 625 381 Pinello,
649 347 677 374 et
696 339 867 373 Benedicto
885 338 914 371 S.
931 337 1071 371 Marcelli
1090 337 1234 370 Iustinia-

491 406 544 435 no,
568 406 603 427 ae
623 394 818 437 Hieronymo
847 392 876 425 S.
900 391 1058 424 Pancratii
1084 391 1233 424 Mattheio

492 447 692 491 nuncupatis,
717 446 883 479 titulorum
905 444 1099 489 presbyteris
1127 444 1232 477 cardi-

491 501 636 535 nalibus.
665 499 757 532 nobis
784 498 989 531 referendum
1019 497 1230 530 demandavi-

492 564 571 586 mus.
596 553 710 585 Habita
740 552 837 594 igitur
866 562 963 595 super
990 551 1173 595 praemissis
1194 551 1233 583 ab

491 606 610 639 eisdem
643 605 860 638 cardinalibus
886 604 1112 638 informatione
1140 604 1231 637 suffi-

491 661 596 699 cienti,
630 660 828 702 singularum
861 659 1041 692 litterarum
1073 659 1233 702 praefata-

491 725 561 746 rum
585 720 710 746 tenores
730 713 826 746 etiam
854 713 993 745 veriores
1013 712 1234 756 praesentibus

491 778 549 811 pro
569 767 764 800 sufficienter
783 766 938 810 expressis
963 772 990 799 et
1024 766 1150 799 insertis
1179 765 1235 798 lia-

492 821 613 858 bentes‚
636 819 821 853 huiusmodi
839 818 1128 863 supplicationibus
1145 818 1236 851 incli-

491 873 576 913 nati;
600 874 631 905 in
653 873 765 917 primis
783 872 891 905 onmia
912 878 942 906 et
958 872 1084 915 singula
1104 877 1230 913 statuta,

491 926 668 970 privilegia,
700 926 944 959 constitutiones
965 932 993 958 et
1015 925 1234 959 ordinationes

491 980 618 1023 collegii
639 981 674 1013 [f.
691 981 714 1013 l.
736 981 884 1013 doctores
905 979 1071 1023 praedicti,
1095 989 1233 1022 quorum

491 1034 637 1067 omnium
659 1039 797 1071 tenores,
820 1033 954 1077 perinde
975 1043 1010 1065 ac
1031 1033 1055 1066 si
1077 1033 1116 1066 de
1136 1033 1234 1066 verbo

491 1088 530 1120 ad
544 1087 677 1120 verbum
697 1087 925 1124 insererentur,
940 1086 1164 1130 praesentibus
1176 1096 1234 1129 pro

491 1141 647 1184 expressis
660 1146 690 1173 et
704 1140 830 1173 insertis
842 1140 953 1173 haberi
967 1141 1125 1179 volumus,
1143 1141 1235 1172 dum-

493 1195 589 1227 modo
610 1194 663 1226 illa
683 1194 745 1227 sint
766 1194 798 1226 in
817 1204 878 1226 usu
898 1199 927 1227 et
946 1193 1044 1227 sacris
1058 1193 1235 1227 canonibus

492 1258 556 1280 non
578 1253 769 1291 repugnent,
785 1247 960 1291 apostolica
971 1246 1173 1283 auctoritaie.
1192 1252 1235 1280 te—

492 1311 570 1334 nore
590 1300 819 1344 praesentium,
841 1307 997 1345 perpetuo
1018 1300 1235 1344 approbamus

492 1362 521 1387 et
557 1354 807 1391 confirmamus.
840 1354 966 1398 illisque
1002 1360 1176 1398 perpetuae
1206 1359 1233 1387 et

493 1407 683 1441 inviolabilis
712 1407 872 1440 firmitatis
909 1407 1009 1440 robur
1040 1407 1231 1447 adiicimus,

491 1472 667 1506 omnesque.
688 1468 716 1494 et
739 1462 882 1504 singulos
900 1467 962 1495 tam
983 1461 1059 1494 iuris
1073 1472 1169 1505 quam
1191 1462 1235 1494 fa-

491 1515 531 1548 cti
553 1516 707 1555 defectus,
725 1525 760 1547 ac
781 1514 860 1548 alios
881 1525 1114 1559 quoscumque,
1134 1515 1158 1547 si
1180 1514 1234 1558 qui

492 1568 720 1601 intervenerint
738 1568 767 1600 in
781 1567 904 1606 iisdem,
919 1568 1117 1611 supplemus,
1133 1578 1235 1611 eaque

492 1625 646 1663 perpetuo
667 1619 827 1651 observari
850 1619 967 1652 debere
988 1619 1202 1652 decernimus.

537 1674 596 1716 gli.
613 1674 857 1708 Cone-essionem
873 1685 1002 1718 quoque
1016 1673 1130 1707 Leonis
1144 1684 1236 1718 prae-

493 1728 668 1761 decessoris
699 1727 855 1771 praedirti
876 1738 973 1771 super
1001 1728 1149 1760 facultate
1175 1737 1231 1760 co-

492 1781 665 1824 gnoscendi
686 1792 796 1814 causas
823 1781 1074 1824 appellationum
1108 1781 1235 1823 praedi-

495 1896 584 1922 tenus
604 1889 665 1922 sint
687 1889 717 1921 in
732 1899 803 1925 usu,
820 1890 1052 1922 confirmamus
1073 1894 1101 1920 et
1120 1898 1237 1932 appro-

495 1944 617 1980 bamus,
642 1942 822 1975 inhibentes
842 1942 964 1981 legatis,
989 1942 1186 1982 vice-legatis
1207 1947 1235 1974 et

494 1996 763 2035 gubernatoribus
785 1995 946 2038 praefatis,
971 2006 1001 2027 in
1025 1995 1138 2028 virtute
1162 2006 1236 2027 san-

494 2056 562 2082 ctae
583 2049 795 2088 obedientiae,
818 2060 856 2081 ne
878 2049 1086 2092 imposterum
1110 2048 1168 2091 ipsi
1190 2049 1235 2081 rel

495 2115 605 2137 eorum
634 2103 748 2148 aliquis
779 2113 890 2135 causas
920 2102 1117 2142 huiusmodi,
1153 2109 1238 2146 post-

496 2168 590 2201 quam
610 2168 718 2189 coram
749 2156 841 2189 dictis
863 2156 1119 2200 praesidentibus
1140 2157 1239 2188 intro-

496 2211 608 2243 ductae
631 2210 757 2246 fuerint.
775 2221 919 2247 avocare,
937 2216 964 2241 vt
988 2209 1058 2242 aliis
1079 2209 1238 2242 iudicibus

497 2264 707 2301 committere,
721 2270 771 2296 aut
786 2274 917 2307 quoquo
930 2264 1026 2296 modo
1047 2263 1238 2295 iurisdictio-

498 2328 569 2350 nem
589 2318 687 2361 ipsam
711 2317 868 2361 impedire
889 2318 1011 2350 valcant
1033 2328 1086 2350 sen
1109 2329 1239 2360 praesu-

499 2377 599 2407 mant:
617 2372 824 2404 decernentes
842 2371 949 2404 omnia
969 2377 996 2403 et
1015 2371 1138 2411 singula
1161 2382 1237 2403 con-

499 2431 544 2456 tra
566 2424 738 2467 praemissa
770 2430 849 2461 arta,
874 2435 1041 2468 processus
1062 2430 1088 2456 ct
1113 2430 1240 2457 senten-

500 2478 556 2509 tias
584 2477 701 2509 nullius
734 2477 857 2509 roboris
885 2478 930 2510 vcl
964 2478 1117 2510 momenti
1150 2479 1236 2514 lore,

500 2530 695 2573 minime-que
715 2531 826 2573 exequi
849 2542 940 2574 posse
960 2537 1013 2564 aut
1034 2531 1162 2564 debere.
1185 2531 1241 2563 Fa·

499 2584 649 2617 cultatem
671 2589 835 2627 praeterea
856 2595 910 2617 seu
933 2584 1134 2627 privilegium
1165 2584 1240 2627 legi-

1075 182 1257 207 BULLARIUM
1274 181 1427 206 ROMANUM

1268 229 1403 263 timandi
1431 230 1558 273 spurios
1589 235 1619 263 et
1651 230 1836 269 basum-dos,
1860 240 1920 264 nee
1945 240 2010 264 non

1268 283 1399 316 creandi
1420 283 1562 316 notarios
1579 294 1635 316 seu
1646 283 1845 325 tabelliones,
1860 290 1895 317 ut
1914 295 2011 328 supra

1267 347 1325 380 per
1344 337 1415 381 piae
1437 337 1614 370 memoriae
1631 337 1766 370 Paulum
1787 338 2011 381 praedecesso-

1269 401 1335 423 rem
1356 391 1556 434 praedictum
1579 390 1684 424 eidem
1712 391 1848 433 collegio
1879 401 2010 425 eonces-

1267 454 1349 483 sum,
1366 450 1394 477 et
1417 444 1538 477 litteras
1559 445 1697 488 desuper
1717 444 1889 484 confectas,
1903 449 2012 477 aucto-

1268 497 1361 530 ritate
1381 503 1410 531 et
1433 503 1543 530 tenore
1556 497 1752 541 praemissis,
1769 498 1854 530 iuxta
1874 498 2010 530 formam

1268 550 1446 583 litterarum
1468 551 1610 584 eiusdem
1632 551 1720 584 Pauli
1742 550 2008 595 praedecessoris,

1268 604 1446 637 dummodo
1477 604 1537 637 sint
1567 604 1596 636 in
1627 614 1709 641 usu,
1743 604 1962 648 approbamus
1982 609 2013 636 et

1269 658 1510 691 confirmamus.

1313 713 1329 753 ἓ
1343 710 1373 744 5.
1389 712 1426 744 Et
1443 711 1585 755 insuper,
1603 723 1676 744 cnm
1697 722 1756 745 nos
1775 711 1864 752 alias,
1880 722 1937 745 seu
1954 722 2013 744 nu-

1268 775 1326 808 per
1355 765 1394 798 ad
1429 765 1612 798 instantiam
1646 766 1839 799 dilectorum
1870 765 2011 799 filiorum

1268 818 1448 861 sapientum
1479 819 1583 852 dictae
1602 818 1821 852 Universitatis
1848 829 1907 862 per
1935 819 2013 852 alias

1269 877 1394 905 nostras
1414 872 1536 905 litteras
1555 871 1753 905 voluerimus
1779 872 1867 916 quod
1897 871 2013 905 salaria

1269 925 1410 963 illorum,
1433 925 1487 969 qni
1515 925 1753 969 exemptionem
1783 925 1823 958 ab
1848 935 1947 958 onere
1967 925 2013 958 le-

1268 978 1363 1019 gendi
1384 978 1514 1016 liabent.
1537 978 1626 1011 obitu
1647 978 1790 1022 ipsorum
1808 989 1865 1012 seu
1885 978 2014 1012 cuiusli-

1268 1031 1321 1065 bet
1341 1043 1454 1065 eorum
1481 1032 1686 1073 adveniente,
1711 1032 1743 1065 in
1773 1032 1927 1065 fabricam
1956 1042 2015 1076 per

1269 1086 1446 1128 praefatum
1467 1085 1670 1119 Dominicum
1701 1085 1899 1118 cardinalem
1920 1085 2014 1129 (tunc

1268 1138 1359 1172 Sedis
1379 1139 1581 1183 Apostolicae
1602 1139 1634 1172 in
1655 1139 1740 1172 dicta
1760 1139 1886 1172 civitate
1906 1139 1946 1172 de
1965 1139 2012 1171 la-

1270 1198 1336 1226 tere
1350 1193 1505 1236 legatum)
1517 1193 1594 1226 olim
1615 1193 1826 1235 designatam,
1847 1198 2014 1226 converte-

1269 1253 1391 1284 rentur,
1408 1258 1444 1280 ac
1462 1247 1557 1280 etiam
1580 1247 1644 1280 duo
1665 1247 1807 1289 magistri
1824 1246 2012 1289 grammati-

1270 1310 1332 1336 ces,
1356 1311 1428 1333 cum
1450 1301 1566 1333 salario
1587 1306 1715 1333 centum
1736 1305 1902 1333 scutorum
1923 1299 2014 1333 cuili-

1270 1354 1322 1387 bet
1355 1354 1498 1398 ipsorum
1531 1354 1696 1387 annuatim
1730 1354 1853 1396 integre
1884 1354 2010 1398 persol-

1269 1408 1373 1440 vendo
1393 1418 1430 1440 cx
1451 1413 1648 1449 augumento
1669 1418 1725 1451 per
1745 1407 1866 1440 dictum
1890 1407 2012 1441 Sixtum

1270 1461 1552 1504 praedecessorem
1582 1460 1702 1494 eisdem
1725 1460 1899 1494 lectoribus
1930 1461 2010 1495 assi-

1269 1520 1377 1554 gnato,
1402 1514 1670 1555 conducerentur,
1695 1524 1731 1547 ac
1758 1514 1836 1548 alias
1854 1520 1951 1558 prout
1981 1515 2014 1548 in

1270 1567 1362 1601 dictis
1382 1568 1498 1601 nostris
1527 1568 1640 1601 litteris
1670 1568 1797 1612 plenius
1817 1568 2009 1602 continetur.

1251 1627 1252 1632 ¹
1269 1622 1412 1665 Cumque
1429 1621 1549 1654 dictum
1571 1627 1815 1663 augumentum,
1839 1621 1926 1665 quod
1946 1628 2013 1654 erat

1270 1675 1397 1708 circiter
1426 1681 1591 1709 scutorum
1629 1676 1716 1708 mille
1748 1676 2010 1720 quingentorum,

1270 1728 1377 1766 bodie.
1401 1734 1432 1761 nt
1465 1729 1662 1773 accepimus,
1697 1739 1846 1771 magnam
1877 1728 2015 1773 patiatur

1270 1781 1530 1819 dimimttionem,
1553 1794 1590 1815 ex
1619 1793 1656 1815 eo
1686 1783 1772 1826 quod
1802 1793 1819 1815 a
1847 1782 2014 1816 contribu-

1271 1834 1356 1868 tione
1378 1835 1462 1868 illius
1482 1835 1616 1877 collegia
1630 1841 1661 1868 et
1680 1835 1959 1869 confraternitates
1972 1836 2015 1869 ci-

1271 1887 1374 1920 vitatis
1395 1889 1578 1932 praedictae
1598 1889 1819 1922 omnimodam
1845 1888 2012 1922 liberatio-

1271 1952 1356 1980 nem,
1382 1942 1575 1975 monasteria
1596 1953 1670 1976 vero
1692 1953 1750 1987 pro
1771 1943 1903 1976 dimidia
1925 1948 2015 1987 parte

1271 2006 1306 2028 cx
1327 1996 1504 2039 quantitate
1527 1996 1602 2039 ipsis
1632 1996 1781 2040 imposita
1813 2007 1870 2039 per
1894 1996 2014 2030 dictum

1271 2049 1392 2082 Sixtuni
1415 2050 1708 2093 pi·aed‹.·cessorein,
1730 2061 1747 2082 a
1767 2049 1860 2083 nobis
1879 2049 2014 2092 gratiam

1273 2109 1470 2140 meruerunt,
1495 2109 1525 2136 et
1557 2115 1592 2135 ex
1625 2103 1696 2136 aliis
1727 2103 1846 2140 causis;
1869 2113 1942 2143 nos,
1966 2103 2015 2136 in—

1273 2157 1440 2190 demnitati
1470 2157 1689 2190 Unircrsitatis
1721 2158 1875 2190 lectorum
1906 2156 2016 2189 huius-

1274 2211 1360 2243 modi
1393 2211 1560 2244 consulere
1586 2211 1740 2251 volentes,
1764 2210 1954 2244 auctoritate
1985 2216 2012 2242 et

1274 2271 1383 2297 tenore
1398 2265 1580 2308 praedictis,
1598 2265 1744 2298 volumus
1757 2274 1793 2297 ac
1807 2264 1926 2297 eisdem
1942 2263 2016 2297 Uni-

1274 2317 1410 2350 vcrsitati
1432 2323 1459 2350 et
1483 2318 1656 2351 lectoribus
1683 2323 1838 2360 perpetuo
1865 2316 2016 2350 concedi-

1275 2382 1344 2404 mus
1365 2372 1450 2414 quod
1471 2371 1586 2404 salaria
1605 2382 1828 2415 quaecumque
1846 2371 2016 2404 doctorum

1274 2436 1328 2457 seu
1349 2425 1502 2457 lectra-um
1516 2425 1752 2468 ‹fxii-inptionem
1769 2424 1954 2458 habentium
1968 2424 2016 2457 vel

1274 2478 1411 2510 aliorum
1427 2489 1708 2521 qtlttt'tltsst‘tttttque
1722 2489 1780 2521 pro
1796 2484 1940 2522 tempore
1960 2478 2016 2512 de-

1274 2531 1468 2568 cedentium,
1491 2542 1553 2564 non
1577 2532 1607 2564 in
1628 2531 1744 2564 dietam
1767 2531 1920 2565 fabricam
1941 2541 2017 2564 con-

1276 2584 1365 2624 verti,
1381 2585 1448 2623 sed,
1463 2591 1556 2628 prout
1577 2590 1749 2628 antequam
1768 2585 1870 2618 dictae
1890 2590 2017 2618 nostrae

2025 181 2074 209 An.
2094 181 2122 209 C.
2141 182 2208 212 1593

2025 271 2087 296 legia.

2230 203 2253 235 35,

2052 244 2078 265 Et
2093 245 2135 266 alia
2144 245 2208 271 priri-
2238 261 2253 274 ,1

2054 723 2084 744 De
2093 723 2164 744 salarii
2175 729 2212 744 au·
2231 726 2248 753 s·

2027 752 2131 777 gumen-no.

2230 753 2244 778 2⁴

2231 834 2250 875 ᾔ
