2253 3195
26 286 78 314 An.
98 285 128 314 C.
149 284 216 314 ¹602

32 1490 40 1493 χ
57 1462 166 1493 ΑΒριίοτψιι
182 1463 218 1483 ad-

18 1503 19 1506 =
33 1492 169 1512 ministratio.

847 281 995 305 CLEMENS
1012 281 1069 304 Vltt
1086 280 1136 303 PP.

224 331 470 366 Tarraconensis
491 331 587 364 habet
610 330 866 364 iurisdictionem
886 328 966 362 ciri-

226 386 289 418 lem
311 392 340 419 et
359 385 578 423 criminalem,
603 390 633 417 et
652 384 819 427 hucusque
841 387 968 416 contro-

225 436 353 472 versum
366 444 411 472 est
431 439 514 471 inter
528 437 719 481 episcopum
741 443 771 469 ct
792 435 968 480 (opitulum
986 440 988 448 ⁴

226 492 425 536 praedictos,
451 502 490 524 an
520 491 758 524 iurisdictiones
784 489 988 522 huiusmodi*

227 545 366 579 exerceri
388 545 527 578 debeant
547 554 605 588 per
631 544 734 576 solum
762 537 967 587 episcopum,

227 605 281 632 aut
302 609 359 643 per
384 599 489 631 solum
516 597 715 641 capitulum,
740 597 786 629 rel
816 608 874 640 per
899 596 968 640 epi-

227 663 361 695 scopum
387 657 417 685 et
449 651 626 695 capitulum
653 650 748 682 simul
777 655 807 682 et
835 649 971 682 coniun-

228 705 304 739 ctim
337 705 406 738 fieri
435 705 584 744 deberet,
615 704 778 747 quodque
803 703 973 746 episcopus

227 770 284 793 seu
301 759 369 792 eius
390 758 526 791 vicarius
543 757 702 800 generalis
716 757 889 790 canonicus
901 762 973 789 actu

227 812 466 856 praebendatus
498 822 571 844 cuin
608 811 677 854 ipso
713 810 853 853 capitulo
890 810 992 842 intus*

228 865 342 898 domos
356 865 549 908 capitulares
562 864 747 897 huiusmodi
767 864 897 896 ederent
912 870 974 896 sta-

228 925 306 960 tuta,
328 919 556 958 ordinationes,
581 918 826 951 constitutiones
847 924 877 950 et
897 918 992 950 deli-³

228 972 412 1005 berationcs
426 973 465 1005 ad
480 971 748 1014 gubernationem
763 981 872 1004 rerum
887 982 976 1003 men-

229 1036 282 1059 sae
310 1025 496 1069 capitularis
517 1031 547 1058 et
566 1025 726 1058 Ecclesiae
754 1025 972 1068 pertinentes3

231 1084 263 1112 et
282 1079 357 1123 quia
377 1079 462 1112 dicta
483 1079 617 1112 ecclesia
638 1078 782 1112 constitit
808 1078 839 1110 in
861 1089 995 1121 quam-1

230 1132 380 1177 plurimis
412 1132 768 1172 administrationibus,
793 1132 879 1175 quod
912 1132 976 1165 cle-

232 1186 364 1227 (tiones,
386 1186 611 1229 deputationes
631 1191 663 1218 et
684 1185 904 1218 revocationes
924 1185 974 1217 of-

233 1238 385 1271 ficialium
399 1248 457 1281 pro
472 1236 751 1270 administratione
769 1242 799 1269 et
819 1236 977 1277 gubernio

232 1292 362 1325 illarum
376 1291 491 1324 fierent
504 1291 536 1324 in
551 1291 692 1334 capitulo
711 1301 768 1334 per
789 1290 976 1334 episcopum

233 1356 290 1378 seu
306 1344 460 1378 vicarium
481 1350 510 1377 et
532 1344 708 1387 capitulum
731 1344 917 1377 huiusmodi
939 1344 979 1376 si-

233 1398 301 1431 mul
325 1403 357 1431 et
376 1397 612 1441 capitulariten
642 1408 679 1430 ac
707 1398 795 1440 quod
822 1397 980 1430 beneficia

233 1462 292 1495 per
311 1450 447 1484 uniones
472 1455 503 1483 et
528 1450 613 1483 bona
637 1460 696 1494 per
720 1450 998 1497 dis-membratio-t

234 1515 291 1538 nes
308 1504 477 1548 applicata,
495 1514 673 1547 eorumque
692 1504 855 1537 fructuum
874 1504 981 1537 distri-

234 1558 396 1599 butiones,
417 1568 474 1591 seu
495 1557 774 1601 dispensationes,
799 1557 980 1591 concessio·
997 1566 999 1583 1

235 1622 302 1653 nes,
326 1611 527 1651 donationes,
551 1616 734 1644 contractus
754 1616 784 1644 et
805 1611 867 1643 alia
885 1622 981 1654 quae-
998 1623 999 1649 l

236 1677 375 1710 cumque
396 1666 626 1699 concernentia
643 1666 799 1699 interesse
820 1666 981 1698 dictorum

237 1719 367 1763 capituli
387 1726 419 1753 et
439 1719 593 1753 ecclesiae
619 1720 925 1753 administrarentur
954 1715 1001 1752 ct'

236 1773 496 1816 gubernarentur
513 1784 579 1806 non
597 1773 701 1806 solum
718 1784 775 1817 per
795 1773 981 1817 episcopum
1000 1804 1002 1820 5

237 1831 269 1859 et
295 1836 352 1859 seu
386 1826 454 1859 eius
486 1826 639 1859 vicarium
677 1826 901 1870 praedictum,
929 1825 1003 1874 sed}

238 1879 455 1913 communiter
468 1890 526 1923 per
539 1879 726 1923 episcopum
749 1884 779 1913 et
792 1879 980 1923 capitulum,
1001 1910 1003 1923 ξ

238 1934 318 1967 adeo
338 1938 385 1974 ut,
410 1939 475 1966 tam
492 1944 590 1977 super
610 1933 703 1966 dictis
724 1933 982 1966 administratio-
1002 1927 1003 1933 ¹

237 1987 332 2020 nibus
352 1997 389 2020 ac
409 1987 639 2020 administratis
669 1987 700 2019 in
728 1986 790 2020 illis
810 1998 869 2030 per
890 1998 986 2020 cano-

211 2062 216 2064 r
238 2039 328 2073 nicos
348 2045 379 2073 et
398 2040 475 2073 alias
498 2051 653 2084 personas
680 2040 719 2073 ab
743 2040 812 2084 ipso
834 2040 986 2084 episcopo

240 2104 296 2127 seu
324 2093 444 2127 vicario
474 2099 504 2127 ct
529 2094 669 2138 capitulo
690 2094 864 2138 praedictis
885 2083 1005 2146 depu'i

240 2153 321 2181 tatas
338 2159 396 2181 scu
413 2148 625 2192 deputandas,
650 2159 745 2192 quam
767 2158 864 2192 super
884 2149 988 2181 omni-
1004 2163 1006 2202 ἃ

240 2201 300 2234 bus
317 2201 388 2234 aliis
408 2201 601 2245 supradictis
614 2212 679 2235 non
694 2207 801 2245 posset
819 2202 906 2235 solus
919 2202 988 2245 epi·
1005 2206 1007 2246 ζ

241 2265 357 2299 scopus
394 2266 450 2288 scu
482 2255 620 2289 vicarius
659 2256 844 2299 praedictus
879 2255 988 2298 aliquo
1006 2257 1007 2304 ᾗ

242 2309 340 2342 modo
360 2308 455 2341 etiam
474 2308 644 2347 visitando,
660 2314 694 2341 ut
713 2308 913 2345 Ordinarius,
930 2320 989 2341 nec
1006 2310 1007 2350 ζ

243 2361 320 2394 alias
341 2372 374 2395 se
395 2361 630 2402 intromittere,
655 2361 715 2394 uisi
737 2361 845 2403 vigore
866 2361 1007 2404 specim}

242 2415 281 2448 lis
302 2415 540 2448 commissionis
560 2426 616 2448 seu
638 2414 784 2458 rescripti
805 2425 823 2447 a
842 2414 935 2447 nobis
961 2408 1008 2461 et}

242 2469 395 2503 Romanis
412 2469 622 2503 Pontificibus
641 2469 687 2502 vel
705 2469 786 2502 Sede
808 2468 991 2512 Apostolica

244 2522 396 2563 emanati‚
413 2528 444 2555 ct
464 2523 550 2566 quod
571 2522 751 2556 iurisdictio
772 2521 989 2563 cognoscendi

245 2575 284 2609 de
305 2575 409 2609 causis
430 2576 596 2616 civilibus,
620 2576 652 2608 in
674 2575 792 2618 quibus
817 2574 986 2615 canonici,
1007 2561 1008 2577 ’

244 2635 280 2663 ut
299 2629 346 2663 rei
365 2629 625 2670 convenirentur,
642 2629 681 2662 ad
703 2628 823 2662 dictum
837 2628 989 2661 vicarium
1007 2624 1009 2679 l

245 2688 405 2727 spectaret
438 2689 466 2716 et
499 2682 692 2727 pertineret;
725 2682 754 2715 in
787 2682 890 2716 causis
916 2692 1008 2715 vcrol

298 2732 563 2773 Bau.R0m.1aer
585 2746 619 2773 Χ.
837 2744 886 2770 109

1003 327 1159 369 civilibus,
1170 326 1327 370 inquibus
1341 324 1487 359 canonici
1502 329 1596 369 crum
1609 329 1744 361 actores,

1004 382 1043 414 ad
1072 382 1175 415 solum
1198 381 1384 424 episcopum
1407 385 1454 420 et,
1478 389 1515 412 eo
1536 378 1663 411 volente
1691 388 1748 410 seu
1786 389 1946 413 §mimarum

1764 417 1841 437 causis.

1004 445 1150 478 expresse
1170 434 1399 478 permittente,
1424 433 1463 465 ad
1493 431 1561 465 cius
1593 431 1747 464 vicarium

1004 489 1216 531 praedictum,
1245 498 1301 520 scu
1319 487 1398 519 alios
1419 485 1573 519 officiales
1600 485 1745 528 pertine-

1006 549 1072 579 ret:
1094 543 1126 575 in
1147 542 1251 575 causis
1271 547 1376 574 aulem
1400 540 1546 573 civilibus
1565 549 1662 582 super
1686 539 1745 571 ad-

988 617 989 627 ,
1006 595 1241 629 mii‘iistrationc
1274 605 1382 627 rerum
1415 599 1445 626 et
1480 593 1639 625 bonorum
1674 591 1748 624 dicti

988 649 1148 693 :capituli‚
1169 648 1318 691 illiusque
1339 657 1468 679 mensae
1486 645 1663 678 iurisdictio
1684 650 1748 677 tam

1007 703 1107 735 active
1128 713 1223 746 quain
1239 701 1373 745 passive,
1391 700 1454 733 sire
1477 698 1623 732 canonici
1645 702 1750 731 essent

1008 756 1054 788 rei
1075 756 1139 788 sive
1161 754 1345 792 actores,ad
1367 753 1553 796 episcopum
1575 756 1606 783 et
1628 750 1751 793 capitu-

1007 811 1074 842 lum
1103 809 1285 853 praedictos
1319 806 1535 840 communiter
1566 809 1745 848 spectaret;

1008 863 1159 907 quodque
1178 862 1299 900 edicta,
1323 859 1517 893 monitiones
1542 864 1572 891 et
1603 857 1752 890 cartellae

1008 915 1296 949 administrationis
1308 924 1415 947 rerum
1430 918 1461 945 et
1473 913 1635 945 bonorum
1648 910 1752 943 dictae

1010 969 1162 1003 ecclesiae
1195 973 1320 1001 tantum
1349 964 1577 999 concernentia
1603 963 1750 1007 publiea-

992 1029 1122 1056 nentur
1146 1022 1177 1054 in
1200 1021 1313 1054 eadem
1332 1019 1467 1053 ecclesia
1487 1018 1619 1051 nomine
1644 1015 1754 1049 ricarii

1010 1075 1184 1120 praedicti;
1201 1074 1326 1117 reliqua
1338 1083 1413 1105 vero
1428 1071 1545 1107 edicta,
1560 1069 1754 1103 monitiones

1011 1136 1042 1163 et
1075 1130 1224 1163 cartellae
1261 1126 1489 1161 concernentia
1525 1124 1752 1169 particularem

1011 1194 1067 1217 seu
1087 1183 1271 1225 generalem
1292 1179 1556 1213 reformationem
1590 1184 1618 1210 et
1649 1187 1755 1210 corre-

1012 1236 1152 1269 ctionem
1186 1246 1332 1275 morum,
1359 1235 1407 1267 vel
1440 1233 1502 1265 alia
1533 1241 1755 1275 quaecumque

1012 1290 1141 1332 negotia
1158 1289 1260 1322 dictae
1274 1287 1419 1324 civitatis,
1444 1297 1480 1319 ac
1502 1285 1598 1318 totius
1615 1295 1670 1317 seu
1684 1295 1757 1327 par-

1014 1344 1051 1377 tis
1071 1342 1227 1376 dioecesis
1251 1339 1535 1377 Barchinossensis,
1560 1344 1590 1372 et
1609 1348 1691 1381 quae
1717 1337 1757 1370 ad

1014 1397 1199 1430 instantiam
1217 1395 1460 1439 particularium
1476 1402 1758 1437 quorumcumque

1014 1461 1073 1495 pro
1093 1450 1189 1483 rebus
1218 1455 1248 1482 et
1279 1448 1416 1490 negotiis
1448 1446 1645 1490 quibuslibet
1664 1455 1755 1478 com-

997 1525 999 1537 ι
1015 1505 1166 1538 munibus
1185 1502 1495 1547 etparticularibus,
1513 1506 1566 1533 aut
1584 1499 1662 1532 alias
1680 1508 1760 1542 quo-

1015 1568 1155 1602 cumque
1172 1557 1282 1596 modo,
1300 1566 1396 1589 causa
1414 1560 1445 1587 et
1464 1559 1612 1597 respectu
1630 1552 1660 1584 in
1676 1551 1760 1585 dicta

1016 1611 1151 1644 ccclesia
1172 1609 1325 1649 intimari,
1349 1607 1520 1647 notificari,
1545 1605 1759 1650 proponi,seu

998 1679 1000 1709 g
1016 1664 1174 1709 publicari
1195 1662 1377 1705 contigerit,
1393 1661 1636 1705 publicarentur
1653 1664 1684 1691 et
1703 1669 1761 1702 pu-

1018 1718 1166 1751 blicanda
1188 1723 1288 1750 essent
1311 1715 1443 1748 nomine
1467 1713 1565 1747 solius
1593 1711 1758 1756 episcopi,

1000 1772 1066 1805 *vel
1099 1782 1136 1804 eo
1165 1771 1290 1803 volente
1323 1775 1350 1802 et
1384 1768 1609 1812 permittente,
1638 1771 1669 1799 et
1697 1775 1762 1798 non

1018 1825 1106 1865 alias,
1119 1823 1250 1857 nomine
1266 1822 1376 1855 vicarii
1394 1820 1562 1865 praedicti.
1575 1820 1612 1853 Et
1633 1819 1764 1867 insuper

1016 1871 1287 1922 quotiescumque
1317 1876 1348 1908 iu
1381 1875 1523 1918 capitulo
1549 1873 1588 1906 ab
1610 1872 1762 1916 episcopo

1019 1942 1074 1965 seu
1096 1930 1214 1964 vicario
1247 1936 1275 1962 et
1306 1929 1448 1973 capitulo
1469 1927 1642 1972 praedictis
1673 1925 1764 1958 fieret

1021 1984 1237 2018 communiter
1272 1988 1450 2022 statutum,
1485 1979 1675 2014 deliberatio
1708 1989 1764 2012 seu

1021 2038 1219 2079 constitutio,
1244 2037 1289 2070 vel
1312 2037 1389 2080 quid
1422 2035 1508 2068 aliud
1540 2045 1673 2077 gravans
1701 2033 1762 2066 ali-

1021 2103 1116 2137 quem
1139 2103 1175 2125 ex
1202 2090 1381 2128 canonicis,
1404 2090 1453 2122 vel
1478 2087 1688 2127 beneficiatis,
1712 2092 1766 2119 aut

1022 2146 1092 2180 aliis
1119 2145 1244 2179 clericis
1266 2150 1293 2177 ct
1317 2142 1470 2175 ministris
1500 2141 1685 2185 praedictae
1715 2151 1766 2173 cc-

1023 2200 1148 2239 clesiae,
1173 2210 1191 2232 a
1210 2202 1381 2242 praetenso
1403 2195 1587 2239 gravamine
1609 2205 1672 2227 non
1694 2203 1766 2237 pos-

1023 2252 1204 2287 sit.recurri
1235 2262 1292 2284 nec
1322 2249 1476 2294 appellari
1506 2249 1545 2281 ad
1577 2247 1765 2292 episcopum

1023 2318 1078 2340 seu
1099 2305 1253 2339 vicarium
1276 2303 1475 2348 praedictos,
1499 2302 1554 2335 sed
1582 2307 1704 2334 tantum
1726 2300 1766 2333 ad

1024 2359 1322 2403 metropolitanum,
1336 2367 1391 2390 scu
1409 2356 1507 2389 alium
1526 2354 1704 2397 legitimum
1716 2364 1768 2387 su-

1024 2413 1203 2457 periorem,
1245 2412 1292 2444 vel
1335 2411 1515 2443 Romanum
1561 2407 1763 2441 Pontificem.

1024 2468 1203 2502 Praeterea,
1232 2464 1318 2508 quod
1349 2462 1595 2495 convocationes
1626 2467 1656 2493 et
1684 2471 1764 2493 con-

1023 2520 1228 2563 gregationes
1265 2518 1481 2561 capitulorum
1520 2519 1702 2560 spectarent
1737 2520 1768 2547 et

1025 2574 1220 2617 pertinerent
1249 2572 1287 2605 ad
1317 2571 1528 2615 episcopum,
1552 2575 1580 2603 et
1613 2569 1681 2613 ipso
1713 2568 1768 2601 ab-

1024 2633 1113 2661 sente
1138 2627 1177 2659 ab
1203 2626 1270 2659 cius
1291 2625 1436 2665 ecclesia,
1460 2624 1500 2657 ad
1520 2623 1589 2657 eius
1612 2622 1767 2656 vicarium

1026 2681 1226 2725 praedictum
1249 2679 1400 2724 privative
1426 2677 1532 2723 quoad
1557 2687 1670 2711 omnes
1690 2676 1769 2709 alios

1650 264 1714 298 865
1760 275 1946 302 An.c.1602

1809 2464 1928 2490 Appellatio
1940 2463 1967 2483 ad

1783 2491 1898 2511 numanum
1915 2492 1966 2511 l'on·

1783 2519 1867 2538 titii-cm.
