2253 3195
6 790 16 947 „-,5,<„—,*.„
6 763 9 779 ..

33 250 79 277 An.
95 247 121 274 C.
146 245 206 273 100¹

835 245 980 269 etr-:tauris
1002 246 1057 268 Vlll
1081 245 1130 268 ΙΨ.

1646 229 1708 262 (157

225 299 369 337 tempore
390 293 545 331 existenti,
569 304 623 326 scu
652 293 714 326 loci
736 293 904 326 Ordinario
926 293 963 325 ad
982 297 984 312 ¹
1003 293 1054 325 bet
1075 291 1186 335 quavis
1214 291 1306 324 aliter
1331 290 1494 324 iudicandi
1521 295 1550 322 et
1575 289 1737 331 interpre-

225 347 520 380 arcbidiaconatnm
553 353 581 380 et
603 347 962 390 arcbilncsbvteratum,

224 411 260 433 ae
292 406 431 443 quatuor
462 400 670 433 canonicatus
701 406 731 432 et
766 400 966 443 praebendas

225 453 348 486 noviter
368 458 507 493 erectos,
534 458 595 485 tam
624 453 682 485 bac
708 452 811 495 prima
836 452 901 484 vice
926 452 965 484 ab

226 507 354 540 illorum
378 506 542 549 primaeva
561 506 722 539 erectione
741 511 770 538 ct
791 505 965 538 institutio-

225 571 264 592 ne
290 559 473 593 huiusmodi
496 565 654 595 vacamcsv
683 570 778 602 quam
801 559 963 601 deinceps,

226 613 351 656 quotics
372 613 442 645 illos
468 612 631 656 perpetuis
663 612 778 644 suturis
812 611 965 654 tempori-

226 667 285 699 bus
297 667 391 699 simul
402 667 450 698 vel
464 666 651 705 successive,
662 665 826 709 quibusvis
849 665 964 703 modis⁷

228 725 255 753 et
279 731 314 752 ex
349 719 606 763 quibuscumque
635 719 782 762 personis
814 719 967 762 qualiter-

228 784 366 816 cumque
387 772 579 816 qualisicatis
598 772 629 804 in
649 773 794 805 Romana
814 772 907 805 Curia
921 772 967 804 vel

228 832 315 860 extra
336 836 417 863 cam,
443 831 473 858 et
493 826 523 858 in
550 825 658 869 aliquo
680 836 715 858 ex
738 825 902 858 mensibus
923 825 969 857 di—

229 885 298 913 ctae
328 879 401 913 Sedi
434 879 635 923 Apostolicae
667 890 724 923 per
755 879 969 912 Can‹1·ellariae

229 933 433 977 Apostolieae
464 933 612 974 regulas,
651 943 687 965 ac
713 932 808 965 etiam
846 932 970 964 ratione

228 997 322 1019 verae
347 992 378 1019 et
395 986 527 1019 actualis
554 985 790 1025 familiaritatis,
815 991 846 1018 et
870 985 971 1017 conti—

229 1050 314 1072 nuae
333 1039 618 1072 commensalitatis
639 1039 859 1072 Romanorum
882 1039 967 1071 Pon-

230 1092 365 1133 tificum,
381 1098 436 1125 aut
448 1092 590 1125 eiusdem
606 1092 636 1125 S.
653 1093 688 1125 P..
707 1093 739 1125 E.
758 1092 970 1125 cardinalium

231 1145 325 1178 etiam
347 1150 423 1178 tunc
442 1145 627 1185 viventium,
652 1156 707 1178 seu
728 1156 764 1178 ex
786 1145 896 1188 quavis
911 1144 973 1177 alia

231 1199 462 1239 reservatione,
474 1199 568 1232 etiam
578 1199 610 1232 in
620 1209 755 1242 corpore
766 1198 843 1231 iuris
855 1199 974 1237 clausa,

231 1259 318 1286 etex
354 1263 561 1296 quocumque
592 1253 694 1296 capite
727 1251 975 1295 quomodolibet

231 1307 406 1339 resultante
426 1306 594 1339 reservatis
618 1317 674 1339 seu
694 1305 829 1345 affectis*
850 1310 902 1338 aut
916 1315 971 1337 or-

232 1359 365 1393 dinariis
379 1359 590 1393 collatoribus
609 1369 668 1402 per
683 1359 811 1392 easdem
834 1358 971 1400 regulas,

232 1424 288 1446 seu
308 1413 430 1446 litteras
451 1412 727 1450 alternativarum,
745 1412 793 1444 vel
807 1411 884 1444 alias
896 1421 976 1454 quo-

180 1470 184 1474 “
232 1466 411 1499 modolibet
449 1465 607 1498 concessis
635 1475 749 1498 vacare
781 1463 972 1506 contigerit,

64 1897 222 1924 luspatronatus

45 1923 158 1945 huiusmodi
168 1930 222 1945 cuin-

46 1953 114 1976 peleru
135 1957 159 1972 ex
179 1951 221 1971 sun-

47 1977 126 1998 datione
135 1980 156 1998 et.
163 1978 223 1998 ‹luta—

47 2003 99 2025 tione
106 2004 182 2025 eisdem
189 2005 223 2024 :tu-

35 2030 103 2051 ,eitius
130 2032 223 2052 declara-

47 2057 84 2078 tur.

231 1529 386 1563 personas
403 1519 535 1552 idoneas
555 1529 612 1562 per
626 1519 775 1552 eumdem
793 1518 974 1550 Romanum

233 1572 426 1605 Pontificem
458 1583 513 1605 seu
539 1571 601 1604 loci
622 1571 828 1605 Ordinarium
852 1571 883 1603 in
915 1570 977 1603 illis

233 1626 273 1659 ad
293 1626 584 1669 praesentationem
603 1624 789 1657 huiusmodi
810 1624 978 1656 instituen-

235 1679 302 1720 das,
326 1679 518 1712 auctoritate
543 1685 574 1711 et
594 1684 705 1711 tenore
726 1677 896 1718 similibus,
923 1687 977 1721 pa-

234 1732 313 1766 riter
332 1738 492 1777 perpetuo
513 1743 726 1772 reservamus,
742 1743 778 1765 ac
791 1732 886 1765 ctiam
900 1741 976 1764 con-

236 1787 381 1820 cedimus
402 1792 431 1820 et
452 1787 664 1829 assignamus.

282 1841 298 1882 S
320 1840 350 1873 9.
373 1841 589 1873 Det-eruentes
609 1839 848 1883 iuspatronatus
868 1838 978 1871 huius-

238 1893 325 1926 modi
352 1893 512 1937 Ravnutio
544 1893 616 1925 duci
638 1903 674 1925 ac
695 1892 764 1926 eius
783 1892 978 1925 haeredibus

238 1952 269 1980 et
281 1946 520 1980 successoribus
540 1946 726 1990 praedictis,
743 1957 779 1978 ex
794 1946 891 1979 meris
906 1946 977 1978 fun-

239 1999 368 2032 datione
389 2005 421 2032 et
445 1999 621 2039 dotatione,
646 2009 711 2032 non
731 2004 886 2032 autemcx
906 1998 975 2042 pri-

239 2052 364 2095 vilegio,
378 2059 573 2097 competere,
590 2064 649 2087 nec
670 2053 715 2086 illi
737 2054 803 2087 ullo
824 2064 977 2097 umquam

239 2111 395 2151 tempore,
426 2117 630 2151 quacumque
655 2107 780 2140 ratione
801 2108 848 2140 vel
870 2118 976 2147 eausa,

239 2165 294 2192 aut
314 2159 612 2203 quovispraetextu,
629 2160 724 2193 etiam
747 2171 818 2194 eum
832 2170 980 2204 expressa

240 2217 272 2245 et
295 2213 457 2256 specifica,
485 2224 522 2246 ac
543 2214 581 2247 de
602 2215 700 2247 verbo
723 2215 761 2248 ad
782 2215 915 2248 verbum
938 2214 977 2246 il-

239 2266 301 2299 lius
319 2267 483 2300 mentione
504 2268 654 2311 derogari
675 2279 779 2312 posse,
803 2279 862 2301 nce
886 2268 979 2301 dero-

241 2325 348 2361 gatum
382 2320 503 2352 censeri
521 2348 527 2356 ,
561 2326 592 2353 et
612 2321 637 2353 si
664 2321 708 2353 illi
730 2331 862 2364 quoquo
884 2321 981 2353 modo

242 2372 426 2415 derogetur,
450 2373 675 2415 derogationes
702 2373 886 2407 huiusmodi
909 2384 980 2406 cum

242 2425 315 2458 inde
335 2426 479 2469 sequutis
504 2427 623 2459 nullius
644 2427 711 2459 sore
737 2427 862 2460 roboris
884 2431 913 2459 ct
938 2426 982 2459 es-

242 2478 383 2517 sicaeiae;
407 2479 518 2522 sicque
550 2484 581 2512 et
602 2490 665 2512 non
688 2480 781 2512 aliter
798 2490 856 2522 per
880 2489 979 2522 quos—

243 2542 382 2576 cumque
406 2532 539 2572 iudices,
563 2533 673 2576 quavis
694 2532 884 2566 auctoritate
906 2533 980 2565 sun-

243 2590 364 2627 gentes‚
389 2585 485 2618 etiam
504 2596 672 2619 causarum
687 2586 797 2630 palatii
816 2586 982 2630 apostolici

244 2638 416 2674 auditores.
445 2639 568 2672 sublata
602 2639 677 2683 ipsis·
702 2645 728 2672 ct
752 2650 863 2672 eorum
887 2639 980 2672 cuili-

282 2700 358 2727 Bull,
382 2701 459 2727 nom.
482 2702 541 2727 1⁷01.
564 2702 596 2727 X.
891 2702 926 2729 83

1003 346 1087 378 tandi
1111 346 1259 378 facultate
1286 350 1313 377 ct
1333 344 1536 383 auctoritate,
1560 342 1680 385 ubique
1696 341 1742 373 iu-

1003 399 1100 431 dicari
1126 405 1157 431 et
1177 398 1303 431 deliniri
1317 399 1445 438 debere,
1467 406 1591 429 necnon
1614 395 1741 428 irritum

1002 458 1032 484 et
1054 451 1147 484 inane
1169 452 1193 484 si
1214 462 1305 483 secus
1333 462 1429 494 super
1449 451 1497 483 bis
1517 461 1534 482 a
1552 458 1715 493 quoquam
1733 475 1739 485 ‚

1002 505 1112 547 quavis
1130 505 1332 545 auctoritate,
1356 505 1494 537 scienter
1513 504 1560 536 vel
1596 503 1744 544 ignoran-

1004 564 1060 595 ter,
1086 558 1252 600 contigerit
1281 558 1442 591 attentari.

1045 612 1060 652 ξ
1088 610 1134 644 10.
1159 612 1227 644 Non
1258 612 1460 644 obstantibus
1482 610 1688 654 praemissis,
1714 615 1745 642 et

1004 670 1161 708 quatenus
1183 676 1263 709 opus
1284 666 1333 706 sit,
1355 666 1472 699 nostris
1499 666 1537 698 de
1559 666 1628 697 iure
1649 675 1746 708 quae-

1004 719 1065 752 sito
1086 730 1150 752 non
1173 720 1327 758 tollendo7
1346 731 1380 752 ac
1403 720 1443 752 de
1463 719 1638 752 unionibus
1659 729 1746 751 com-

1005 772 1169 805 mittendis
1190 773 1228 805 ad
1251 778 1368 816 partes
1398 773 1674 817 exprimendoqno
1695 783 1747 805 va-

1006 826 1072 858 lore
1094 826 1228 870 aliisque
1242 827 1457 860 Cancellariae
1478 826 1680 870 Apostolicae
1699 836 1747 858 re-

1006 879 1108 921 gulis,
1137 890 1262 913 necnon
1289 880 1512 913 Lateranensis
1530 879 1662 913 Concilii
1684 890 1744 912 no-

1006 932 1134 965 vissime
1160 933 1312 965 celebrati
1333 933 1470 966 uniones
1490 938 1673 976 perpetuas,
1688 931 1749 964 nisi

1008 985 1038 1017 in
1060 986 1186 1018 casibus
1211 996 1228 1017 a
1250 986 1318 1018 iure
1350 985 1514 1029 permissis
1543 985 1612 1017 fieri
1638 984 1750 1028 probi-

1007 1039 1121 1079 benus,
1147 1040 1281 1083 aliisque
1310 1039 1594 1073 constitutionibus
1615 1044 1645 1072 et
1665 1038 1752 1071 ordi-

1008 1092 1191 1125 nationibus
1212 1093 1417 1136 apostolicis,
1442 1102 1568 1125 necnon
1594 1091 1750 1124 dictarum

1009 1146 1216 1179 ecclesiarum
1237 1146 1333 1188 Burgi
1347 1146 1453 1179 Sancti
1464 1145 1614 1179 Domnini
1636 1150 1667 1177 et
1681 1145 1753 1178 Cre-

1010 1199 1171 1233 monensis
1192 1199 1385 1236 iuramento,
1414 1198 1660 1232 confirmatione
1674 1208 1752 1241 apo-

1009 1253 1132 1291 stolica,
1156 1253 1204 1285 vel
1226 1252 1338 1296 quavis
1358 1252 1510 1285 firmitate
1533 1252 1595 1284 alia
1612 1252 1750 1284 robora—

1012 1306 1059 1346 tis,
1084 1307 1207 1339 statutis
1229 1313 1259 1339 et
1280 1306 1568 1339 consuetudinilms
1588 1333 1594 1344 ,
1618 1305 1750 1348 privile-

1011 1360 1070 1403 giis
1090 1371 1231 1404 quoque,
1245 1360 1376 1393 indultis
1397 1366 1425 1393 et
1443 1359 1558 1392 litteris
1572 1359 1754 1403 apostolicis

1013 1414 1094 1453 illis⁷
1138 1424 1264 1447 necnon
1295 1414 1447 1457 episcopo
1480 1412 1686 1447 Cremonensi
1719 1423 1754 1445 ac

1012 1467 1196 1511 praeposito
1211 1472 1241 1500 et
1254 1467 1402 1511 capitulis
1416 1466 1599 1510 praedictis,
1613 1466 1671 1498 sub
1684 1465 1755 1509 qui-

1011 1521 1214 1564 buscumque
1243 1520 1409 1553 tenoribus
1430 1526 1460 1553 et
1480 1520 1602 1560 formis,
1626 1530 1662 1552 ac
1683 1530 1754 1552 cum

1013 1574 1179 1618 quibusvis
1204 1574 1298 1607 etiam
1321 1573 1599 1616 derogatoriarum
1620 1573 1756 1615 deroga-

1013 1627 1114 1667 toriis,
1138 1627 1273 1670 aliisque
1301 1626 1545 1666 efficacioribus,
1569 1625 1753 1659 efficacissi-

1014 1681 1073 1714 mis
1100 1686 1129 1713 et
1158 1680 1294 1713 insolitis
1319 1680 1491 1720 clausulis,
1523 1690 1649 1713 necnon
1686 1680 1756 1712 irri-

1015 1734 1154 1767 tantibus
1171 1739 1202 1766 et
1222 1733 1290 1766 aliis
1312 1733 1448 1767 decretis
1469 1733 1500 1766 in
1521 1743 1638 1776 genere
1656 1733 1703 1765 vel
1725 1733 1757 1765 in

1014 1787 1119 1831 speeie
1149 1787 1245 1820 etiam
1281 1792 1370 1820 motu
1396 1786 1541 1830 proprio,
1563 1792 1594 1819 et
1614 1797 1649 1819 ex
1671 1791 1757 1819 certa

1013 1840 1147 1873 seientia
1171 1850 1207 1873 ae
1236 1840 1275 1873 de
1302 1840 1445 1873 eiusdem
1468 1839 1663 1882 apostolicae
1693 1849 1754 1882 po-

1015 1894 1135 1927 testatis
1166 1893 1380 1937 plenitudine,
1404 1899 1432 1926 et
1464 1892 1754 1931 consistorialiter,

1015 1947 1110 1980 etiam
1144 1947 1267 1980 iteratis
1287 1946 1409 1980 vicibus
1442 1946 1613 1986 concessis,
1638 1956 1757 1989 appro-

1014 2001 1096 2034 batis
1111 2006 1141 2034 et
1154 2000 1322 2034 innovatis.
1344 2000 1465 2039 Quibus
1479 2000 1640 2039 omnibus,
1662 2000 1758 2033 etiam

1015 2055 1040 2088 si
1066 2055 1104 2087 de
1123 2054 1185 2087 illis
1208 2065 1386 2098 eorumque
1409 2054 1481 2087 totis
1502 2054 1668 2086 tenoribus
1688 2064 1759 2097 spe-

1016 2108 1116 2149 cialis⁷
1133 2108 1293 2152 specifica,
1319 2118 1467 2151 expressa
1487 2112 1518 2140 et
1532 2107 1707 2147 individua,
1724 2117 1760 2139 ae

1016 2162 1055 2194 de
1068 2162 1166 2195 verbo
1180 2162 1220 2195 ad
1237 2162 1382 2201 verbum,
1399 2172 1464 2194 non
1478 2167 1585 2194 autem
1606 2171 1663 2204 per
1674 2161 1762 2193 clau-

1016 2216 1275 2257 sulasgenerales
1288 2215 1372 2248 idem
1393 2215 1604 2259 importantes
1625 2214 1757 2251 mentio,

1016 2279 1071 2301 scu
1092 2268 1221 2311 quaevis
1242 2268 1304 2301 alia
1329 2268 1491 2311 expressio
1509 2268 1659 2300 habenda
1678 2295 1684 2308 ,
1708 2272 1762 2300 aut

1017 2321 1127 2365 aliqua
1148 2321 1210 2354 alia
1228 2321 1385 2364 exquisita
1406 2322 1510 2354 forma
1536 2321 1575 2354 ad
1596 2321 1657 2354 hoe
1689 2331 1759 2353 ser-

1017 2375 1121 2408 vanda
1143 2380 1236 2415 essct,
1255 2380 1381 2407 tenores
1399 2374 1597 2414 huiusmodi,
1622 2385 1658 2407 ae
1679 2374 1703 2407 si
1723 2375 1762 2407 de

1020 2427 1117 2460 verbo
1142 2428 1182 2460 ad
1207 2428 1353 2465 verbum,
1377 2427 1457 2460 nihil
1479 2428 1607 2471 penitus
1628 2427 1758 2467 omisso,

1019 2486 1049 2513 et
1069 2481 1171 2513 forma
1201 2480 1230 2513 iu
1265 2481 1326 2513 illis
1355 2481 1471 2514 tradita
1492 2481 1679 2521 observata,
1708 2481 1763 2513 111-

1019 2534 1094 2567 serti
1114 2534 1228 2575 forent,
1252 2535 1474 2578 praesentibus
1494 2545 1553 2578 pro
1567 2535 1764 2568 sufficienter

1020 2587 1176 2631 expressis
1196 2593 1225 2621 et
1251 2587 1378 2621 insertis
1399 2588 1554 2622 babentes
1569 2616 1576 2627 ,
1604 2589 1665 2622 illis
1686 2589 1764 2621 alias

1022 2640 1050 2672 in
1072 2651 1129 2673 suo
1143 2641 1259 2674 robore
1274 2641 1503 2684 permansuris,
1521 2642 1578 2674 liat·
1591 2642 1655 2675 vice
1671 2643 1765 2675 dum-

1756 238 1808 265 An.
1824 236 1852 264 C.
1871 238 1935 264 lGOl

1787 616 1944 636 Contrariorum

1761 644 1846 668 derogat
1853 644 1878 663 iu.
