2253 3195
31 232 78 258 Αη.
95 230 124 258 C.
143 228 209 256 tssoo

227 275 416 308 matriculati
446 275 566 315 forent,
590 280 618 307 et
646 275 824 307 litterarum
857 274 962 307 studio

226 338 357 372 operam
376 328 499 365 darent,
524 327 663 370 gaudere
684 327 849 360 deberent.

271 382 287 422 g
319 380 348 413 Q.
380 381 417 414 Et
446 380 576 423 insuper
606 380 717 413 statuit
745 385 775 412 et
805 378 964 412 ordinavit

50 432 126 475 'Eique
141 449 210 478 pam-
227 434 313 477 quod
334 433 504 475 collegium
527 439 556 466 et
570 433 769 473 universitas,
791 443 825 465 ac
843 437 960 471 rector,

31 479 211 531 lsslffipsslllssssi'a'
228 486 419 528 collegiales,
443 491 600 528 regentes,
628 487 774 524 lectores,
801 485 960 524 doctores,

32 530 138 550 ‘⁰¹¹⁰‘⁵⁸'²‘
228 539 381 582 magistri,
407 539 572 579 licentiati,
595 538 794 571 baccalaurei
816 544 845 571 et
871 538 964 571 scho-

228 587 320 631 lares,
344 592 520 636 capellani,
549 592 719 625 servitores
739 597 769 624 et
800 591 962 627 officiales,

227 651 302 679 tunc
323 651 353 679 et
372 656 430 689 pro
452 651 596 688 tempore
614 644 795 681 existentes,
816 644 966 677 omnibus

227 704 258 732 et
277 699 409 741 singulis
423 697 607 742 privilegiis,
623 697 891 737 immunitatibus,
916 707 967 729 ex-

227 751 443 796 emptionibus
475 761 511 784 ac
544 751 613 784 aliis
642 751 752 793 gratiis
776 756 807 783 et
838 749 985 783 indultis*

227 805 487 838 universitatibus
501 804 680 838 studiorum
699 803 896 846 generalium
911 803 969 836 Pa-

228 858 354 892 risiensi
372 863 403 891 et
424 857 695 891 Salamantinensi
723 856 986 901 quomodolibet·

229 911 397 951 concessis,
419 916 449 944 et
471 916 545 944 tunc
563 921 599 944 ac
616 910 829 954 imposterum
848 920 966 943 conce-

229 965 352 1006 dendis,
377 975 413 998 ac
425 964 542 1008 quibus
559 965 632 998 illae
646 970 676 998 et
689 964 878 997 eorumdem
898 963 970 996 uni-

229 1019 415 1052 versitatum
427 1024 579 1060 rectores,
598 1018 791 1061 collegiales,
810 1023 966 1060 regentes,

229 1072 376 1113 lectores,
401 1072 575 1113 doctores,
599 1071 766 1114 magistri,
801 1070 967 1111 licentiati,

229 1125 447 1165 baccalaurei,
474 1125 650 1165 scholares,
674 1124 842 1168 capellani,
867 1123 968 1157 servi-

231 1185 316 1212 tores
341 1185 372 1213 et
396 1179 549 1212 officiales
569 1179 608 1212 de
631 1178 700 1211 iure
720 1179 768 1211 vel
802 1183 972 1211 consuetu—

231 1232 305 1266 dine
315 1233 499 1273 utebantur,
516 1232 722 1277 potiebantur
731 1238 762 1265 et
773 1231 968 1274 gaudebant,

232 1297 268 1320 ac
284 1286 353 1327 uti,
376 1286 472 1330 potiri
501 1292 532 1319 et
551 1286 691 1329 gaudere
715 1290 864 1329 poterant
885 1295 969 1328 quo-

233 1339 411 1373 modolibet
430 1340 462 1373 in
484 1340 639 1379 futurum,
663 1339 719 1379 uti,
737 1338 833 1383 potiri
854 1344 884 1372 et
897 1348 972 1381 gau-

234 1392 309 1426 dere
328 1399 460 1437 possent
479 1403 515 1426 ac
535 1393 687 1426 valerent.

279 1448 295 1488 g
316 1445 346 1479 3.
370 1446 407 1479 Et
428 1446 555 1486 deinde,
579 1445 654 1489 quia
674 1446 842 1479 occasione
862 1445 925 1478 litis
943 1449 974 1478 et

22 1533 27 1540 ,
52 1510 218 1532 Pramneiacon-
235 1509 348 1532 causae
362 1499 393 1532 in
414 1499 559 1532 Romana
575 1498 667 1532 Curia
688 1499 771 1532 inter
783 1498 887 1531 bonae
907 1508 974 1531 me-

39 1538 119 1560 flrmans
124 1536 187 1558 lulius
193 1535 220 1556 ΙΙΙ

40 1562 220 1593 nuncioapostoli·
235 1553 357 1586 moriae
388 1553 551 1590 Ioannem,
588 1552 671 1585 tituli
703 1553 733 1585 S.
755 1551 881 1585 Ioannis
901 1557 973 1584 ante

40 1590 133 1638 ssi'sslilld
145 1589 220 1642 ῗὲῗέῗιὶ
234 1606 362 1639 Portam
384 1606 525 1638 Latinam
543 1633 549 1643 ,
579 1605 800 1649 presbyterum
827 1604 973 1638 cardina-

41 1644 141 1664 eammisit
182 1645 205 1663 ut
216 1658 220 1666 ,

41 1669 220 1718 gffiqggffisffig-
234 1660 310 1700 lem,
334 1664 409 1691 tunc
429 1659 461 1691 in
483 1658 633 1691 humanis
645 1664 803 1701 agentem,
820 1668 857 1691 ac
870 1658 974 1691 dictae

43 1725 111 1750 satus,
126 1722 220 1743 eamdem
236 1712 388 1746 ecclesiae
400 1711 617 1745 Toletanensis
638 1721 675 1744 ex
696 1711 781 1744 dicta
804 1711 972 1754 dispensa-

43 1749 134 1770 visitaret
139 1749 220 1770 unirer·
251 1765 256 1771 ,

42 1776 159 1800 araneam
173 1781 220 1796 con·
236 1771 323 1799 tione
350 1765 532 1809 praesulem
547 1764 611 1797 sive
625 1764 693 1797 eius
710 1764 741 1796 in
756 1764 975 1808 spiritualibus
990 1772 992 1780 ⁴

43 1802 220 1829 “²⁶⁰¹mqueme'
236 1818 371 1851 vicarios
390 1818 438 1851 vel
459 1817 612 1851 officiales
647 1818 812 1860 generales
832 1829 868 1850 ex
888 1828 952 1850 una
965 1845 972 1857 ,

237 1882 273 1904 ac
289 1877 461 1912 rectorem,
485 1876 643 1913 regentes,
672 1871 842 1907 doctores.
878 1870 976 1904 colle-

237 1925 334 1967 giales
355 1931 385 1958 et
405 1924 481 1957 alias
498 1935 651 1968 personas
672 1923 888 1957 universitatis
915 1924 976 1956 hu-

237 1978 398 2018 iusmodi,
421 1977 565 2021 partibus
585 1989 621 2011 ex
641 1978 740 2011 altera
754 2005 761 2017 ‚
791 1988 887 2021 super
907 1988 976 2010 mo-

238 2031 460 2066 lestationibus
478 2031 716 2075 exemptionum
730 2031 977 2064 aiurisdictione

239 2085 412 2125 ordinaria,
427 2090 458 2117 et
477 2084 548 2117 aliis
568 2084 753 2128 praemissis
774 2084 974 2125 introductis,

239 2149 275 2172 ac
296 2138 391 2172 etiam
413 2138 583 2171 occasione
596 2144 703 2171 motus
720 2138 843 2182 proprii
873 2149 890 2171 a
907 2138 978 2182 piae

241 2191 416 2225 memoriae
435 2191 534 2224 Paulo
555 2191 640 2234 Papa
659 2191 709 2230 ΙΙΙ,
733 2191 828 2223 etiam
846 2191 980 2234 praede-

241 2256 365 2279 cessore
383 2250 504 2285 nostro,
521 2244 671 2283 emanati,
693 2249 723 2277 et
736 2244 912 2277 sententiae
927 2245 981 2278 de-

241 2308 337 2342 super
356 2298 449 2337 latae,
481 2297 623 2341 plurima
644 2298 761 2330 damna
782 2302 813 2330 et
833 2296 981 2330 inconve-

242 2350 361 2384 nientia
386 2350 503 2383 rectori
529 2356 560 2383 et
590 2350 832 2392 collegialibus,
857 2355 885 2382 et
913 2350 982 2383 aliis

43 1828 170 1855 procederet.

242 2414 337 2447 supra
375 2403 548 2436 nominatis
590 2403 734 2446 personis
770 2403 1000 2436 universitati&

243 2456 427 2489 huiusmodi
446 2456 692 2500 proveniebant,
717 2462 747 2489 et
765 2455 887 2489 maiora
907 2467 1001 2500 pro--

244 2509 363 2550 venire,
387 2519 424 2542 ac
438 2509 519 2542 inter
537 2520 590 2542 eos
608 2509 829 2542 confusionem
852 2515 881 2542 et
895 2520 984 2543 scan-

245 2564 316 2597 dala
338 2564 368 2596 in
390 2564 457 2597 dies
481 2564 557 2597 oriri
588 2574 679 2608 posse
700 2564 957 2597 tormidabanan·
975 2592 981 2601 ,

246 2617 276 2649 in
299 2617 472 2650 maximum
500 2617 715 2651 universitatis
745 2617 930 2651 huiusmodi
957 2623 986 2651 et

330 2680 407 2706 Bull.
433 2681 505 2708 Rom.
531 2681 590 2707 Vol.
608 2681 640 2708 X.
841 2680 874 2707 74

829 226 974 250 CLEMENS
996 226 1052 249 Vttt
1074 226 1123 249 1³1³.

1641 213 1704 245 :385
1751 223 1798 248 An.
1816 222 1845 248 r..
1865 222 1931 249 icoo

996 283 1174 317 pauperum
1196 272 1238 305 ibi
1259 272 1456 306 studentium
1488 271 1729 311 detrimentum,

997 327 1186 359 recolendae
1207 326 1382 359 memoriae
1404 325 1501 358 lulius
1520 326 1606 368 Papa
1625 325 1675 365 ΙΙΙ,
1692 324 1734 357 si-

998 379 1117 412 militer
1136 379 1364 423 praedecessor
1384 384 1504 419 noster,
1529 378 1579 412 (lie
1605 388 1627 411 η
1653 377 1731 417 iulii,

997 432 1202 477 pontificatus
1223 432 1269 465 sui
1291 443 1374 465 anno
1401 432 1517 476 primo,
1542 431 1637 465 certis
1661 436 1737 464 tunc

998 486 1152 529 expressis
1170 486 1272 518 causis
1293 486 1458 526 adductus,
1480 495 1607 518 causam
1629 484 1738 517 huius-

999 539 1097 579 modi,
1121 550 1157 571 ac
1189 539 1266 571 alias
1289 549 1508 582 quascumque
1529 538 1612 570 inter
1636 542 1738 570 recto-

1000 603 1068 625 rem
1083 598 1112 625 et
1125 592 1306 634 collegiales
1327 603 1363 624 ac
1383 592 1625 624 universitatem
1646 601 1738 634 prae-

1001 645 1114 685 dictos,
1132 650 1159 678 et
1178 645 1283 678 bonae
1301 645 1476 678 memoriae
1497 646 1648 678 Ioannem
1663 649 1740 676 tunc

1001 698 1188 731 existentem
1198 698 1475 742 archiepiscopum
1497 698 1739 731 Toletanensem

1003 752 1140 795 desuper
1161 757 1299 792 motam,
1332 751 1371 784 ad
1392 761 1425 784 se
1445 761 1593 790 avocans,
1618 755 1648 783 et
1670 750 1741 783 lites

1002 805 1186 839 huiusmodi
1205 805 1405 848 extinguens,
1434 810 1591 838 rectorem
1607 831 1614 845 ,
1639 804 1738 837 colle-

1003 859 1112 901 giales,
1134 864 1291 901 regentes,
1316 858 1463 899 lectores,
1492 858 1653 897 doctores,
1674 867 1741 889 ma-

1003 912 1127 954 gistros,
1151 911 1340 951 licentiatos,
1363 910 1608 951 baccalaureos,
1631 909 1740 953 capel-

1003 965 1105 1005 lanos,
1129 965 1319 1004 servitores,
1358 963 1510 997 officiales
1531 969 1561 996 et
1581 963 1744 996 scholares

1005 1019 1130 1061 collegii
1151 1023 1182 1052 et
1210 1017 1425 1051 universitatis
1452 1016 1658 1057 huiusmodi,
1683 1015 1741 1049 ad-

1004 1082 1113 1105 versus
1134 1081 1321 1105 concessum
1334 1076 1458 1104 motum
1480 1070 1647 1114 proprium
1670 1068 1745 1102 dicti

1004 1125 1094 1158 Pauli
1114 1124 1381 1169 praedecessoris,
1402 1135 1438 1157 ac
1459 1124 1491 1156 in
1516 1123 1584 1157 eius
1604 1133 1746 1166 exequu-

1005 1178 1138 1218 tionem,
1159 1178 1255 1223 lat'am
1276 1177 1481 1217 sententiam,
1498 1186 1624 1210 necnon
1638 1175 1747 1208 omnia

1007 1237 1038 1265 et
1058 1231 1183 1274 singula
1201 1231 1263 1264 alia
1276 1231 1351 1264 inde
1360 1236 1506 1274 sequuta,
1523 1231 1556 1263 in
1576 1229 1747 1274 pristinum

988 1290 1037 1318 ret
1056 1295 1141 1325 eum,
1166 1284 1197 1317 in
1219 1294 1283 1328 quo
1304 1290 1410 1317 rector
1430 1289 1460 1317 et
1489 1283 1540 1316 alii
1574 1281 1744 1327 praedicti,

989 1351 990 1385 i
1007 1344 1179 1382 antequam
1201 1343 1307 1371 motus
1324 1336 1475 1382 proprius
1493 1342 1533 1377 et,
1552 1336 1636 1369 illius
1656 1345 1749 1380 prae-

1009 1397 1105 1432 textu,
1128 1391 1191 1424 lata
1211 1391 1381 1429 sententia,
1406 1395 1436 1423 et
1456 1390 1563 1423 forsan
1588 1389 1650 1422 alia
1673 1394 1748 1422 tunc

1008 1455 1156 1488 expressa
1186 1450 1406 1485 emanassent,
1435 1449 1527 1477 erant
1555 1448 1695 1483 statum,
1719 1448 1750 1475 et

1008 1500 1115 1542 quoad
1132 1498 1432 1542 prosequutionem,
1456 1508 1512 1531 seu
1532 1497 1623 1541 quasi
1644 1507 1749 1530 exem—

1008 1551 1126 1595 ptionis
1147 1557 1176 1584 et
1195 1551 1352 1584 libertatis
1379 1550 1617 1594 praedictarum
1650 1549 1745 1582 resti-

1008 1605 1089 1646 tuit,
1117 1605 1260 1650 reposuit
1291 1611 1321 1638 et
1350 1604 1495 1648 plenarie
1522 1603 1746 1646 reintegravit,

1008 1669 1145 1699 necnon,
1169 1659 1256 1691 iuxta
1268 1658 1338 1691 Iulii
1360 1657 1618 1702 praedecessoris
1638 1656 1749 1689 huius-

1009 1711 1096 1744 modi
1122 1711 1374 1752 concessionem,
1399 1717 1579 1755 exemptos,
1618 1709 1748 1749 liberos,

1009 1770 1196 1808 susceptos,
1219 1765 1322 1798 dictae
1351 1764 1424 1798 Sedi
1445 1765 1609 1797 dumtaxat
1640 1762 1749 1796 subie-

991 1824 1078 1863 11οῑοε
1098 1829 1176 1859 esse,
1201 1824 1231 1851 et
1254 1818 1317 1851 alia
1342 1824 1417 1851 tunc
1445 1828 1592 1861 expressa
1613 1816 1753 1850 decrevit

1011 1876 1041 1904 et
1061 1871 1246 1908 declaravit,
1270 1881 1306 1904 ac
1329 1876 1453 1904 motum
1474 1870 1643 1914 proprium
1665 1874 1697 1902 et
1717 1869 1753 1901 il-

992 1956 994 1967 ,
1011 1925 1071 1957 lius
1085 1930 1251 1968 praetextu
1263 1925 1359 1958 latam
1375 1923 1579 1963 sententiam,
1596 1933 1632 1956 ac
1646 1922 1755 1955 omnia

1013 1985 1043 2013 et
1067 1980 1193 2023 singula
1219 1978 1251 2011 in
1273 1978 1317 2011 eis
1345 1983 1494 2011 contenta
1519 1976 1754 2020 exemptionem

1012 2038 1041 2066 et
1059 2032 1283 2066 liberationem
1302 2030 1488 2064 huiusmodi
1510 2029 1756 2074 quomodolibet

1012 2086 1193 2126 laedentia,
1218 2091 1248 2118 et
1269 2085 1342 2118 inde
1370 2089 1506 2128 sequuta
1532 2093 1757 2126 quaecumque

1014 2139 1184 2180 revocavit,
1208 2138 1341 2171 cassavit
1361 2144 1390 2171 et
1413 2137 1604 2177 annullavit3
1630 2146 1755 2169 necnon

1015 2193 1091 2226 dicti
1121 2192 1210 2232 lulii,
1245 2198 1273 2224 et
1307 2200 1588 2235 quorumcumque
1617 2190 1756 2223 aliorum

1014 2246 1234 2278 Romanorum
1259 2244 1450 2277 Pontificum
1473 2243 1756 2287 praedecessorum

1015 2299 1148 2337 litteras,
1166 2298 1289 2330 indulta
1310 2302 1341 2330 et
1354 2296 1521 2340 privilegia
1535 2305 1758 2339 quaecumque

1016 2350 1214 2384 universitati
1234 2356 1264 2383 et
1281 2350 1417 2392 collegio
1446 2349 1617 2393 praedictis
1631 2376 1638 2389 ,
1673 2359 1755 2392 quo-

1019 2404 1196 2437 modolibet
1216 2414 1377 2443 concessa,
1396 2403 1569 2444 innovavit,
1587 2402 1760 2436 confirma-

1018 2457 1061 2489 vit
1081 2462 1109 2489 et
1135 2456 1336 2500 approbavit,
1350 2461 1381 2489 et
1394 2466 1432 2488 nc
1447 2456 1563 2489 delicta
1585 2455 1718 2489 rectoris
1731 2462 1761 2488 et

1019 2510 1246 2553 colleg-tatium,
1268 2520 1304 2542 ac
1318 2509 1452 2542 aliarum
1468 2509 1616 2553 superius
1634 2520 1762 2553 expres-

1019 2575 1127 2598 sarum
1160 2574 1369 2608 personarum
1405 2563 1620 2597 universitatis
1646 2563 1758 2597 buius—

1002 2654 1003 2659 ,
1022 2618 1108 2651 modi
1131 2617 1289 2661 impunita
1309 2622 1522 2658 remanerent,
1547 2622 1599 2650 aut
1622 2627 1680 2660 pro
1701 2617 1758 2651 de-
