2253 3195
443 248 508 282 9¹0
991 256 1173 281 nutis-tntum
1199 256 1352 281 nomxun

398 319 558 354 Francisei
579 319 640 361 (S.)
659 318 827 351 strictioris
855 317 1078 351 obsetvautiae
1104 318 1241 351 Fratres.
1269 317 1444 360 Gregorius
1470 317 1536 351 xltt
1561 316 1822 351 constitutionem
1847 317 1947 351 edidit

488 371 575 405 circa
591 372 650 405 hos
667 372 792 411 fratres,
815 371 880 405 299
898 372 938 410 ὸς
965 382 1062 416 quam
1089 372 1235 406 Clemens
1258 372 1323 405 VIII
1347 371 1517 416 approbat,
1543 370 1638 404 salvis
1654 369 1818 403 nonnullis
1837 371 1946 404 decla-

487 424 667 458 rationibus
695 424 802 469 quoad
833 424 941 458 Italiae
973 425 1109 466 fratres,
1136 425 1179 458 ib.
1202 424 1442 459 Declarationes
1461 423 1638 468 respiciunt
1656 423 1804 465 novitios,
1831 433 1947 457 mona-

487 477 603 517 steria,
640 489 733 511 casus
762 484 939 512 reservatos
956 506 963 520 ,
992 484 1133 519 statuta,
1160 477 1422 522 praedicatores,
1450 477 1688 522 promovendos
1723 488 1760 510 ac
1788 476 1949 521 hospitia,

488 530 553 564 300
572 542 593 564 α
617 537 648 564 et
667 532 695 564 b.
723 531 809 565 Haec
829 531 897 576 ipsa
917 532 1006 565 bulla
1032 532 1071 565 ad
1092 532 1200 566 Gallos
1225 536 1257 565 et
1279 531 1422 574 Belgicas
1449 530 1633 565 extenditur
1657 531 1696 563 ab
1722 530 1837 564 eodem
1862 531 1948 564 Pon-

491 585 587 625 titice,
609 584 668 618 301
699 586 726 618 b.
755 585 916 619 Nonnulla
950 591 1057 619 tamen
1087 586 1252 619 adduntur
1273 586 1379 631 quoad
1408 584 1567 625 novitios,
1595 594 1765 617 numerum
1791 584 1926 617 fratrum
1943 610 1950 624 ‚

489 649 582 672 casus
599 644 787 678 reservatos,
815 638 972 672 rationem
994 638 1210 673 constituendi
1235 638 1471 672 examinatores
1492 637 1522 671 in
1548 637 1695 682 capitulis
1723 636 1954 670 custodialibus

491 697 519 724 et
540 691 613 731 alia,
632 691 697 725 302
716 703 736 725 a
757 697 789 726 et
807 692 834 725 b.

402 746 530 779 Fratres
553 746 587 779 B.
607 745 725 779 Mariae
755 746 794 779 de
825 746 981 780 Mercede.
1006 746 1153 781 Clemens
1173 750 1375 779 concesserat
1392 750 1422 778 ut
1440 744 1472 778 in
1492 745 1553 778 boe
1573 744 1692 778 Ordine
1712 744 1956 778 celebrarentur

491 798 558 831 dies
588 799 656 832 sesti
685 799 716 833 S.
740 799 903 833 Laurentii
929 805 960 832 et
983 800 1013 833 S.
1042 799 1196 838 Antonii,
1218 798 1280 832 717
1302 799 1330 832 b.
1361 799 1395 832 lu
1425 809 1463 831 eo
1484 798 1646 832 absolutio
1675 797 1834 840 generalis
1865 797 1954 830 statis

491 852 606 886 diebus
626 852 694 886 fieri
714 853 889 893 consuevit,
913 852 976 886 718
994 864 1024 886 α.
1052 853 1128 886 Eam
1155 852 1250 886 etiam
1271 851 1465 896 supradictis
1487 851 1573 885 sestis
1599 851 1712 885 diebus
1737 850 1807 884 lieri
1833 860 1952 884 eonce-

493 906 549 946 dit,
577 906 620 939 ib.
644 905 816 950 Antiquam
850 907 986 939 sormam
1019 905 1254 939 benedictionis
1275 906 1433 948 abrogat,
1461 915 1644 949 novamque
1669 903 1828 945 instituit,
1851 903 1900 952 ib,
1924 903 1952 936 b.

495 960 627 992 Caetera
647 959 756 992 omnia
777 960 816 993 ad
835 970 902 993 rein
922 959 1084 1003 praefinit,
1108 958 1171 993 719
1187 970 1207 992 a
1227 964 1257 992 et
1280 959 1307 992 b.
1325 959 1475 992 Formam
1497 957 1708 992 absolutionis
1729 962 1759 991 et
1775 955 1957 990 orationum

495 1013 685 1046 servandam
712 1013 823 1046 inserit
843 1013 966 1054 bullae,
993 1023 1011 1046 a
1036 1011 1100 1046 7-20
1124 1013 1164 1046 ad
1189 1012 1253 1046 722
1280 1023 1323 1053 a;
1350 1023 1447 1057 quam
1473 1012 1513 1045 ab
1538 1011 1690 1046 omnibus
1714 1009 1832 1044 servari
1856 1019 1954 1054 prae-

495 1066 583 1111 cipit,
603 1067 645 1099 ib.

407 1120 580 1153 Frumenta
599 1119 765 1153 extrahere
791 1131 806 1152 a
832 1120 921 1154 Statu
947 1119 1169 1154 Ecclesiastico
1195 1119 1338 1153 vetitum.
1368 1119 1402 1152 V.
1426 1118 1613 1153 Moderatio.

407 1173 557 1206 Fuiliensi
583 1173 614 1206 in
642 1173 837 1207 monasterio
855 1173 1014 1218 optimum
1040 1178 1189 1207 censetur
1213 1179 1247 1206 ut
1267 1172 1484 1207 constituatur
1507 1172 1607 1206 abbas
1632 1171 1809 1213 triennalis,
1837 1170 1900 1205 778
1924 1182 1955 1204 a.

494 1227 651 1260 Henricus
675 1227 712 1261 tv
743 1227 941 1261 Francorum
964 1232 995 1260 et
1018 1227 1179 1261 Navarrae
1203 1237 1258 1260 rex
1283 1226 1368 1260 cedit
1392 1226 1441 1260 ius
1472 1225 1663 1260 nominandi
1687 1225 1856 1266 abbatem,
1885 1229 1919 1258 nt
1941 1235 1961 1257 a

498 1280 666 1314 monachis
685 1280 833 1324 eligatur,
850 1280 890 1314 ib.
913 1281 941 1313 b.
967 1280 1156 1314 Huiusmodi
1182 1279 1326 1314 cessione
1349 1278 1649 1323 confirmatafflapa
1665 1278 1808 1312 declarat
1822 1278 1856 1312 in
1874 1277 1961 1312 dicto

498 1334 696 1368 monasterio
721 1334 795 1378 eligi
810 1334 928 1368 debere
943 1334 1092 1367 abbatem
1116 1333 1319 1375 triennalem,
1338 1333 1382 1367 ib.
1406 1338 1437 1367 et
1456 1343 1520 1377 seq.

1174 1449 1199 1484 G

411 1550 532 1585 Galliae
563 1555 595 1583 ct
628 1549 799 1594 Hispaniae
825 1549 907 1583 inter
941 1558 1032 1592 reges
1056 1558 1135 1593 paee
1150 1575 1157 1589 ,
1185 1548 1270 1592 Papa
1291 1552 1433 1587 auctore,
1457 1546 1646 1591 composita,
1670 1545 1735 1579 524
1752 1547 1789 1587 b;
1818 1546 1964 1581 Clemens

501 1603 671 1648 episcopos
695 1603 844 1637 bortatur
863 1609 898 1636 ut
922 1602 1048 1636 muneri
1069 1612 1128 1635 suo
1146 1601 1318 1644 diligenter
1336 1601 1516 1641 intendant,
1539 1599 1603 1633 525
1622 1611 1652 1633 α.
1677 1599 1840 1634 Simoniae
1855 1599 1961 1634 labem

500 1657 734 1697 exterminent,
764 1657 805 1689 ib.
835 1657 862 1690 b.
891 1656 1153 1690 Ordinandorum
1180 1661 1212 1688 et
1241 1653 1485 1688 ordinationum
1518 1664 1628 1687 curam
1662 1653 1822 1694 babeant,
1845 1652 1909 1686 52ss
1928 1663 1960 1693 a,

501 1710 688 1744 Seminariis
713 1716 743 1744 et
768 1710 854 1744 clero
879 1710 1039 1747 studuant,
1061 1709 1103 1742 ib.
1133 1709 1161 1749 b,
1191 1707 1404 1742 Ecclesiarnm
1423 1717 1656 1751 sacrarumque
1679 1706 1880 1740 functionum
1902 1717 1961 1740 cu-

502 1775 571 1797 ram
592 1763 764 1808 specialem
786 1768 961 1804 assumant,
978 1762 1041 1796 1⁶27
1056 1762 1084 1804 b,
1100 1766 1292 1806 caeteraque
1308 1760 1436 1806 pietatis
1450 1766 1480 1795 et
1497 1759 1690 1805 episcopalis
1709 1759 1852 1794 muneris
1865 1769 1966 1804 opera

504 1817 670 1862 impleant,
698 1816 762 1850 528
782 1828 802 1849 α
820 1822 849 1850 et
871 1817 898 1850 b.

414 1871 635 1906 Gebennensis
652 1871 832 1915 episcopus.
855 1870 889 1904 V.
906 1869 1043 1904 ltlauritii
1069 1874 1100 1903 et
1119 1867 1226 1903 Lazari
1253 1867 1342 1912 (Ss.).

415 1924 618 1960 Glierardum
637 1925 702 1968 (B.)
719 1924 897 1967 Sagredum
920 1929 1106 1968 martyrem,
1130 1933 1165 1956 ex
1184 1921 1303 1956 Ordine
1327 1921 1358 1955 S.
1375 1919 1550 1962 Benedicti,
1574 1919 1800 1965 Martyrologio
1821 1919 1967 1953 Romano

505 1978 643 2012 adscribi
669 1988 763 2022 posse
787 1977 989 2017 conceditur,
1016 1976 1082 2010 433
1101 1976 1128 2009 b.

415 2031 610 2065 Gliislerium
633 2031 804 2074 collegium
826 2030 899 2064 Pius
920 2031 942 2063 V
964 2030 1080 2074 Papiae
1102 2029 1212 2070 erexit,
1232 2027 1297 2061 4155
1317 2038 1357 2066 (ις
1386 2026 1595 2071 attribuitque
1616 2025 1871 2060 nominationem
1893 2025 1965 2059 alu-

507 2096 657 2119 mnorum
681 2085 784 2118 tribus
803 2084 987 2118 senioribus
1011 2094 1088 2117 suae
1113 2082 1263 2123 familiae,
1292 2082 1333 2114 ib.
1365 2080 1588 2115 Controversia
1613 2080 1717 2113 oritur
1742 2079 1824 2113 inter
1846 2078 1969 2114 Gliisle-

507 2138 571 2172 rios
590 2149 688 2183 super
708 2137 901 2183 pertinentia
922 2136 1106 2170 huiusmodi
1128 2139 1327 2181 patronatus,
1342 2135 1384 2168 ib.
1401 2135 1428 2168 b.
1446 2134 1592 2168 Clemens
1609 2143 1738 2168 causam
1756 2131 1967 2167 examinatam

507 2208 522 2229 a
543 2196 707 2230 nonnullis
727 2195 944 2229 cardinalibus
965 2194 1090 2235 delinit,
1109 2193 1174 2227 400
1194 2204 1224 2226 a.

418 2250 565 2283 Gioiosae
586 2249 757 2290 cardinali,
783 2247 1035 2283 administratori
1064 2247 1217 2281 ecclesiae
1241 2239 1440 2288 Tolosanae‚
1463 2246 1596 2280 facultas
1627 2243 1816 2278 conceditur
1839 2242 1968 2288 suppri-

509 2303 615 2336 mendi
634 2303 745 2336 decem
767 2302 972 2347 capellanias,
996 2301 1075 2335 duas
1095 2301 1272 2341 diaconias,
1294 2301 1374 2334 (luas
1398 2298 1625 2334 subdiaconias
1649 2302 1680 2331 ct
1705 2302 1778 2331 octo
1802 2296 1971 2331 clericatus

509 2356 702 2390 cathedralis
723 2355 875 2389 ecclesiae
901 2354 1138 2399 Mirapicensis‚
1162 2353 1204 2387 57
1228 2364 1270 2394 a;
1300 2353 1397 2398 idque
1425 2352 1464 2386 ad
1497 2361 1608 2397 preces
1632 2349 1717 2384 ren-i
1743 2348 1898 2394 episcopi,
1923 2348 1967 2383 ib.

509 2409 652 2443 l’ontit'cx
673 2419 736 2442 non
759 2409 862 2442 solum
881 2407 944 2441 voti
964 2407 1141 2442 sententiae
1156 2412 1340 2452 compotem
1363 2405 1446 2447 facit,
1460 2405 1515 2440 sed
1530 2404 1626 2439 etiam
1646 2403 1779 2437 modum
1794 2401 1972 2447 exequendi

509 2463 709 2508 supradictas
722 2462 903 2496 officiorum
918 2460 1162 2506 suppressiones
1174 2459 1316 2505 exponit,
1333 2458 1374 2491 58
1387 2470 1425 2499 a;
1452 2458 1583 2503 ipseque
1600 2457 1703 2500 legem
1723 2467 1740 2489 a
1760 2455 1878 2490 loanne
1892 2454 1971 2489 xxu

511 2516 606 2550 twam
628 2526 686 2561 pro
710 2515 882 2549 collatione
902 2514 1093 2557 dignitatum
1111 2541 1118 2553 ,
1145 2512 1415 2553 canonicatuum,
1438 2515 1510 2551 etc„
1533 2508 1708 2544 summarie
1735 2508 1844 2549 refert,
1871 2506 1913 2541 59
1936 2517 1967 2541 a.

512 2569 692 2614 Capitulum
715 2567 876 2602 contraria
896 2573 1014 2601 statuta
1034 2567 1219 2612 praedictae
1250 2565 1312 2609 legi
1337 2565 1456 2605 edidit,
1480 2564 1522 2597 ib.
1551 2563 1728 2608 Episcopus
1755 2559 1972 2606 Mirapicensis

513 2622 616 2664 legem
639 2633 655 2655 a
674 2623 790 2656 loanne
816 2622 892 2656 xxu
914 2621 1011 2655 latam
1034 2620 1157 2655 restitui
1183 2619 1281 2666 petit,
1304 2619 1347 2652 ib.
1373 2619 1401 2652 b.
1425 2618 1572 2653 Clemens
1596 2616 1658 2650 hoc
1679 2615 1783 2662 ipsum
1814 2612 1970 2648 cardinali

511 2675 697 2721 supradicto
717 2675 945 2721 praestandum
967 2673 1151 2716 committit,
1175 2673 1218 2708 ib.
1247 2678 1278 2707 et
1301 2683 1366 2719 seq.
