2253 3195
284 269 336 294 An.
355 268 382 294 c.
403 269 468 295 toea
514 259 577 292 02⁴¹»

299 2659 303 2666 ι
320 2652 349 2667 ‚tir

326 2627 403 2642 utilitit't

355 2657 381 2674 (n

416 2635 457 2641 ’
475 2625 479 2643 ¹
499 2624 614 2660 tionis,

483 317 619 350 summis
641 317 815 350 conflictati
843 316 1099 357 calamitatibus,
1128 317 1225 350 fidem

484 371 584 414 ipsam
615 376 719 403 tamen
749 370 930 411 retineant,
964 376 991 403 et
1013 370 1161 414 plerique
1190 381 1225 403 ex

484 425 598 457 eodem
625 434 724 466 regno
743 424 914 468 proscripti
942 429 972 457 et
994 424 1143 466 relegati,
1168 424 1226 457 sub

483 477 667 510 ohedientia
687 483 717 511 et
746 478 915 510 devotione
943 478 973 511 S.
1001 478 1037 511 R.
1066 477 1100 511 E.
1125 478 1226 521 persi-

483 536 620 570 stentes,
653 531 693 564 ad
724 531 842 564 Urbem
876 531 1076 575 praedictam
1115 531 1228 564 limina

483 584 529 616 Ss.
547 584 777 627 Apostolorum
790 584 950 625 visitandi,
969 585 1153 628 dictamque
1174 585 1228 618 Se-

485 637 557 670 dem
576 637 790 680 amplectendi
808 644 837 670 et
853 638 1105 680 recognoscendi
1126 638 1228 681 gratia

485 691 648 724 conssuere
661 692 800 726 soleant:
823 692 854 724 in
876 692 944 736 ipsa
956 703 1031 725 vero
1051 692 1136 725 Urbe
1150 693 1224 725 nul-

485 745 534 777 lus
556 745 659 778 adhuc
680 745 850 789 peculiaris
871 746 960 779 locus
988 746 1027 779 ad
1051 756 1227 790 puerorum

486 803 515 830 et
536 798 788 831 adolescentium
810 799 949 832 nationis
962 799 1086 833 Scotiae
1111 799 1224 833 liuius-

486 852 573 885 modi
588 852 655 896 <qui
678 853 864 896 parentibus
875 853 989 893 orbati,
1011 859 1065 886 aut
1085 864 1103 886 a
1123 853 1227 897 patria

487 905 605 946 exules,
629 906 676 939 vel
699 906 791 939 bonis
812 906 877 940 suis
888 907 1027 950 spoliati,
1044 907 1227 940 necessario

485 959 629 992 subsidio
645 987 652 999 ,
676 970 712 992 ac
733 960 829 993 etiam
852 960 1011 1004 spirituali
1033 961 1152 1004 pabulo
1173 961 1224 994 in-

487 1013 610 1057 digent)
633 1014 852 1057 receptionem
871 1020 901 1047 et
923 1015 1160 1056 educationem,
1184 1021 1229 1048 at-

487 1078 549 1110 que
569 1067 599 1099 in
620 1067 736 1111 pietate
753 1073 784 1100 et
801 1067 973 1101 christiana
986 1068 1154 1111 religione,
1171 1080 1229 1102 nec

487 1131 552 1154 non
577 1121 736 1154 honarum
770 1121 950 1155 litterarum
979 1122 1092 1155 studiis
1113 1122 1230 1156 instru-

488 1174 627 1207 ctionem
647 1175 837 1208 constitutus
854 1176 1045 1219 reperiatur;
1062 1176 1157 1210 aedes
1168 1187 1227 1209 au-

488 1232 552 1260 tem
576 1239 591 1261 e
612 1234 786 1272 conspectu
812 1229 965 1263 ecclesiae
993 1230 1026 1263 B.
1055 1230 1171 1263 Mariae
1192 1231 1230 1263 de

488 1282 761 1326 Constantinopoli
777 1289 991 1327 nuncupatae,
1005 1283 1145 1326 regionis
1164 1283 1231 1316 Tri-

488 1335 529 1367 vii
554 1336 593 1369 de
614 1336 698 1369 dicta
723 1337 819 1377 Urbe,
851 1337 935 1370 iuxta
964 1337 1045 1370 viam
1067 1337 1230 1380 publicam

489 1400 506 1422 a
527 1389 664 1430 duobus,
682 1396 711 1423 et
725 1390 858 1423 (lonium
878 1390 984 1423 dilecti
1000 1390 1055 1422 tilii
1071 1390 1231 1423 Michaelis

489 1441 666 1475 Sebastiani
687 1443 810 1476 incolae
836 1443 980 1477 eiusdem
1000 1444 1093 1476 Urbis
1118 1444 1231 1477 consi—

489 1501 617 1535 stentes,
639 1501 669 1529 et
687 1496 725 1528 asl
739 1496 903 1529 (latueram
918 1497 1135 1540 Apostolicam
1154 1509 1228 1542 spe-

490 1554 611 1582 ctantes
639 1550 741 1593 (quas
762 1550 896 1583 dilectus
923 1550 1006 1583 filius
1029 1551 1172 1584 Andreas
1192 1551 1230 1584 de

489 1603 623 1647 Spinosa
635 1603 810 1645 familiaris,
821 1604 992 1638 continuus
1006 1605 1232 1639 commensalis

490 1662 599 1689 noster
623 1658 662 1690 ad
685 1668 837 1701 praesens
859 1658 1032 1700 inhahitat)
1054 1669 1113 1702 pro
1136 1659 1227 1692 insti-

491 1712 611 1743 tuendo
642 1711 758 1744 ibidem
781 1711 917 1754 collegio
939 1713 978 1746 ad
1005 1723 1096 1745 usum
1119 1719 1150 1745 et
1175 1724 1232 1746 re-

491 1765 671 1808 ceptionem
712 1776 888 1809 puerorum
915 1772 945 1799 ct
974 1767 1231 1801 adolescentium

490 1819 730 1861 praedictorum
753 1819 906 1852 inservire
928 1820 1068 1864 possint,
1093 1832 1151 1854 nos
1165 1821 1232 1853 scli-

490 1872 534 1904 eis
560 1873 792 1905 record-‘incutis
817 1874 984 1907 Caelestini
1011 1880 1042 1907 ct
1073 1874 1229 1914 llouorii,

490 1926 694 1970 aliorumque
704 1927 923 1959 Romanorum
938 1927 1131 1966 Pontificum
1142 1939 1233 1971 prae-

490 1980 693 2013 ‹leeessoruui
722 1985 918 2017 nostrorum,
947 1980 999 2023 qui
1026 1980 1231 2024 praecipuam

491 2034 585 2067 liuius
607 2033 745 2066 nationis
766 2045 876 2066 curam
905 2034 1105 2074 habuerunt,
1136 2035 1230 2067 resti-

491 2088 549 2128 g;iis
576 2087 765 2127 inhaerere,
790 2099 825 2119 ai:
858 2087 980 2128 insigne
1007 2088 1133 2131 pietatis
1154 2099 1234 2132 opus

492 2141 674 2175 huiusmodi
709 2152 899 2184 promovere
920 2142 1073 2181 volentes,
1103 2147 1130 2175 et
1163 2153 1234 2186 spc-

494 2203 599 2229 rantes
617 2196 750 2229 omnino
773 2198 913 2229 l'uturuin
936 2202 967 2228 ut
992 2196 1089 2240 ipsius
1110 2197 1233 2239 collegii

493 2250 613 2283 alumni
638 2256 738 2282 tractu
768 2250 920 2293 temporis
940 2250 1132 2293 inultiplices
1157 2251 1231 2283 Tru-

494 2311 561 2336 ctus
575 2304 603 2336 in
620 2304 704 2337 dicto
720 2315 818 2344 tegno
837 2304 874 2335 ad
897 2304 1077 2336 animarum
1100 2305 1234 2337 salutern

495 2358 687 2400 producere,
712 2368 746 2389 ac
774 2357 868 2389 etiam
896 2357 1059 2389 eliminata
1082 2357 1232 2397 haeresi,

495 2411 671 2453 collapsum
692 2410 764 2442 lidei
781 2410 963 2453 praedii-hie
978 2410 1100 2442 cultum
1124 2417 1152 2443 et
1174 2411 1236 2443 arl-

497 2470 557 2496 tain
587 2464 774 2504 religionem
810 2463 839 2495 in
859 2474 914 2495 sita
946 2464 1046 2507 patria
1069 2464 1236 2497 restituere

496 2518 642 2550 ‹lt-lwant.

542 2574 557 2611 ξε
580 2571 607 2603 ’2,
634 2572 715 2603 Μιιιιι
740 2572 886 2615 propi-io,
910 2582 971 2604 nou
998 2572 1036 2603 ad
1060 2571 1158 2615 ipsius
1179 2582 1233 2603 na-

647 2625 689 2655 tel
718 2625 847 2656 :inerim
881 2637 938 2668 pro
961 2636 995 2657 ca
1018 2625 1110 2657 nolu>
1140 2636 1237 2668 super

500 2679 538 2709 lia·
579 2679 868 2720 ‹›'1t·i:v1·1=·titioni
909 2679 1102 2713 instantiam,
1125 2679 1178 2708 ¹wil
1201 2690 1234 2709 vx

1066 269 1249 293 nt'manlt'tt
1270 268 1423 293 nonatx‘t'n

1260 327 1349 350 mera
1370 317 1603 351 deliberatione
1619 345 1626 358 ,
1650 328 1686 351 ac
1704 328 1740 351 ex
1761 324 1848 352 certa
1868 318 2003 352 scientia

1260 370 1388 410 nostris,
1413 381 1449 403 ac
1470 370 1509 404 de
1529 371 1725 414 apostolicae
1752 372 1917 415 potestatis
1936 372 2004 416 ple-

1261 423 1418 464 nitudine,
1443 424 1475 456 in
1486 423 1619 457 aedibus
1639 424 1812 468 praedictis
1823 435 1924 458 unum
1938 425 2004 458 col-

1260 477 1392 519 legium,
1417 477 1557 511 nationis
1582 477 1708 511 Scotiae
1729 478 1999 522 nuncupandum,

1262 530 1293 563 in
1314 541 1378 574 quo
1411 531 1541 564 iuvenes
1562 536 1593 565 et
1615 532 1835 565 adolescentes
1859 531 2004 565 eiusdem

1261 584 1420 625 nationis,
1445 585 1485 618 ad
1512 585 1543 618 id
1564 585 1672 618 idonei
1700 585 1812 629 recipi,
1844 585 2004 629 bonisque

1263 638 1406 671 moribus
1426 638 1547 679 ornari,
1572 650 1608 671 ae
1629 649 1702 672 vera
1722 639 1841 683 pietate
1862 649 2005 683 sanaque

1262 691 1428 731 doctrina,
1461 697 1491 725 et
1518 691 1651 736 reliquis
1678 692 1852 725 christiano
1873 692 2006 726 homine

1261 747 1366 790 dignis
1398 748 1568 781 virtutihus
1594 748 1709 781 instrui
1739 748 1887 789 debeant,
1921 759 2002 792 apo-

1261 800 1373 834 stolica
1395 801 1598 842 auctoritate,
1622 806 1781 845 perpetuo
1802 801 1957 844 erigimus
1975 806 2007 834 et

1262 853 1468 888 instituimus.

1306 908 1322 949 ξ
1344 906 1374 940 3.
1398 907 1512 951 Illique
1533 907 1579 941 sic
1599 913 1707 941 erecto
1728 913 1758 941 et
1778 907 1924 941 instituto
1945 917 2005 951 pro

1262 971 1404 1003 congrua
1423 961 1490 994 eius
1511 961 1585 995 dote
1602 972 1639 995 ac
1658 962 1830 995 commoda
1847 961 1932 994 illius
1948 971 2003 995 re-

1263 1015 1371 1056 ctoris,
1384 1026 1652 1057 oeconomorum,
1663 1016 1904 1059 magistrorum,
1915 1025 2006 1059 prae-

1264 1074 1432 1113 ceptorum
1457 1075 1488 1103 ct
1509 1070 1706 1103 scholarium
1726 1070 1757 1102 in
1778 1080 1816 1103 eo
1837 1080 1897 1113 pro
1918 1075 2003 1103 tem-

1264 1133 1342 1166 pore
1367 1123 1571 1156 existentium
1602 1123 1855 1164 sustentatione,
1888 1133 2004 1156 monau

1264 1176 1396 1209 sterium
1411 1177 1625 1220 praedictum,
1636 1176 1723 1220 quod
1737 1187 1814 1209 cura
1826 1176 2007 1210 animarum

1264 1235 1294 1262 et
1315 1234 1473 1262 conventu
1494 1235 1577 1262 caret
1591 1257 1598 1270 ,
1615 1241 1652 1263 ac
1673 1229 1764 1262 cuius
1785 1235 1816 1262 et
1836 1229 1881 1262 illi
1900 1230 2008 1263 forsan

1264 1294 1462 1317 annexorum
1486 1283 1620 1324 fructus,
1644 1282 1767 1316 reditus
1785 1288 1815 1316 et
1835 1289 2008 1327 proventus

1265 1344 1394 1372 centum
1416 1344 1446 1372 et
1462 1338 1698 1382 quinquaginta
1719 1339 1912 1372 ducatorum
1937 1338 2008 1371 auri

1265 1393 1304 1425 de
1331 1392 1463 1426 Camera
1491 1392 1669 1425 secundum
1700 1402 1907 1425 communem
1929 1391 2008 1425 exti-

1265 1445 1440 1479 mationem
1472 1445 1615 1478 valorem
1645 1456 1809 1485 annuum,
1846 1450 1880 1478 ut
1908 1444 2006 1478 etiam

1265 1499 1471 1543 accepimus,
1496 1509 1558 1531 non
1582 1498 1740 1532 excedunt
1760 1497 1872 1542 quovis
1897 1498 2006 1537 modo,

1264 1554 1375 1596 <quem
1397 1551 1492 1585 etiam
1514 1552 1539 1584 si
1566 1563 1601 1585 ex
1626 1551 1680 1585 illo
1702 1551 1832 1596 quaevis
1851 1551 2010 1594 generalis

1264 1606 1451 1645 reservatio,
1475 1605 1571 1639 etiam
1593 1605 1625 1637 in
1646 1615 1783 1649 corpore
1804 1604 1882 1638 iuris
1903 1605 2010 1638 clausa

1264 1660 1408 1700 resultet,
1425 1659 1649 1703 praesentibus
1669 1658 1781 1691 haberi
1793 1658 1941 1691 volumus
1950 1667 2010 1702 pro

1265 1723 1437 1757 expresso,
1466 1718 1496 1746 ct
1522 1723 1557 1745 ex
1588 1712 1821 1755 cuiuscumque
1847 1720 2006 1755 persona,

1265 1778 1321 1800 seu
1349 1777 1406 1810 per
1427 1765 1562 1799 liberam
1591 1765 1770 1799 cessionem
1801 1763 1940 1798 cuiusvis
1970 1763 2009 1797 de

1267 1820 1351 1854 illius
1372 1820 1529 1862 regimine
1551 1825 1581 1852 et
1606 1818 1885 1852 administratione
1906 1817 1938 1850 in
1950 1817 2011 1851 Ro-

1268 1885 1361 1907 mana
1385 1874 1478 1907 Curia
1498 1874 1546 1906 vel
1569 1879 1656 1907 extra
1677 1884 1760 1913 eam,
1785 1872 1879 1905 etiam
1901 1882 2010 1905 coram

1267 1927 1393 1961 notario
1407 1927 1537 1972 publico
1556 1933 1585 1960 ct
1607 1926 1738 1960 testibus
1753 1931 1867 1970 sponte
1880 1924 2010 1967 saetam)

1268 1985 1368 2021 vacet,
1395 1980 1520 2013 etiamsi
1551 1985 1639 2012 tanto
1668 1985 1813 2023 tempore
1838 1977 2008 2019 vacaverit,

1268 2035 1354 2079 quod
1369 2035 1437 2068 cius
1451 2034 1603 2078 provisio,
1622 2034 1707 2066 iuxta
1717 2032 1936 2067 lateranensis
1947 2037 2011 2065 sta-

1269 2094 1334 2122 tuta
1355 2088 1499 2128 Concilii,
1521 2087 1561 2121 ad
1582 2088 1696 2121 Sedem
1716 2086 1914 2130 praedictam
1936 2084 2012 2132 legi-

1269 2143 1344 2176 time
1375 2141 1524 2175 devoluta
1555 2141 1681 2180 existat,
1706 2145 1736 2173 ct
1764 2139 1818 2172 illa
1846 2150 1881 2172 ex
1903 2138 2012 2182 quavis

1269 2207 1364 2230 causa
1384 2196 1424 2229 ad
1444 2195 1559 2229 Sedciu
1581 2194 1728 2227 eamdem
1754 2192 1937 2237 specialiter
1962 2191 2011 2225 vel

1269 2250 1463 2293 generaliter
1498 2249 1672 2293 pertineat,
1708 2259 1744 2281 ac
1766 2248 1804 2281 de
1831 2247 1885 2280 illo
1906 2246 2012 2280 consi-

1269 2304 1443 2337 storialiter
1471 2302 1597 2346 disponi
1628 2301 1852 2342 consueverit,
1876 2311 1931 2334 seu
1953 2300 2010 2334 do-

1271 2359 1353 2397 licat,
1378 2367 1502 2390 necnon
1523 2366 1621 2400 super
1641 2355 1761 2388 eisdem
1792 2354 1959 2396 regimine,
1984 2358 2015 2386 et

1270 2409 1549 2444 administratione
1577 2409 1659 2442 inter
1695 2408 1820 2451 aliquos
1841 2407 1900 2445 tis.
1924 2406 2015 2440 cuius

1270 2470 1385 2498 statum
1402 2463 1496 2496 etiam
1510 2460 1852 2507 piaesentiliusliaberi
1868 2460 2014 2493 volumus

1271 2530 1329 2562 pro
1344 2528 1504 2561 expresso,
1530 2516 1667 2559 pendeat
1688 2514 1828 2548 indecisa
1850 2514 2014 2557 (dummo-

1271 2572 1312 2604 do
1329 2577 1473 2614 tempore
1494 2570 1585 2603 datae
1608 2568 1825 2613 praescutium
1848 2565 2013 2611 praedicto

1273 2623 1468 2656 intonasterio
1483 2622 1521 2654 de,
1537 2622 1651 2654 aliliate
1670 2620 1845 2664 provisum,
1867 2623 1921 2651 aut
1935 2617 2013 2651 illud

1271 2677 1360 2708 :illexi
1384 2676 1644 2708 cominu-inlatum
1682 2673 1835 2706 cationi-w·
1863 2682 1925 2704 non
1947 2671 2012 2710 sit)

2019 269 2070 296 tin.
2090 269 2117 296 C.
2136 269 2199 299 1500
2235 251 2236 254 ’

2032 914 2152 945 Assignuttn

2021 945 2055 964 tls

2167 914 2202 936 dm
