2253 3195
883 270 980 294 isunx
1001 271 1106 293 nansia
1641 272 1644 276 ’
1667 258 1731 292 893

232 333 410 376 Arrigonus
426 331 610 376 Pompeius>
634 332 818 376 capellanus
838 331 1023 376 pontificius
1043 337 1073 365 ct.
1094 342 1262 365 causarum
1291 331 1401 365 Palatii
1433 330 1608 376 Apostolici
1636 329 1774 371 auditor,

322 386 378 419 ’171
403 387 430 419 b.

232 439 399 474 Assassinii
421 439 541 472 crimen
564 444 676 473 contra
695 439 944 473 Ecclesiasticos.
961 439 1005 472 Nc
1027 439 1148 472 iudices
1168 439 1346 472 saeculares
1365 449 1478 472 manus
1495 438 1677 477 extendam,
1695 437 1778 470 ultra

320 492 353 526 id
374 493 461 536 quod
482 493 585 531 decet,
606 492 637 524 in
658 503 812 536 personas
833 492 1075 533 ecclesiasticas,
1095 498 1195 536 utque
1214 492 1330 525 milites
1350 491 1490 534 religiosi
1512 490 1685 535 privilegiis
1713 489 1778 523 suis

320 546 541 590 perfruantur,
565 545 628 579 238
649 556 684 586 a,
709 546 853 579 decernit
884 546 968 589 Papa
990 546 1238 579 declarationem
1261 545 1404 578 criminis
1435 544 1594 577 assassinii
1616 543 1778 587 pertinere

321 599 361 632 ad
381 598 520 632 iudicem
552 598 814 639 ecclesiasticum,
838 598 933 639 ibid,
964 599 1071 642 quoad
1102 609 1175 632 vero
1197 599 1255 631 lios
1281 598 1396 631 milites
1425 603 1569 642 spectare
1601 597 1639 630 ad
1666 606 1777 630 eorum

321 652 514 696 superiores,
538 657 702 695 assumpto
723 652 784 685 loci
805 652 985 692 Ordinario,
1009 651 1072 685 138
1092 663 1110 685 α
1131 657 1161 686 et
1180 652 1206 685 b.

236 705 491 739 Assicurationes
512 705 676 738 faciendae
697 705 759 738 reis
779 706 994 739 Beneventum
1020 705 1279 748 confugientibus
1300 704 1476 748 (nonnullis
1498 709 1604 737 tamen
1630 702 1779 746 exclusis)

324 759 491 792 vallandae
510 764 584 791 sunt
605 759 769 792 nonnullis
787 758 1001 799 cautionibus,
1022 758 1085 792 (517
1106 770 1126 791 a
1139 764 1171 792 et
1184 759 1211 792 b.
1233 758 1380 801 Magister
1400 758 1439 791 ab
1460 757 1537 790 actis
1555 755 1781 799 gubernatoris

323 822 490 845 concessas
511 812 621 845 affidas
642 812 813 855 registrare
829 817 964 852 tenetur,
986 811 1049 845 018
1063 823 1092 844 a.
1111 811 1366 845 Assicurationes
1385 811 1582 844 frustraneae
1603 810 1782 844 redduntur

323 875 382 909 per
402 865 600 909 subsequens
618 865 769 898 delictum
792 865 822 898 in
845 865 996 898 comitatu
1018 866 1241 898 Beneventano
1272 870 1451 908 patratum,
1484 863 1562 897 ibid.
1592 864 1717 896 Poenae
1748 861 1779 894 in

326 919 575 961 gubernatorem
597 919 761 962 praedicta
782 929 846 952 non
868 919 1103 958 observantem,
1127 918 1205 951 ibid.
1227 918 1252 951 b.

237 972 425 1006 Auditorem
448 973 539 1005 Rom.
571 973 722 1006 Gamerae
750 973 808 1016 Ap.
833 973 977 1005 Clemens
996 973 1060 1006 wll
1087 972 1270 1005 Marcellum
1300 972 1430 1005 Lantem
1460 976 1547 1004 creat
1576 980 1648 1003 cum
1671 968 1779 1003 omni-

325 1025 384 1059 bus
405 1026 619 1065 facultatibus,
643 1025 920 1059 iurisdictionibus
941 1030 972 1058 et
991 1025 1177 1069 privilegiis,
1198 1024 1256 1057 ⁶281
1275 1036 1305 1058 a.
1323 1025 1381 1058 Sex
1403 1024 1503 1057 millia
1523 1029 1612 1057 scuta
1629 1033 1725 1056 aurea
1745 1033 1782 1055 ex

326 1079 483 1112 fructibus
501 1079 576 1112 dicti
599 1079 694 1112 officii
715 1079 874 1123 applicata
894 1084 1062 1112 remanent
1081 1079 1111 1112 C.
1128 1080 1163 1112 A.
1188 1078 1267 1111 ibid.
1290 1079 1317 1111 b.
1338 1078 1474 1111 Auditor
1493 1078 1614 1110 nullam
1635 1075 1784 1110 ecclesia-

327 1133 438 1166 sticam
461 1143 628 1166 censuram
650 1132 785 1165 incurrit
806 1132 836 1165 in
859 1132 961 1165 causis
982 1132 1204 1165 criminalibus
1225 1130 1491 1173 iudicandisstssss
1504 1141 1534 1163 α.
1558 1130 1669 1163 Nullus
1690 1129 1783 1162 iudex

327 1196 360 1219 se
382 1185 561 1219 immisceat
582 1186 613 1218 in
634 1185 738 1219 causis
756 1185 795 1218 ad
813 1185 1001 1218 Auditorem
1023 1185 1241 1229 spectantibus
1261 1185 1319 1218 sub
1341 1184 1452 1228 poenis
1473 1184 1505 1216 in
1534 1183 1621 1216 bulla
1643 1182 1781 1216 commi-

327 1239 419 1279 natis,
443 1239 520 1272 ibid.
544 1239 571 1272 b.
588 1239 706 1272 Causae
724 1249 782 1282 per
802 1239 989 1272 Auditorem
1012 1239 1213 1271 definiendae
1232 1243 1473 1277 enumerantur,
1488 1236 1551 1270 0283
1568 1247 1598 1269 a.
1614 1235 1784 1269 Monitoria

328 1298 439 1325 contra
460 1292 628 1336 episcopos
659 1292 699 1325 ad
731 1292 985 1335 comparendum
1014 1302 1072 1336 per
1093 1291 1196 1335 ipsum
1220 1293 1253 1324 Α.
1278 1291 1374 1324 scribi
1404 1290 1553 1330 vetitum,
1577 1289 1642 1322 284
1661 1300 1696 1329 cc,
1720 1299 1784 1322 non

327 1345 529 1379 obstantibus
561 1345 673 1378 litteris
693 1345 826 1388 Eugentt
858 1350 888 1378 et
908 1345 1033 1385 Leonis,
1058 1344 1121 1378 :³85
1141 1356 1170 1377 a.
1199 1344 1366 1386 Privilegia
1388 1344 1621 1377 confirmantur
1645 1342 1782 1376 Audito-

327 1399 416 1432 ribus
435 1399 587 1432 Gamerae
608 1410 770 1439 concessa,
795 1399 871 1431 ibid.
897 1400 924 1432 b.
949 1399 1023 1432 Eius
1044 1399 1074 1431 in
1097 1399 1219 1442 capella
1240 1398 1405 1441 pontificia
1432 1398 1520 1430 locus
1547 1402 1577 1430 et
1605 1397 1782 1435 facultates,

329 1452 393 1485 <286
411 1463 431 1485 a
451 1458 481 1485 et
498 1452 523 1485 b.
548 1452 672 1486 Iudices
697 1458 872 1495 nequeunt,
896 1452 955 1485 sub
977 1451 1089 1495 poenis
1110 1451 1141 1484 in
1170 1452 1257 1484 bulla
1276 1450 1442 1495 expressis,
1467 1450 1686 1483 executionem
1709 1459 1783 1482 sen-

331 1506 502 1539 tentiarum
522 1505 691 1549 impedire,
712 1505 774 1539 ⁹287
789 1517 818 1538 a.
837 1506 896 1538 Pro
911 1516 1037 1538 summa
1054 1505 1215 1547 sexaginta
1231 1505 1367 1537 millium
1388 1509 1566 1544 scutorum,
1582 1513 1664 1546 quae
1685 1502 1787 1535 dIctus

328 1559 496 1593 Marcellus
527 1559 699 1603 persolvit,
734 1560 819 1602 Papa
848 1559 969 1601 obligat
989 1559 1073 1592 bona
1092 1558 1201 1591 omnia
1220 1559 1250 1591 C.
1279 1559 1329 1597 A„
1359 1557 1434 1590 ibid.
1458 1557 1484 1589 b.
1513 1557 1544 1590 S.
1568 1557 1603 1589 R.
1625 1557 1657 1589 E.
1683 1566 1788 1589 came-

330 1612 434 1646 rarius
467 1612 562 1646 liuius
597 1612 834 1646 constitutionis
866 1618 1064 1656 exequutor,
1100 1611 1163 1644 ⁹288
1194 1623 1223 1644 α.
1262 1610 1519 1644 Reformationes
1556 1616 1650 1643 antea
1687 1610 1787 1642 factae

328 1671 593 1710 praeservantur‚
622 1665 686 1699 028¹.)
710 1677 749 1703 a:
776 1676 913 1709 quarum
935 1665 1034 1698 series
1059 1666 1207 1705 refertur,
1236 1664 1299 1697 0289
1324 1665 1362 1696 ad
1388 1663 1462 1696 ⁹291.

242 1720 357 1753 Avalos
387 1719 527 1760 tunicas,
565 1719 735 1763 episcopus
766 1719 950 1752 I'ortuensis
972 1724 1001 1752 et
1021 1719 1050 1752 S.
1078 1719 1113 1751 II.
1138 1719 1171 1751 E.
1195 1717 1366 1750 cardinalis
1388 1718 1426 1749 de
1446 1718 1595 1759 Aragona
1615 1727 1784 1760 nuncupa-

335 1778 395 1813 tus,
419 1772 622 1816 Apostolicae
635 1772 725 1805 Sedis
746 1773 785 1806 de
799 1773 897 1805 latere
918 1772 1051 1814 legatus,
1072 1772 1208 1804 durante
1229 1771 1374 1804 absentia
1394 1771 1433 1803 ab
1454 1770 1539 1804 Urbe
1559 1769 1682 1804 Summi
1706 1770 1788 1802 Pon-

334 1825 438 1866 tificis,
452 1825 516 1858 440
530 1826 547 1858 b
562 1831 664 1869 etseq.
688 1826 875 1859 Declaratur
894 1825 1026 1868 insuper
1046 1830 1110 1857 tam
1130 1829 1300 1867 sequentes
1318 1824 1448 1867 Papam,
1472 1833 1568 1866 quam
1586 1828 1788 1856 remanentes

333 1879 364 1912 in
397 1879 483 1913 Urbe
512 1889 581 1912 esse
611 1890 684 1912 vere
717 1879 863 1919 curiales,
891 1877 956 1911 list-'J
989 1889 1032 1917 a,·
1059 1888 1239 1921 eorumque
1263 1877 1419 1910 beneficia
1444 1877 1474 1910 S.
1503 1877 1538 1910 A.
1562 1887 1630 1910 esse
1658 1876 1785 1916 affecta,

332 1932 411 1966 ibid.
443 1933 470 1965 b.

244 1985 408 2020 Avenione
428 1985 494 2029 (de)
515 1986 689 2019 cardinalis
709 1985 897 2019 Franciscus
916 1985 1023 2023 Maria,
1043 1984 1124 2017 tituli
1146 1985 1176 2018 S.
1192 1984 1430 2017 Bartliolomaei
1452 1984 1483 2017 in
1502 1983 1616 2024 insula,
1637 1983 1791 2017 ecclesiae

332 2039 562 2073 Avenionensis
582 2040 722 2083 praesul,
746 2039 810 2072 370
828 2039 853 2071 b.

245 2092 484 2126 Avenionenses
516 2092 760 2136 archiepiscopi.
798 2093 914 2125 I'aulus
946 2093 983 2125 ΙΙΙ
1012 2091 1178 2135 privilegia
1210 2102 1360 2124 concessa
1391 2102 1407 2123 a
1439 2091 1504 2124 suis
1535 2090 1792 2124 antecessoribus

333 2145 585 2189 archiepiscopis
618 2145 894 2179 Avenionensibus
923 2145 1145 2185 confirmarit,
1173 2144 1237 2177 36⁴.)
1268 2145 1295 2177 b.
1331 2144 1378 2177 Ad
1414 2144 1603 2187 petitionem
1632 2143 1791 2176 Francisci

333 2198 450 2232 Mariae
468 2199 640 2232 cardinalis
665 2199 895 2232 Avenionensis
916 2199 977 2231 hoc
998 2199 1100 2242 ipsum
1121 2204 1260 2242 praestat,
1280 2198 1424 2231 Clemens
1442 2198 1517 2237 VIII,
1540 2197 1604 2230 370
1623 2197 1649 2229 b.
1666 2197 1792 2229 Eidem-

334 2263 396 2296 que
426 2252 670 2296 archiepiscopo
699 2253 853 2285 asseritur
882 2252 1061 2285 iurisdictio
1094 2263 1191 2295 super
1226 2251 1389 2284 nonnullis
1424 2250 1534 2283 castris
1566 2250 1596 2282 in
1634 2249 1793 2291 legatione

335 2305 559 2346 Avenionensi,
576 2305 635 2339 371
655 2316 693 2343 α;
709 2306 813 2348 legato
833 2315 908 2338 vero
930 2305 977 2337 ius
998 2305 1084 2348 quod
1107 2305 1145 2337 de
1166 2305 1235 2338 iure
1253 2305 1292 2337 ad
1313 2303 1500 2337 Pontificem
1519 2308 1650 2347 spectat,
1668 2302 1747 2335 ibid.
1763 2303 1790 2335 b.

334 2359 553 2402 Exequutores
585 2358 730 2403 deputati
760 2358 901 2402 episcopi
933 2357 1169 2399 Cavallicensis,
1193 2357 1488 2401 Carpentoratcnsis
1520 2362 1550 2389 et
1578 2356 1790 2397 Vasionensis,

336 2411 400 2445 37⁹2
418 2424 449 2446 a.

247 2466 485 2499 Avenionenscs
506 2465 739 2500 ecclesiasticos
757 2470 788 2499 et
798 2465 972 2499 Comitatus
987 2464 1162 2497 I'enaissini
1185 2464 1268 2497 inter
1289 2469 1319 2496 et
1336 2464 1468 2505 Legatos
1489 2463 1578 2497 Sedis
1592 2463 1795 2507 Apostolieae

337 2525 407 2552 orta
427 2519 644 2552 controversia
665 2529 762 2563 super
794 2518 920 2562 spoliiS,
945 2517 1117 2551 cardinalis
1145 2517 1314 2550 Farnesius
1335 2527 1449 2549 causac
1481 2516 1674 2549 renuncians
1701 2517 1796 2550 totale

336 2572 385 2605 ius
399 2572 485 2605 clero
500 2572 603 2612 cessit,
626 2572 696 2605 7411
710 2578 740 2605 et
755 2571 795 2604 75
808 2583 827 2604 a
848 2576 880 2604 et
893 2571 918 2603 b.
935 2572 1044 2604 Clcrus
1057 2576 1162 2603 autem
1182 2570 1331 2614 promisit
1344 2570 1370 2603 ei
1385 2571 1566 2603 soluturum
1587 2569 1674 2602 mille
1692 2576 1792 2609 scuta,

337 2624 434 2664 ibid.;
456 2635 552 2668 quam
574 2625 780 2658 concordiam
811 2624 909 2657 Iulius
929 2624 965 2656 Ill
988 2629 1089 2656 ratam
1112 2623 1234 2663 babuit,
1258 2628 1288 2655 et
1308 2622 1381 2655 Pius
1402 2622 1423 2655 V
1445 2623 1551 2656 denuo
1579 2622 1792 2662 confirmavit,

337 2677 513 2723 prohibens
533 2678 708 2723 quominus
725 2678 830 2711 clerus
851 2688 868 2711 a
888 2676 1000 2720 legatis
1021 2686 1079 2722 pro
1102 2676 1213 2721 spoliis
1235 2676 1471 2715 molestaretur,
1489 2675 1529 2708 76
1549 2686 1569 2709 α
1590 2681 1620 2710 οι
1639 2675 1665 2710 b.
1689 2675 1797 2709 Clerus
