2253 3195
288 252 338 280 An.
360 252 390 279 c.
405 252 474 280 1599
519 242 584 276 512

286 316 314 335 tm
330 318 398 337 untur,
410 315 472 334 iuris-

286 341 394 368 dietioque
435 347 471 361 eo-

286 374 331 388 rum
347 369 469 394 explicatur.

349 1433 471 1453 Auditorum

287 1460 408 1486 qualitate«.

486 301 518 333 in
545 301 670 334 civitate
696 299 862 343 praedicta
892 298 1090 332 Ferrariensi
1126 309 1226 332 unum

487 354 624 387 tribunal
659 352 841 386 audientiae
882 363 1052 385 causarum
1068 380 1075 392 ,
1113 353 1227 385 Rotam

486 406 756 449 nuncupandum,
779 404 943 449 perpetuis
966 405 1082 438 suturis
1102 410 1228 448 tempo-

485 460 574 492 ribus
595 459 799 497 duraturum‚
824 458 911 501 quod
939 464 1086 491 constare
1116 458 1228 491 debeat

485 512 628 555 quinque
660 511 842 547 iudicibus.
867 512 1068 544 auditoribus
1098 522 1227 544 nuncu-

485 566 617 609 pandis,
652 577 670 598 a
702 566 838 599 consilio
874 565 1008 598 civitatis
1046 565 1230 609 praedictae

484 620 698 653 Ferrariensis
719 621 846 663 singulo
867 620 1090 664 quinquennio
1111 619 1231 662 eligen-

484 673 543 713 dis,
565 673 618 717 qui
644 684 757 707 omnes
771 701 778 713 ‚
803 679 834 706 et
854 673 996 715 singulas
1017 673 1230 706 Ferrariensis

485 734 515 760 et
536 727 750 760 Comaclensis
765 727 942 767 civitatum,
955 732 985 760 et
998 737 1230 770 quarumcum-

484 791 546 824 que
566 787 739 821 terrarum,
764 786 942 814 castrorum
965 786 996 813 et
1016 780 1232 813 locorumdu-

485 840 574 867 catus
603 833 703 866 nostri
725 833 941 867 Ferrariensis
960 843 1082 873 causas,
1105 832 1177 865 lites
1201 838 1232 865 et

485 888 718 921 controversias
729 887 848 925 civiles,
861 898 965 920 meras
984 892 1014 921 et
1029 887 1141 920 mixtas
1151 897 1231 930 quo-

485 942 664 974 modolibet
686 941 863 974 actitandas
884 941 967 974 inter
984 941 1079 979 cives,
1095 941 1227 980 incolas,

485 995 699 1028 districtuales
710 995 919 1035 habitatores,
937 1006 972 1028 ac
985 994 1132 1036 collegia,
1145 993 1230 1036 agri-

485 1049 573 1082 colas
596 1058 738 1092 quoque,
763 1053 791 1081 et
814 1047 893 1081 alios
919 1058 1141 1091 quoscumque
1172 1047 1231 1080 suh

485 1102 645 1145 legatione
654 1101 852 1134 Ferrariensi
864 1101 1010 1134 subditos
1021 1111 1228 1143 cognoscere,

486 1155 636 1188 decidere
657 1165 694 1187 ac
715 1154 783 1187 fine
804 1154 912 1187 debito
935 1154 1109 1187 terminare
1127 1164 1164 1187 ac
1184 1153 1230 1186 iu-

488 1209 596 1242 dicare
634 1208 756 1252 possint
785 1214 815 1241 et
847 1209 1008 1249 debeant,
1042 1208 1231 1241 auctoritate

487 1263 673 1307 apostolica,
691 1269 802 1296 tenore
820 1263 1050 1306 praesentium,
1074 1268 1231 1307 perpetuo

487 1316 641 1358 erigimus
662 1322 692 1349 et
710 1315 918 1349 instituimus.

533 1368 598 1412 {⁹2
628 1369 785 1408 Quoniam
816 1379 892 1402 vero
924 1368 1034 1401 omnia
1062 1378 1100 1401 eo
1130 1367 1232 1410 magis

487 1424 612 1457 stabilia
643 1424 845 1464 redduntur,
875 1434 938 1467 quo
970 1423 1158 1456 solidiorem
1195 1433 1231 1455 ac

487 1478 656 1511 certiorem
673 1483 802 1517 statum,
818 1488 876 1521 per
897 1488 992 1521 quem
1015 1476 1151 1509 feliciter
1163 1475 1230 1518 regi

487 1537 516 1564 et
537 1531 709 1571 gubernari
731 1531 867 1571 valeant,
888 1535 1079 1569 assumunt3
1112 1529 1231 1562 idcirco

487 1585 548 1618 boc
581 1585 684 1629 ipsum
716 1586 816 1618 Rotae
847 1585 988 1617 tribunal
1023 1583 1233 1627 infrascriptis

487 1639 770 1672 constitutionibus
791 1645 819 1672 et
839 1638 1098 1671 ordinationibus
1119 1648 1233 1681 perpe-

488 1699 542 1726 tuo
563 1692 700 1725 firmiter
720 1691 930 1725 observandis
951 1691 1150 1724 fulciendum
1173 1691 1231 1723 du-

486 1746 601 1779 ximus.
625 1747 804 1790 Eaproptcr
828 1745 1016 1784 statuimus,
1041 1744 1233 1778 mandamus

488 1806 516 1832 et
536 1800 736 1838 ordinamus,
754 1805 784 1831 ut
802 1799 956 1843 praedicti
970 1798 1113 1842 quinque
1134 1798 1232 1831 Rotae

488 1853 652 1886 auditores
684 1853 819 1885 debeant
853 1863 920 1886 csse
954 1851 1030 1885 iuris
1065 1851 1233 1894 utriusque

489 1907 650 1943 doctores,
667 1916 731 1938 non
754 1917 788 1938 ex
808 1905 933 1937 civitate
959 1903 1156 1937 Ferrariensi
1180 1909 1234 1935 aut

489 1960 598 2004 aliquo
620 1970 655 1992 cx
678 1959 755 1992 locis
777 1958 930 2002 praedicti
950 1958 1095 1997 ducatus,
1112 1968 1146 1989 ex
1166 1957 1234 1989 aliis

489 2020 595 2046 tamen
631 2012 762 2046 ditionis
801 2011 1037 2045 ecclesiastieae
1077 2011 1170 2043 nobis
1205 2016 1234 2042 et

490 2067 691 2111 Apostolirae
711 2065 783 2099 Sedi
804 2065 987 2098 immediate
1007 2064 1168 2097 subiectae
1190 2064 1234 2097 lo-

490 2121 534 2153 cis
552 2119 693 2159 oriundi,
709 2130 855 2152 summae
873 2118 1076 2159 integritati&
1092 2118 1234 2162 pruden-

491 2175 564 2211 tiae,
588 2174 753 2207 doctrinae
775 2179 803 2206 et
825 2172 1061 2217 experientiae,
1084 2183 1147 2204 non
1176 2171 1234 2203 mi-

491 2239 584 2261 nores
607 2233 683 2260 natu
711 2227 803 2260 annis
822 2226 961 2266 triginta,
979 2226 1032 2270 qui
1055 2227 1236 2270 salteniper

491 2280 703 2325 quinquennii
733 2280 871 2324 spatium
906 2279 935 2311 in
969 2279 1098 2323 publii-a
1129 2279 1236 2322 aliqua

493 2335 606 2377 insigni
629 2334 795 2367 academia
814 2333 961 2374 legerint,
986 2339 1038 2366 aut
1062 2333 1092 2365 in
1116 2333 1235 2365 celebri

492 2389 601 2432 aliquo
612 2389 694 2427 loco,
712 2387 884 2420 iudicando
895 2387 941 2419 vel
954 2387 1152 2425 advocando,
1167 2387 1236 2419 soro

493 2453 624 2486 operam
647 2441 805 2478 dederint,
831 2451 935 2484 neque
958 2440 987 2472 in
1020 2440 1067 2472 bis
1095 2439 1237 2472 muneri-

494 2496 551 2527 bus
572 2494 731 2527 obeundis
752 2494 834 2526 inter
855 2500 1034 2537 postremos
1053 2493 1150 2525 babiti
1173 2494 1237 2525 l'ue-

496 2549 579 2585 riut.
613 2549 666 2581 sed
700 2549 864 2592 praeclare
896 2559 932 2580 ac
965 2547 1171 2581 laudabiliter
1204 2558 1237 2580 sc

496 2603 662 2645 gesserint.

541 2658 555 2699 ξ
583 2657 611 2689 ft,
648 2657 709 2689 llos
745 2667 856 2689 omnes
889 2667 904 2689 a
938 2655 1072 2689 consilio
1104 2655 1238 2689 civitatis

1069 250 1252 275 BULLARIUM
1272 251 1426 276 ROMANUM

1262 299 1484 339 Ferrariensis,
1506 299 1633 342 singulo
1653 299 1886 344 quinquennio,
1907 312 2002 335 exce-

1262 359 1317 396 pta
1340 353 1401 386 hae
1426 353 1531 397 prima
1560 353 1649 393 vice,
1679 353 1753 396 eligi
1781 355 1951 395 volumus;
1975 360 2006 388 et

1263 412 1432 450 postquam
1454 407 1547 440 electi
1572 407 1692 440 suerint
1715 407 1748 440 in
1768 407 1929 452 principio
1949 419 2006 442 seu

1264 467 1336 494 ante
1358 455 1539 503 ingressum
1566 472 1679 495 eorum
1708 461 1824 502 officii,
1847 461 1879 494 in
1904 462 2006 494 mani-

1265 515 1323 547 bus
1357 526 1417 558 pro
1453 520 1599 559 tempore
1631 515 1794 548 existentis
1833 515 1932 548 nostri
1976 521 2007 549 et

1264 568 1466 612 Apostolicae
1497 568 1586 602 Sedis
1617 568 1649 601 in
1678 568 1804 602 cix-itate
1831 574 1862 601 et
1888 568 2007 601 ducatu

1264 622 1461 655 Ferrariensi
1492 622 1530 655 de
1566 622 1666 655 latere
1696 622 1814 664 legati,
1853 632 1909 654 seu
1940 622 2008 655 eius

1264 675 1441 718 vicelegass,
1465 682 1520 708 aut
1537 675 1772 718 gubernatoris,
1787 674 2008 708 assistentibus

1265 728 1370 762 iudice
1406 729 1590 772 sapientum
1630 735 1661 762 et
1695 729 1772 772 ipsis
1809 728 2008 772 sapientibus

1265 782 1506 815 communitatis
1517 782 1694 823 Ferrariae,
1711 782 1920 816 iureiurando
1933 792 2009 826 pro-

1267 835 1392 868 mittant
1418 846 1451 868 se
1476 836 1515 868 ad
1535 846 1678 878 unguem
1698 836 1925 869 observaturos
1942 845 2007 868 non

1266 889 1363 922 modo
1394 888 1452 921 has
1480 889 1579 921 Rotae
1607 888 1873 930 constitutiones,
1896 898 2007 922 verum

1265 942 1361 975 etiam
1401 953 1514 975 omnes
1546 948 1577 975 et
1614 953 1835 986 quascumque
1873 942 2009 975 civitatis

1265 995 1430 1029 Ferrariae
1469 995 1686 1039 provisiones,
1718 995 1941 1028 ordinationes
1977 1000 2010 1028 et

1265 1054 1392 1089 statuta,
1415 1060 1474 1082 usu
1496 1059 1582 1082 nunc
1602 1055 1742 1092 recepta,
1766 1058 1892 1082 necnon
1912 1047 2006 1081 iusti-

1268 1103 1354 1143 tiam,
1375 1113 1439 1147 qua
1459 1103 1549 1136 decet
1569 1103 1736 1136 sanctitate
1756 1108 1787 1136 et
1807 1102 2006 1145 integritate,

1265 1156 1555 1197 administraturos,
1583 1157 1642 1189 sub
1663 1156 1775 1200 poenis
1795 1155 1930 1189 arbitrio
1950 1166 2006 1189 su-

1265 1210 1430 1254 periorum
1463 1209 1646 1252 infligendis
1677 1209 1709 1242 in
1740 1208 1929 1254 syndicatu,
1958 1208 2009 1242 cui

1265 1274 1320 1296 eos
1339 1263 1485 1303 omnino,
1509 1263 1600 1296 finito
1621 1273 1732 1296 eorum
1753 1262 1871 1303 officio,
1894 1261 2009 1295 subiici

1265 1317 1432 1357 volumus,
1457 1322 1487 1349 ct
1518 1317 1549 1349 in
1576 1327 1640 1360 quo
1667 1326 1732 1349 non
1752 1315 1813 1349 nisi
1839 1316 1879 1349 de
1908 1315 2006 1356 dolo,

1267 1370 1379 1403 fraude
1400 1375 1431 1403 ct
1454 1369 1638 1407 barattaria,
1663 1369 1749 1402 iuxta
1773 1369 1890 1414 stylum
1911 1368 2029 1402 totius*

1266 1423 1384 1462 ltaliae,
1401 1423 1520 1465 etlegis
1534 1422 1779 1466 dispositionem
1801 1422 1872 1455 illos
1893 1421 2006 1462 teneri,

1266 1477 1356 1510 etde
1381 1477 1430 1510 bis
1450 1487 1515 1510 non
1536 1476 1596 1509 nisi
1627 1476 1657 1509 in
1691 1476 1834 1519 singulos
1865 1475 2006 1519 inquiri,

1266 1542 1339 1564 cum
1361 1541 1424 1564 non
1449 1531 1489 1564 sit
1520 1530 1794 1575 praesumendum
1825 1529 2009 1563 universam

1266 1585 1379 1618 Rotam
1411 1585 1520 1618 dolum
1537 1612 1544 1624 ,
1565 1584 1708 1617 fraudem
1743 1589 1774 1618 et
1802 1583 2009 1617 barattariam

1267 1637 1524 1678 commissuram,
1539 1637 1732 1670 mandamus
1745 1643 1776 1670 et
1792 1637 2006 1670 declaramus.

1322 1691 1337 1734 g
1368 1690 1398 1724 lt.
1426 1690 1530 1724 Finito
1567 1696 1673 1723 autem
1706 1689 1812 1723 officio
1840 1700 1953 1723 eorum
1980 1694 2011 1723 et

1267 1745 1521 1789 uniuscuiusque
1549 1755 1661 1778 eorum
1676 1772 1683 1783 ,
1707 1745 1858 1778 nolumus
1885 1753 1940 1777 eos
1963 1743 2011 1776 vel

1267 1809 1462 1842 quemquam
1482 1808 1593 1831 eorum
1615 1808 1707 1841 posse
1728 1797 1843 1831 iterum
1868 1807 1928 1840 pro
1948 1796 2011 1830 alio

1267 1853 1490 1897 quinquennio
1523 1852 1596 1893 eligi
1631 1853 1678 1885 vel
1709 1851 1919 1891 confirmari,
1951 1850 2011 1884 nisi

1269 1913 1332 1939 tres
1365 1913 1470 1950 partes
1501 1918 1537 1939 ex
1564 1911 1702 1950 quatuor
1727 1905 1954 1948 suffragiorum
1980 1904 2012 1938 in

1268 1961 1403 1994 consilio
1432 1971 1490 2004 pro
1519 1971 1600 1994 nova
1630 1959 1788 1993 electione
1819 1970 1873 1993 seu
1894 1957 2014 1991 confir-

1269 2014 1410 2046 matione
1446 2014 1651 2053 obtinerent;
1690 2012 1898 2046 concedimus
1938 2021 2013 2045 vero

1269 2073 1300 2100 ut
1317 2073 1387 2111 post
1401 2067 1671 2111 quinquennium,
1692 2078 1709 2099 a
1731 2067 1781 2100 die
1802 2076 1916 2100 eorum
1937 2065 2010 2099 offi-

1269 2120 1307 2152 cii
1331 2120 1423 2159 siniti,
1447 2121 1612 2164 elapsum,
1638 2120 1705 2153 iure
1732 2125 1763 2152 et
1793 2124 1878 2153 recte
1905 2119 2013 2152 denuo

1270 2174 1342 2216 eligi
1366 2174 1499 2218 possint,

1315 2227 1379 2269 §5-
1405 2229 1441 2261 tit
1461 2228 1627 2272 quoniam,
1657 2233 1687 2260 ut
1716 2227 1928 2271 praemissum
1949 2232 2010 2267 est,

1270 2281 1433 2314 auditores
1453 2282 1492 2315 de
1513 2281 1737 2325 quinquennio
1765 2281 1796 2314 in
1828 2280 2012 2324 quinquen-

1271 2335 1358 2368 nium
1380 2335 1518 2376 eligendi
1544 2341 1638 2375 sunt,
1662 2341 1757 2379 atque
1778 2333 1941 2378 perpetuis
1960 2333 2011 2367 su-

1271 2388 1349 2421 turis
1371 2388 1570 2432 temporibus
1591 2388 1826 2421 observamlum
1842 2414 1849 2427 ,
1873 2385 2009 2420 rationi-

1271 2453 1332 2486 que
1353 2448 1603 2475 consentaneum
1620 2442 1721 2475 visunt
1744 2446 1802 2481 est,
1819 2446 1851 2474 ut
1874 2451 1957 2474 unus
1976 2451 2012 2474 ex

1272 2496 1320 2528 bis
1339 2496 1393 2539 qui
1415 2496 1628 2539 praet-edente
1642 2494 1865 2539 ‹piinquennio
1887 2494 1916 2527 in
1936 2494 2012 2527 Rota

1272 2549 1339 2588 snit,
1355 2549 1512 2582 incudem
1535 2549 1573 2581 ad
1596 2548 1666 2585 boc..
1682 2554 1714 2581 ut
1736 2547 1808 2581 novi
1831 2545 2012 2589 ingredien-

1273 2608 1317 2635 tes
1338 2602 1460 2636 facilius
1489 2608 1518 2635 et
1547 2602 1640 2634 eitius
1673 2602 1893 2639 instruantur,
1913 2599 2010 2643 quin-

1272 2656 1414 2699 quennio
1429 2655 1636 2699 subsequenti
1651 2659 1830 2694 remaneat;
1844 2658 2015 2697 propterea

2020 252 2070 280 An.
2085 252 2114 280 C.
2135 252 2205 281 1599

2064 325 2205 345 luramentum

2020 351 2047 372 ab
2083 352 2114 371 ei«
2144 356 2206 377 prae-

2020 380 2051 399 sta
2056 377 2125 398 ndum.

2075 1689 2212 1713 confirmatio

2027 1719 2048 1739 in
2058 1717 2128 1740 omnio
2134 1719 2212 1745 quibus

2027 1745 2162 1766 auditoribus
2191 1747 2213 1765 et

2027 1771 2112 1798 quando
2167 1771 2212 1792 nort

2027 1799 2100 1825 possit.

2049 2226 2140 2252 Tenum·
2148 2223 2213 2245 nmen

2029 2251 2216 2284 maumonii-quin·

2028 2285 2127 2306 quonum.
