2253 3195
241 247 290 274 An.
308 248 337 274 C.
358 247 424 275 ¹302
471 238 534 271 780

440 296 535 329 etiam
556 297 596 329 ad
616 296 688 336 hoc,
711 295 736 328 si
750 305 831 338 opus
851 293 957 333 suerit,
973 293 1178 326 auxiliobra-

441 349 505 382 chii
525 348 709 382 saecularis.
827 388 832 392 ι
1022 373 1030 382 ,

486 403 502 444 g
523 401 553 434 6.
582 401 652 434 Non
679 400 882 433 obstantibus
903 399 1004 432 felicis
1026 399 1178 432 recorda-

242 463 424 485 ‹nnianuatoim-
443 455 537 488 tionis
556 453 710 487 Bonisaeii
736 453 840 497 Papae
857 452 934 492 Vlll,
955 452 1182 496 praedecesso-

441 507 484 540 ris
501 506 613 547 nostri,
629 507 668 539 de
680 516 756 546 una,
775 511 806 539 et
827 505 857 538 in
879 505 1017 538 concilio
1040 504 1181 547 generali
1197 508 1201 580 ι

441 560 526 594 edita
547 560 586 593 de
606 559 730 592 duabus
748 558 872 599 diaetis,
896 558 1074 592 dummodo
1099 558 1183 591 ultra

442 619 506 646 tres
526 612 648 646 diaetas
668 612 784 655 aliquis
805 611 998 645 auctoritate
1024 620 1180 655 praesen-

442 665 522 698 tium
544 665 585 698 ad
606 664 759 698 iudicium
782 674 847 697 non
869 664 1023 704 trahatur,
1049 663 1184 707 aliisque

443 717 728 751 constitutionibus
754 723 785 750 et
815 716 1076 750 ordinationibus
1100 726 1180 760 apo-

442 771 574 811 stolicis,
598 781 634 804 ac
652 770 796 803 eiusdem
817 769 1004 803 monasterii
1025 769 1121 802 etiam
1137 768 1184 801 iu-

443 829 601 863 ramento,
629 822 877 856 confirmatione
909 821 1104 866 apostolica,
1136 821 1183 854 vel

443 877 555 921 quavis
575 876 727 910 firmitate
747 876 809 909 alia
827 875 998 917 roboratis,
1017 874 1143 909 statutis
1156 879 1187 907 et

445 929 737 964 consuetudinibus
752 957 759 968 ,
782 928 959 973 privilegiis
981 937 1123 971 quoque,
1140 926 1187 959 in-

445 982 542 1016 dultis
555 988 582 1015 et
606 981 721 1015 litteris
741 981 927 1026 apostolicis
948 978 1052 1014 eidem
1074 990 1186 1013 inona-

445 1035 554 1076 sterio‚
578 1035 730 1078 illiusque
749 1034 857 1067 abbati
878 1040 907 1067 et
926 1032 1110 1073 conventui,
1133 1038 1187 1065 aut

446 1088 517 1122 aliis
538 1087 797 1132 quibuscumque
819 1086 850 1119 in
871 1085 1070 1119 contrarium
1095 1095 1188 1129 prae-

446 1141 620 1174 missorum
642 1139 889 1184 quomodolibet
914 1138 1084 1178 concessis,
1112 1148 1188 1171 con—

446 1193 582 1227 firmatis
603 1199 633 1227 et
653 1193 849 1237 approbatis.
884 1192 1006 1232 Quibus
1037 1190 1188 1225 omnibus

446 1247 630 1290 etsingulis,
647 1246 771 1280 etiamsi
786 1256 844 1290 pro
867 1245 996 1278 illorum
1017 1243 1187 1278 sufficienti

447 1300 657 1343 derogatione
684 1299 723 1332 de
752 1299 814 1332 illis
839 1309 1018 1342 eorumque
1052 1297 1124 1330 totis
1145 1302 1207 1330 teu

411 1369 415 1372 ·
446 1354 580 1387 norihus
611 1352 781 1397 specialis,
809 1351 958 1396 specifica
985 1357 1015 1384 et
1040 1360 1208 1395 expressa»

448 1407 570 1440 mentio
597 1406 745 1439 habenda
770 1411 867 1445 esset,
900 1404 1029 1438 illorum
1063 1409 1189 1437 tenores

446 1459 671 1504 praesentibus
688 1470 747 1503 pro
766 1457 923 1502 expressis
940 1457 1106 1497 habentes,
1130 1455 1189 1489 hac

446 1513 514 1546 vice
538 1514 703 1546 dumtaxat
723 1511 906 1556 specialiter
926 1517 955 1544 et
970 1521 1119 1556 expresse
1140 1510 1190 1543 dc-

447 1577 609 1610 rogamus,
633 1565 833 1610 caeterisque
864 1564 1032 1599 contrariis
1055 1563 1189 1609 quibus-

448 1631 597 1664 cumque.

491 1674 605 1707 Datum
638 1673 758 1706 Rornae
787 1672 874 1716 apud
906 1673 936 1705 5.
969 1672 1107 1705 Marcum
1131 1670 1190 1704 sub

447 1725 568 1758 annulo
590 1723 760 1757 Piscator-is
774 1723 825 1756 die
848 1733 877 1757 iv
896 1722 1088 1761 manuvea,
1108 1731 1190 1766 pon-
1208 1730 1209 1738 ¹

449 1778 587 1811 tilicatus
607 1777 707 1811 nostri
728 1787 813 1811 anno
833 1787 876 1811 xi.

485 1841 541 1867 liat.
558 1840 601 1867 die
621 1840 637 1867 4
654 1839 716 1867 maii
735 1839 812 1874 1002,
835 1839 930 1875 pontis.
949 1848 990 1866 an⁴
1011 1845 1044 1865 xi.

1199 582 1202 604 Ι

727 2026 914 2060 CCLxxxn.

453 2124 642 2157 Commissio
672 2124 816 2166 episcopo
839 2122 1030 2164 Eysletlensi
1056 2125 1092 2153 ul
1116 2132 1191 2154 ron·
1212 2142 1213 2153 i

495 2188 600 2229 firmet
620 2186 894 2229 Imrmutalo'nnem
921 2185 1001 2228 lmus
1024 2184 1192 2217 Olwrliau-

496 2259 564 2286 ,ετ-η,
587 2247 630 2279 ad
661 2247 827 2279 ecclasimn
858 2247 1090 2289 Aaqustamrm
1121 2256 1215 2303 spr-¹

497 2311 626 2350 carneis,
643 2321 712 2342 cum
734 2309 1023 2353 1mynlssppsslmrg,
1039 2309 1082 2340 ml
1100 2319 1195 2352 prae·
1214 2339 1215 2366 1

497 2373 618 2405 dictam
638 2372 801 2404 cia-itatem
820 2372 1011 2415 pertinente,
1022 2372 1108 2404 inter
1125 2371 1194 2415 rpi-
1214 2377 1216 2415 ς

498 2445 627 2478 scapton
654 2438 682 2466 v!
709 2434 939 2476 nnufistratum
965 2434 1216 2475 Αηςμιςίιιηηηιἰ

499 2498 630 2538 santam,
643 2501 805 2539 “itatenus
818 2495 918 2528 eidem
935 2495 1094 2528 &artesiae
1106 2495 1199 2528 utilis

1214 2543 1217 2552 i

501 2557 718 2600 commoriatur
738 2559 755 2589 ¹.
1020 2553 1024 2558 ’
1216 2570 1217 2592 l

495 2637 503 2662 1
525 2634 558 2662 Er
582 2635 688 2670 tingo-i.
711 2636 735 2662 in
749 2635 852 2662 Sunt-4.
871 2635 1004 2663 nrm-ium.

1020 245 1204 280 nuLLARtUM
1223 246 1374 270 ROMANUM

1263 293 1433 321 Venerabili
1452 293 1539 321 fratri
1565 294 1704 328 episeopo
1723 293 1908 328 systettenzi

1398 364 1553 395 Clemens
1573 364 1667 404 Papa
1684 363 1776 393 vm.

1436 445 1622 472 Venerabilis
1642 445 1761 479 frater,-

1251 499 1382 526 salutem
1405 502 1437 526 et
1460 499 1652 533 apostolicam
1671 498 1922 526 benedictionem.

1260 561 1276 604 ἓ
1294 560 1323 593 sl.
1347 561 1470 604 Exponi
1487 561 1581 594 nobis
1601 571 1704 604 nuper
1725 561 1797 594 feeit
1821 571 1955 594 venera-

1218 613 1289 646 bilis
1306 613 1402 647 frater
1422 614 1578 648 Henricus
1602 614 1773 658 episcopus
1797 614 1956 656 Augusta-

1219 677 1289 707 nus,
1308 667 1408 710 quod,
1431 667 1515 700 inter
1534 667 1597 700 alia
1617 667 1702 700 bona
1723 666 1900 700 immobilia
1920 667 1959 700 ad

1219 719 1441 763 episcopatum
1477 725 1508 752 et
1543 719 1711 753 ecclesiam
1744 719 1960 762 Augiistanam

1219 772 1427 816 pertinentia,
1451 778 1535 806 extat
1553 773 1640 806 haud
1666 773 1762 815 longe
1793 783 1810 805 a
1835 772 1962 806 civitate

1220 826 1406 868 Augustana
1424 835 1526 869 pagus
1552 825 1760 859 Oberlaeausen
1779 825 1894 866 dictus,
1911 825 1962 859 cui

1221 889 1303 923 pago
1335 878 1449 912 lluvius
1478 878 1562 912 inter
1594 878 1699 922 ipsum
1739 883 1770 912 ct
1800 878 1962 912 civitatem

1221 931 1420 976 praedictam
1450 931 1638 966 interfluens
1670 937 1784 965 natura
1812 931 1875 965 loci
1906 931 1962 965 de-

1222 984 1389 1028 pressioris
1410 984 1453 1018 ita
1478 985 1647 1024 imminet,
1670 984 1859 1028 praesertim
1890 993 1963 1018 cum

1223 1037 1381 1070 imbribus
1398 1042 1454 1070 aut
1472 1037 1632 1070 nivalibus
1653 1037 1744 1081 aquis
1766 1036 1961 1078 intumescit,

1223 1096 1257 1124 ut
1286 1090 1347 1123 nisi
1376 1090 1538 1124 continuis
1563 1090 1714 1134 operibus
1734 1089 1820 1124 intra
1838 1090 1964 1124 alveum

1223 1143 1448 1184 contineatur,
1471 1143 1638 1187 praedicto
1669 1153 1752 1187 pago
1780 1143 1966 1186 gravissima

1223 1196 1340 1229 damna
1359 1196 1486 1237 inserat,
1509 1196 1608 1229 inimo
1630 1196 1718 1230 brevi
1739 1202 1883 1240 tempore
1901 1196 1966 1230 rui-

1223 1260 1296 1282 nani
1330 1249 1358 1281 ei
1389 1250 1545 1283 allaturus
1573 1249 1730 1284 rideatur.
1751 1249 1806 1283 Cui
1834 1249 1965 1293 quidem
1995 1275 1998 1279 .

1224 1303 1309 1336 malo
1330 1309 1549 1337 antecessores
1573 1303 1730 1346 praedicti
1750 1303 1879 1337 Henrici
1901 1303 1969 1347 epi-

1223 1356 1311 1400 scopi
1331 1366 1391 1400 pro
1408 1355 1529 1389 viribus
1548 1366 1722 1389 occurrere
1740 1355 1845 1389 conati
1869 1361 1964 1396 sunt3

1223 1419 1259 1442 ac
1280 1409 1311 1442 in
1333 1408 1557 1442 construendis
1577 1408 1747 1451 aggeribus
1766 1413 1796 1442 ct
1815 1408 1886 1452 ripa
1899 1418 1969 1442 mu-

1224 1461 1341 1495 nienda
1362 1471 1541 1505 paucorum
1563 1471 1721 1494 annorum
1743 1460 1846 1505 spatio
1867 1461 1969 1495 multa

1225 1514 1326 1548 millia
1353 1516 1552 1548 florenorum
1583 1514 1823 1558 impenderunt.
1851 1513 1969 1548 Verum

1224 1568 1393 1602 occasione
1422 1567 1583 1602 dictorum
1613 1577 1749 1612 operum
1775 1577 1848 1600 cuin
1870 1566 1970 1610 magi-

1206 1609 1209 1655 ¹‚
1225 1627 1325 1654 stratu
1347 1621 1484 1663 civitatis
1503 1622 1708 1664 Augustanae
1722 1620 1753 1653 in
1768 1619 1971 1663 gravissimas

1227 1674 1296 1707 lites
1316 1678 1347 1707 et
1367 1673 1545 1706 discordias
1559 1673 1753 1714 inciderunt,
1779 1683 1851 1706 cum
1867 1672 1972 1707 dictus

1226 1726 1430 1768 magistratus
1458 1725 1498 1758 ab
1527 1725 1649 1769 aliquot
1675 1724 1767 1758 annis
1791 1736 1824 1759 se
1854 1725 1968 1759 liuius-

1227 1780 1313 1814 inodi
1333 1779 1552 1819 munimentis,
1577 1778 1604 1811 vi
1629 1784 1661 1812 et
1677 1778 1786 1819 arinis,
1805 1788 1971 1822 opponere

1227 1833 1381 1877 coeperit,
1402 1832 1633 1876 operariosquc
1654 1831 1792 1871 invadat,
1817 1836 1913 1875 atquc
1938 1842 1971 1865 e-

1228 1887 1303 1920 tiarn
1329 1886 1463 1919 vinculis
1489 1891 1520 1919 et
1543 1885 1727 1919 carceribus
1752 1884 1791 1918 ad
1819 1884 1971 1919 deseren-

1228 1941 1303 1974 dum
1325 1950 1406 1984 opus
1426 1938 1617 1982 compellam
1636 1938 1722 1971 unde
1742 1939 1860 1971 l'actuni
1881 1942 1973 1971 estut

1229 2003 1291 2026 non
1309 1992 1415 2026 solunt
1436 1991 1517 2035 ripa,
1546 1996 1643 2035 prout
1670 1990 1841 2024 necessitas
1866 1989 1973 2034 requi-

1211 2046 1282 2085 iit,
1307 2044 1445 2089 amplius
1474 2054 1537 2077 non
1568 2043 1669 2088 possit
1698 2043 1834 2084 munti-i,
1863 2053 1972 2077 verum

1229 2099 1324 2132 etiam
1347 2108 1446 2142 opera
1471 2097 1617 2130 maximis
1636 2098 1862 2142 episcoporum
1888 2107 1975 2130 sum-

1231 2152 1337 2196 ptibus
1357 2157 1512 2189 extructa,
1537 2151 1566 2184 in
1588 2150 1714 2183 irritum
1737 2150 1881 2183 recidant
1901 2160 1973 2184 cuin

1230 2205 1367 2238 evidenti
1389 2205 1535 2249 periculo
1557 2203 1655 2248 ipsius
1669 2203 1760 2248 pagi;
1781 2215 1816 2236 ac
1831 2203 1972 2247 insuper,

1231 2259 1272 2291 oli
1293 2257 1476 2291 huiusmodi
1498 2257 1728 2301 impedimenta
1743 2262 1774 2289 et
1794 2255 1972 2296 violentias,

1233 2311 1369 2344 inaxinia
1390 2310 1592 2343 exacerbatio
1621 2310 1704 2343 inter
1735 2315 1841 2354 partes
1867 2313 1976 2342 exorta

1232 2371 1289 2405 est,
1310 2376 1345 2398 ex
1365 2375 1427 2409 qna
1448 2363 1594 2398 enormia
1610 2364 1762 2397 scandala
1782 2361 1910 2396 evenire
1931 2361 1972 2395 ti·

1233 2423 1374 2451 utentur.

1277 2473 1293 2514 ξ
1325 2470 1355 2504 ⁹2.
1389 2470 1478 2504 llisce
1510 2474 1617 2503 antoni
1651 2467 1913 2502 contentionibus
1943 2472 1975 2500 ct
2025 2472 2031 2484 ·

1234 2523 1384 2568 iic-riculis
1402 2534 1418 2555 e
1445 2523 1550 2556 inedio
1573 2521 1732 2562 tollendis,
1751 2520 1780 2554 in
1802 2518 1975 2554 concordia

1233 2575 1375 2617 generali
1397 2585 1501 2619 nuper
1527 2574 1610 2608 inter
1634 2573 1834 2618 praedictum
1864 2570 1975 2605 ilenri-

1233 2639 1305 2661 cnui
1338 2627 1525 2672 episcopum
1558 2633 1587 2661 et
1619 2626 1840 2670 magistratum
1870 2623 1975 2657 dictae

1968 243 2017 273 An.
2033 245 2066 283 c.>
2082 239 2158 301 iaq-

2128 316 2150 346 ,τ

1995 566 2079 588 eausa
2152 579 2156 585 -
2199 573 2203 596 4

1974 593 2059 615 tationis
2082 594 2122 618 ·-,⁴'
2143 606 2155 614 a
2198 584 2203 607 ¹«

1974 619 2022 641 dae.
2200 626 2202 635 ι
