2253 3195
461 226 526 261 924
1015 237 1191 262 mmmmm«
1215 238 1369 264 Romanu

418 299 590 332 Romualdi
609 298 672 343 (S.)
693 297 828 339 abbatis,
853 297 1033 332 fundatoris
1053 298 1182 333 Ordinis
1206 300 1513 341 Camaldulensium,
1536 300 1634 335 festus
1650 301 1828 344 institutus,
1851 302 1904 336 die
1919 313 1968 337 sc-

505 352 608 396 ptima
627 351 793 392 februarii,
817 350 876 384 201
903 351 920 384 b
933 363 943 391 ,·
966 351 1021 395 qui
1042 352 1110 386 eius
1129 353 1346 388 translationis
1366 359 1425 395 est,
1447 352 1512 387 202
1532 365 1572 396 α;
1598 354 1658 388 sub
1678 355 1743 389 ritu
1764 355 1897 400 duplici,
1920 356 1971 389 ibt

418 406 500 439 Rosa
525 405 593 448 (de)
612 403 844 438 monasterium
867 404 898 437 in
923 404 1009 438 Urbe
1034 405 1064 439 S.
1085 405 1287 440 Catharinae.
1303 407 1472 441 Protector
1489 413 1527 443 „et
1551 408 1757 452 congregatio
1781 408 1876 443 huius
1900 419 1968 443 mo·

505 458 637 491 nasterii
663 468 779 501 cogere
804 463 938 502 possunt
961 458 1145 502 puellarum
1171 465 1322 504 parentes
1346 466 1401 494 aut
1426 461 1693 504 consanguineos,
1709 463 1749 496 ad
1763 472 1844 506 quos
1857 472 1974 496 earum·

507 511 706 545 alimentatio
730 516 863 556 spectat,
891 511 931 545 ad
955 513 1185 555 praestandum
1213 512 1446 555 eisalimenta,
1463 513 1527 547 870
1547 525 1568 547 a
1591 520 1620 548 et
1642 515 1670 548 b.
1692 515 1823 550 Puellae
1843 515 1968 549 veroin

506 564 703 598 monasterio
721 565 874 608 degentes
898 565 988 598 nullo
1016 571 1110 609 pacto
1132 566 1325 600 contrahere
1350 573 1503 612 possunt,
1524 567 1645 612 absque
1664 568 1796 602 licentia
1820 568 1966 613 praelati,

506 623 733 662 praeterquam
752 617 784 651 in
810 619 1018 652 commodum
1046 620 1247 660 monasterii,
1271 619 1329 654 871
1360 621 1387 654 b.
1417 621 1442 654 A
1466 621 1723 665 Congregatione
1747 633 1824 655 vero
1841 622 1970 656 dotatae

507 677 538 705 et
561 677 692 716 nuptae,
719 671 745 705 si
769 671 853 706 filios
889 682 954 705 non
980 672 1111 714 habent,
1139 673 1179 707 de
1203 673 1269 707 suis
1293 673 1387 708 bonis
1421 685 1485 708 non
1512 674 1701 719 disponant,
1729 675 1843 709 etiam'
1861 675 1969 709 favore

505 725 652 759 locorum
678 725 819 769 piorum,
843 729 914 766 etc„
938 724 1001 758 872
1026 737 1056 759 α.

418 778 566 813 Ruthena
585 778 674 812 natio
694 779 858 812 Romanae
874 779 1035 813 Ecclesiae
1066 780 1188 821 unitur,
1216 780 1281 815 239
1306 782 1333 814 b.
1363 781 1468 815 Series
1486 782 1560 816 sacti
1581 782 1753 827 exponitur
1772 782 1970 827 nominaque

505 832 691 866 reseruntur
711 843 824 866 eorum
846 833 913 877 qui,
938 843 989 866 an.
1024 843 1155 875 nexem
1178 834 1286 868 redire
1307 835 1347 869 ad
1366 835 1544 869 Ecclesiam
1564 835 1744 870 Romanam
1773 841 1966 877 statuerunt,

506 884 571 919 240
591 886 619 919 b.
642 886 712 920 Duo
729 885 761 919 in
785 886 900 930 primis
921 886 1010 920 fuere
1024 886 1115 921 electi
1138 887 1280 932 episcopi
1298 888 1432 932 probae
1452 889 1715 923 reconciliatione
1727 895 1967 934 procuratores,

505 938 566 973 241
594 950 630 981 α,·
652 939 707 984 qui
727 940 912 987 supfflieant
930 950 990 985 pro
1011 940 1207 985 receptione,
1224 941 1357 976 retentis
1375 942 1489 976 ritibus
1509 943 1645 986 graecis,
1665 943 1746 977 ibid.
1760 944 1788 977 b.
1811 943 1967 984 Clemens,

508 993 605 1027 rebus
622 993 654 1026 in
672 993 929 1037 Congregatione
958 993 989 1028 S.
1017 993 1118 1028 Officii
1139 995 1349 1036 examinatis,
1373 996 1603 1030 concistorium
1629 996 1761 1038 indicit,
1784 996 1850 1030 242
1878 1008 1916 1038 α,·
1937 997 1970 1031 in

507 1057 572 1091 quo
597 1047 699 1081 lectae
727 1047 858 1081 suerunt
890 1047 1015 1081 litterae
1034 1048 1270 1089 Rutbenorum,
1294 1055 1390 1093 atque
1410 1055 1546 1094 uterque
1563 1050 1734 1095 episcopus
1753 1049 1828 1084 fidei
1849 1050 1972 1094 profes·

507 1101 631 1135 sionem
653 1100 760 1135 emisit
779 1101 911 1134 nomine
932 1101 1029 1135 totius
1049 1101 1200 1143 nationis,
1223 1102 1303 1136 ibid.
1331 1103 1358 1136 b.
1391 1103 1550 1137 Professio
1578 1103 1654 1138 fidei
1680 1103 1823 1148 episcopi
1844 1103 1970 1138 Wlodi-

507 1154 680 1195 miriensis,
703 1153 768 1188 243
788 1165 828 1195 a;
861 1153 1059 1198 alteriusque
1090 1155 1312 1199 procuratoris
1333 1156 1476 1200 episcopi
1496 1156 1732 1197 Luceoriensis‚
1754 1156 1836 1190 ibid.
1857 1156 1883 1190 b.
1907 1157 1970 1191 No·

504 1207 592 1241 mina
609 1207 842 1252 praelatorum,
867 1206 932 1241 244
951 1219 981 1241 α.
1009 1208 1263 1243 Poenitentiario
1289 1210 1404 1243 maiori
1428 1210 1573 1254 ipsorum
1605 1210 1766 1244 absolutio
1786 1220 1805 1244 a
1828 1209 1972 1244 censuris

510 1261 734 1302 committitur,
757 1260 838 1294 ibid.
863 1261 891 1294 b.
924 1261 1003 1305 Ipsis
1027 1272 1104 1295 vero
1125 1262 1392 1306 procuratoribus
1411 1263 1504 1297 venia
1525 1264 1599 1297 data
1618 1263 1805 1298 absolvendi
1828 1269 1972 1298 caeteros

503 1325 580 1348 suae
597 1314 748 1355 nationis,
768 1313 833 1348 245
853 1325 882 1347 α.
906 1314 1068 1349 Admissio
1092 1316 1131 1349 de
1154 1326 1217 1360 qua
1237 1327 1344 1360 supra,
1368 1317 1447 1350 ibid.
1474 1317 1638 1351 Pontifieis
1655 1316 1810 1362 precatio,
1832 1317 1912 1351 ibid.
1941 1316 1968 1351 b.

510 1367 659 1412 Episcopi
684 1367 824 1402 Rutheni
849 1367 1073 1412 supplicarunt
1091 1369 1191 1413 recipi
1213 1369 1244 1402 in
1270 1369 1430 1403 Ecclesiae
1450 1370 1631 1404 Catholicae
1652 1370 1824 1413 gremium,
1847 1369 1906 1403 251
1939 1381 1991 1404 α.·

507 1421 612 1455 Motus
643 1421 796 1465 proprius
815 1421 980 1455 Pontificis
1012 1432 1076 1465 quo
1104 1422 1205 1466 petita
1225 1423 1383 1464 concedit,
1407 1423 1488 1457 ibid.
1510 1423 1536 1457 b.
1557 1424 1705 1457 Facultas
1730 1423 1974 1468 archiepiscopo

509 1474 760 1519 metropolitano
777 1474 937 1508 Kioviensi
957 1475 1183 1517 etHaliciensi,
1199 1476 1246 1510 vel
1267 1476 1306 1510 de
1331 1476 1399 1510 eius
1419 1476 1552 1510 licentia
1571 1477 1626 1510 alii
1647 1477 1806 1512 catholico
1827 1476 1970 1519 antistiti,

509 1527 718 1562 consecrandi
740 1527 860 1562 electos
873 1528 912 1562 ad
926 1528 1076 1562 ecclesias
1090 1528 1291 1563 cathedrales
1309 1536 1339 1563 et
1352 1530 1443 1563 sedes
1457 1530 1666 1575 episcopales,
1686 1529 1751 1564 252
1770 1541 1800 1564 α.
1825 1530 1971 1564 Romano

508 1585 615 1614 tamen
633 1580 781 1614 Pontifici
796 1586 978 1614 reservatur
991 1580 1194 1616 confirmatio
1209 1581 1445 1627 metropolitae,
1469 1583 1548 1616 ibid.
1572 1582 1831 1617 Confirmationis
1847 1582 1972 1617 litterae

508 1639 632 1668 secreto
654 1634 884 1678 expediendae,
907 1634 988 1668 ibid.
1017 1634 1043 1668 b,

1179 1741 1199 1776 S

419 1846 580 1881 Sabaudia
598 1853 629 1880 et
649 1847 839 1881 Pedemons.
874 1847 978 1882 Sixtus
998 1847 1021 1880 V
1044 1848 1158 1882 Carolo
1179 1848 1381 1883 Emmanueli
1403 1849 1476 1884 duci
1497 1850 1677 1884 Sabaudiae
1707 1855 1738 1884 et
1764 1850 1971 1885 Pedemontis

511 1901 691 1934 subsidium
728 1901 970 1945 quinquennale
1002 1912 1100 1946 super
1121 1901 1277 1937 fructibus
1306 1903 1515 1937 ecelesiarum
1544 1903 1734 1945 Sabaudiae,
1758 1908 1829 1945 etc„
1855 1904 1966 1938 decem

510 1954 646 1987 millium
668 1960 832 1988 scutorum
855 1954 903 1988 bis
935 1955 1104 1996 concessit,
1129 1955 1193 1989 217
1221 1967 1251 1990 a.
1285 1956 1460 1999 Gregorius
1488 1957 1554 1991 XlV
1578 1957 1763 1991 huiusmodi
1790 1957 1969 1992 subsidium

509 2008 695 2052 prorogavit
713 2009 752 2041 ad
772 2009 858 2041 aliud
877 2008 1147 2053 quinquennium,
1164 2009 1240 2042 ibid.
1259 2010 1285 2042 b.
1311 2010 1415 2044 llocce
1429 2016 1534 2044 autem
1556 2010 1735 2044 subsidium
1750 2011 1887 2054 adauget
1901 2011 1970 2045 Cle-

510 2071 600 2094 mens
627 2061 689 2095 Vlll
723 2062 753 2094 in
781 2061 851 2094 aliis
882 2062 1026 2106 quinque
1058 2063 1199 2096 millibus
1223 2063 1321 2096 scutis
1350 2063 1433 2096 intra
1455 2063 1630 2097 triennium
1656 2063 1841 2107 exigendis,
1865 2064 1967 2106 ibid„

507 2114 611 2148 causis
642 2115 709 2148 susc
741 2115 907 2154 enarratiS,
936 2114 1000 2148 218
1025 2127 1054 2148 α.
1085 2115 1117 2149 ln
1140 2116 1359 2149 exactionibus
1386 2117 1488 2150 forma
1513 2118 1669 2151 servanda
1690 2128 1708 2150 a
1729 2117 1816 2152 Sixto
1838 2117 1968 2158 tradita,

509 2167 588 2201 ibid.
614 2168 641 2200 b.
672 2167 795 2201 Nuncio
816 2168 994 2212 apostolico
1013 2169 1184 2213 exequutio
1205 2169 1443 2204 constitutionis
1463 2170 1647 2212 commissa,
1672 2170 1752 2204 ibid.
1777 2170 1926 2205 Nicolaus
1949 2171 1970 2203 V

510 2221 623 2254 Carolo
644 2221 844 2254 Emmanueli
864 2222 1054 2266 promiserat
1076 2223 1162 2255 nulla
1183 2223 1338 2256 beneficia
1361 2235 1393 2258 se
1411 2224 1604 2257 collaturum
1626 2223 1686 2258 nisi
1705 2224 1818 2258 eodem
1837 2234 1971 2258 consen-

511 2273 620 2313 tiente,
651 2274 710 2306 ttlss
731 2286 749 2307 (ι
771 2280 799 2308 et
821 2275 848 2308 b.
878 2275 982 2308 Sixtus
1004 2276 1025 2307 V
1047 2275 1152 2308 statuit
1177 2276 1334 2310 beneficia
1355 2277 1571 2310 ecclesiastica
1593 2277 1736 2311 eiusdem
1758 2276 1892 2311 dominii
1917 2277 1969 2311 Sa-

511 2327 646 2360 liautliae
667 2327 792 2360 nonnisi
819 2328 964 2361 oriundis
983 2329 1029 2361 vel
1059 2329 1170 2362 incolis
1196 2330 1335 2363 conferri
1363 2341 1466 2373 posse,
1490 2330 1552 2364 ‘107
1579 2342 1608 2363 a.
1633 2330 1837 2365 innocentius
1857 2330 1919 2365 Vll}
1942 2336 1971 2364 et

509 2380 607 2413 lulius
629 2381 650 2414 ll
671 2381 834 2424 praedicta
856 2382 1102 2421 confirmarunt,
1128 2382 1206 2416 shift.
1228 2382 1254 2416 b.
1280 2383 1462 2417 Ilonil'aeius
1477 2384 1537 2418 Vlll
1557 2384 1727 2425 ordinavit,
1748 2384 1816 2418 sine
1842 2383 1970 2418 licentia

509 2433 598 2466 Sedis
620 2434 840 2477 Apostolicae,
864 2445 926 2468 non
954 2446 1046 2479 posse
1076 2436 1233 2469 declarari
1265 2437 1455 2470 sententiani
1489 2437 1830 2471 excommunicationis
1858 2443 1970 2471 eontra

510 2487 687 2519 Auiadeuiu
715 2487 846 2532 eiusque
868 2488 1012 2521 dominia
1047 2489 1108 2522 1107
1129 2489 1155 2522 b.
1185 2490 1275 2529 Quod
1301 2490 1414 2523 Carolo
1434 2491 1548 2524 Comiti
1577 2491 1675 2524 lulius
1698 2491 1722 2525 ll
1744 2490 1942 2525 confirmarit
1959 2517 1966 2530 ,

511 2539 573 2570 itta
594 2551 623 2572 a.
650 2541 711 2573 too
733 2541 755 2574 X
773 2541 937 2584 paulitit-ia
958 2542 1066 2575 omnia
1089 2548 1119 2575 et
1141 2542 1320 2586 iqurialia
1342 2543 1506 2588 privilegia
1527 2544 1600 2577 (luci
1621 2544 1801 2578 Saliaudiae
1818 2554 1969 2578 concessa

512 2598 578 2624 rata
601 2593 707 2631 habet,
736 2594 812 2627 ibid.
839 2595 929 2634 Quod
952 2601 978 2628 et
1001 2596 1147 2629 Clemens
1169 2596 1216 2630 Vll
1239 2597 1422 2641 praestavit,
1447 2597 1526 2631 ibid.
1551 2597 1588 2638 b,·
1607 2597 1874 2643 confirmavitque
1893 2597 1969 2632 Gre-

510 2644 619 2687 gorius
641 2646 718 2680 ΧΙΙΙ.
751 2648 884 2681 [ternum
910 2648 1054 2682 Clemens
1080 2649 1144 2683 Vlll
1170 2649 1280 2684 omnia
1304 2650 1470 2696 praedicta
1490 2650 1674 2698 approbans
1695 2650 1836 2692 innovat,
1855 2649 1918 2684 199
1939 2650 1967 2688 b,
