2253 3195
27 227 76 256 An.
93 227 122 255 C.
142 225 210 253 1596

40 874 143 896 Locorum
152 872 212 893 Ordi-

28 900 94 922 nariis
118 900 212 921 mandat.

28 929 51 948 ut
69 927 124 947 hauc
145 926 212 952 publi-

8 975 11 987 ,
27 953 213 976 coutennstttuuo-

28 986 83 1002 num.

14 1631 15 1646 ἦ
59 1618 88 1639 Ab
98 1618 214 1639 absolutio-

33 1644 94 1675 nibus
114 1646 215 1675 irregula-

33 1674 116 1693 ritatem
131 1674 216 1698 excipit,

15 1946 17 1952 ⁴
61 1939 217 1960 Absolutiones·

12 1955 19 1982 i
37 1965 104 1996 quein
115 1966 159 1986 soto
170 1972 218 1986 cou-

14 1987 19 2024 3
35 1992 218 2014 scientiaetaututn

16 2023 18 2031 s
36 2019 116 2041 validas
126 2025 172 2040 esse
183 2020 218 2040 de-

36 2046 108 2068 clarat.

15 2076 17 2085 t

3 2571 12 2595 δ’
45 2575 154 2598 Obstantia
164 2578 225 2599 tollit.

834 225 981 249 CLEMENS
1001 225 1058 248 vm
1079 225 1128 248 FP.

225 273 448 318 praesentibus
462 273 574 306 haberi
592 274 740 307 volumus
760 284 819 317 pro
841 283 968 317 expres—

224 327 277 368 sis,
300 328 546 372 quomodolibet
565 328 743 367 reservatis,
765 328 796 360 in
818 328 887 360 soro
901 333 968 360 tan-

225 387 292 414 tum
314 382 541 422 conscientiae,
563 382 622 415 hac
642 382 709 416 vice
731 383 893 415 dumtaxat
915 381 969 413 at»-

224 435 369 475 solvere;
409 441 440 468 et
474 435 607 479 insuper
641 440 713 468 rota
743 445 969 478 quaecumque

226 488 404 532 (religionis
424 494 455 521 et
480 488 632 521 castitatis
657 487 814 531 exceptis)
847 487 877 519 in
908 487 969 520 alia

224 542 277 586 pia
297 547 327 575 et
346 542 500 575 salutaria
520 552 619 585 opera
633 547 845 580 commutare,
864 541 969 573 iniun-

225 601 275 629 cta
295 602 402 629 tamen
424 595 469 629 eis
486 601 517 629 et
536 606 649 628 eorum
665 595 796 628 cuilibet
811 595 842 627 in
857 605 970 637 supra-

226 649 317 682 dictis
337 649 488 682 omnibus
508 648 634 682 casibus
660 648 860 692 poenitentia
886 648 970 680 salu-

226 702 297 742 tari,
321 712 358 735 ac
378 701 449 735 aliis
469 701 693 744 iniungendis,
718 701 838 745 possint
861 706 892 734 et
917 711 969 733 va-

226 755 323 788 leant.

272 808 337 853 56.
361 809 546 843 Mandantes
579 810 711 852 insuper
740 808 891 842 omnibus
920 818 971 840 ve-

227 862 425 896 nerabilibus
445 862 597 896 fratribus
617 862 734 895 nostris
759 861 967 906 primatibus,

228 915 490 960 archiepiscopis,
508 915 677 960 episcopis,
702 921 733 949 et
749 915 820 948 aliis
840 914 971 958 quibus-

228 979 367 1013 cumque
391 969 599 1002 ecclesiarum
630 969 797 1013 praelatis,
822 974 852 1001 et
878 968 968 1000 loco-

227 1033 300 1055 rum
332 1022 510 1056 Ordinariis
540 1022 572 1055 in
596 1022 713 1055 virtute
738 1027 866 1055 sanctae
896 1021 972 1053 obe-

228 1076 378 1116 dientiae,
395 1081 430 1108 ut
446 1081 518 1119 post
539 1075 749 1109 indictionem
770 1074 971 1118 supradicta-

226 1140 299 1162 rum
328 1129 599 1173 supplicationum
624 1139 683 1173 per
713 1129 863 1162 eumdem
894 1128 968 1161 Ale-

227 1183 385 1216 xandrum
407 1182 603 1216 cardinalem
626 1182 903 1222 saciendam,cum
917 1181 972 1214 ha-

227 1247 299 1270 rum
320 1236 500 1269 litterarum
522 1241 735 1280 transumpta,
751 1241 806 1268 aut
826 1234 972 1278 exempla

227 1289 421 1334 acceperint,
443 1289 498 1322 illa
524 1289 631 1322 statim
658 1299 716 1332 per
740 1299 813 1322 suas
844 1287 972 1332 provin-

228 1344 304 1384 cias,
327 1343 481 1383 civitates,
502 1342 667 1376 dioeceses
687 1348 718 1375 et
737 1342 808 1375 loca
828 1341 972 1386 promul-

228 1397 297 1441 gari
318 1397 447 1438 saciant,
463 1397 616 1441 cleroque
634 1402 665 1430 et
685 1397 807 1441 populo
827 1396 887 1429 sibi
900 1396 974 1429 sub-

228 1451 311 1485 iecto
331 1451 491 1484 solemnes
510 1449 731 1494 processiones
752 1454 783 1483 et
806 1449 970 1493 supplica—

229 1505 332 1538 tiones
353 1504 495 1537 indicent
515 1508 546 1536 et
570 1503 743 1536 celebrent.

274 1558 289 1602 ἓ
307 1557 336 1591 7.
353 1558 414 1591 Per
432 1562 617 1601 praesentes
637 1562 744 1589 autem
757 1566 855 1600 super
867 1555 974 1600 aliqua

231 1610 469 1654 irregularitate
488 1609 619 1654 publica
644 1610 693 1643 vel
714 1610 858 1650 occulta,
879 1615 971 1649 nota,

232 1666 367 1706 defectu,
383 1664 605 1708 incapacitate,
618 1668 672 1697 aut
686 1663 886 1696 inhabilitate
897 1674 976 1707 quo-

231 1729 296 1763 quo
317 1719 415 1752 modo
440 1722 604 1751 contracta
625 1716 823 1760 dispensare,
847 1717 895 1749 vel
920 1717 976 1749 ali-

232 1783 329 1818 quam
353 1772 537 1805 facultatem
570 1770 712 1804 tribuere
744 1770 973 1814 dispensandi,

233 1827 329 1861 etiam
342 1826 374 1859 in
383 1826 452 1859 foro
466 1824 682 1859 conscientiae
690 1835 755 1858 non
765 1825 972 1858 intendimus.

277 1882 294 1923 g
320 1880 350 1914 8.
374 1880 419 1914 Ac
438 1879 655 1919 declaramus,
679 1879 735 1912 has
765 1878 849 1923 ipsas
878 1890 974 1923 prae—

233 1941 349 1975 sentes,
373 1933 479 1978 quoad
499 1932 735 1966 absolutionem
756 1932 789 1965 in
809 1933 878 1966 foro
895 1943 975 1966 con-

234 1988 386 2022 scientiae
404 1993 435 2020 et
451 1986 676 2031 poenitentiali
696 1991 830 2026 tantum,
847 1997 911 2020 non
924 1997 979 2020 au-

233 2048 298 2078 tem
318 2042 350 2075 in
371 2042 441 2075 soro
461 2040 534 2081 sori,
556 2040 622 2074 sive
642 2040 842 2074 contentioso
867 2051 979 2074 conse-

234 2095 409 2140 quendam,
425 2104 531 2137 neque
551 2093 647 2127 etiam
669 2094 777 2137 quoad
797 2093 919 2127 dictum
934 2094 979 2127 so-

234 2159 306 2182 rum
327 2147 554 2187 conscientiae,
583 2146 632 2187 iis,
656 2146 710 2190 qui
736 2146 775 2179 ab
795 2146 904 2190 aliquo
925 2146 976 2179 iu-

234 2203 305 2237 dice
336 2199 627 2240 excommunicati,
648 2199 817 2243 suspensi,
845 2199 979 2232 interdi-

234 2257 325 2298 ctive‚
342 2267 399 2290 seu
418 2256 497 2288 alias
517 2255 550 2288 in
570 2253 744 2288 sententias
769 2259 798 2287 et
828 2264 980 2287 censuras

235 2310 387 2344 incidisse
414 2308 589 2348 declarati,
613 2307 662 2341 vel
695 2306 823 2351 publice
855 2306 980 2339 denun-

235 2364 309 2398 ciati
330 2363 459 2403 suerint,
483 2362 544 2396 nisi
569 2361 653 2395 intra
683 2366 808 2404 tempus
836 2360 980 2393 celebra-

237 2417 332 2452 tionis
363 2416 549 2450 huiusmodi
585 2414 716 2448 iubilaei
747 2413 977 2454 satisfecerint,

237 2477 292 2505 aut
312 2481 384 2504 cum
405 2470 550 2514 partibus
568 2467 845 2502 οοηοοΐάεινπὲιίηί.

284 2523 349 2568 §9
373 2524 443 2558 Non
469 2522 669 2556 obstantibus
699 2521 982 2555 constitutionibus

240 2584 272 2612 et
290 2576 548 2612 oidinationibus
572 2575 767 2620 apostolicis,
790 2574 980 2619 praesertim

242 2631 358 2676 quibus
378 2629 564 2664 absolvendi
586 2629 746 2663 facultas
739 2639 771 2662 m
791 2628 886 2662 ee1tis
907 2633 998 2670 tunel

1002 272 1159 317 expressis
1179 272 1325 311 casibus,
1350 271 1393 305 ita
1421 272 1566 304 Romano
1597 268 1743 302 Pontifici

1003 337 1060 370 pro
1084 333 1230 370 tempore
1250 325 1394 359 existenti
1416 329 1607 362 reservatur,
1629 327 1663 355 ut
1686 332 1745 354 nec

1003 380 1098 412 etiam
1127 379 1257 419 similes,
1281 379 1327 411 vel
1350 377 1520 411 dissimiles
1540 375 1670 410 iubilaci
1691 375 1742 407 in-

1003 432 1253 474 dulgentiarum,
1274 438 1328 465 aut
1349 432 1535 464 facultatum
1558 428 1744 463 huiusmodi

1003 485 1238 524 concessiones,
1263 485 1322 517 nisi
1344 486 1383 518 de
1402 484 1463 517 illis
1481 494 1629 527 expressa
1649 493 1743 515 men-

1004 537 1058 577 tio,
1082 543 1135 570 aut
1156 538 1303 581 specialis
1323 537 1490 579 derogatio
1511 536 1576 576 siat,
1594 536 1745 579 cuiquam

1003 591 1171 632 suffragari
1190 596 1321 634 queant,
1349 601 1408 623 nec
1428 601 1492 623 non
1513 599 1747 634 quorumcum—

1004 655 1066 688 que
1088 645 1238 677 ordinum
1260 651 1291 678 et
1310 644 1596 686 congregationum
1622 643 1749 685 regula-

1004 698 1087 731 rium
1113 698 1315 738 iuramento‚
1340 697 1587 730 confirmatione
1619 701 1748 740 aposto-

1005 751 1075 792 lica,
1099 753 1146 785 vel
1171 752 1283 795 quavis
1316 751 1466 783 firmitate
1498 750 1560 783 alia
1588 748 1749 783 roboratis

1005 805 1130 838 statutis
1167 812 1194 838 et
1232 805 1541 844 consuetudinibus,
1574 803 1750 848 privilegiis

1005 870 1154 902 quoque,
1190 859 1322 892 indultis
1354 865 1385 892 et
1418 858 1532 891 litteris
1566 857 1751 902 apostolicis

1006 913 1126 946 eisdem
1138 913 1307 946 ordinibus
1320 911 1663 954 etcongregationibus
1672 920 1751 954 quo-

1006 966 1183 999 modolibet
1200 966 1371 1007 concessis,
1392 965 1578 1009 approbatis
1600 970 1630 998 et
1651 964 1747 996 inno-

1006 1020 1093 1053 vatis.
1108 1019 1229 1059 Quibus
1248 1019 1399 1053 omnibus
1417 1026 1448 1052 et
1464 1018 1609 1061 singulis,
1627 1017 1751 1051 etiamsi

1006 1072 1045 1106 de
1070 1072 1132 1105 illis
1153 1082 1331 1116 eorumque
1353 1072 1426 1105 totis
1451 1071 1617 1104 tenoribus
1645 1070 1749 1114 speci-

1006 1126 1067 1159 fica
1080 1132 1109 1158 et
1128 1125 1308 1165 individua,
1329 1136 1394 1158 non
1417 1130 1524 1158 autem
1543 1134 1600 1168 per
1620 1124 1750 1156 clausu-

1006 1180 1052 1212 las
1080 1179 1246 1221 generales
1273 1179 1359 1212 idem
1392 1178 1604 1222 importantes
1631 1176 1753 1209 mentio

1006 1238 1059 1265 aut
1081 1233 1243 1277 expressio
1273 1232 1433 1272 habenda,
1459 1232 1508 1264 vel
1539 1231 1669 1275 quaeris
1693 1230 1754 1263 alia

1007 1286 1164 1330 exquisita
1190 1287 1295 1320 forma
1320 1286 1361 1319 ad
1381 1286 1442 1319 hoc
1471 1284 1627 1318 servanda
1657 1284 1750 1323 soret,

1007 1339 1136 1372 illorum
1151 1345 1279 1373 tenores
1290 1338 1514 1383 praesentibus
1535 1348 1594 1382 pro
1608 1337 1703 1381 plene
1724 1342 1755 1370 et

1007 1393 1205 1427 sufficienter
1231 1392 1404 1437 expressis,
1428 1398 1460 1426 et
1480 1392 1616 1425 sormam
1638 1391 1669 1424 in
1692 1390 1754 1424 illis

1009 1448 1160 1481 traditam
1185 1458 1245 1492 pro
1266 1452 1390 1480 servata
1409 1446 1575 1486 habentes,
1599 1444 1659 1477 hac
1686 1444 1755 1477 vice

1008 1501 1200 1535 nominatim
1217 1508 1249 1534 et
1268 1510 1427 1545 expresse,
1442 1500 1482 1532 ad
1497 1499 1646 1533 effectum
1660 1508 1754 1542 prae-

1008 1555 1159 1595 sentium,
1183 1556 1388 1597 derogamus,
1410 1552 1608 1596 caeterisque
1626 1557 1753 1585 contra-

1010 1609 1064 1642 riis
1085 1609 1355 1653 quibuscumque.

1054 1665 1070 1705 g
1096 1661 1148 1695 slO.
1174 1662 1328 1695 Volumus
1349 1666 1456 1694 autern
1483 1666 1517 1693 ut
1537 1658 1755 1704 praesentium

1010 1715 1219 1759 transumptis
1238 1715 1286 1748 vel
1308 1714 1482 1758 exemplis,
1507 1713 1602 1747 etiam
1621 1712 1756 1756 impres-

1010 1770 1067 1810 sis,
1096 1780 1194 1802 manu
1214 1768 1331 1801 notarii
1352 1766 1472 1812 publici
1493 1765 1701 1809 subscriptis,
1726 1770 1757 1798 et

1011 1823 1115 1866 sigillo
1136 1832 1293 1867 personae
1313 1821 1346 1854 in
1366 1820 1521 1863 dignitate
1542 1819 1758 1853 ecclesiastica

1012 1876 1203 1911 constitutae
1221 1874 1370 1915 munitis,
1391 1874 1504 1908 eadem
1527 1884 1659 1917 prorsus
1677 1873 1757 1906 fides

1012 1931 1214 1971 adhibeatur,
1239 1940 1322 1973 quae
1341 1929 1550 1962 adhiberetur
1580 1927 1630 1960 his
1655 1926 1732 1971 ipsis
1747 1954 1754 1967 ,

1012 1985 1037 2018 si
1057 1985 1161 2018 forent
1179 1983 1338 2017 exhibitae
1360 1983 1407 2016 vel
1428 1987 1585 2015 ostensae.

1056 2039 1169 2072 Datum
1198 2038 1320 2071 Romae
1350 2036 1436 2080 apud
1467 2035 1497 2068 S.
1521 2035 1652 2068 Petrum
1673 2043 1757 2066 anno

1013 2091 1245 2126 lucarnationis
1269 2090 1456 2124 Dominieae
1476 2099 1607 2128 mnxcvt,
1632 2087 1758 2121 decimo

1013 2146 1165 2179 kalendas
1177 2145 1267 2186 iunii,
1282 2144 1488 2189 pontificatus
1505 2142 1607 2176 nostri
1627 2152 1712 2175 antio
1726 2152 1754 2174 v.

1049 2207 1106 2234 Dat.
1123 2207 1165 2235 die
1184 2207 1219 2235 23
1235 2206 1299 2234 maii
1316 2206 1395 2241 1596,
1412 2205 1509 2241 pontif.
1527 2212 1570 2231 au.
1589 2211 1614 2230 v.

1317 2357 1459 2392 CXXXII.

1016 2466 1140 2501 Statuit
1171 2469 1207 2498 ut
1238 2465 1386 2508 deinceps
1412 2464 1555 2507 pignora
1581 2463 1670 2506 apud
1697 2463 1760 2496 He-

1061 2520 1171 2552 braeos
1190 2518 1418 2557 consistentia,
1443 2516 1551 2560 elapso
1571 2517 1677 2560 spatio
1701 2516 1757 2549 de-

1060 2584 1126 2607 cem
1146 2577 1175 2606 et
1195 2576 1261 2606 octo
1281 2572 1455 2611 mensium,
1474 2571 1508 2604 in
1525 2570 1634 2604 Monte
1650 2571 1761 2605 Pieta-

1061 2628 1101 2660 tis
1121 2626 1160 2659 cle
1182 2625 1261 2660 Urbe
1282 2624 1378 2659 vendi
1402 2624 1548 2667 debeant,
1571 2634 1674 2669 neque
1694 2624 1759 2658 Hc-

1650 210 1714 243 969
1761 219 1809 245 Au.
1827 219 1856 246 C.
1876 218 1943 246 1596

1803 1664 1876 1685 Fidem
1899 1666 1954 1683 trau-

1770 1691 1858 1717 sumptis
1873 1690 1940 1712 addit.
