2253 3195
74 251 126 278 An.
143 250 173 277 C.
196 250 262 278 1597

94 466 203 486 Clausulas·
219 471 256 491 pro

73 491 161 512 huiusce
181 493 256 512 consti-

74 519 160 539 tuliani<
171 519 255 538 tirmita-

73 547 99 565 to.

85 1688 197 1719 Derogatio
208 1694 255 1709 con·

71 1717 189 1736 irai-iorum.

897 253 1044 277 CLEMENS
1064 253 1122 277 VIII
1140 254 1177 277 1³1³
1184 270 1189 276 .

273 298 390 332 bilibus
415 305 443 331 et
475 299 681 343 incapacibus
707 301 747 333 ab
774 301 923 333 omnibus
953 301 1011 333 ha-

273 351 341 384 beri
362 358 392 384 et
414 353 568 395 reputari.

317 405 331 448 5
353 404 404 437 10.
426 406 611 439 Praesentes
632 417 761 450 quoque
782 407 904 440 litteras
926 407 1014 439 nullo

272 469 415 502 unquam
444 465 590 503 tempore
623 461 662 493 de
698 461 934 503 subreptionis,
966 461 1012 492 vel

272 512 480 555 obreptionis.
506 519 559 545 aut
578 513 732 546 nullitatis
752 513 839 550 vitio,
863 514 911 546 vel
936 523 1014 556 quo-

273 565 318 598 vis
344 566 407 600 alio
437 566 563 599 defectu
591 566 695 599 notari
727 567 775 599 vel
808 567 1011 609 impugnari,

271 625 325 651 aut
344 619 484 661 infringi,
508 619 674 651 retraetari
695 619 742 651 vel
762 619 926 659 revocari,
957 630 1014 652 neo

271 683 335 705 non
356 672 469 705 iisdem
497 672 720 716 praesentibus
749 673 899 714 derogari
925 673 1013 706 nullo

272 725 368 757 modo
395 735 509 768 posse,
537 735 573 757 ae
593 735 759 758 concessas
786 735 844 768 pro
870 730 1014 769 tempore

272 777 508 820 derogationes,
525 777 628 811 nullas
649 784 680 811 et
700 778 865 818 invalidas,
890 789 926 811 ae
943 779 1013 811 nul-

271 830 332 864 lius
355 831 497 871 roboris,
521 832 567 864 vel
589 831 745 864 momenti
773 831 920 864 similiter
947 832 1014 865 sore

271 890 302 917 et
322 894 408 924 esse,
431 894 491 917 nee
511 884 661 928 cuiquam
690 885 875 927 suffragari,
900 896 935 918 ac
956 897 1011 918 su-

271 937 448 980 breptitias,
472 942 503 970 et
522 937 721 981 obreptitias,
746 944 777 971 et.
797 944 908 971 contra
925 949 1015 971 men-

272 996 335 1024 tem
356 997 518 1031 nostram,
543 1003 579 1025 ae
599 992 734 1025 Romani
762 992 925 1025 Pontificis
955 1003 1013 1036 pro

272 1049 418 1087 tempore
431 1044 593 1077 existentis
606 1054 734 1088 semper
745 1050 884 1078 extortas
899 1045 1010 1085 suisse3

271 1096 380 1139 sicque
411 1096 450 1128 ab
479 1096 629 1129 omnibus
655 1097 796 1137 censeri,
823 1104 855 1131 et
883 1098 925 1130 ita
956 1109 1015 1141 per

270 1160 491 1193 quoscumque
516 1149 637 1183 iudices
658 1150 838 1183 ordinarios
863 1156 895 1184 et
922 1152 1011 1184 dele-

270 1209 376 1245 gatos,
397 1203 506 1247 quavis
535 1204 725 1238 auctoritate
746 1205 931 1247 fungentes,
955 1216 1010 1238 su-

270 1256 357 1289 blata
376 1256 422 1289 eis
439 1262 470 1290 et
496 1267 608 1290 eorum
640 1257 772 1291 cuilibet
792 1259 902 1302 quavis
922 1259 1015 1292 aliter

270 1310 434 1344 iudicandi
455 1317 486 1344 et
505 1312 738 1355 interpretandi
753 1313 903 1346 facultate
917 1319 947 1346 et
959 1324 1014 1346 au-

271 1364 429 1405 ctoritate,
456 1365 591 1399 iudicari
612 1371 642 1399 et
670 1366 798 1399 definiri
819 1367 954 1407 debere,
979 1378 1015 1401 ae

271 1417 396 1451 irritum
425 1425 455 1452 et
483 1419 579 1452 inane
611 1420 769 1464 quidquid
799 1432 889 1454 secus
918 1432 1015 1465 super

271 1472 320 1505 his
340 1483 358 1505 a
378 1483 554 1516 quoquam,
571 1473 681 1517 quavis
698 1474 899 1515 auctoritate,
913 1475 1015 1508 scien-

272 1532 320 1559 ter
347 1527 396 1560 vel
428 1527 634 1569 ignoranter,
663 1528 835 1571 eontigerit
866 1529 1013 1562 attentari

271 1580 475 1614 decernimus
495 1587 525 1613 et
549 1581 762 1614 declaramus.

315 1635 332 1675 g
354 1632 406 1666 ⁴1¹1.
429 1633 499 1666 Non
525 1634 727 1667 obstantibus
747 1635 912 1678 quibusvis
932 1645 1011 1668 eon-

270 1685 490 1719 stitutionibus
502 1692 532 1719 et
545 1686 803 1720 ordinationibus
817 1688 1010 1731 apostolicis,

271 1752 308 1774 ae
331 1740 472 1774 eiusdem
497 1740 633 1774 civitatis
653 1741 827 1779 Bononiae,
850 1741 945 1774 etiam
968 1742 1015 1774 iu-

270 1800 438 1830 ramento,
474 1794 720 1828 confirmatione
747 1795 940 1838 apostolica,
967 1796 1013 1829 vel

271 1848 382 1892 quavis
401 1847 552 1881 firmitate
570 1848 632 1881 alia
656 1848 815 1881 roboratis
840 1849 965 1881 statutis
985 1855 1015 1882 et.

271 1901 580 1942 consuetudinibus,
604 1901 778 1945 privilegiis
803 1912 1011 1946 quoquoque,

272 1955 404 1988 indultis
421 1960 452 1988 et
470 1955 584 1988 litteris
608 1954 668 1998 ipsi
688 1955 806 1988 civitati
822 1982 829 1995 ,
854 1956 1011 1988 reforma-

273 2008 397 2041 toribus
418 2008 561 2042 eiusdem
582 2014 680 2042 status
704 2008 861 2042 libertatis
878 2015 909 2042 et.
929 2010 1014 2052 regi-

274 2062 354 2095 mini
368 2062 472 2096 dictae
492 2062 637 2103 civitatis,
661 2073 697 2096 ae
718 2063 824 2096 forsan
842 2063 918 2107 ipsis
932 2074 1016 2096 mar—

274 2115 455 2156 chionibus,
472 2115 608 2149 ducibus
629 2121 660 2149 et
682 2115 891 2159 principibus,
916 2117 1016 2149 comi-

274 2169 550 2209 tibus,baronibus
559 2174 589 2202 et
597 2168 667 2201 aliis
676 2169 873 2212 praefatis,et
884 2170 1015 2213 quibus-

274 2233 413 2266 cumque
423 2223 569 2266 personis
577 2223 609 2255 in
621 2233 739 2265 genere
748 2223 797 2255 vel
809 2222 841 2255 in
852 2223 970 2266 speeie,
980 2234 1016 2257 ae

275 2277 333 2309 sub
348 2276 605 2320 quibuscumque
618 2276 790 2309 verborum
803 2275 915 2309 formis
928 2282 959 2309 et
971 2282 1016 2309 te-

274 2330 418 2371 noribus,
430 2341 467 2363 ae
480 2340 553 2363 eum
563 2328 727 2373 quibusvis
741 2329 1016 2371 derogatoriarum

275 2383 499 2426 derogatoriis,
509 2383 644 2427 aliisque
653 2382 886 2416 efficacioribus
893 2388 923 2415 et
934 2382 1018 2415 inso-

275 2437 338 2471 litis
349 2437 510 2477 clausulis,
525 2447 561 2470 ae
574 2436 773 2469 irritantibus
787 2441 817 2469 et
827 2435 896 2469 aliis
909 2436 1019 2469 deere-

276 2490 315 2523 tis
326 2490 358 2523 in
368 2490 565 2523 contrarium
578 2489 828 2534 praemissorum
839 2490 1019 2533 quomodo-

275 2544 353 2577 libet
367 2544 536 2584 concessis,
552 2543 749 2577 confirmatis
770 2548 801 2575 et
820 2543 1015 2586 approbatis.

276 2597 397 2637 Quibus
414 2597 564 2630 omnibus
586 2603 616 2630 et
643 2596 788 2640 singulis,
812 2596 935 2630 etiarnsi
960 2607 1019 2640 pro

277 2651 407 2685 illorum
439 2650 608 2685 sufficienti
640 2650 870 2694 derogatione,
894 2650 934 2684 de
957 2649 1020 2684 illis

1683 242 1746 275 355

1049 311 1226 344 corumque
1256 301 1327 334 totis
1349 301 1513 334 tenoribus
1533 301 1690 344 specialis,
1715 313 1788 345 spe-

1049 354 1152 392 cifica,
1181 365 1329 398 expressa
1350 360 1380 387 et
1404 354 1580 395 individua,
1599 365 1664 387 non
1684 360 1791 388 autem

1049 417 1106 449 per
1126 408 1284 440 clausulas
1304 408 1469 449 generales
1495 407 1578 440 idem
1607 408 1789 451 importan-

1050 466 1094 492 tes
1124 460 1266 497 mentio,
1297 470 1353 493 seu
1378 461 1508 504 quaevis
1538 461 1597 493 alia
1631 461 1792 505 expressio

1050 513 1207 550 habenda,
1229 519 1281 546 aut
1308 513 1416 557 aliqua
1437 513 1497 546 alia
1519 514 1674 557 exquisita
1691 515 1793 547 forma

1049 566 1088 598 ad
1119 565 1180 599 boe
1211 567 1367 599 servanda
1399 567 1500 603 foret,
1525 577 1637 600 eorum
1667 573 1793 601 tenores

1049 618 1272 660 praesentibus
1290 629 1348 662 pro
1369 619 1535 661 expressis,
1553 625 1583 651 et.
1603 620 1642 652 ad
1661 620 1791 653 verbum

1050 671 1174 704 insertis
1195 672 1359 712 habentes,
1383 672 1442 705 hac
1462 673 1530 705 vice
1549 674 1712 706 dumtaxat
1722 684 1793 717 spe-

1049 724 1171 757 cialiter
1196 731 1226 758 et
1246 736 1393 769 expresse
1414 726 1618 768 deroga111us‚
1642 728 1792 760 eaeteris-

1049 789 1111 821 que
1132 779 1300 812 contrariis
1325 779 1593 823 quibuscumque.

1093 831 1177 875 54⁰2.
1202 833 1357 866 Volumus
1377 839 1484 866 autem
1509 839 1545 866 ut
1573 835 1791 877 praesentium

1050 886 1258 929 transumptis
1275 886 1371 919 etiam
1394 886 1556 930 impressis
1577 898 1674 920 manu
1695 893 1789 920 nota-

1049 939 1087 970 rii
1105 939 1237 982 publici,
1259 945 1287 972 et
1308 939 1413 981 sigillo
1435 940 1569 973 alieuius
1590 951 1747 984 personae
1761 941 1792 973 in

1048 992 1202 1034 dignitate
1228 993 1441 1026 ecelesiastica
1470 994 1663 1027 constitutae
1688 995 1793 1027 muni-

1048 1047 1103 1085 tis,
1138 1047 1249 1079 eadem
1280 1057 1412 1089 prorsus
1443 1047 1522 1080 fides
1550 1047 1580 1079 in
1611 1047 1731 1081 iudicio
1763 1054 1793 1081 et

1048 1106 1136 1133 extra
1155 1101 1323 1141 habeatur,
1344 1111 1426 1144 quae
1447 1102 1671 1144 praesentibus
1695 1101 1793 1135 habe-

1048 1159 1146 1194 retur,
1169 1154 1193 1186 si
1212 1155 1319 1187 forent
1338 1154 1497 1188 exhibitae
1517 1156 1566 1188 vel
1587 1161 1743 1188 ostensae.

1091 1208 1206 1240 Datum
1223 1208 1345 1241 Romae
1363 1208 1448 1251 apud
1464 1208 1495 1240 S.
1508 1208 1648 1241 Marcum
1662 1209 1721 1242 sub
1737 1219 1792 1242 an-

1048 1261 1124 1293 nulo
1149 1260 1340 1301 Piscatoris‚
1365 1260 1416 1294 die
1440 1272 1519 1295 xx111
1545 1262 1613 1294 iulii
1639 1273 1790 1304 MDxcvn,

1048 1314 1252 1358 pontificatus
1277 1315 1377 1348 nostri
1396 1325 1480 1347 anno
1500 1321 1598 1349 sexto.

1085 1378 1144 1404 Dat.
1163 1376 1206 1404 die
1221 1377 1255 1404 23
1270 1377 1327 1404 iulii
1344 1377 1423 1410 1597,
1441 1381 1517 1413 pont.
1533 1386 1578 1405 an.
1594 1385 1629 1405 vt.

1376 1539 1459 1573 CLX.

1050 1645 1261 1688 Confirmatio
1281 1645 1469 1678 donationis
1489 1645 1661 1678 cuiusdam
1686 1648 1793 1679 anniti

1092 1699 1239 1732 redditus
1264 1700 1304 1731 ab
1325 1700 1469 1743 episcopo
1489 1700 1669 1743 Seqmctz'no
1689 1701 1793 1743 factae

1093 1753 1205 1785 dinnw'
1217 1753 1403 1786 Matr·z'tensi
1417 1753 1485 1786 FF.
1503 1753 1638 1787 Ordinis
1651 1753 1793 1787 Sanctis-

1092 1809 1194 1840 simae
1222 1807 1397 1840 Trinitatis
1421 1807 1664 1850 Redemptz'om's
1686 1809 1794 1852 Capti-

1095 1872 1203 1895 vorum
1215 1861 1404 1904 provinciae
1416 1861 1584 1902 castellae,
1595 1862 1638 1894 ad
1651 1862 1793 1905 effectum

1093 1916 1172 1948 duos
1188 1915 1391 1958 presbyteros
1410 1915 1447 1948 in
1467 1915 1583 1959 oppido
1595 1915 1726 1958 Alqerii
1741 1926 1794 1947 su-

1093 1969 1278 2009 stentandi,
1302 1980 1375 2001 cum
1399 1968 1477 2001 aliis
1495 1968 1734 2001 conditionibus
1753 1969 1792 2001 ab

1093 2022 1201 2055 eodem
1222 2022 1366 2066 episcopo
1386 2022 1544 2065 appositis
1556 2021 1576 2054 ¹,

1262 2103 1397 2129 clemens
1413 2102 1493 2135 Papa
1508 2101 1587 2133 VIII,

1179 2159 1215 2184 ad
1230 2159 1406 2191 perpetuam
1420 2156 1465 2184 rei
1484 2156 1665 2184 memoriam.

1094 2223 1136 2255 Ex
1157 2221 1308 2255 omnibus
1328 2221 1521 2254 christianae
1542 2221 1706 2254 eharitatis
1726 2221 1794 2255 offi-

1051 2275 1118 2315 ciis,
1144 2274 1261 2318 quibus
1292 2279 1423 2307 aeterna
1453 2274 1538 2307 salus
1569 2284 1628 2317 per
1658 2274 1792 2316 gratiani

1051 2328 1106 2360 Dei
1127 2333 1345 2371 eomparatur,
1374 2327 1427 2359 illa
1447 2327 1655 2370 Redemptori
1684 2333 1794 2361 nostro

1051 2381 1121 2414 Iesu
1141 2380 1265 2415 Christo
1291 2381 1339 2413 vel
1372 2380 1509 2413 maxime
1538 2381 1665 2424 plaeere
1686 2381 1792 2414 eredi-

1054 2445 1134 2475 mus,
1165 2445 1222 2478 per
1251 2445 1333 2478 quae
1355 2434 1496 2467 infelices
1526 2434 1642 2478 captivi
1672 2434 1702 2467 in
1732 2434 1796 2468 suis

1053 2487 1307 2527 necessitatibus,
1332 2493 1360 2520 et
1382 2487 1604 2531 spiritualibus
1625 2493 1656 2521 et
1673 2494 1798 2532 tempo-

1053 2541 1184 2581 ralibus,
1208 2541 1410 2574 adiuvantur.
1434 2540 1539 2580 Quare
1559 2551 1617 2574 nos
1630 2551 1691 2581 ea,
1715 2552 1797 2585 quae

1053 2600 1225 2639 propterea
1245 2594 1297 2638 pie
1317 2594 1399 2627 saeta
1419 2600 1449 2627 et
1470 2594 1618 2628 ordinata
1636 2594 1731 2628 fuisse
1752 2594 1798 2628 di-

1089 2660 1099 2685 1
1123 2657 1161 2686 Ex
1177 2657 1286 2693 Regest.
1297 2657 1326 2685 in
1340 2658 1442 2686 Secret.
1455 2657 1591 2685 Brevium.

1807 254 1855 279 An.
1872 254 1900 279 C.
1924 253 1989 281 1597

1844 845 1906 865 Fides
1921 845 1990 865 «landa

1807 873 1951 898 transumptis.

1831 2279 1897 2302 Onam
1913 2281 1993 2305 gratum

1809 2305 1886 2325 sithen
1895 2311 1948 2331 opus
1954 2305 1994 2325 Re-

1809 2332 1942 2358 demptionis.
