2253 3195
271 245 320 272 An.
337 245 366 273 c.
388 246 454 273 1597
500 236 565 270 400

297 945 381 964 Poenae
401 950 425 963 [⁵11

266 976 297 991 tm
320 971 448 989 recle-indi-

265 1004 301 1017 ,ης
329 997 448 1017 1ιιιιιι».ὐ«.ιΙι

265 1024 397 1045 interdictum
407 1029 413 1040 ι
420 1030 448 1042 m-

265 1053 338 1071 tantm.

467 295 590 335 castris,
614 295 740 338 oppidis
770 300 801 326 et
826 294 926 334 locis,
951 303 1129 337 eorumque
1150 294 1211 327 do-

467 348 584 388 miniis,
594 348 746 384 ecclesiis.
757 347 971 388 monasteriis,
988 347 1148 388 oratoriis,
1162 358 1214 380 ca-

466 402 570 445 pellis,
594 412 630 434 ac
648 401 818 443 religiosis,
843 407 871 433 et
893 401 954 444 piis
974 401 1064 437 locis,
1085 411 1120 433 ac
1140 411 1212 444 par—

469 454 655 487 ticularibus
684 454 779 487 etiam
812 454 982 498 personis,
1011 465 1046 487 ae
1073 454 1210 497 quibus-

468 518 605 550 cumque
623 507 693 540 aliis
711 507 742 539 in
763 517 880 549 genere
897 507 945 540 vel
968 507 998 539 in
1019 507 1137 551 specie,
1154 507 1212 540 sub

467 561 725 604 quibuscumque
751 551 918 594 tenoribus
943 567 973 594 et
994 561 1107 594 formis
1136 571 1212 594 con-

466 624 642 654 cessorum,
663 625 745 657 quae
763 614 872 647 omnia
893 621 922 647 et
943 614 1080 657 singula,
1098 625 1211 648 eorum

467 673 593 700 tenores
623 667 848 711 praesentibus
880 678 938 711 pro
973 668 1129 712 expressis
1156 668 1212 701 ha-

467 721 577 753 lientes
598 721 638 753 ad
658 720 745 754 hunc
765 721 934 761 effectum,
959 727 989 754 et
1013 722 1121 764 quoad
1140 722 1212 755 loca

465 779 495 806 et
526 784 680 817 personas
712 773 898 807 interdictas
925 774 1129 818 praedictas,
1157 785 1210 807 su-

464 826 652 869 spendimus
669 832 699 859 et
719 827 799 859 nulli
819 827 987 869 suffragari
1011 828 1171 860 volumus.

509 881 526 921 ἓ
548 879 600 912 17.
617 879 648 913 Si
662 880 734 923 quis
748 886 856 913 autem
876 881 1038 919 sacerdos,
1060 886 1123 913 tam
1141 891 1211 914 sae-

428 950 449 963 n-
465 933 582 965 cularis
607 944 704 976 quam
735 933 970 977 cuiuscumque
997 934 1126 967 Ordinis
1161 935 1209 967 vel

465 986 599 1019 instituti
626 987 799 1029 regularis,
828 987 886 1020 etsi
915 987 1137 1031 patriarchali,
1161 998 1210 1020 ar-

464 1039 704 1084 chiepiscopali,
729 1040 914 1084 episcopali,
935 1041 984 1074 vel
1012 1041 1122 1084 quavis
1148 1041 1209 1074 alia

463 1093 617 1133 (lignitate
648 1093 864 1127 ecclesiastica
894 1093 1063 1135 insignitus
1090 1094 1206 1135 suerit,

462 1146 573 1179 salutis
598 1147 748 1190 propriae
781 1147 973 1187 immemor,
1002 1148 1207 1184 interdictum

464 1199 649 1233 huiusmodi
669 1200 789 1233 violare
811 1201 1073 1244 praesumpserit,
1098 1201 1209 1234 missa-

463 1263 533 1285 rum
555 1253 723 1294 solemnia,
747 1254 794 1286 vel
827 1254 889 1287 alia
915 1254 1021 1287 divina
1051 1255 1155 1288 officia
1176 1255 1207 1288 in

463 1306 582 1339 eisdem
604 1307 693 1344 locis,
717 1313 747 1340 et
772 1318 880 1341 coram
901 1309 1049 1352 personis
1076 1309 1209 1343 interdi-

463 1359 521 1391 ctis
542 1359 748 1399 celebrando,
772 1372 827 1393 seu
853 1362 969 1399 verius,
993 1368 1149 1405 quantum
1178 1362 1207 1395 in

463 1422 500 1445 eo
532 1413 645 1451 suerit,
670 1414 820 1447 ecelesias
849 1420 879 1447 et
911 1416 1022 1448 eadem
1053 1416 1107 1460 pia
1138 1418 1209 1451 loca

463 1467 674 1508 prolanando,
692 1473 820 1510 praeter
839 1468 917 1501 alias
938 1479 1058 1512 poenas
1077 1471 1209 1504 canoni-

462 1530 514 1551 cas
535 1525 647 1552 contra
668 1520 746 1553 tales
765 1520 889 1561 editas,
913 1522 1030 1565 quibus
1054 1533 1118 1556 non
1147 1524 1207 1557 im-

463 1573 578 1605 merito
610 1573 808 1615 subiacebit,
835 1585 873 1608 eo
904 1575 994 1619 ipso,
1015 1578 1207 1611 sententiam

461 1627 803 1660 excommunicationis
823 1634 850 1661 et
873 1629 1092 1672 suspensionis
1117 1642 1134 1664 a
1161 1632 1207 1665 di-

462 1679 542 1712 vinis
571 1681 748 1724 respective
785 1681 948 1718 incurratz
983 1684 1102 1717 caeteri
1132 1695 1208 1718 vero

461 1732 570 1765 elerici
604 1733 804 1776 praedictum
843 1734 1048 1769 interdictum
1087 1742 1207 1771 temere

462 1785 617 1817 violantes
638 1787 722 1819 ultra
747 1787 932 1821 huiusmodi
962 1798 1082 1832 poenas
1107 1801 1208 1827 ,eano-

462 1838 560 1874 nit-as,
583 1839 661 1871 alias
682 1839 777 1872 etiam
799 1840 934 1873 arbitrio
955 1848 1067 1875 nostro
1092 1853 1207 1887 corpo-

462 1892 543 1923 rales
570 1904 603 1924 se
631 1892 777 1925 noverint
812 1893 1008 1927 incursuros.
1033 1895 1068 1928 Et
1088 1896 1207 1930 niliilo-

463 1945 578 1983 minus,
603 1946 794 1979 aurtoritate
815 1948 1007 1990 apostoliea,
1032 1949 1207 1983 districtius

462 1997 662 2036 inliiliemus,
684 2010 723 2031 ne
748 1999 821 2042 quis
842 2010 878 2032 ex
899 2001 1094 2044 supradictis
1114 2014 1206 2046 prae-

461 2051 546 2084 ilieto
582 2053 705 2085 Caesari
746 2053 880 2096 aliisque
922 2056 1206 2089 excommunic-atis

461 2105 633 2147 praedietis
663 2105 774 2138 missas
801 2112 832 2139 et
863 2107 970 2140 divina
994 2108 1098 2141 officia
1124 2110 1206 2142 cele-

461 2158 571 2198 lirare‚
593 2159 807 2192 ecelesiastica
837 2167 1038 2194 sacramenta
1069 2162 1207 2195 admini-

459 2217 583 2251 strare,
608 2212 654 2244 vel
677 2213 771 2245 etiam
794 2213 926 2246 verlnun
956 2215 1008 2247 llei
1032 2215 1114 2248 intra
1137 2216 1206 2249 loca

462 2263 630 2297 interdieta
645 2265 831 2309 praedicare
845 2272 1040 2310 praa-sumat.
1055 2268 1206 2306 Quirinu-

460 2328 522 2360 que
554 2324 660 2351 autem
694 2325 805 2351 eontra
839 2319 1062 2352 inhibitionem
1097 2321 1206 2354 liuius-

462 2371 546 2403 nmili
570 2371 676 2404 venire,
695 2372 874 2411 tentaverit,
893 2379 1022 2416 praeter
1039 2373 1116 2406 alias
1130 2385 1206 2418 poe-

461 2434 515 2455 na<
536 2424 717 2462 rzinonieas,
746 2436 825 2468 quas
847 2425 1004 2463 invni-rai,
1028 2433 1063 2460 ut
1083 2427 1203 2460 ‹lia-nun

460 2483 516 2512 est,
534 2477 674 2520 episi-epi
689 2478 909 2520 suspensionis
923 2490 938 2511 a
954 2479 1108 2512 ‹liviniset
1127 2491 1206 2523 pon-

462 2530 624 2562 tificalium
648 2531 810 2569 exercitio,
829 2542 953 2565 nemum
976 2533 1136 2566 interdicti
1157 2534 1205 2566 in-

460 2593 585 2621 gressus
617 2584 790 2622 mla-siau,
819 2586 1045 2629 frui-tuumque
1076 2597 1205 2618 meusne

461 2635 650 2681 episcopalis
673 2637 889 2681 pa=r‹·‹·piio11‹·,
910 2638 962 2671 alii
983 2649 1057 2672 νιῚῸ
1078 2650 1205 2672 excom-

1061 245 1244 270 BULLARIUM
1264 246 1416 271 ROMANUM

1248 294 1476 327 inunieationis
1515 295 1707 328 sententiam
1747 297 1913 330 incurrant
1951 307 1990 330 eo

1249 346 1328 390 ipso.
1349 347 1388 381 Et
1407 348 1542 381 ulterius
1562 348 1780 383 ministrantes
1804 355 1835 383 et
1863 349 1990 394 praedi-

1248 405 1367 441 cantes,
1388 406 1422 433 ut
1442 401 1633 444 praefertur,
1657 401 1807 435 omnibus
1827 402 1940 436 officiis
1960 408 1990 435 et

1247 452 1413 486 beneficiis
1426 453 1540 497 privati
1561 454 1634 494 sint,
1652 460 1683 488 et
1701 454 1802 488 sacris
1821 455 1990 488 ordinibus

1246 504 1316 548 ipso
1331 507 1424 542 facto.
1434 506 1502 539 sine
1516 507 1578 539 alia
1588 507 1815 547 declaratione,
1826 513 1856 541 ct
1869 508 1989 551 absque

1246 569 1302 602 spe
1329 559 1462 593 alicuius
1486 560 1696 594 restitutionis
1716 572 1734 594 a
1754 562 1836 595 Sede
1855 562 1990 604 Aposto-

1246 612 1307 645 lica
1326 613 1521 647 obtinendae
1541 614 1703 658 suspendi,
1727 614 1931 658 liberumque
1951 614 1988 647 sit

1246 665 1283 698 iis
1298 693 1305 705 ‚
1326 667 1366 699 ad
1387 677 1468 709 quos
1488 667 1681 709 dignitatum
1706 673 1736 701 et
1755 667 1988 701 beneficiorum

1245 719 1431 753 huiusmodi
1451 721 1633 765 dispositiO,
1661 732 1717 755 seu
1742 721 1872 765 quaevis
1896 720 1988 754 ordi-

1245 773 1333 806 natio
1355 784 1562 818 quocumque
1587 775 1655 807 iure
1680 775 1830 818 pertinet,
1854 775 1894 807 ad
1919 774 1990 807 illas

1244 828 1433 871 procedere.

1289 881 1304 923 ξ
1329 880 1380 914 18.
1402 881 1434 915 Si
1458 892 1534 915 vero
1556 881 1632 914 dicti
1654 881 1780 923 moniti,
1804 892 1990 915 excommu-

1244 935 1341 968 nicati
1367 941 1398 969 et
1426 935 1608 976 interdicti,
1633 946 1691 979 per
1719 935 1799 968 alios
1826 940 1890 968 tres
1921 935 1990 969 dies

1245 989 1430 1022 immediate
1456 995 1627 1033 sequentes
1655 988 1844 1033 resipiscere
1859 1016 1866 1029 ,
1887 999 1924 1023 ae
1948 989 1988 1022 ad

1243 1053 1299 1076 cor
1327 1042 1461 1083 reverti,
1485 1053 1521 1075 ac
1542 1042 1659 1076 nostris
1679 1042 1839 1076 mandatis
1859 1042 1988 1087 praedi-

1243 1095 1301 1128 ctis
1330 1096 1557 1139 obtemperare
1588 1095 1768 1129 distulerint
1786 1123 1793 1136 ,
1820 1101 1850 1128 et
1876 1096 1908 1128 in
1933 1106 1989 1129 sua

1244 1148 1413 1182 maluerint
1436 1148 1543 1182 cordis
1563 1148 1681 1182 duritie
1706 1154 1736 1182 et
1763 1159 1913 1192 perversa
1933 1148 1990 1182 ob-

1242 1201 1414 1235 stinatione
1449 1201 1638 1246 persistere,
1666 1212 1721 1235 cos
1753 1207 1783 1235 ct
1812 1201 1990 1245 quemlibet

1243 1266 1356 1288 eorum
1389 1255 1683 1297 rcaggravassonis,
1715 1255 1929 1288 anathematis
1960 1260 1991 1288 et

1243 1309 1500 1349 maledictionis,
1525 1320 1561 1342 ae
1581 1308 1798 1342 damnationis
1822 1309 1885 1342 telo
1917 1319 1990 1352 per-

1242 1363 1441 1405 stringimus,
1465 1368 1493 1395 et
1527 1362 1673 1395 omnium
1699 1361 1988 1395 ecclesiasticarum

1243 1426 1422 1459 poenarum
1443 1415 1578 1448 vinculis
1595 1415 1732 1457 legatos,
1756 1425 1986 1448 censurarum-

1242 1479 1304 1512 que
1324 1469 1448 1512 laqueis
1468 1460 1609 1501 irretitos
1630 1479 1698 1502 esse
1716 1468 1986 1512 pronunciamus,

1243 1532 1301 1555 nec
1322 1533 1387 1555 non
1408 1532 1480 1555 reos
1501 1521 1645 1555 criminis
1673 1522 1781 1555 laesae
1799 1521 1986 1559 maiestatis.

1243 1582 1273 1609 et
1294 1576 1333 1609 ab
1354 1576 1506 1608 omnibus
1523 1575 1627 1608 dictae
1644 1575 1808 1609 Romanae
1828 1574 1989 1608 Ecclesiae

1243 1629 1392 1663 fidelibus
1420 1635 1451 1663 et
1479 1629 1616 1670 devotis,
1645 1639 1718 1662 cum
1751 1639 1864 1662 corum
1894 1627 1989 1661 bonis

1242 1689 1398 1727 perpetuo
1428 1683 1610 1720 diffidatos,
1636 1682 1720 1715 dicta
1749 1681 1938 1715 auctoritate
1958 1687 1986 1714 et

1242 1736 1409 1780 potcstatis
1429 1736 1630 1780 plenitudine
1644 1736 1857 1769 declaramus.
1875 1736 1919 1768 Ac
1932 1745 1988 1778 gc-

1242 1791 1395 1824 neraliter
1415 1790 1568 1829 civitates,
1594 1795 1705 1828 terraS,
1730 1789 1860 1833 oppida,
1884 1794 1987 1822 castra

1241 1850 1273 1877 ct
1292 1845 1363 1877 loca
1393 1854 1637 1887 quaecumque,
1661 1843 1700 1875 ad
1731 1853 1814 1886 quae
1845 1841 1986 1886 aliquem

1241 1897 1429 1931 corunulem
1449 1896 1803 1930 excommunioatorum
1825 1896 1987 1929 declinare

1241 1951 1423 1993 contigerit,
1440 1949 1595 1994 ‹pnmuliu
1618 1949 1737 1982 ibidem
1759 1949 1983 1993 permanserit,

1241 2015 1276 2036 ae
1300 2004 1406 2037 triduo
1427 2009 1494 2047 post
1517 2013 1678 2035 rei-essum
1705 2002 1866 2043 eiusdem,
1889 2001 1986 2035 simili

1242 2057 1413 2089 interdicto
1439 2056 1646 2093 suliiicinnis;
1680 2066 1806 2089 necnon
1832 2056 1983 2097 monitos,

1241 2109 1547 2147 exronmnmicatos,
1571 2115 1776 2151 aegras-atos,
1801 2109 1986 2142 anatliema-

1241 2164 1350 2196 tizatos
1370 2169 1399 2197 et
1421 2163 1608 2196 nuiledietos
1629 2163 1811 2207 praedictos
1841 2162 1982 2205 ‹lignita-

1242 2217 1325 2250 tiluis
1343 2223 1373 2249 et
1393 2216 1593 2253 honoribus,
1618 2216 1648 2249 in
1675 2216 1792 2260 quilius
1821 2214 1985 2249 constituti

1241 2269 1395 2306 existunt,
1421 2275 1482 2302 lain
1510 2269 1594 2313 ipsos
1612 2281 1708 2313 quani
1730 2269 1890 2306 civitates.
1917 2274 1981 2302 ler-

1241 2334 1302 2362 ras‚
1319 2328 1433 2360 castra,
1450 2322 1570 2366 oppida
1583 2328 1610 2355 et
1625 2323 1693 2355 lora
1706 2322 1870 2367 praedicta
1882 2322 1986 2356 omni-

1241 2376 1299 2408 lius
1322 2375 1590 2412 immunitatilms,
1614 2375 1800 2419 privilegiis,
1822 2375 1982 2409 facultali-

1241 2429 1310 2467 lins,
1334 2428 1429 2460 etiam
1451 2428 1641 2461 collectanili
1671 2439 1726 2461 sen
1757 2428 1898 2470 {sallellas
1919 2428 1981 2462 im-

1241 2481 1393 2524 ponendi,
1418 2487 1445 2514 et
1468 2481 1617 2514 rolli-ctas
1644 2493 1679 2514 av
1712 2482 1854 2522 ealwllas
1875 2481 1981 2526 impo-

1240 2533 1314 2566 sitas
1335 2533 1493 2574 exim-nili,
1521 2540 1548 2566 et
1583 2534 1735 2573 indultis,
1760 2534 1856 2568 etiam
1888 2533 1983 2568 studii

1241 2587 1411 2626 generalis,
1423 2587 1696 2625 eoncessionilnis.
1708 2588 1818 2631 gratiis
1838 2593 1867 2621 et
1881 2587 1984 2629 iligni-

1242 2639 1358 2672 tatilnis
1382 2646 1409 2673 et
1433 2640 1611 2674 honoribus
1626 2668 1633 2681 ,
1657 2641 1775 2685 «utilius
1795 2645 1930 2674 utuntur
1954 2645 1984 2673 et

1672 2720 1685 2730 n

2004 247 2054 274 An.
2071 246 2099 274 c.
2119 247 2188 276 159'1
2216 240 2218 242 '

2031 890 2075 910 Rea
2079 888 2188 915 ggravatio

2004 922 2120 942 {menarum
2139 921 2188 936 con-

2005 945 2037 963 tra
2045 945 2188 965 contumaces.

2004 969 2022 990 si
2032 969 2068 996 qni
2077 971 2123 995 pusi
2133 968 2188 989 haec

2004 995 2087 1017 suerint.
