2253 3195
10 243 55 274 ’.ιι
78 234 106 262 C.
125 234 186 261 1601

820 231 967 256 CLEMENS
989 232 1044 255 Vlll
1064 232 1113 255 ΡΓ.

206 281 374 315 territoriis
406 281 578 325 praedictis
604 280 699 314 etiam
721 290 778 324 per
799 279 941 313 edictum

205 334 382 379 publicum,
408 334 544 367 constito
564 333 739 367 summarie
761 339 790 366 ct
805 333 944 366 extraiu-

205 388 365 422 dicialiter
386 389 424 421 de
438 398 503 421 non
525 393 593 421 tuto
611 398 752 427 accessu,
776 387 893 420 citandi
916 392 946 419 et

205 441 358 475 monendi
374 469 381 482 ,
405 452 442 474 ac
468 441 634 485 quibusvis
651 441 747 473 etiam
770 440 868 484 ipsius
888 450 945 483 op-

204 494 284 537 pidi,
307 494 442 537 aliisque
463 493 623 526 iudicibus
644 499 674 526 et.
694 492 856 536 personis,
881 498 944 525 tam

206 547 429 580 ecclesiasticis
460 557 557 590 quam
585 546 825 586 saecularibus,
861 555 946 589 qua-

205 611 344 644 cumque
365 600 530 642 dignitate,
551 605 707 643 potestate
722 605 777 632 aut.
797 599 946 632 facultate

205 653 480 698 praepollentibus
494 680 501 693 ,
525 653 642 697 quibus
668 658 698 686 et
721 652 846 696 quoties
866 663 946 696 opus

206 707 313 748 suerit,
342 707 400 740 sub
421 707 598 747 sententiis,
622 706 766 740 censuris
786 711 818 739 et
834 706 946 749 poenis

205 761 440 802 ecclesiasticis,
468 772 505 794 ac
525 761 622 794 etiam
644 760 840 804 pecuniariis
860 759 946 792 arbi-

206 814 267 848 trio
291 821 394 848 vestro
424 814 620 857 infligendis,
645 814 829 853 inhibendi,
864 819 894 846 et
915 813 946 845 in

205 872 353 900 eventum
371 876 435 899 non
449 866 617 910 paritionis
635 866 674 899 ad
696 865 945 899 declarationem

206 920 353 953 incursus
381 930 591 953 censurarum
618 925 649 952 et
677 929 857 963 poenarum
882 918 943 951 hu-

205 973 344 1007 iusmodi
364 973 572 1017 procedendi,
593 983 629 1006 ac
649 971 835 1012 sententias,
856 982 947 1004 man-

205 1028 290 1067 data,
319 1027 466 1067 decreta,
490 1027 537 1059 vel
564 1025 785 1059 ordinationes
809 1025 948 1068 desuper

206 1081 353 1114 ferendas
366 1080 492 1113 debitae
506 1079 713 1123 exequutioni
731 1078 947 1112 demandandi

206 1143 262 1166 seu
287 1133 476 1166 demandari
501 1132 660 1165 faciendi:
693 1131 947 1165 contradictores

207 1186 368 1229 quoslibet
381 1191 411 1219 et
423 1185 560 1218 rebelles
573 1195 631 1229 per
643 1184 764 1218 similes
782 1194 944 1226 censuras,

207 1238 335 1283 aliaque
354 1244 539 1283 opportuna
558 1238 636 1271 iuris
657 1243 687 1271 et
711 1237 785 1271 sacti
805 1237 949 1271 remedia

207 1292 445 1336 compellendi,
476 1303 513 1325 ac
533 1291 630 1325 etiam
648 1290 802 1324 auxilium
824 1291 948 1325 brachii

207 1346 381 1379 saecularis
402 1346 443 1379 ad
460 1346 541 1386 hoc,
569 1345 594 1379 si
616 1351 646 1378 et
666 1345 792 1388 quoties
807 1372 814 1385 ‚
838 1356 874 1378 ac
893 1345 948 1378 ubi

207 1404 239 1432 et
258 1399 388 1443 quando
402 1409 482 1443 opus
495 1399 601 1439 fuerit,
624 1398 806 1439 invocandi,
823 1409 949 1432 necnon

208 1463 435 1496 quaecumque
448 1453 548 1486 dubia
561 1459 591 1486 et
604 1452 800 1486 differentias
813 1452 853 1496 <si
868 1463 949 1496 quae

208 1505 459 1549 praemissorum
500 1505 669 1538 occasione
704 1505 951 1549 quomodolibet

209 1558 287 1592 oriri
308 1558 492 1602 contigerit)
519 1558 706 1591 declarandi
727 1563 759 1591 et
789 1558 950 1603 interpre-

210 1612 315 1652 tandi3
340 1622 377 1645 ae
409 1612 541 1656 insuper
563 1617 626 1644 tam
657 1611 763 1645 Sancti
791 1612 947 1653 Servatii‚

209 1667 343 1711 eiusque
363 1666 583 1710 praepositum
606 1672 637 1699 et
656 1667 831 1707 decanum,
853 1677 949 1710 quam

209 1725 351 1754 caeteras
364 1720 516 1754 ecclesias
537 1725 568 1752 et
586 1720 776 1753 earumdem
797 1720 947 1764 capitula,

209 1773 403 1815 canonicos,
433 1773 653 1813 beneficiatos,
683 1779 892 1817 caeterosque
912 1775 950 1808 de

209 1827 295 1861 dicto
315 1828 401 1860 clero
414 1854 421 1867 ,
445 1832 509 1859 tam
529 1827 710 1860 saeculares
730 1838 827 1870 quam
850 1838 947 1870 regu-

209 1881 292 1914 lares
310 1908 318 1921 ,
349 1891 385 1914 ac
413 1880 558 1924 ipsorum
592 1880 800 1920 monasteria,
822 1881 947 1923 domos,

209 1940 394 1975 conventus,
418 1934 600 1978 hospitalia,
621 1934 901 1968 confraternitates
922 1942 952 1969 et

209 1987 271 2020 alia
290 1989 361 2021 loca
378 1988 475 2021 etiam
494 1993 640 2031 exempta
655 2015 662 2028 ,
686 1987 856 2032 dictaeque
877 1989 950 2023 Sedi

209 2041 396 2075 immediate
415 2041 569 2081 subiecta,
598 2052 635 2074 ac
655 2052 863 2086 quocumque
888 2043 951 2077 alio

210 2094 377 2138 privilegio
397 2094 527 2127 suffulta
552 2093 583 2126 in
601 2094 722 2137 oppido
742 2095 949 2138 Traiectensi,

210 2157 337 2180 necnon
351 2147 382 2179 in
396 2147 497 2191 pagis,
509 2147 599 2187 loeis,
622 2147 820 2181 districtibus
833 2155 863 2182 et
884 2155 949 2182 ter-

211 2200 332 2233 ritoriis
363 2199 537 2243 praedictis
569 2200 798 2243 consistentia,
836 2203 952 2236 tamin

212 2254 315 2297 capite
335 2264 432 2297 quam
462 2254 494 2286 in
516 2253 691 2293 membris,
716 2265 788 2287 eum
809 2255 953 2298 primum

214 2306 271 2339 tibi
300 2312 520 2350 opportunum
542 2307 712 2347 videbitur,
737 2307 896 2350 visitandi,
917 2320 954 2343 ac

213 2360 402 2404 praesertim
424 2359 456 2392 in
482 2370 547 2401 eos,
573 2359 628 2403 qui
653 2359 684 2392 in
712 2360 815 2394 causis
840 2372 951 2396 corre-

213 2413 355 2446 ctionum
381 2419 412 2446 et
435 2413 699 2447 reformationum
722 2424 849 2447 morum
866 2442 873 2456 ,
897 2415 951 2449 lit-

213 2472 356 2501 terarum
377 2467 640 2508 concessionum,
664 2467 728 2501 sive
751 2469 954 2503 indultorum

214 2520 483 2564 apostolicorum,
506 2520 825 2565 reservationumque
851 2533 887 2555 ex
908 2524 955 2557 vel

215 2573 254 2606 ab
275 2573 312 2606 iis
338 2573 562 2607 resultantium
584 2574 869 2618 interpretatione,
893 2581 955 2610 sta-

215 2632 424 2671 tutorumque
442 2638 538 2671 super
559 2628 742 2669 residentia,
763 2634 858 2672 atque
880 2630 958 2663 alio-

979 289 1049 312 rum
1071 279 1284 320 observantia,
1308 279 1442 322 aliisque
1463 278 1495 310 id
1520 287 1620 320 genus
1644 287 1719 320 pro-

979 332 1120 366 cessibus
1150 333 1189 366 ad
1222 332 1320 366 laicos
1353 339 1383 365 et
1413 332 1594 365 saeculares
1626 330 1720 363 variis

979 386 1124 419 confictis
1138 386 1355 430 praetextibus
1368 396 1517 418 recursus
1526 385 1720 424 habuerunt,

980 445 1034 473 aut
1052 440 1202 483 deinceps
1229 439 1421 479 habuerint,
1458 448 1636 482 eorumque
1652 465 1659 478 ,
1691 442 1722 470 et

980 493 1166 537 quorumvis
1187 492 1323 525 aliorum
1342 498 1473 533 statum,
1495 492 1645 531 sormam,
1668 501 1719 523 re-

980 546 1099 588 gimen,
1123 551 1250 587 statuta,
1275 545 1536 585 consuetudines,
1560 544 1716 583 instituta,

981 600 1129 639 decreta,
1153 599 1395 639 ordinationes,
1429 598 1536 639 vitam,
1561 608 1718 637 excessus,

982 662 1108 691 φοι-63,
1133 659 1162 685 et
1184 652 1398 695 disciplinam,
1422 662 1481 684 nec
1507 661 1571 684 non
1599 651 1718 691 titulos,

980 706 1044 738 sive
1073 705 1274 749 provisiones
1303 705 1475 747 diligenter
1506 704 1719 748 inquirendi,

981 765 1080 803 utque
1101 770 1117 791 a
1145 758 1304 792 similibus
1337 758 1487 802 deinceps
1518 758 1719 797 abstineant,

981 812 1180 855 caeterisque
1211 812 1298 845 bono
1318 811 1466 854 exemplo
1492 822 1560 844 esse
1585 810 1719 854 possint,

981 876 1089 899 severe
1110 865 1264 909 puniendi
1294 871 1324 898 et
1351 864 1601 908 compescendi;
1630 874 1724 897 evan-

981 919 1101 962 gelicae
1122 929 1253 962 quoque
1274 925 1304 952 et
1324 918 1517 962 apostolicae
1539 917 1720 957 doctrinae,

981 982 1147 1006 sacrorum
1178 982 1339 1005 canonum
1365 977 1395 1004 et
1422 971 1622 1013 generalium
1648 981 1723 1003 con—

982 1026 1129 1060 ciliorum
1151 1025 1287 1059 decretis
1302 1053 1309 1066 ,
1333 1031 1363 1058 et
1386 1030 1571 1058 sanctorum
1591 1024 1721 1057 Patrum

983 1079 1210 1112 traditionibus
1231 1084 1327 1122 atque
1345 1078 1496 1111 institutis
1510 1078 1720 1118 inhaerendo,

982 1144 1019 1166 ac
1039 1133 1128 1173 alias,
1151 1137 1248 1176 prout
1268 1132 1407 1171 occasio,
1435 1141 1620 1175 rerumque,
1634 1131 1722 1163 loco-

982 1197 1053 1219 rum
1083 1192 1114 1219 et
1144 1195 1358 1230 personarum
1385 1184 1523 1228 qualitas
1551 1185 1720 1227 exegerit,

983 1250 1206 1284 quaecumque
1238 1238 1459 1278 correctione,
1484 1239 1721 1280 emendatione,

984 1293 1181 1334 mutatione,
1217 1292 1421 1326 revocatione
1443 1298 1472 1325 et
1501 1292 1721 1333 renovatione,

983 1348 1032 1380 vel
1057 1347 1152 1380 etiam
1184 1357 1218 1380 ex
1250 1346 1376 1388 integro
1405 1345 1545 1379 editione
1581 1345 1725 1388 indigere

984 1401 1185 1444 cognoveris,
1209 1400 1420 1441 reformandi,
1442 1400 1600 1440 mutandi,
1624 1400 1724 1433 corri-

984 1455 1081 1497 gendi
1102 1460 1133 1488 et
1153 1454 1249 1488 etiam
1279 1454 1318 1487 de
1339 1464 1422 1487 novo
1444 1453 1625 1493 condendi,
1650 1463 1726 1486 con-

986 1509 1052 1542 dita
1071 1508 1168 1542 sacris
1194 1507 1371 1541 canonibus
1398 1517 1464 1540 non
1499 1505 1723 1550 repugnantia,

985 1561 1212 1602 confirmandi,
1229 1561 1347 1594 abusus
1367 1570 1591 1604 quoscumque
1608 1559 1725 1593 tollen-

985 1616 1028 1656 di,
1045 1615 1183 1657 regulas,
1196 1613 1411 1648 institutiones
1425 1619 1455 1646 et
1472 1612 1723 1653 observationes,

985 1668 1175 1702 canonicam
1196 1673 1227 1701 et
1247 1666 1495 1701 ecclesiasticam
1508 1665 1723 1710 disciplinam,

985 1723 1182 1765 ubicumque
1212 1721 1266 1754 illa
1286 1720 1450 1760 exciderit,
1473 1719 1673 1759 restituendi,
1697 1725 1728 1752 et

986 1775 1144 1820 quidquid
1176 1775 1250 1808 inde
1283 1773 1432 1807 statueris
1467 1779 1498 1806 et
1529 1772 1727 1805 ordinaveris

986 1834 1144 1873 perpetuo
1164 1827 1329 1860 observari
1349 1826 1504 1863 faciendi,
1521 1835 1582 1858 nec
1602 1835 1679 1866 non,
1701 1825 1725 1858 si

986 1892 1066 1926 quos
1086 1881 1118 1914 in
1139 1881 1248 1924 aliquo
1263 1879 1440 1924 culpabiles
1457 1879 1506 1911 vel
1520 1878 1724 1917 criminosos,

986 1935 1209 1979 delinquentes
1231 1940 1259 1966 et
1277 1933 1424 1973 rebelles,
1434 1933 1481 1965 vel
1493 1937 1657 1975 suspectos
1678 1942 1727 1964 re-

986 1989 1132 2033 perieris,
1155 1988 1388 2031 cuiuscumque
1406 1986 1581 2029 dignitatis,
1606 1986 1728 2020 ordinis

987 2050 1018 2077 et
1038 2041 1232 2076 conditionis
1257 2041 1385 2082 suerint,
1410 2040 1565 2084 puniendi
1587 2045 1618 2073 et
1636 2040 1727 2073 casti-

987 2096 1100 2140 gandi;
1124 2106 1178 2129 eos
1197 2106 1274 2128 vero
1296 2095 1349 2138 qui
1363 2122 1370 2135 ,
1397 2105 1470 2128 vere
1491 2100 1521 2127 et
1541 2104 1577 2127 ex
1597 2094 1724 2135 animo,

987 2152 1027 2184 ad
1048 2161 1102 2184 cor
1120 2149 1237 2183 reversi
1257 2148 1384 2189 suerint,
1409 2159 1426 2180 a
1447 2148 1588 2181 censuris
1606 2154 1636 2181 et
1652 2159 1728 2191 poe-

987 2205 1036 2238 nis
1067 2204 1326 2248 quibuscumque
1358 2208 1531 2246 propterea
1566 2202 1724 2240 incursis,

988 2259 1132 2291 iniuncta
1152 2257 1226 2290 inde
1247 2256 1292 2289 eis
1312 2266 1370 2299 pro
1392 2255 1489 2288 modo
1510 2255 1623 2299 culpae
1652 2265 1728 2298 poe-

988 2311 1123 2344 nitentia
1152 2309 1284 2343 salutari
1308 2315 1339 2342 et
1367 2309 1457 2349 aliis,
1484 2319 1567 2352 quae
1593 2309 1632 2341 de
1659 2308 1727 2342 iure

988 2364 1105 2398 suerint
1128 2363 1337 2405 iniungenda,
1361 2362 1546 2395 absolvendi
1567 2362 1641 2394 etin
1666 2362 1730 2405 pri-

988 2417 1107 2451 stinum
1126 2422 1255 2457 statum,
1284 2416 1308 2448 si
1328 2415 1383 2448 tibi
1409 2415 1451 2448 ita
1471 2415 1622 2458 expedire
1643 2415 1730 2449 vide-

989 2470 1088 2509 bitur,
1112 2468 1312 2507 restituendi,
1331 2473 1521 2511 caeteraque
1542 2468 1603 2500 alia
1623 2468 1732 2501 onmia

991 2529 1021 2557 et
1045 2523 1170 2565 singula
1196 2522 1227 2554 in
1249 2521 1433 2565 praemissis
1459 2521 1650 2562 necessaria,
1679 2527 1733 2555 aut

993 2577 1070 2609 alias
1095 2575 1342 2619 quomodolibet
1366 2581 1549 2619 opportuna
1580 2575 1729 2614 faciendi,

994 2629 1125 2672 gerendi
1147 2634 1177 2661 et
1202 2629 1390 2672 exequendi,
1412 2628 1558 2672 vicesque
1581 2634 1648 2662 tuas
1669 2628 1731 2662 sive

1628 218 1692 252 0853
1739 229 1785 253 An.
1804 228 1832 253 c,
1853 227 1915 255 1601
