2253 3195
53 235 104 262 An.
121 234 149 262 C.
172 234 239 262 ¹597

79 450 197 471 Exordium,

31 826 35 829 ¹
67 820 148 841 Causae
159 825 233 840 conce-

51 846 133 867 dendae
149 846 232 869 domus,

50 873 76 893 de
95 879 137 899 qua
159 873 178 893 in
200 879 233 893 ru-

48 898 114 920 brien.

75 1665 194 1686 Concessio.

872 239 1018 264 CLEMENS
1038 240 1096 264 VIII
1113 240 1164 263 PP.

458 286 591 313 Clemens
612 287 690 321 Papa
711 287 790 322 VIII,

375 330 415 356 ad
431 334 606 364 perpetuam
621 331 665 358 rei
681 332 862 359 memoriam.

294 393 463 426 Sacrarum
490 393 684 435 religionum
717 393 748 425 in
778 394 919 426 Ecclesia
938 394 992 426 Dei

251 445 301 489 pie
330 452 503 490 sancteque
535 446 751 479 institutarum
781 447 989 490 propagatio-

250 509 324 531 nem
344 505 375 532 et
401 499 635 532 incrementum
663 500 788 532 sincero
809 500 993 532 desideran-

251 558 296 585 tes
316 552 442 593 afsectu,
459 564 496 586 ea
516 553 653 586 libenter
673 553 890 593 concedimus,
912 563 993 596 quae

250 606 289 638 ad
319 605 586 649 propagationem
608 611 638 638 et
663 606 899 638 incrementum
928 606 990 638 hu-

249 658 388 691 iusmodi
408 658 581 691 salubriter
612 658 643 690 in
674 658 811 692 Domino
837 659 993 702 conspici-

249 722 320 744 mus
344 711 505 754 expedire.

294 766 310 806 ξ
331 764 361 796 i.
379 764 460 796 Sane
478 774 550 797 cum
572 765 603 796 in
618 764 718 803 ltalia,
735 771 863 808 praeter
884 775 993 797 mona-

249 816 381 849 sterium
403 827 459 849 seu
479 817 650 859 collegium
672 818 702 850 S.
727 819 836 850 Annae
858 818 993 850 Ianuen-

248 870 300 909 sis,
317 871 441 903 nullum
460 871 547 904 aliud
565 876 649 904 extet
670 872 913 909 monasterium,
931 882 989 904 ne—

249 934 312 967 que
332 930 509 957 conventus
538 930 592 957 aut
618 925 734 957 domus
762 925 891 958 Ordinis
918 925 993 957 Fra-

247 983 332 1010 trum
350 977 595 1010 Carmelitarum
615 978 884 1011 Discalceatorum
904 988 989 1010 nun-

248 1034 458 1072 cupatorum,
483 1029 537 1072 qui
562 1030 647 1062 Ordo
670 1030 709 1062 ad
738 1030 919 1073 primitivae
944 1041 993 1063 re-

247 1082 341 1123 gulae
354 1081 481 1115 Ordinis
498 1082 740 1115 Carmelitarum
759 1083 992 1127 praescriptum

248 1134 279 1166 in
300 1134 408 1176 regnis
432 1134 659 1177 Hispaniarum
680 1135 853 1176 institutus,
876 1135 993 1168 sancti-

246 1187 320 1220 tatis
351 1187 436 1220 sama
465 1187 610 1228 redolet,
640 1199 677 1221 ac
703 1199 814 1221 suaves
841 1189 873 1221 in
902 1189 993 1222 vinea

245 1239 391 1277 Domini,
415 1240 455 1272 ad
480 1241 676 1283 populorum
705 1241 772 1274 eius
803 1238 994 1275 salutemet

245 1293 445 1336 spiritualem
461 1294 726 1333 consolationem,
742 1295 863 1327 fructus
877 1295 988 1335 affert3

247 1356 386 1389 cumque
404 1346 429 1379 si
450 1346 482 1378 in
501 1347 585 1380 alma
598 1348 683 1380 Urbe
697 1354 807 1381 nostra
824 1348 886 1381 alia
907 1348 991 1381 eius-

246 1400 320 1433 dem
349 1400 612 1442 Cougregationis
644 1402 758 1434 domus
790 1402 988 1444 erigeretur,

246 1463 381 1495 magnos
402 1459 574 1496 propterea
594 1454 715 1487 fructus
735 1455 774 1488 ad
786 1455 842 1488 Dei
863 1455 991 1488 laudem

247 1511 278 1539 et
297 1506 479 1539 animarum
510 1507 645 1540 salutem
677 1507 751 1541 inde
781 1514 992 1551 proventuros

248 1570 317 1592 esse
337 1560 535 1602 sperandum
556 1560 614 1593 sit:

293 1611 360 1654 §2-
391 1612 453 1645 Nos
481 1612 634 1645 Ordinem
664 1613 769 1657 ipsum
800 1614 992 1657 specialilius

247 1664 409 1697 favoribus
431 1670 461 1697 et
481 1665 591 1707 gratiis
612 1666 764 1709 prosequi
785 1667 939 1706 volentes,
963 1672 994 1699 et

248 1729 529 1762 quorumcumque
557 1718 821 1762 privilegiorum,
845 1719 990 1752 indulto-

247 1782 331 1812 rum,
342 1771 587 1805 concessionum
604 1778 635 1805 et
646 1773 835 1814 gratiarum,
848 1779 911 1805 tam
930 1773 993 1816 spi-

248 1824 413 1858 ritualium
424 1835 520 1868 quam
530 1825 758 1868 temporalium
772 1825 875 1858 eidem
882 1825 993 1859 Ordini

248 1878 394 1910 Fratrum
406 1878 660 1917 Carmelitarum‚
678 1878 774 1911 etiam
790 1889 848 1922 per
861 1878 993 1911 modum

249 1930 552 1964 communicationis
573 1937 603 1964 et
623 1932 832 1971 extensionis,
857 1943 894 1965 ac
917 1932 994 1965 alias

249 1984 495 2027 quomodolibet
514 1994 573 2027 per
592 1995 814 2028 quoscumque
832 1986 994 2018 Romanos

248 2036 431 2076 Pontifices,
445 2037 710 2080 praedecessores
728 2043 866 2078 nostros,
883 2049 919 2071 ac
937 2049 994 2071 nos

249 2095 280 2122 et
297 2089 411 2123 Sedem
429 2090 487 2132 Ap.
501 2100 739 2130 concessorum,
757 2101 793 2123 ac
813 2091 994 2124 litterarum

250 2143 501 2186 apostolicarum
511 2143 650 2186 desuper
659 2144 893 2187 expeditarum,
907 2151 995 2178 teno-

249 2207 300 2229 res
320 2196 544 2240 praesentibus
563 2207 622 2239 pro
647 2197 803 2240 expressis
827 2198 992 2239 habentes,

249 2248 539 2293 supplicationibus
557 2248 664 2282 dilecti
684 2249 741 2281 filii
768 2250 868 2282 nostri
886 2250 995 2283 Domi-

249 2301 313 2335 nici
327 2301 410 2335 tituli
420 2302 449 2335 S.
463 2302 641 2346 Grysogoni
655 2302 834 2347 presbyteri
849 2303 996 2336 cardina-

250 2355 288 2388 lis
303 2355 417 2388 Pinelli
436 2355 624 2399 nuncupati,
638 2355 734 2388 totius
754 2355 881 2389 Ordinis
895 2357 994 2389 Fratr.

251 2409 493 2443 Carmelitarum
508 2410 594 2453 apud
607 2420 665 2443 nos
677 2414 707 2443 et
724 2410 838 2443 Sedem
852 2411 909 2453 Ap.
925 2421 998 2454 pro-

251 2462 402 2502 tectoris,
426 2462 582 2503 inclinati,
610 2473 708 2496 unam
736 2464 999 2505 Congregationis

251 2515 436 2558 praedictae
456 2516 604 2548 Fratrum
618 2516 860 2549 Carmelitarum
881 2517 999 2550 Discal-

254 2571 421 2600 ceatorum
454 2567 587 2600 domum
617 2567 649 2600 in
676 2568 755 2601 urbe
776 2568 941 2611 praedicta
966 2568 998 2601 in

252 2619 395 2653 Ecclesia
414 2619 444 2654 S.
472 2620 589 2654 Mariae
620 2621 659 2654 de
679 2621 786 2662 Scala,
809 2621 842 2655 in
868 2621 999 2664 regione

1676 229 1740 263 339

1025 287 1263 331 Transtyberim
1284 287 1359 328 sita,
1383 288 1432 321 vel
1459 287 1491 320 in
1522 288 1584 320 alia
1610 288 1767 329 Ecclesia,

1028 340 1058 372 in
1079 351 1282 383 quacumque
1303 341 1393 373 urbis
1418 341 1550 383 regione
1570 341 1689 384 posita,
1714 352 1771 384 per

1028 392 1111 435 ipsos
1129 393 1314 432 obtinenda,
1339 394 1378 426 ad
1396 394 1449 426 Dei
1472 394 1600 426 laudem
1622 399 1652 426 et
1673 393 1771 437 ipsius

1027 446 1287 487 Congregationis
1298 448 1576 490 propagationem,
1587 452 1769 490 separatam

1029 504 1134 531 tamen
1153 505 1180 531 et
1205 499 1357 539 divisam,
1386 506 1421 532 ut
1440 500 1544 539 infra,
1568 511 1585 532 a
1606 500 1772 544 praedicta

1027 552 1280 593 Congregatione
1313 552 1559 596 Hispaniarum,
1589 558 1768 597 perpetuo,

1028 604 1218 637 auctoritate
1254 606 1445 649 apostolica,
1480 612 1591 639 tenore
1619 617 1771 650 praesen-

1028 657 1117 696 tium,
1142 658 1296 698 erigimus
1316 664 1345 691 et
1368 658 1576 697 instituimus,
1593 670 1629 692 ac
1651 659 1682 691 in
1704 659 1771 703 ipsa

1028 710 1136 749 domo,
1165 711 1317 743 Ordinem
1350 712 1498 744 Fratrum
1529 712 1771 745 Carmelitarum

1027 764 1297 797 Discalceatorum
1322 772 1479 808 perpetuo
1511 765 1768 806 introducimus,

1027 828 1063 850 ac
1084 818 1182 861 ipsius
1207 818 1323 850 domus
1351 829 1411 861 pro
1437 823 1582 861 tempore
1614 819 1772 861 religiosis

1028 870 1059 902 in
1079 876 1284 914 perpetuum,
1308 876 1343 903 ut
1360 871 1472 903 habitu
1490 877 1521 903 et
1538 871 1660 912 regula,
1676 878 1773 915 atque

1028 923 1178 956 institutis
1199 924 1360 966 praefatae
1380 923 1642 965 Congregationis
1663 925 1774 968 Hispa-

1027 976 1165 1016 niarum,
1190 976 1269 1009 citra
1290 982 1397 1009 tamen
1419 977 1504 1009 illius
1523 977 1769 1017 subiectionem,

1028 1029 1060 1061 in
1081 1029 1231 1062 omnibus
1252 1035 1281 1062 et
1302 1040 1360 1072 per
1386 1029 1495 1062 omnia
1525 1041 1557 1063 se
1586 1041 1618 1063 se
1644 1031 1773 1064 consor-

1029 1093 1126 1122 mare,
1141 1093 1177 1115 ac
1191 1082 1276 1115 illius
1293 1083 1418 1116 statutis
1439 1088 1470 1115 et
1491 1083 1773 1117 constitutionibus

1026 1147 1083 1179 per
1094 1146 1152 1168 nos
1163 1136 1221 1168 sub
1234 1136 1284 1169 die
1298 1147 1372 1169 xxm
1385 1136 1538 1169 februarii
1553 1137 1627 1168 anni
1644 1147 1769 1177 MDxcu,

1027 1190 1232 1233 pontificatus
1261 1190 1362 1223 nostri
1393 1200 1477 1222 anno
1504 1190 1629 1233 primo,
1654 1191 1773 1223 confir-

1028 1243 1131 1282 matis,
1156 1253 1282 1275 necnon
1304 1243 1562 1286 quibuscumque
1582 1243 1769 1286 privilegiis,

1028 1295 1170 1335 indultis,
1199 1295 1474 1335 concessionibus,
1503 1296 1771 1339 exemptionibus,

1027 1347 1299 1388 imuninitatibus,
1320 1348 1562 1391 praerogativis,
1587 1348 1770 1389 favoribus,

1027 1401 1234 1443 indulgentiis
1266 1407 1296 1434 et
1328 1401 1397 1434 aliis
1422 1402 1552 1443 gratiis,
1583 1408 1646 1434 tam
1674 1402 1770 1445 spiri-

1026 1454 1166 1487 tualibus
1186 1465 1283 1498 quam
1304 1455 1547 1498 temporalibus,
1568 1454 1774 1498 supradictae

1026 1508 1253 1551 Hispaniarum
1285 1508 1555 1550 Congregationi‚
1589 1518 1647 1551 per
1678 1519 1774 1551 quos-

1027 1572 1166 1604 cumque
1197 1562 1359 1594 Romanos
1387 1561 1558 1594 Pontifices
1578 1562 1771 1605 praedeces-

1027 1625 1114 1647 sores
1136 1620 1280 1653 nostros,
1304 1625 1341 1647 ac
1361 1625 1419 1647 nos
1449 1620 1480 1647 et
1506 1615 1621 1648 Sedem
1649 1614 1776 1658 praedi-

1027 1672 1110 1699 ctam
1132 1667 1388 1709 quomodolibet,
1401 1666 1498 1699 etiam
1511 1677 1569 1710 per
1582 1667 1665 1699 viam
1688 1677 1775 1699 coin-

1028 1720 1277 1759 municationis‚
1302 1730 1358 1752 seu
1379 1719 1596 1760 extensionis,
1621 1727 1675 1752 aut
1695 1719 1774 1752 alias

1028 1773 1335 1815 quomodocumque
1365 1773 1546 1813 concessis,
1575 1772 1776 1805 confirmatis

1028 1831 1059 1858 et
1079 1825 1248 1866 innovatis,
1272 1826 1330 1866 uti,
1353 1836 1389 1858 ac
1410 1825 1472 1858 frui
1490 1831 1521 1858 et
1541 1826 1696 1867 gaudere;
1719 1836 1775 1869 pe-

1028 1879 1120 1912 rinde
1137 1889 1173 1911 ac
1193 1879 1218 1911 si
1239 1879 1344 1911 eidem
1358 1878 1468 1911 domui
1481 1890 1539 1922 per
1556 1889 1615 1911 nos
1636 1884 1773 1918 erectae,

1029 1931 1161 1975 eiusque
1181 1932 1297 1965 futuris
1316 1931 1476 1973 religiosis
1489 1931 1682 1964 nominatim
1701 1941 1777 1964 con-

1029 1995 1134 2017 cessae
1156 1985 1300 2024 suissent,
1318 1985 1442 2028 possint
1461 1990 1492 2017 et
1511 1985 1648 2025 valeant,
1665 1995 1702 2017 ac
1723 1985 1777 2017 de-

1029 2039 1146 2076 beant,
1179 2038 1388 2071 concedimus
1414 2043 1445 2071 et
1476 2038 1703 2080 indulgemus,
1738 2049 1775 2070 ac

1029 2092 1231 2132 mandamus,
1256 2091 1424 2124 statuimus
1445 2096 1476 2124 et
1496 2091 1695 2124 ordinamus.

1074 2147 1090 2186 ξ
1112 2144 1141 2177 2.
1165 2145 1320 2177 Eamdem
1346 2150 1454 2177 tamen
1476 2144 1626 2183 domum,
1650 2154 1777 2176 necnon

1030 2198 1125 2230 etiam
1146 2197 1347 2241 praedictum
1378 2197 1610 2230 monasterium
1631 2208 1688 2230 seu
1713 2197 1778 2229 col-

1030 2251 1149 2292 legium
1167 2252 1197 2284 5.
1223 2252 1333 2283 Annae
1354 2250 1529 2290 Ianuensis,
1554 2260 1681 2283 necnon
1702 2260 1774 2283 mo-

1030 2304 1207 2336 nasterium
1221 2303 1411 2336 monialium
1426 2303 1471 2335 De
1484 2303 1558 2336 Iesu
1571 2303 1681 2335 Maria
1695 2313 1778 2335 nun-

1032 2361 1195 2400 cupatum,
1219 2356 1361 2389 eiusdem
1383 2356 1510 2389 Ordinis
1528 2355 1661 2388 civitatis
1682 2356 1777 2389 etiam

1031 2409 1206 2450 Ianuensis,
1225 2421 1297 2442 cum
1319 2410 1469 2443 omnibus
1495 2410 1618 2442 iuribus
1634 2415 1665 2442 et
1681 2410 1779 2453 perti-

1032 2463 1148 2495 nentiis
1176 2473 1311 2501 eorum,
1333 2475 1369 2496 cx
1390 2473 1475 2495 nunc
1495 2463 1534 2495 ab
1556 2463 1644 2495 omni
1665 2463 1775 2495 subie-

1033 2516 1154 2557 ctione,
1179 2517 1385 2556 ohedicntia,
1407 2516 1632 2559 superioritate
1659 2521 1689 2549 et
1717 2517 1775 2549 de-

1033 2569 1206 2613 pendentia
1227 2569 1401 2614 praepositi
1421 2568 1581 2611 generalis
1601 2575 1632 2603 et
1652 2569 1780 2603 consul-

1033 2628 1093 2664 tae,
1117 2633 1153 2656 ac
1171 2628 1374 2657 caeterorum
1395 2623 1621 2666 religiosorum
1642 2623 1781 2666 Congre-

1786 240 1836 266 An.
1857 240 1886 267 C.
1903 240 1970 268 1597

1830 1303 1974 1323 Communica-

1790 1329 1818 1349 tiu
1853 1330 1974 1355 privilegio-

1789 1356 1920 1381 ruin,quibus
1926 1362 1973 1381 gau-

1789 1382 1824 1402 det
1834 1382 1973 1408 congregatio

1789 1408 1910 1435 Hispanica.

1806 2150 1914 2176 Exeinptin
1923 2151 1978 2170 eius-

1793 2177 1840 2197 dem
1850 2177 1923 2197 domus
1937 2178 1978 2197 col-

1793 2204 1841 2229 legii
1860 2204 1882 2224 S.
1900 2204 1978 2226 Annae.

1793 2232 1813 2250 ct
1855 2230 1979 2250 monasterii

1793 2257 1916 2277 monialium
1954 2257 1979 2277 de

1793 2283 1840 2303 Iesu
1864 2283 1931 2303 Maria
1948 2283 1978 2303 la·

1793 2310 1878 2330 intensis·
1893 2316 1905 2330 a
1917 2315 1978 2335 supo-

1794 2336 1889 2356 rioritato
1918 2342 1980 2361 prae-

1793 2362 1856 2388 posui
1873 2363 1980 2388 generalis

1794 2389 1864 2409 :liciae
1889 2389 1979 2414 Congru-

1795 2416 1885 2440 gationis
1906 2416 1979 2441 Hispa-

1794 2442 1884 2462 uiarum.
