<?xml version="1.0" encoding="UTF-8"?>
<!DOCTYPE html PUBLIC "-//W3C//DTD XHTML 1.0 Transitional//EN"
    "http://www.w3.org/TR/xhtml1/DTD/xhtml1-transitional.dtd">
<html xmlns="http://www.w3.org/1999/xhtml" xml:lang="en" lang="en">
 <head>
  <title>
</title>
<meta http-equiv="Content-Type" content="text/html;charset=utf-8" />
  <meta name='ocr-system' content='tesseract 3.04.00' />
  <meta name='ocr-capabilities' content='ocr_page ocr_carea ocr_par ocr_line ocrx_word'/>
</head>
<body>
  <div class='ocr_page' id='page_1' title='image "./bullarumdiplomat10cath_0138.png"; bbox 0 0 2253 3195; ppageno 0'>
   <div class='ocr_carea' id='block_1_1' title="bbox 2155 0 2253 654">
    <p class='ocr_par' dir='ltr' id='par_1_1' title="bbox 2155 0 2253 654">
     <span class='ocr_line' id='line_1_1' title="bbox 2155 0 2253 654; baseline 0 -492"><span class='ocrx_word' id='word_1_1' title='bbox 2155 0 2253 654; x_wconf 95' lang='lat' dir='ltr'>   </span> 
     </span>
    </p>
   </div>
   <div class='ocr_carea' id='block_1_2' title="bbox 286 169 2208 604">
    <p class='ocr_par' dir='ltr' id='par_1_2' title="bbox 288 169 2208 326">
     <span class='ocr_line' id='line_1_2' title="bbox 288 169 2208 215; baseline -0.001 -11"><span class='ocrx_word' id='word_1_2' title='bbox 288 179 336 205; x_wconf 79' lang='lat' dir='ltr'>An.</span> <span class='ocrx_word' id='word_1_3' title='bbox 355 178 384 205; x_wconf 85' lang='lat' dir='ltr'>c.</span> <span class='ocrx_word' id='word_1_4' title='bbox 404 178 473 206; x_wconf 74' lang='lat'>1594</span> <span class='ocrx_word' id='word_1_5' title='bbox 518 169 583 203; x_wconf 83' lang='grc'>106</span> <span class='ocrx_word' id='word_1_6' title='bbox 1072 178 1256 203; x_wconf 56' lang='lat' dir='ltr'>numinum</span> <span class='ocrx_word' id='word_1_7' title='bbox 1275 178 1430 203; x_wconf 69' lang='lat' dir='ltr'>Romnum</span> <span class='ocrx_word' id='word_1_8' title='bbox 2023 178 2073 205; x_wconf 78' lang='lat' dir='ltr'>An.</span> <span class='ocrx_word' id='word_1_9' title='bbox 2089 177 2120 206; x_wconf 88' lang='lat' dir='ltr'>c.</span> <span class='ocrx_word' id='word_1_10' title='bbox 2139 178 2183 207; x_wconf 78' lang='lat'>15</span> <span class='ocrx_word' id='word_1_11' title='bbox 2194 181 2208 215; x_wconf 56' lang='lat'>4,</span> 
     </span>
     <span class='ocr_line' id='line_1_3' title="bbox 488 226 2191 280; baseline 0 -19"><span class='ocrx_word' id='word_1_12' title='bbox 488 228 706 271; x_wconf 78' lang='lat' dir='ltr'>gubernatore</span> <span class='ocrx_word' id='word_1_13' title='bbox 716 227 858 261; x_wconf 89' lang='lat' dir='ltr'>eiusdem</span> <span class='ocrx_word' id='word_1_14' title='bbox 872 226 1018 265; x_wconf 77' lang='lat' dir='ltr'>civitatis,</span> <span class='ocrx_word' id='word_1_15' title='bbox 1033 227 1230 271; x_wconf 90' lang='lat' dir='ltr'>subscriptas</span> <span class='ocrx_word' id='word_1_16' title='bbox 1246 227 1250 280; x_wconf 63' lang='lat' dir='ltr'>J</span> <span class='ocrx_word' id='word_1_17' title='bbox 1265 232 1362 264; x_wconf 76' lang='lat' dir='ltr'>textu,</span> <span class='ocrx_word' id='word_1_18' title='bbox 1386 227 1483 260; x_wconf 84' lang='lat' dir='ltr'>etiam</span> <span class='ocrx_word' id='word_1_19' title='bbox 1503 237 1562 271; x_wconf 90' lang='lat' dir='ltr'>pro</span> <span class='ocrx_word' id='word_1_20' title='bbox 1583 237 1697 261; x_wconf 87' lang='lat' dir='ltr'>eorum</span> <span class='ocrx_word' id='word_1_21' title='bbox 1721 238 1781 261; x_wconf 88' lang='lat' dir='ltr'>usu</span> <span class='ocrx_word' id='word_1_22' title='bbox 1811 227 2006 268; x_wconf 86' lang='lat' dir='ltr'>necessario,</span> <span class='ocrx_word' id='word_1_23' title='bbox 2189 235 2191 237; x_wconf 83' lang='grc'><strong>’</strong></span> 
     </span>
     <span class='ocr_line' id='line_1_4' title="bbox 488 280 2010 326; baseline 0.001 -12"><span class='ocrx_word' id='word_1_24' title='bbox 488 291 597 314; x_wconf 87' lang='lat' dir='ltr'>secum</span> <span class='ocrx_word' id='word_1_25' title='bbox 619 282 774 314; x_wconf 87' lang='lat' dir='ltr'>deferant.</span> <span class='ocrx_word' id='word_1_26' title='bbox 1247 281 1249 300; x_wconf 74' lang='lat'>‘</span> <span class='ocrx_word' id='word_1_27' title='bbox 1265 280 1428 313; x_wconf 83' lang='lat' dir='ltr'>frumento</span> <span class='ocrx_word' id='word_1_28' title='bbox 1446 280 1633 314; x_wconf 87' lang='lat' dir='ltr'>huiusmodi</span> <span class='ocrx_word' id='word_1_29' title='bbox 1647 281 1783 314; x_wconf 86' lang='lat' dir='ltr'>navibus</span> <span class='ocrx_word' id='word_1_30' title='bbox 1792 282 1925 316; x_wconf 86' lang='lat' dir='ltr'>advecto</span> <span class='ocrx_word' id='word_1_31' title='bbox 1935 292 2010 326; x_wconf 90' lang='lat' dir='ltr'>pre-</span> 
     </span>
    </p>

    <p class='ocr_par' dir='ltr' id='par_1_3' title="bbox 286 327 2006 489">
     <span class='ocr_line' id='line_1_5' title="bbox 533 327 2006 380; baseline 0.001 -12"><span class='ocrx_word' id='word_1_32' title='bbox 533 336 549 377; x_wconf 69' lang='grc' dir='ltr'>ξ</span> <span class='ocrx_word' id='word_1_33' title='bbox 581 334 610 368; x_wconf 87' lang='grc'>6.</span> <span class='ocrx_word' id='word_1_34' title='bbox 635 335 812 373; x_wconf 80' lang='lat' dir='ltr'><strong>Caeterum,</strong></span> <span class='ocrx_word' id='word_1_35' title='bbox 845 334 921 377; x_wconf 88' lang='lat' dir='ltr'>quia</span> <span class='ocrx_word' id='word_1_36' title='bbox 944 344 1039 378; x_wconf 82' lang='lat' dir='ltr'><strong>saepe</strong></span> <span class='ocrx_word' id='word_1_37' title='bbox 1060 334 1226 377; x_wconf 79' lang='lat' dir='ltr'>contingit,</span> <span class='ocrx_word' id='word_1_38' title='bbox 1247 327 1344 367; x_wconf 72' lang='lat' dir='ltr'>&#39;tium</span> <span class='ocrx_word' id='word_1_39' title='bbox 1372 334 1505 378; x_wconf 84' lang='lat' dir='ltr'>aliquod</span> <span class='ocrx_word' id='word_1_40' title='bbox 1541 341 1664 368; x_wconf 84' lang='lat' dir='ltr'>certum</span> <span class='ocrx_word' id='word_1_41' title='bbox 1697 335 1763 368; x_wconf 89' lang='lat' dir='ltr'>ullo</span> <span class='ocrx_word' id='word_1_42' title='bbox 1791 335 1890 369; x_wconf 89' lang='lat' dir='ltr'>modo</span> <span class='ocrx_word' id='word_1_43' title='bbox 1910 346 2006 380; x_wconf 86' lang='lat' dir='ltr'>prae-</span> 
     </span>
     <span class='ocr_line' id='line_1_6' title="bbox 318 380 2005 432; baseline 0.002 -14"><span class='ocrx_word' id='word_1_44' title='bbox 318 397 436 427; x_wconf 67' lang='lat' dir='ltr'>Prqtnhuio</span> <span class='ocrx_word' id='word_1_45' title='bbox 451 403 472 432; x_wconf 48' lang='grc' dir='ltr'>ες</span> <span class='ocrx_word' id='word_1_46' title='bbox 489 398 612 421; x_wconf 81' lang='lat' dir='ltr'><strong>merces</strong></span> <span class='ocrx_word' id='word_1_47' title='bbox 633 399 669 421; x_wconf 76' lang='lat' dir='ltr'>ex</span> <span class='ocrx_word' id='word_1_48' title='bbox 689 388 816 421; x_wconf 79' lang='lat' dir='ltr'>Oriente</span> <span class='ocrx_word' id='word_1_49' title='bbox 837 398 894 430; x_wconf 91' lang='lat' dir='ltr'>per</span> <span class='ocrx_word' id='word_1_50' title='bbox 919 398 1008 421; x_wconf 88' lang='lat' dir='ltr'>mare</span> <span class='ocrx_word' id='word_1_51' title='bbox 1028 388 1228 421; x_wconf 74' lang='lat' dir='ltr'>Adriaticum</span> <span class='ocrx_word' id='word_1_52' title='bbox 1246 380 1248 383; x_wconf 49' lang='lat'>¹</span> <span class='ocrx_word' id='word_1_53' title='bbox 1263 388 1416 426; x_wconf 78' lang='lat' dir='ltr'>scrihere,</span> <span class='ocrx_word' id='word_1_54' title='bbox 1440 394 1468 421; x_wconf 90' lang='lat' dir='ltr'>et</span> <span class='ocrx_word' id='word_1_55' title='bbox 1502 399 1540 422; x_wconf 92' lang='lat' dir='ltr'>eo</span> <span class='ocrx_word' id='word_1_56' title='bbox 1560 389 1670 422; x_wconf 88' lang='lat' dir='ltr'>oblato</span> <span class='ocrx_word' id='word_1_57' title='bbox 1697 389 1746 422; x_wconf 92' lang='lat' dir='ltr'>vel</span> <span class='ocrx_word' id='word_1_58' title='bbox 1771 390 1887 427; x_wconf 83' lang='lat' dir='ltr'>soluto,</span> <span class='ocrx_word' id='word_1_59' title='bbox 1921 389 2005 422; x_wconf 87' lang='lat' dir='ltr'>triti-</span> 
     </span>
     <span class='ocr_line' id='line_1_7' title="bbox 286 424 2005 489; baseline 0.004 -19"><span class='ocrx_word' id='word_1_60' title='bbox 286 424 472 489; x_wconf 50' lang='grc' dir='ltr'>ἱῗῃξέεςηίἷῗῖιῖξὲ</span> <span class='ocrx_word' id='word_1_61' title='bbox 487 442 644 476; x_wconf 81' lang='lat' dir='ltr'>advectas.</span> <span class='ocrx_word' id='word_1_62' title='bbox 669 441 758 484; x_wconf 88' lang='lat' dir='ltr'>prius</span> <span class='ocrx_word' id='word_1_63' title='bbox 786 441 824 474; x_wconf 92' lang='lat' dir='ltr'>ad</span> <span class='ocrx_word' id='word_1_64' title='bbox 851 441 930 474; x_wconf 86' lang='lat' dir='ltr'>alios</span> <span class='ocrx_word' id='word_1_65' title='bbox 952 447 1064 484; x_wconf 87' lang='lat' dir='ltr'>portus</span> <span class='ocrx_word' id='word_1_66' title='bbox 1086 442 1168 474; x_wconf 86' lang='lat' dir='ltr'>mari</span> <span class='ocrx_word' id='word_1_67' title='bbox 1190 443 1230 475; x_wconf 77' lang='lat' dir='ltr'>A·</span> <span class='ocrx_word' id='word_1_68' title='bbox 1246 466 1247 482; x_wconf 39' lang='lat' dir='ltr'>t</span> <span class='ocrx_word' id='word_1_69' title='bbox 1263 454 1336 476; x_wconf 85' lang='lat' dir='ltr'>cum</span> <span class='ocrx_word' id='word_1_70' title='bbox 1357 443 1417 476; x_wconf 89' lang='lat' dir='ltr'>sibi</span> <span class='ocrx_word' id='word_1_71' title='bbox 1439 443 1604 477; x_wconf 86' lang='lat' dir='ltr'>vindicare</span> <span class='ocrx_word' id='word_1_72' title='bbox 1624 444 1775 484; x_wconf 80' lang='lat' dir='ltr'>audeant3</span> <span class='ocrx_word' id='word_1_73' title='bbox 1808 444 1863 477; x_wconf 88' lang='lat' dir='ltr'>sed</span> <span class='ocrx_word' id='word_1_74' title='bbox 1888 444 1913 477; x_wconf 89' lang='lat' dir='ltr'>si</span> <span class='ocrx_word' id='word_1_75' title='bbox 1934 443 2005 477; x_wconf 82' lang='lat' dir='ltr'>sru-</span> 
     </span>
    </p>

    <p class='ocr_par' dir='ltr' id='par_1_4' title="bbox 286 479 2004 543">
     <span class='ocr_line' id='line_1_8' title="bbox 286 479 2004 543; baseline 0.003 -20"><span class='ocrx_word' id='word_1_76' title='bbox 286 479 610 543; x_wconf 55' lang='lat' dir='ltr'>{.&#39;‡¹.‡¹Z»&#39;³¹¹f{inff-&#39;ssdriatici</span> <span class='ocrx_word' id='word_1_77' title='bbox 648 501 734 527; x_wconf 76' lang='lat' dir='ltr'>extra</span> <span class='ocrx_word' id='word_1_78' title='bbox 769 495 943 528; x_wconf 87' lang='lat' dir='ltr'>dictionem</span> <span class='ocrx_word' id='word_1_79' title='bbox 979 496 1227 529; x_wconf 83' lang='lat' dir='ltr'>ecclesiasticam</span> <span class='ocrx_word' id='word_1_80' title='bbox 1264 503 1372 530; x_wconf 89' lang='lat' dir='ltr'>mento</span> <span class='ocrx_word' id='word_1_81' title='bbox 1394 497 1601 540; x_wconf 80' lang='lat' dir='ltr'>indiguerint,</span> <span class='ocrx_word' id='word_1_82' title='bbox 1618 498 1658 531; x_wconf 89' lang='lat' dir='ltr'>ad</span> <span class='ocrx_word' id='word_1_83' title='bbox 1679 497 1758 531; x_wconf 92' lang='lat' dir='ltr'>illud</span> <span class='ocrx_word' id='word_1_84' title='bbox 1777 498 2004 538; x_wconf 88' lang='lat' dir='ltr'>coemendum,</span> 
     </span>
    </p>

    <p class='ocr_par' dir='ltr' id='par_1_5' title="bbox 286 531 2007 604">
     <span class='ocr_line' id='line_1_9' title="bbox 286 531 2007 604; baseline 0.002 -24"><span class='ocrx_word' id='word_1_85' title='bbox 286 531 471 604; x_wconf 42' lang='lat' dir='ltr'>ssssiff=1e³⁴ffuj³ssg</span> <span class='ocrx_word' id='word_1_86' title='bbox 487 548 563 581; x_wconf 87' lang='lat' dir='ltr'>sitos</span> <span class='ocrx_word' id='word_1_87' title='bbox 583 548 746 592; x_wconf 74' lang='lat' dir='ltr'>appellere</span> <span class='ocrx_word' id='word_1_88' title='bbox 767 555 796 582; x_wconf 88' lang='lat' dir='ltr'>et</span> <span class='ocrx_word' id='word_1_89' title='bbox 818 550 999 586; x_wconf 71' lang='lat' dir='ltr'>exonerari,</span> <span class='ocrx_word' id='word_1_90' title='bbox 1021 549 1137 583; x_wconf 90' lang='lat' dir='ltr'>deinde</span> <span class='ocrx_word' id='word_1_91' title='bbox 1152 560 1228 583; x_wconf 78' lang='lat' dir='ltr'>vero</span> <span class='ocrx_word' id='word_1_92' title='bbox 1246 553 1247 557; x_wconf 77' lang='grc'>’</span> <span class='ocrx_word' id='word_1_93' title='bbox 1262 550 1355 584; x_wconf 87' lang='lat' dir='ltr'>sicuti</span> <span class='ocrx_word' id='word_1_94' title='bbox 1376 551 1428 583; x_wconf 86' lang='lat' dir='ltr'>alii</span> <span class='ocrx_word' id='word_1_95' title='bbox 1449 551 1590 584; x_wconf 83' lang='lat' dir='ltr'>advenae</span> <span class='ocrx_word' id='word_1_96' title='bbox 1616 556 1789 595; x_wconf 80' lang='lat' dir='ltr'>emptores,</span> <span class='ocrx_word' id='word_1_97' title='bbox 1810 551 1900 584; x_wconf 89' lang='lat' dir='ltr'>nullo</span> <span class='ocrx_word' id='word_1_98' title='bbox 1912 561 2007 594; x_wconf 84' lang='lat' dir='ltr'>pror-</span> 
     </span>
    </p>
   </div>
   <div class='ocr_carea' id='block_1_3' title="bbox 286 601 1749 638">
    <p class='ocr_par' dir='ltr' id='par_1_6' title="bbox 286 601 1749 638">
     <span class='ocr_line' id='line_1_10' title="bbox 286 601 1749 638; baseline 0.006 -9"><span class='ocrx_word' id='word_1_99' title='bbox 286 610 371 630; x_wconf 56' lang='lat' dir='ltr'>mmro·</span> <span class='ocrx_word' id='word_1_100' title='bbox 422 614 470 631; x_wconf 57' lang='lat'>2-11-</span> <span class='ocrx_word' id='word_1_101' title='bbox 486 601 525 633; x_wconf 87' lang='lat' dir='ltr'>ad</span> <span class='ocrx_word' id='word_1_102' title='bbox 546 601 668 634; x_wconf 87' lang='lat' dir='ltr'>Statum</span> <span class='ocrx_word' id='word_1_103' title='bbox 696 608 841 635; x_wconf 88' lang='lat' dir='ltr'>nostrum</span> <span class='ocrx_word' id='word_1_104' title='bbox 870 608 956 635; x_wconf 87' lang='lat' dir='ltr'>terra</span> <span class='ocrx_word' id='word_1_105' title='bbox 992 603 1113 636; x_wconf 83' lang='lat' dir='ltr'>marive</span> <span class='ocrx_word' id='word_1_106' title='bbox 1141 613 1228 636; x_wconf 87' lang='lat' dir='ltr'>com-</span> <span class='ocrx_word' id='word_1_107' title='bbox 1245 626 1246 629; x_wconf 21' lang='grc' dir='ltr'><strong>κ</strong></span> <span class='ocrx_word' id='word_1_108' title='bbox 1261 614 1314 636; x_wconf 89' lang='lat' dir='ltr'>sus</span> <span class='ocrx_word' id='word_1_109' title='bbox 1335 603 1520 637; x_wconf 82' lang='lat' dir='ltr'>discrimine</span> <span class='ocrx_word' id='word_1_110' title='bbox 1542 610 1749 638; x_wconf 82' lang='lat' dir='ltr'>concurrant.</span> 
     </span>
    </p>
   </div>
   <div class='ocr_carea' id='block_1_4' title="bbox 285 638 428 657">
    <p class='ocr_par' dir='ltr' id='par_1_7' title="bbox 285 638 428 657">
     <span class='ocr_line' id='line_1_11' title="bbox 285 638 428 657; baseline 0 -1"><span class='ocrx_word' id='word_1_111' title='bbox 285 642 332 657; x_wconf 83' lang='lat' dir='ltr'>cum</span> <span class='ocrx_word' id='word_1_112' title='bbox 347 638 372 656; x_wconf 60' lang='lat' dir='ltr'>df·</span> <span class='ocrx_word' id='word_1_113' title='bbox 420 644 428 654; x_wconf 75' lang='lat' dir='ltr'>s</span> 
     </span>
    </p>
   </div>
   <div class='ocr_carea' id='block_1_5' title="bbox 285 654 2201 707">
    <p class='ocr_par' dir='ltr' id='par_1_8' title="bbox 285 654 2201 707">
     <span class='ocr_line' id='line_1_12' title="bbox 285 654 2201 707; baseline 0.004 -21"><span class='ocrx_word' id='word_1_114' title='bbox 285 667 359 687; x_wconf 52' lang='lat' dir='ltr'>rmum</span> <span class='ocrx_word' id='word_1_115' title='bbox 428 654 469 684; x_wconf 63' lang='grc' dir='ltr'>ἑνιο</span> <span class='ocrx_word' id='word_1_116' title='bbox 485 655 618 697; x_wconf 76' lang='lat' dir='ltr'>portari,</span> <span class='ocrx_word' id='word_1_117' title='bbox 653 655 796 689; x_wconf 89' lang='lat' dir='ltr'>districte</span> <span class='ocrx_word' id='word_1_118' title='bbox 817 656 1040 690; x_wconf 73' lang='lat' dir='ltr'>interdicimus</span> <span class='ocrx_word' id='word_1_119' title='bbox 1060 663 1088 690; x_wconf 91' lang='lat' dir='ltr'>et</span> <span class='ocrx_word' id='word_1_120' title='bbox 1117 657 1246 707; x_wconf 59' lang='lat' dir='ltr'>probi-3</span> <span class='ocrx_word' id='word_1_121' title='bbox 1307 659 1323 700; x_wconf 65' lang='grc' dir='ltr'>ξ</span> <span class='ocrx_word' id='word_1_122' title='bbox 1345 657 1374 691; x_wconf 87' lang='grc'>8.</span> <span class='ocrx_word' id='word_1_123' title='bbox 1398 658 1533 702; x_wconf 81' lang='lat' dir='ltr'>Insuper</span> <span class='ocrx_word' id='word_1_124' title='bbox 1551 659 1709 692; x_wconf 78' lang='lat' dir='ltr'>universis</span> <span class='ocrx_word' id='word_1_125' title='bbox 1729 665 1757 692; x_wconf 89' lang='lat' dir='ltr'>et</span> <span class='ocrx_word' id='word_1_126' title='bbox 1772 659 1908 702; x_wconf 81' lang='lat' dir='ltr'>singulis</span> <span class='ocrx_word' id='word_1_127' title='bbox 1921 669 2006 692; x_wconf 90' lang='lat' dir='ltr'>mer·</span> <span class='ocrx_word' id='word_1_128' title='bbox 2076 665 2170 688; x_wconf 68' lang='lat' dir='ltr'>Mete-³20</span> <span class='ocrx_word' id='word_1_129' title='bbox 2195 666 2201 671; x_wconf 74' lang='grc'>“</span> 
     </span>
    </p>
   </div>
   <div class='ocr_carea' id='block_1_6' title="bbox 283 693 2253 757">
    <p class='ocr_par' dir='ltr' id='par_1_9' title="bbox 283 693 2253 757">
     <span class='ocr_line' id='line_1_13' title="bbox 283 693 2253 757; baseline 0.005 -21"><span class='ocrx_word' id='word_1_130' title='bbox 283 693 392 738; x_wconf 56' lang='grc' dir='ltr'>ἱΪίὲἒῘςηιζ</span> <span class='ocrx_word' id='word_1_131' title='bbox 401 697 468 743; x_wconf 61' lang='grc' dir='ltr'>ρ’ὲέἷῖἐ</span> <span class='ocrx_word' id='word_1_132' title='bbox 486 707 608 748; x_wconf 87' lang='lat' dir='ltr'>bemus,</span> <span class='ocrx_word' id='word_1_133' title='bbox 633 719 672 742; x_wconf 88' lang='lat' dir='ltr'>ne</span> <span class='ocrx_word' id='word_1_134' title='bbox 692 709 763 753; x_wconf 88' lang='lat' dir='ltr'>quis</span> <span class='ocrx_word' id='word_1_135' title='bbox 784 709 917 743; x_wconf 87' lang='lat' dir='ltr'>omnino</span> <span class='ocrx_word' id='word_1_136' title='bbox 948 721 984 743; x_wconf 78' lang='lat' dir='ltr'>ex</span> <span class='ocrx_word' id='word_1_137' title='bbox 1004 710 1140 743; x_wconf 84' lang='lat' dir='ltr'>subditis</span> <span class='ocrx_word' id='word_1_138' title='bbox 1168 721 1227 744; x_wconf 91' lang='lat' dir='ltr'>no-</span> <span class='ocrx_word' id='word_1_139' title='bbox 1244 721 1245 724; x_wconf 52' lang='lat'><em>*</em></span> <span class='ocrx_word' id='word_1_140' title='bbox 1262 711 1437 749; x_wconf 76' lang='lat' dir='ltr'>catoribus,</span> <span class='ocrx_word' id='word_1_141' title='bbox 1466 712 1505 745; x_wconf 90' lang='lat' dir='ltr'>ad</span> <span class='ocrx_word' id='word_1_142' title='bbox 1542 712 1693 746; x_wconf 87' lang='lat' dir='ltr'>eumdem</span> <span class='ocrx_word' id='word_1_143' title='bbox 1714 719 1844 757; x_wconf 89' lang='lat' dir='ltr'>portum</span> <span class='ocrx_word' id='word_1_144' title='bbox 1866 713 2006 746; x_wconf 86' lang='lat' dir='ltr'>Anconi-</span> <span class='ocrx_word' id='word_1_145' title='bbox 2020 693 2196 744; x_wconf 54' lang='lat' dir='ltr'>ssgflffljnnss„</span> <span class='ocrx_word' id='word_1_146' title='bbox 2251 703 2253 723; x_wconf 39' lang='lat' dir='ltr'>l</span> 
     </span>
    </p>
   </div>
   <div class='ocr_carea' id='block_1_7' title="bbox 283 744 2200 1242">
    <p class='ocr_par' dir='ltr' id='par_1_10' title="bbox 283 744 2201 1242">
     <span class='ocr_line' id='line_1_14' title="bbox 283 744 2169 820; baseline 0.003 -26"><span class='ocrx_word' id='word_1_147' title='bbox 283 744 317 763; x_wconf 51' lang='grc' dir='ltr'><strong>Μ</strong></span> <span class='ocrx_word' id='word_1_148' title='bbox 336 749 441 769; x_wconf 36' lang='lat' dir='ltr'>mmm</span> <span class='ocrx_word' id='word_1_149' title='bbox 483 761 555 794; x_wconf 80' lang='lat' dir='ltr'>stris</span> <span class='ocrx_word' id='word_1_150' title='bbox 576 762 748 805; x_wconf 89' lang='lat' dir='ltr'>praedictis</span> <span class='ocrx_word' id='word_1_151' title='bbox 769 763 902 807; x_wconf 89' lang='lat' dir='ltr'>posthac</span> <span class='ocrx_word' id='word_1_152' title='bbox 921 774 1089 807; x_wconf 76' lang='lat' dir='ltr'>umquam,</span> <span class='ocrx_word' id='word_1_153' title='bbox 1113 774 1228 807; x_wconf 89' lang='lat' dir='ltr'>perpe—</span> <span class='ocrx_word' id='word_1_154' title='bbox 1244 758 1245 789; x_wconf 53' lang='lat' dir='ltr'>i</span> <span class='ocrx_word' id='word_1_155' title='bbox 1262 769 1370 797; x_wconf 85' lang='lat' dir='ltr'>tanum</span> <span class='ocrx_word' id='word_1_156' title='bbox 1385 775 1509 798; x_wconf 83' lang='lat' dir='ltr'>merces</span> <span class='ocrx_word' id='word_1_157' title='bbox 1523 766 1739 809; x_wconf 80' lang='lat' dir='ltr'>undequaque</span> <span class='ocrx_word' id='word_1_158' title='bbox 1753 765 2006 799; x_wconf 82' lang='lat' dir='ltr'>convehentibus</span> <span class='ocrx_word' id='word_1_159' title='bbox 2020 751 2169 820; x_wconf 52' lang='grc' dir='ltr'>ῗὲιῗῖῗπυῑ.ιᾞεῖ</span> 
     </span>
     <span class='ocr_line' id='line_1_15' title="bbox 482 803 2136 863; baseline 0.004 -16"><span class='ocrx_word' id='word_1_160' title='bbox 482 815 543 847; x_wconf 84' lang='lat' dir='ltr'>tuis</span> <span class='ocrx_word' id='word_1_161' title='bbox 563 816 677 849; x_wconf 87' lang='lat' dir='ltr'>futuris</span> <span class='ocrx_word' id='word_1_162' title='bbox 699 817 909 860; x_wconf 80' lang='lat' dir='ltr'>temporibus,</span> <span class='ocrx_word' id='word_1_163' title='bbox 934 827 1057 850; x_wconf 86' lang='lat' dir='ltr'>merces</span> <span class='ocrx_word' id='word_1_164' title='bbox 1072 818 1226 862; x_wconf 86' lang='lat' dir='ltr'>cuiusque</span> <span class='ocrx_word' id='word_1_165' title='bbox 1261 818 1478 861; x_wconf 77' lang='lat' dir='ltr'>indulgemus,</span> <span class='ocrx_word' id='word_1_166' title='bbox 1501 825 1536 852; x_wconf 89' lang='lat' dir='ltr'>ut</span> <span class='ocrx_word' id='word_1_167' title='bbox 1556 830 1620 852; x_wconf 90' lang='lat' dir='ltr'>non</span> <span class='ocrx_word' id='word_1_168' title='bbox 1641 819 1730 863; x_wconf 90' lang='lat' dir='ltr'>prius</span> <span class='ocrx_word' id='word_1_169' title='bbox 1749 820 1789 853; x_wconf 92' lang='lat' dir='ltr'>ad</span> <span class='ocrx_word' id='word_1_170' title='bbox 1809 819 2005 853; x_wconf 86' lang='lat' dir='ltr'>solutionem</span> <span class='ocrx_word' id='word_1_171' title='bbox 2020 803 2136 826; x_wconf 49' lang='lat' dir='ltr'>”pomn&#39;</span> 
     </span>
     <span class='ocr_line' id='line_1_16' title="bbox 480 870 2006 917; baseline 0.003 -15"><span class='ocrx_word' id='word_1_172' title='bbox 480 870 618 910; x_wconf 78' lang='lat' dir='ltr'>generis,</span> <span class='ocrx_word' id='word_1_173' title='bbox 642 871 804 914; x_wconf 78' lang='lat' dir='ltr'>qualitatis</span> <span class='ocrx_word' id='word_1_174' title='bbox 825 877 857 904; x_wconf 84' lang='lat' dir='ltr'>et</span> <span class='ocrx_word' id='word_1_175' title='bbox 876 871 1074 915; x_wconf 83' lang='lat' dir='ltr'>quantitatis,</span> <span class='ocrx_word' id='word_1_176' title='bbox 1098 882 1134 905; x_wconf 79' lang='lat' dir='ltr'>ex</span> <span class='ocrx_word' id='word_1_177' title='bbox 1147 883 1223 915; x_wconf 90' lang='lat' dir='ltr'>par·</span> <span class='ocrx_word' id='word_1_178' title='bbox 1244 871 1463 915; x_wconf 47' lang='lat' dir='ltr'>³vectigalium</span> <span class='ocrx_word' id='word_1_179' title='bbox 1486 883 1544 917; x_wconf 90' lang='lat' dir='ltr'>pro</span> <span class='ocrx_word' id='word_1_180' title='bbox 1563 872 1639 916; x_wconf 89' lang='lat' dir='ltr'>ipsis</span> <span class='ocrx_word' id='word_1_181' title='bbox 1660 873 1824 906; x_wconf 81' lang='lat' dir='ltr'>mercibus</span> <span class='ocrx_word' id='word_1_182' title='bbox 1845 872 2006 906; x_wconf 83' lang='lat' dir='ltr'>iniuncto-</span> 
     </span>
     <span class='ocr_line' id='line_1_17' title="bbox 481 922 2004 971; baseline 0.003 -16"><span class='ocrx_word' id='word_1_183' title='bbox 481 922 566 956; x_wconf 87' lang='lat' dir='ltr'>tibus</span> <span class='ocrx_word' id='word_1_184' title='bbox 585 923 722 957; x_wconf 87' lang='lat' dir='ltr'>Orientis</span> <span class='ocrx_word' id='word_1_185' title='bbox 743 935 802 968; x_wconf 87' lang='lat' dir='ltr'>per</span> <span class='ocrx_word' id='word_1_186' title='bbox 827 935 915 958; x_wconf 88' lang='lat' dir='ltr'>mare</span> <span class='ocrx_word' id='word_1_187' title='bbox 933 925 1155 966; x_wconf 78' lang='lat' dir='ltr'>Adriaticum,</span> <span class='ocrx_word' id='word_1_188' title='bbox 1187 927 1225 960; x_wconf 90' lang='lat' dir='ltr'>ad</span> <span class='ocrx_word' id='word_1_189' title='bbox 1244 964 1245 970; x_wconf 20' lang='lat'>¹</span> <span class='ocrx_word' id='word_1_190' title='bbox 1261 936 1332 959; x_wconf 84' lang='lat' dir='ltr'>rum</span> <span class='ocrx_word' id='word_1_191' title='bbox 1362 932 1554 967; x_wconf 85' lang='lat' dir='ltr'>teneantur,</span> <span class='ocrx_word' id='word_1_192' title='bbox 1584 937 1643 960; x_wconf 85' lang='lat' dir='ltr'>nee</span> <span class='ocrx_word' id='word_1_193' title='bbox 1675 927 1745 969; x_wconf 79' lang='lat' dir='ltr'>cogi</span> <span class='ocrx_word' id='word_1_194' title='bbox 1771 932 1826 960; x_wconf 86' lang='lat' dir='ltr'>aut</span> <span class='ocrx_word' id='word_1_195' title='bbox 1851 926 2004 971; x_wconf 91' lang='lat' dir='ltr'>compelli</span> 
     </span>
     <span class='ocr_line' id='line_1_18' title="bbox 480 976 2005 1024; baseline 0.003 -14"><span class='ocrx_word' id='word_1_196' title='bbox 480 976 560 1010; x_wconf 91' lang='lat' dir='ltr'>alios</span> <span class='ocrx_word' id='word_1_197' title='bbox 577 983 666 1010; x_wconf 83' lang='lat' dir='ltr'>extra</span> <span class='ocrx_word' id='word_1_198' title='bbox 686 977 841 1011; x_wconf 88' lang='lat' dir='ltr'>ditionem</span> <span class='ocrx_word' id='word_1_199' title='bbox 863 979 1061 1022; x_wconf 79' lang='lat' dir='ltr'>praedictam</span> <span class='ocrx_word' id='word_1_200' title='bbox 1080 980 1224 1014; x_wconf 87' lang='lat' dir='ltr'>eiusdem</span> <span class='ocrx_word' id='word_1_201' title='bbox 1242 1014 1244 1021; x_wconf 20' lang='lat' dir='ltr'>k</span> <span class='ocrx_word' id='word_1_202' title='bbox 1260 979 1392 1023; x_wconf 75' lang='lat' dir='ltr'>possint,</span> <span class='ocrx_word' id='word_1_203' title='bbox 1427 990 1524 1024; x_wconf 82' lang='lat' dir='ltr'>quarn</span> <span class='ocrx_word' id='word_1_204' title='bbox 1554 980 1683 1013; x_wconf 89' lang='lat' dir='ltr'>easdem</span> <span class='ocrx_word' id='word_1_205' title='bbox 1709 990 1832 1014; x_wconf 82' lang='lat' dir='ltr'>merces</span> <span class='ocrx_word' id='word_1_206' title='bbox 1851 979 2005 1018; x_wconf 82' lang='lat' dir='ltr'>vendide-</span> 
     </span>
     <span class='ocr_line' id='line_1_19' title="bbox 480 1025 2006 1079; baseline 0.003 -16"><span class='ocrx_word' id='word_1_207' title='bbox 480 1031 579 1064; x_wconf 87' lang='lat' dir='ltr'>maris</span> <span class='ocrx_word' id='word_1_208' title='bbox 608 1031 762 1065; x_wconf 76' lang='lat' dir='ltr'>Adriatici</span> <span class='ocrx_word' id='word_1_209' title='bbox 792 1038 904 1077; x_wconf 89' lang='lat' dir='ltr'>portus</span> <span class='ocrx_word' id='word_1_210' title='bbox 934 1033 1024 1079; x_wconf 89' lang='lat' dir='ltr'>prius</span> <span class='ocrx_word' id='word_1_211' title='bbox 1053 1034 1176 1068; x_wconf 88' lang='lat' dir='ltr'>delatas</span> <span class='ocrx_word' id='word_1_212' title='bbox 1196 1025 1345 1075; x_wconf 54' lang='lat' dir='ltr'>etffrint.</span> <span class='ocrx_word' id='word_1_213' title='bbox 1377 1039 1431 1066; x_wconf 85' lang='lat' dir='ltr'>aut</span> <span class='ocrx_word' id='word_1_214' title='bbox 1452 1033 1515 1066; x_wconf 87' lang='lat' dir='ltr'>alio</span> <span class='ocrx_word' id='word_1_215' title='bbox 1551 1033 1797 1078; x_wconf 85' lang='lat' dir='ltr'>asportaverint,</span> <span class='ocrx_word' id='word_1_216' title='bbox 1828 1044 1864 1067; x_wconf 88' lang='lat' dir='ltr'>ac</span> <span class='ocrx_word' id='word_1_217' title='bbox 1889 1044 1948 1078; x_wconf 89' lang='lat' dir='ltr'>pro</span> <span class='ocrx_word' id='word_1_218' title='bbox 1968 1044 2006 1068; x_wconf 85' lang='lat' dir='ltr'>ea</span> 
     </span>
     <span class='ocr_line' id='line_1_20' title="bbox 479 1086 2003 1131; baseline 0.002 -14"><span class='ocrx_word' id='word_1_219' title='bbox 479 1091 680 1123; x_wconf 81' lang='lat' dir='ltr'>exoneratas,</span> <span class='ocrx_word' id='word_1_220' title='bbox 705 1096 740 1119; x_wconf 85' lang='lat' dir='ltr'>ac</span> <span class='ocrx_word' id='word_1_221' title='bbox 761 1087 967 1129; x_wconf 86' lang='lat' dir='ltr'>postmodum</span> <span class='ocrx_word' id='word_1_222' title='bbox 987 1094 1073 1121; x_wconf 89' lang='lat' dir='ltr'>terra</span> <span class='ocrx_word' id='word_1_223' title='bbox 1105 1089 1224 1122; x_wconf 76' lang='lat' dir='ltr'>marive</span> <span class='ocrx_word' id='word_1_224' title='bbox 1241 1086 1244 1104; x_wconf 66' lang='lat'>⁴*</span> <span class='ocrx_word' id='word_1_225' title='bbox 1259 1092 1383 1120; x_wconf 84' lang='lat' dir='ltr'>tantum</span> <span class='ocrx_word' id='word_1_226' title='bbox 1401 1092 1481 1126; x_wconf 87' lang='lat' dir='ltr'>rata,</span> <span class='ocrx_word' id='word_1_227' title='bbox 1505 1097 1567 1130; x_wconf 87' lang='lat' dir='ltr'>qua</span> <span class='ocrx_word' id='word_1_228' title='bbox 1588 1097 1639 1120; x_wconf 88' lang='lat' dir='ltr'>res</span> <span class='ocrx_word' id='word_1_229' title='bbox 1660 1087 1744 1131; x_wconf 89' lang='lat' dir='ltr'>ipsas</span> <span class='ocrx_word' id='word_1_230' title='bbox 1765 1087 1858 1120; x_wconf 78' lang='lat' dir='ltr'>vendi</span> <span class='ocrx_word' id='word_1_231' title='bbox 1881 1093 1934 1120; x_wconf 86' lang='lat' dir='ltr'>aut</span> <span class='ocrx_word' id='word_1_232' title='bbox 1949 1097 2003 1120; x_wconf 88' lang='lat' dir='ltr'>ex-</span> 
     </span>
     <span class='ocr_line' id='line_1_21' title="bbox 480 1134 2183 1185; baseline 0.002 -15"><span class='ocrx_word' id='word_1_233' title='bbox 480 1138 519 1171; x_wconf 86' lang='lat' dir='ltr'>ad</span> <span class='ocrx_word' id='word_1_234' title='bbox 542 1138 612 1171; x_wconf 89' lang='lat' dir='ltr'>loca</span> <span class='ocrx_word' id='word_1_235' title='bbox 632 1139 738 1172; x_wconf 83' lang='lat' dir='ltr'>Status</span> <span class='ocrx_word' id='word_1_236' title='bbox 759 1140 965 1174; x_wconf 87' lang='lat' dir='ltr'>ecclesiastici</span> <span class='ocrx_word' id='word_1_237' title='bbox 991 1134 1220 1185; x_wconf 73' lang='lat' dir='ltr'>com‘portatas,</span> <span class='ocrx_word' id='word_1_238' title='bbox 1259 1140 1380 1185; x_wconf 89' lang='lat' dir='ltr'>portari</span> <span class='ocrx_word' id='word_1_239' title='bbox 1400 1140 1582 1183; x_wconf 78' lang='lat' dir='ltr'>contigerit.</span> <span class='ocrx_word' id='word_1_240' title='bbox 2179 1179 2183 1182; x_wconf 77' lang='lat'><em>.</em></span> 
     </span>
     <span class='ocr_line' id='line_1_22' title="bbox 479 1194 2200 1242; baseline 0.002 -17"><span class='ocrx_word' id='word_1_241' title='bbox 479 1202 587 1226; x_wconf 89' lang='lat' dir='ltr'>emere</span> <span class='ocrx_word' id='word_1_242' title='bbox 608 1203 740 1237; x_wconf 88' lang='lat' dir='ltr'>quoquo</span> <span class='ocrx_word' id='word_1_243' title='bbox 761 1194 858 1228; x_wconf 88' lang='lat' dir='ltr'>modo</span> <span class='ocrx_word' id='word_1_244' title='bbox 884 1195 1010 1228; x_wconf 83' lang='lat' dir='ltr'>audeat.</span> <span class='ocrx_word' id='word_1_245' title='bbox 1038 1196 1133 1230; x_wconf 83' lang='lat' dir='ltr'>Cuius</span> <span class='ocrx_word' id='word_1_246' title='bbox 1154 1197 1242 1242; x_wconf 69' lang='lat' dir='ltr'>qui-f</span> <span class='ocrx_word' id='word_1_247' title='bbox 1303 1195 1318 1238; x_wconf 67' lang='grc' dir='ltr'>ἓ,</span> <span class='ocrx_word' id='word_1_248' title='bbox 1345 1194 1376 1228; x_wconf 87' lang='grc'>9.</span> <span class='ocrx_word' id='word_1_249' title='bbox 1417 1195 1585 1228; x_wconf 87' lang='lat' dir='ltr'>Postremo</span> <span class='ocrx_word' id='word_1_250' title='bbox 1615 1195 1782 1240; x_wconf 87' lang='lat' dir='ltr'>cupientes</span> <span class='ocrx_word' id='word_1_251' title='bbox 1817 1201 2002 1239; x_wconf 86' lang='lat' dir='ltr'>opportune</span> <span class='ocrx_word' id='word_1_252' title='bbox 2044 1194 2200 1223; x_wconf 52' lang='lat' dir='ltr'>Consntesciv‘</span> 
     </span>
    </p>
   </div>
   <div class='ocr_carea' id='block_1_8' title="bbox 2017 1227 2188 1252">
    <p class='ocr_par' dir='ltr' id='par_1_11' title="bbox 2017 1227 2188 1252">
     <span class='ocr_line' id='line_1_23' title="bbox 2017 1227 2188 1252; baseline 0.006 -4"><span class='ocrx_word' id='word_1_253' title='bbox 2017 1229 2074 1252; x_wconf 75' lang='lat' dir='ltr'>tatis.</span> <span class='ocrx_word' id='word_1_254' title='bbox 2084 1227 2163 1249; x_wconf 73' lang='lat' dir='ltr'>nihitci</span> <span class='ocrx_word' id='word_1_255' title='bbox 2181 1238 2188 1245; x_wconf 78' lang='lat'><strong>›</strong></span> 
     </span>
    </p>
   </div>
   <div class='ocr_carea' id='block_1_9' title="bbox 478 1245 2204 1303">
    <p class='ocr_par' dir='ltr' id='par_1_12' title="bbox 478 1245 2204 1303">
     <span class='ocr_line' id='line_1_24' title="bbox 478 1245 2204 1303; baseline 0.003 -25"><span class='ocrx_word' id='word_1_256' title='bbox 478 1245 552 1279; x_wconf 90' lang='lat' dir='ltr'>dem</span> <span class='ocrx_word' id='word_1_257' title='bbox 573 1246 802 1290; x_wconf 83' lang='lat' dir='ltr'>prohibitionis</span> <span class='ocrx_word' id='word_1_258' title='bbox 822 1248 847 1281; x_wconf 86' lang='lat' dir='ltr'>si</span> <span class='ocrx_word' id='word_1_259' title='bbox 868 1248 940 1292; x_wconf 87' lang='lat' dir='ltr'>quis</span> <span class='ocrx_word' id='word_1_260' title='bbox 962 1255 1220 1291; x_wconf 75' lang='lat' dir='ltr'>transgressorct</span> <span class='ocrx_word' id='word_1_261' title='bbox 1240 1249 1438 1293; x_wconf 69' lang='lat' dir='ltr'>providere,</span> <span class='ocrx_word' id='word_1_262' title='bbox 1474 1260 1513 1282; x_wconf 89' lang='lat' dir='ltr'>ne</span> <span class='ocrx_word' id='word_1_263' title='bbox 1538 1260 1556 1283; x_wconf 92' lang='lat' dir='ltr'>a</span> <span class='ocrx_word' id='word_1_264' title='bbox 1586 1249 1825 1293; x_wconf 82' lang='lat' dir='ltr'>magistratibus</span> <span class='ocrx_word' id='word_1_265' title='bbox 1852 1250 1892 1283; x_wconf 85' lang='lat' dir='ltr'>ad</span> <span class='ocrx_word' id='word_1_266' title='bbox 1923 1261 2000 1294; x_wconf 88' lang='lat' dir='ltr'>pur·</span> <span class='ocrx_word' id='word_1_267' title='bbox 2016 1257 2176 1303; x_wconf 49' lang='lat' dir='ltr'>ffissffnssssi‘</span> <span class='ocrx_word' id='word_1_268' title='bbox 2202 1295 2204 1299; x_wconf 33' lang='grc' dir='ltr'>Ι</span> 
     </span>
    </p>
   </div>
   <div class='ocr_carea' id='block_1_10' title="bbox 478 1299 2241 1361">
    <p class='ocr_par' dir='ltr' id='par_1_13' title="bbox 478 1299 2241 1361">
     <span class='ocr_line' id='line_1_25' title="bbox 478 1299 2241 1361; baseline 0.005 -30"><span class='ocrx_word' id='word_1_269' title='bbox 478 1299 614 1333; x_wconf 86' lang='lat' dir='ltr'>violator</span> <span class='ocrx_word' id='word_1_270' title='bbox 641 1301 800 1340; x_wconf 80' lang='lat' dir='ltr'>extiterit,</span> <span class='ocrx_word' id='word_1_271' title='bbox 838 1301 879 1335; x_wconf 89' lang='lat' dir='ltr'>ita</span> <span class='ocrx_word' id='word_1_272' title='bbox 909 1308 941 1335; x_wconf 90' lang='lat' dir='ltr'>ut</span> <span class='ocrx_word' id='word_1_273' title='bbox 975 1313 1097 1336; x_wconf 76' lang='lat' dir='ltr'>merces</span> <span class='ocrx_word' id='word_1_274' title='bbox 1129 1314 1222 1347; x_wconf 84' lang='lat' dir='ltr'>quas·</span> <span class='ocrx_word' id='word_1_275' title='bbox 1257 1304 1398 1345; x_wconf 70' lang='lat' dir='ltr'>gaudum</span> <span class='ocrx_word' id='word_1_276' title='bbox 1421 1314 1555 1343; x_wconf 86' lang='lat' dir='ltr'>merces,</span> <span class='ocrx_word' id='word_1_277' title='bbox 1571 1304 1700 1337; x_wconf 75' lang='lat' dir='ltr'>exlocis</span> <span class='ocrx_word' id='word_1_278' title='bbox 1719 1304 1891 1348; x_wconf 82' lang='lat' dir='ltr'>pestiferae</span> <span class='ocrx_word' id='word_1_279' title='bbox 1916 1315 1997 1338; x_wconf 83' lang='lat' dir='ltr'>con·</span> <span class='ocrx_word' id='word_1_280' title='bbox 2015 1310 2136 1361; x_wconf 50' lang='lat'>532322313</span> <span class='ocrx_word' id='word_1_281' title='bbox 2158 1316 2195 1353; x_wconf 60' lang='lat' dir='ltr'>ji?</span> <span class='ocrx_word' id='word_1_282' title='bbox 2236 1314 2241 1339; x_wconf 75' lang='lat'>‚1</span> 
     </span>
    </p>
   </div>
   <div class='ocr_carea' id='block_1_11' title="bbox 313 1354 2239 2367">
    <p class='ocr_par' dir='ltr' id='par_1_14' title="bbox 478 1354 2239 1415">
     <span class='ocr_line' id='line_1_26' title="bbox 478 1354 2239 1415; baseline 0.003 -29"><span class='ocrx_word' id='word_1_283' title='bbox 478 1363 616 1398; x_wconf 89' lang='lat' dir='ltr'>cumque</span> <span class='ocrx_word' id='word_1_284' title='bbox 636 1354 725 1398; x_wconf 85' lang='lat' dir='ltr'>prius</span> <span class='ocrx_word' id='word_1_285' title='bbox 752 1355 884 1399; x_wconf 88' lang='lat' dir='ltr'>quidem</span> <span class='ocrx_word' id='word_1_286' title='bbox 911 1356 951 1389; x_wconf 90' lang='lat' dir='ltr'>ad</span> <span class='ocrx_word' id='word_1_287' title='bbox 972 1361 1084 1400; x_wconf 86' lang='lat' dir='ltr'>portus</span> <span class='ocrx_word' id='word_1_288' title='bbox 1109 1357 1222 1391; x_wconf 78' lang='lat' dir='ltr'>Adria·</span> <span class='ocrx_word' id='word_1_289' title='bbox 1239 1387 1241 1401; x_wconf 40' lang='lat'>3</span> <span class='ocrx_word' id='word_1_290' title='bbox 1257 1357 1394 1399; x_wconf 78' lang='lat' dir='ltr'>tagionis</span> <span class='ocrx_word' id='word_1_291' title='bbox 1414 1357 1570 1401; x_wconf 86' lang='lat' dir='ltr'>suspectis</span> <span class='ocrx_word' id='word_1_292' title='bbox 1590 1368 1648 1401; x_wconf 93' lang='lat' dir='ltr'>pro</span> <span class='ocrx_word' id='word_1_293' title='bbox 1669 1363 1814 1402; x_wconf 88' lang='lat' dir='ltr'>tempore</span> <span class='ocrx_word' id='word_1_294' title='bbox 1833 1358 1993 1397; x_wconf 68' lang='lat' dir='ltr'>advectas,</span> <span class='ocrx_word' id='word_1_295' title='bbox 2016 1361 2201 1415; x_wconf 46' lang='lat' dir='ltr'>ffissgmjgssssffiss‘</span> <span class='ocrx_word' id='word_1_296' title='bbox 2235 1367 2239 1400; x_wconf 61' lang='grc' dir='ltr'>ξ</span> 
     </span>
    </p>

    <p class='ocr_par' dir='ltr' id='par_1_15' title="bbox 479 1407 2183 1456">
     <span class='ocr_line' id='line_1_27' title="bbox 479 1407 2183 1456; baseline 0.003 -17"><span class='ocrx_word' id='word_1_297' title='bbox 479 1407 530 1440; x_wconf 89' lang='lat' dir='ltr'>tici</span> <span class='ocrx_word' id='word_1_298' title='bbox 552 1408 649 1441; x_wconf 87' lang='lat' dir='ltr'>maris</span> <span class='ocrx_word' id='word_1_299' title='bbox 670 1414 758 1442; x_wconf 64' lang='lat' dir='ltr'>extra</span> <span class='ocrx_word' id='word_1_300' title='bbox 779 1409 953 1443; x_wconf 90' lang='lat' dir='ltr'>dictionem</span> <span class='ocrx_word' id='word_1_301' title='bbox 982 1416 1125 1444; x_wconf 87' lang='lat' dir='ltr'>nostram</span> <span class='ocrx_word' id='word_1_302' title='bbox 1147 1422 1222 1444; x_wconf 85' lang='lat' dir='ltr'>con·</span> <span class='ocrx_word' id='word_1_303' title='bbox 1239 1407 1241 1424; x_wconf 49' lang='lat' dir='ltr'><strong>f</strong></span> <span class='ocrx_word' id='word_1_304' title='bbox 1256 1410 1288 1444; x_wconf 90' lang='lat' dir='ltr'>in</span> <span class='ocrx_word' id='word_1_305' title='bbox 1309 1411 1422 1444; x_wconf 88' lang='lat' dir='ltr'>eadem</span> <span class='ocrx_word' id='word_1_306' title='bbox 1453 1411 1652 1444; x_wconf 83' lang='lat' dir='ltr'>Anconitana</span> <span class='ocrx_word' id='word_1_307' title='bbox 1675 1411 1803 1445; x_wconf 76' lang='lat' dir='ltr'>civitate</span> <span class='ocrx_word' id='word_1_308' title='bbox 1824 1411 1997 1456; x_wconf 86' lang='lat' dir='ltr'>deputatis,</span> <span class='ocrx_word' id='word_1_309' title='bbox 2016 1415 2104 1436; x_wconf 64' lang='lat' dir='ltr'>“wris-</span> <span class='ocrx_word' id='word_1_310' title='bbox 2181 1412 2183 1414; x_wconf 78' lang='grc'><strong>’</strong></span> 
     </span>
    </p>

    <p class='ocr_par' dir='ltr' id='par_1_16' title="bbox 477 1455 1999 1519">
     <span class='ocr_line' id='line_1_28' title="bbox 477 1455 1999 1519; baseline 0.002 -24"><span class='ocrx_word' id='word_1_311' title='bbox 477 1461 605 1506; x_wconf 81' lang='lat' dir='ltr'>stitutos</span> <span class='ocrx_word' id='word_1_312' title='bbox 637 1462 748 1496; x_wconf 87' lang='lat' dir='ltr'>allatas</span> <span class='ocrx_word' id='word_1_313' title='bbox 768 1469 799 1497; x_wconf 88' lang='lat' dir='ltr'>et</span> <span class='ocrx_word' id='word_1_314' title='bbox 827 1470 1034 1504; x_wconf 75' lang='lat' dir='ltr'>exoneratas,</span> <span class='ocrx_word' id='word_1_315' title='bbox 1071 1455 1444 1519; x_wconf 34' lang='lat' dir='ltr'>deincepsssconsutihus</span> <span class='ocrx_word' id='word_1_316' title='bbox 1477 1463 1620 1498; x_wconf 88' lang='lat' dir='ltr'>sanitatis</span> <span class='ocrx_word' id='word_1_317' title='bbox 1655 1464 1751 1508; x_wconf 80' lang='lat' dir='ltr'>vulgo</span> <span class='ocrx_word' id='word_1_318' title='bbox 1782 1464 1999 1509; x_wconf 81' lang='lat' dir='ltr'>nuncupatis,</span> 
     </span>
    </p>

    <p class='ocr_par' dir='ltr' id='par_1_17' title="bbox 477 1517 2001 1562">
     <span class='ocr_line' id='line_1_29' title="bbox 477 1517 2001 1562; baseline 0.003 -14"><span class='ocrx_word' id='word_1_319' title='bbox 477 1517 654 1557; x_wconf 76' lang='lat' dir='ltr'>Anconam,</span> <span class='ocrx_word' id='word_1_320' title='bbox 679 1517 726 1550; x_wconf 78' lang='lat' dir='ltr'>vet</span> <span class='ocrx_word' id='word_1_321' title='bbox 747 1517 786 1550; x_wconf 88' lang='lat' dir='ltr'>ad</span> <span class='ocrx_word' id='word_1_322' title='bbox 805 1517 867 1551; x_wconf 89' lang='lat' dir='ltr'>alia</span> <span class='ocrx_word' id='word_1_323' title='bbox 888 1518 993 1552; x_wconf 86' lang='lat' dir='ltr'>Status</span> <span class='ocrx_word' id='word_1_324' title='bbox 1018 1519 1119 1552; x_wconf 88' lang='lat' dir='ltr'>nostri</span> <span class='ocrx_word' id='word_1_325' title='bbox 1138 1520 1218 1560; x_wconf 86' lang='lat' dir='ltr'>loca,</span> <span class='ocrx_word' id='word_1_326' title='bbox 1256 1518 1315 1551; x_wconf 78' lang='lat' dir='ltr'>suh</span> <span class='ocrx_word' id='word_1_327' title='bbox 1336 1523 1483 1562; x_wconf 80' lang='lat' dir='ltr'>pretextu</span> <span class='ocrx_word' id='word_1_328' title='bbox 1496 1517 1630 1551; x_wconf 84' lang='lat' dir='ltr'>cavendi</span> <span class='ocrx_word' id='word_1_329' title='bbox 1645 1518 1685 1552; x_wconf 87' lang='lat' dir='ltr'>ab</span> <span class='ocrx_word' id='word_1_330' title='bbox 1698 1518 1883 1552; x_wconf 89' lang='lat' dir='ltr'>huiusmodi</span> <span class='ocrx_word' id='word_1_331' title='bbox 1896 1518 2001 1552; x_wconf 85' lang='lat' dir='ltr'>morbi</span> 
     </span>
    </p>

    <p class='ocr_par' dir='ltr' id='par_1_18' title="bbox 477 1571 2023 1616">
     <span class='ocr_line' id='line_1_30' title="bbox 477 1571 2023 1616; baseline 0.003 -14"><span class='ocrx_word' id='word_1_332' title='bbox 477 1575 562 1603; x_wconf 90' lang='lat' dir='ltr'>terra</span> <span class='ocrx_word' id='word_1_333' title='bbox 593 1577 647 1605; x_wconf 89' lang='lat' dir='ltr'>aut</span> <span class='ocrx_word' id='word_1_334' title='bbox 678 1571 759 1604; x_wconf 90' lang='lat' dir='ltr'>mari</span> <span class='ocrx_word' id='word_1_335' title='bbox 793 1578 999 1615; x_wconf 87' lang='lat' dir='ltr'>comportare</span> <span class='ocrx_word' id='word_1_336' title='bbox 1022 1579 1218 1616; x_wconf 87' lang='lat' dir='ltr'>praesumat,</span> <span class='ocrx_word' id='word_1_337' title='bbox 1256 1572 1412 1616; x_wconf 80' lang='lat' dir='ltr'>periculo,</span> <span class='ocrx_word' id='word_1_338' title='bbox 1435 1582 1607 1613; x_wconf 70' lang='lat' dir='ltr'>gravamen</span> <span class='ocrx_word' id='word_1_339' title='bbox 1633 1572 1766 1616; x_wconf 91' lang='lat' dir='ltr'>aliquod</span> <span class='ocrx_word' id='word_1_340' title='bbox 1784 1572 1860 1616; x_wconf 89' lang='lat' dir='ltr'>ipsis</span> <span class='ocrx_word' id='word_1_341' title='bbox 1879 1582 2023 1606; x_wconf 79' lang='lat' dir='ltr'>merca-&#39;</span> 
     </span>
    </p>

    <p class='ocr_par' dir='ltr' id='par_1_19' title="bbox 476 1623 2002 1671">
     <span class='ocr_line' id='line_1_31' title="bbox 476 1623 2002 1671; baseline 0.002 -16"><span class='ocrx_word' id='word_1_342' title='bbox 476 1623 635 1663; x_wconf 86' lang='lat' dir='ltr'>volumus,</span> <span class='ocrx_word' id='word_1_343' title='bbox 658 1630 692 1657; x_wconf 90' lang='lat' dir='ltr'>ut</span> <span class='ocrx_word' id='word_1_344' title='bbox 717 1624 807 1668; x_wconf 80' lang='lat' dir='ltr'>quasi</span> <span class='ocrx_word' id='word_1_345' title='bbox 829 1625 995 1659; x_wconf 86' lang='lat' dir='ltr'>cuiusdam</span> <span class='ocrx_word' id='word_1_346' title='bbox 1011 1626 1148 1660; x_wconf 88' lang='lat' dir='ltr'>mulctae</span> <span class='ocrx_word' id='word_1_347' title='bbox 1162 1637 1220 1660; x_wconf 92' lang='lat' dir='ltr'>no-</span> <span class='ocrx_word' id='word_1_348' title='bbox 1238 1668 1239 1671; x_wconf 11' lang='grc' dir='ltr'><strong>Ἴ</strong></span> <span class='ocrx_word' id='word_1_349' title='bbox 1257 1626 1380 1659; x_wconf 85' lang='lat' dir='ltr'>toribus</span> <span class='ocrx_word' id='word_1_350' title='bbox 1394 1625 1560 1666; x_wconf 83' lang='lat' dir='ltr'>inferatur,</span> <span class='ocrx_word' id='word_1_351' title='bbox 1575 1626 1631 1659; x_wconf 89' lang='lat' dir='ltr'>sed</span> <span class='ocrx_word' id='word_1_352' title='bbox 1643 1631 1672 1659; x_wconf 88' lang='lat' dir='ltr'>et</span> <span class='ocrx_word' id='word_1_353' title='bbox 1687 1625 1884 1666; x_wconf 87' lang='lat' dir='ltr'>salubritati,·</span> <span class='ocrx_word' id='word_1_354' title='bbox 1896 1631 2002 1670; x_wconf 85' lang='lat' dir='ltr'>utpar</span> 
     </span>
    </p>

    <p class='ocr_par' dir='ltr' id='par_1_20' title="bbox 477 1677 2002 1723">
     <span class='ocr_line' id='line_1_32' title="bbox 477 1677 2002 1723; baseline 0.003 -15"><span class='ocrx_word' id='word_1_355' title='bbox 477 1677 573 1717; x_wconf 87' lang='lat' dir='ltr'>mine,</span> <span class='ocrx_word' id='word_1_356' title='bbox 608 1677 691 1711; x_wconf 88' lang='lat' dir='ltr'>ultra</span> <span class='ocrx_word' id='word_1_357' title='bbox 719 1678 814 1712; x_wconf 89' lang='lat' dir='ltr'>solita</span> <span class='ocrx_word' id='word_1_358' title='bbox 842 1684 871 1712; x_wconf 86' lang='lat' dir='ltr'>et</span> <span class='ocrx_word' id='word_1_359' title='bbox 906 1685 1015 1713; x_wconf 72' lang='lat' dir='ltr'>vetera</span> <span class='ocrx_word' id='word_1_360' title='bbox 1039 1681 1217 1723; x_wconf 78' lang='lat' dir='ltr'>vectigalia,</span> <span class='ocrx_word' id='word_1_361' title='bbox 1238 1686 1312 1720; x_wconf 61' lang='lat' dir='ltr'>test,</span> <span class='ocrx_word' id='word_1_362' title='bbox 1347 1680 1557 1716; x_wconf 79' lang='lat' dir='ltr'>consulatur,</span> <span class='ocrx_word' id='word_1_363' title='bbox 1581 1684 1611 1712; x_wconf 85' lang='lat' dir='ltr'>et</span> <span class='ocrx_word' id='word_1_364' title='bbox 1643 1685 1747 1712; x_wconf 88' lang='lat' dir='ltr'>tamen</span> <span class='ocrx_word' id='word_1_365' title='bbox 1780 1679 1888 1712; x_wconf 86' lang='lat' dir='ltr'>debita</span> <span class='ocrx_word' id='word_1_366' title='bbox 1919 1678 2002 1712; x_wconf 86' lang='lat' dir='ltr'>inter</span> 
     </span>
    </p>

    <p class='ocr_par' dir='ltr' id='par_1_21' title="bbox 476 1722 2001 1777">
     <span class='ocr_line' id='line_1_33' title="bbox 476 1722 2001 1777; baseline 0.001 -13"><span class='ocrx_word' id='word_1_367' title='bbox 476 1741 594 1764; x_wconf 81' lang='lat' dir='ltr'>novum</span> <span class='ocrx_word' id='word_1_368' title='bbox 616 1731 711 1764; x_wconf 89' lang='lat' dir='ltr'>etiam</span> <span class='ocrx_word' id='word_1_369' title='bbox 734 1732 856 1765; x_wconf 86' lang='lat' dir='ltr'>solvere</span> <span class='ocrx_word' id='word_1_370' title='bbox 875 1737 1031 1773; x_wconf 82' lang='lat' dir='ltr'>teneatur,</span> <span class='ocrx_word' id='word_1_371' title='bbox 1049 1734 1219 1768; x_wconf 85' lang='lat' dir='ltr'>duodecim</span> <span class='ocrx_word' id='word_1_372' title='bbox 1237 1722 1239 1763; x_wconf 69' lang='lat' dir='ltr'>l</span> <span class='ocrx_word' id='word_1_373' title='bbox 1256 1739 1453 1767; x_wconf 86' lang='lat' dir='ltr'>mercatores</span> <span class='ocrx_word' id='word_1_374' title='bbox 1473 1732 1650 1777; x_wconf 84' lang='lat' dir='ltr'>aequalitas</span> <span class='ocrx_word' id='word_1_375' title='bbox 1663 1738 1819 1771; x_wconf 81' lang='lat' dir='ltr'>servetur,</span> <span class='ocrx_word' id='word_1_376' title='bbox 1837 1743 1873 1766; x_wconf 89' lang='lat' dir='ltr'>ac</span> <span class='ocrx_word' id='word_1_377' title='bbox 1889 1743 2001 1766; x_wconf 89' lang='lat' dir='ltr'>omnes</span> 
     </span>
    </p>

    <p class='ocr_par' dir='ltr' id='par_1_22' title="bbox 476 1784 2001 1832">
     <span class='ocr_line' id='line_1_34' title="bbox 476 1784 2001 1832; baseline 0.004 -17"><span class='ocrx_word' id='word_1_378' title='bbox 476 1784 629 1818; x_wconf 87' lang='lat' dir='ltr'>nimirum</span> <span class='ocrx_word' id='word_1_379' title='bbox 652 1795 710 1828; x_wconf 89' lang='lat' dir='ltr'>pro</span> <span class='ocrx_word' id='word_1_380' title='bbox 732 1785 917 1819; x_wconf 86' lang='lat' dir='ltr'>centenario</span> <span class='ocrx_word' id='word_1_381' title='bbox 939 1785 1007 1819; x_wconf 92' lang='lat' dir='ltr'>eius</span> <span class='ocrx_word' id='word_1_382' title='bbox 1026 1787 1131 1830; x_wconf 89' lang='lat' dir='ltr'>pretii,</span> <span class='ocrx_word' id='word_1_383' title='bbox 1155 1799 1220 1832; x_wconf 85' lang='lat' dir='ltr'>quo</span> <span class='ocrx_word' id='word_1_384' title='bbox 1255 1793 1376 1821; x_wconf 82' lang='lat' dir='ltr'>cessent</span> <span class='ocrx_word' id='word_1_385' title='bbox 1406 1787 1578 1832; x_wconf 86' lang='lat' dir='ltr'>querelae,</span> <span class='ocrx_word' id='word_1_386' title='bbox 1611 1787 1780 1821; x_wconf 85' lang='lat' dir='ltr'>statuimus</span> <span class='ocrx_word' id='word_1_387' title='bbox 1811 1793 1842 1822; x_wconf 89' lang='lat' dir='ltr'>et</span> <span class='ocrx_word' id='word_1_388' title='bbox 1871 1787 2001 1821; x_wconf 88' lang='lat' dir='ltr'>ordina—</span> 
     </span>
    </p>

    <p class='ocr_par' dir='ltr' id='par_1_23' title="bbox 476 1838 1999 1885">
     <span class='ocr_line' id='line_1_35' title="bbox 476 1838 1999 1885; baseline 0.002 -14"><span class='ocrx_word' id='word_1_389' title='bbox 476 1848 526 1871; x_wconf 90' lang='lat' dir='ltr'>res</span> <span class='ocrx_word' id='word_1_390' title='bbox 547 1838 634 1882; x_wconf 88' lang='lat' dir='ltr'>ipsae</span> <span class='ocrx_word' id='word_1_391' title='bbox 655 1839 841 1872; x_wconf 84' lang='lat' dir='ltr'>aestimatae</span> <span class='ocrx_word' id='word_1_392' title='bbox 862 1845 966 1873; x_wconf 87' lang='lat' dir='ltr'>erunt.</span> <span class='ocrx_word' id='word_1_393' title='bbox 982 1840 1147 1885; x_wconf 84' lang='lat' dir='ltr'>Huiusque</span> <span class='ocrx_word' id='word_1_394' title='bbox 1161 1853 1216 1875; x_wconf 83' lang='lat' dir='ltr'>ve·</span> <span class='ocrx_word' id='word_1_395' title='bbox 1236 1843 1238 1854; x_wconf 78' lang='lat'><em>³</em></span> <span class='ocrx_word' id='word_1_396' title='bbox 1255 1852 1336 1881; x_wconf 88' lang='lat' dir='ltr'>mus,</span> <span class='ocrx_word' id='word_1_397' title='bbox 1357 1846 1388 1874; x_wconf 90' lang='lat' dir='ltr'>ut</span> <span class='ocrx_word' id='word_1_398' title='bbox 1412 1840 1564 1885; x_wconf 89' lang='lat' dir='ltr'>deinceps</span> <span class='ocrx_word' id='word_1_399' title='bbox 1584 1851 1642 1885; x_wconf 89' lang='lat' dir='ltr'>per</span> <span class='ocrx_word' id='word_1_400' title='bbox 1663 1840 1765 1874; x_wconf 87' lang='lat' dir='ltr'>dictos</span> <span class='ocrx_word' id='word_1_401' title='bbox 1791 1841 1940 1875; x_wconf 89' lang='lat' dir='ltr'>consules</span> <span class='ocrx_word' id='word_1_402' title='bbox 1968 1841 1999 1874; x_wconf 92' lang='lat' dir='ltr'>in</span> 
     </span>
    </p>

    <p class='ocr_par' dir='ltr' id='par_1_24' title="bbox 475 1892 2001 1942">
     <span class='ocr_line' id='line_1_36' title="bbox 475 1892 2001 1942; baseline 0.001 -17"><span class='ocrx_word' id='word_1_403' title='bbox 475 1892 599 1935; x_wconf 85' lang='lat' dir='ltr'>ctigalis</span> <span class='ocrx_word' id='word_1_404' title='bbox 619 1893 703 1932; x_wconf 73' lang='lat' dir='ltr'>nori,</span> <span class='ocrx_word' id='word_1_405' title='bbox 728 1893 815 1937; x_wconf 92' lang='lat' dir='ltr'>quod</span> <span class='ocrx_word' id='word_1_406' title='bbox 837 1893 951 1927; x_wconf 84' lang='lat' dir='ltr'>harum</span> <span class='ocrx_word' id='word_1_407' title='bbox 977 1894 1060 1928; x_wconf 88' lang='lat' dir='ltr'>serie</span> <span class='ocrx_word' id='word_1_408' title='bbox 1082 1895 1220 1939; x_wconf 88' lang='lat' dir='ltr'>imponi·</span> <span class='ocrx_word' id='word_1_409' title='bbox 1236 1920 1237 1942; x_wconf 20' lang='grc' dir='ltr'><strong>χ</strong></span> <span class='ocrx_word' id='word_1_410' title='bbox 1254 1895 1392 1929; x_wconf 77' lang='lat' dir='ltr'>adventu</span> <span class='ocrx_word' id='word_1_411' title='bbox 1422 1894 1551 1927; x_wconf 73' lang='lat' dir='ltr'>navium</span> <span class='ocrx_word' id='word_1_412' title='bbox 1573 1900 1753 1928; x_wconf 87' lang='lat' dir='ltr'>exterarum</span> <span class='ocrx_word' id='word_1_413' title='bbox 1771 1921 1778 1934; x_wconf 89' lang='lat'><em>,</em></span> <span class='ocrx_word' id='word_1_414' title='bbox 1807 1893 1888 1927; x_wconf 89' lang='lat' dir='ltr'>nihil</span> <span class='ocrx_word' id='word_1_415' title='bbox 1913 1894 2001 1928; x_wconf 89' lang='lat' dir='ltr'>circa</span> 
     </span>
    </p>

    <p class='ocr_par' dir='ltr' id='par_1_25' title="bbox 478 1946 2000 1993">
     <span class='ocr_line' id='line_1_37' title="bbox 478 1946 2000 1993; baseline 0.002 -16"><span class='ocrx_word' id='word_1_416' title='bbox 478 1956 548 1979; x_wconf 89' lang='lat' dir='ltr'>mus</span> <span class='ocrx_word' id='word_1_417' title='bbox 574 1951 669 1990; x_wconf 87' lang='lat' dir='ltr'>atque</span> <span class='ocrx_word' id='word_1_418' title='bbox 695 1946 878 1985; x_wconf 76' lang='lat' dir='ltr'>indicimus,</span> <span class='ocrx_word' id='word_1_419' title='bbox 904 1947 1051 1989; x_wconf 83' lang='lat' dir='ltr'>exigendi</span> <span class='ocrx_word' id='word_1_420' title='bbox 1080 1948 1215 1982; x_wconf 78' lang='lat' dir='ltr'>faculta-</span> <span class='ocrx_word' id='word_1_421' title='bbox 1235 1959 1237 1975; x_wconf 60' lang='lat'><strong>¹</strong></span> <span class='ocrx_word' id='word_1_422' title='bbox 1254 1958 1407 1993; x_wconf 82' lang='lat' dir='ltr'>personas</span> <span class='ocrx_word' id='word_1_423' title='bbox 1420 1953 1450 1982; x_wconf 82' lang='lat' dir='ltr'>et</span> <span class='ocrx_word' id='word_1_424' title='bbox 1471 1958 1594 1981; x_wconf 84' lang='lat' dir='ltr'>merces</span> <span class='ocrx_word' id='word_1_425' title='bbox 1615 1947 1645 1980; x_wconf 89' lang='lat' dir='ltr'>in</span> <span class='ocrx_word' id='word_1_426' title='bbox 1664 1947 1757 1981; x_wconf 86' lang='lat' dir='ltr'>dietis</span> <span class='ocrx_word' id='word_1_427' title='bbox 1777 1947 1911 1980; x_wconf 83' lang='lat' dir='ltr'>navibus</span> <span class='ocrx_word' id='word_1_428' title='bbox 1936 1947 2000 1981; x_wconf 87' lang='lat' dir='ltr'>exi-</span> 
     </span>
    </p>

    <p class='ocr_par' dir='ltr' id='par_1_26' title="bbox 475 2000 1996 2045">
     <span class='ocr_line' id='line_1_38' title="bbox 475 2000 1996 2045; baseline 0.001 -13"><span class='ocrx_word' id='word_1_429' title='bbox 475 2005 536 2032; x_wconf 88' lang='lat' dir='ltr'>tem</span> <span class='ocrx_word' id='word_1_430' title='bbox 559 2005 761 2034; x_wconf 88' lang='lat' dir='ltr'>caeterorum</span> <span class='ocrx_word' id='word_1_431' title='bbox 776 2000 980 2043; x_wconf 77' lang='lat' dir='ltr'>vectigalium</span> <span class='ocrx_word' id='word_1_432' title='bbox 1003 2001 1215 2035; x_wconf 89' lang='lat' dir='ltr'>conductori·</span> <span class='ocrx_word' id='word_1_433' title='bbox 1252 2007 1371 2036; x_wconf 88' lang='lat' dir='ltr'>stentes</span> <span class='ocrx_word' id='word_1_434' title='bbox 1382 2001 1451 2035; x_wconf 90' lang='lat' dir='ltr'>sine</span> <span class='ocrx_word' id='word_1_435' title='bbox 1463 2000 1688 2044; x_wconf 77' lang='lat' dir='ltr'>gubernatoris</span> <span class='ocrx_word' id='word_1_436' title='bbox 1700 2011 1758 2045; x_wconf 85' lang='lat' dir='ltr'>pro</span> <span class='ocrx_word' id='word_1_437' title='bbox 1771 2006 1917 2045; x_wconf 84' lang='lat' dir='ltr'>tempore</span> <span class='ocrx_word' id='word_1_438' title='bbox 1927 2001 1996 2034; x_wconf 89' lang='lat' dir='ltr'>exi-</span> 
     </span>
    </p>

    <p class='ocr_par' dir='ltr' id='par_1_27' title="bbox 473 2046 1999 2099">
     <span class='ocr_line' id='line_1_39' title="bbox 473 2046 1999 2099; baseline 0.001 -13"><span class='ocrx_word' id='word_1_439' title='bbox 473 2054 532 2086; x_wconf 87' lang='lat' dir='ltr'>bus</span> <span class='ocrx_word' id='word_1_440' title='bbox 553 2059 582 2087; x_wconf 87' lang='lat' dir='ltr'>ct</span> <span class='ocrx_word' id='word_1_441' title='bbox 603 2054 817 2093; x_wconf 81' lang='lat' dir='ltr'>exactoribus,</span> <span class='ocrx_word' id='word_1_442' title='bbox 842 2054 880 2087; x_wconf 88' lang='lat' dir='ltr'>de</span> <span class='ocrx_word' id='word_1_443' title='bbox 902 2064 966 2098; x_wconf 90' lang='lat' dir='ltr'>quo</span> <span class='ocrx_word' id='word_1_444' title='bbox 988 2060 1093 2088; x_wconf 87' lang='lat' dir='ltr'>tamen</span> <span class='ocrx_word' id='word_1_445' title='bbox 1126 2056 1218 2089; x_wconf 90' lang='lat' dir='ltr'>nobis</span> <span class='ocrx_word' id='word_1_446' title='bbox 1235 2046 1236 2052; x_wconf 36' lang='lat'>¹</span> <span class='ocrx_word' id='word_1_447' title='bbox 1252 2056 1375 2093; x_wconf 78' lang='lat' dir='ltr'>stentis.</span> <span class='ocrx_word' id='word_1_448' title='bbox 1399 2066 1472 2089; x_wconf 86' lang='lat' dir='ltr'>cum</span> <span class='ocrx_word' id='word_1_449' title='bbox 1494 2055 1539 2089; x_wconf 91' lang='lat' dir='ltr'>cis</span> <span class='ocrx_word' id='word_1_450' title='bbox 1568 2055 1768 2089; x_wconf 83' lang='lat' dir='ltr'>coniunctim</span> <span class='ocrx_word' id='word_1_451' title='bbox 1790 2054 1999 2099; x_wconf 87' lang='lat' dir='ltr'>procedentis</span> 
     </span>
    </p>

    <p class='ocr_par' dir='ltr' id='par_1_28' title="bbox 473 2107 1997 2154">
     <span class='ocr_line' id='line_1_40' title="bbox 473 2107 1997 2154; baseline 0.002 -14"><span class='ocrx_word' id='word_1_452' title='bbox 473 2113 502 2140; x_wconf 86' lang='lat' dir='ltr'>et</span> <span class='ocrx_word' id='word_1_453' title='bbox 522 2107 674 2141; x_wconf 81' lang='lat' dir='ltr'>Gamerae</span> <span class='ocrx_word' id='word_1_454' title='bbox 700 2107 901 2152; x_wconf 76' lang='lat' dir='ltr'>Apostolicae</span> <span class='ocrx_word' id='word_1_455' title='bbox 927 2108 1090 2151; x_wconf 78' lang='lat' dir='ltr'>sigillatim</span> <span class='ocrx_word' id='word_1_456' title='bbox 1119 2109 1217 2143; x_wconf 89' lang='lat' dir='ltr'>ratio·</span> <span class='ocrx_word' id='word_1_457' title='bbox 1252 2120 1422 2147; x_wconf 76' lang='lat' dir='ltr'>consensu.</span> <span class='ocrx_word' id='word_1_458' title='bbox 1447 2109 1628 2153; x_wconf 86' lang='lat' dir='ltr'>praesentia</span> <span class='ocrx_word' id='word_1_459' title='bbox 1653 2115 1683 2142; x_wconf 91' lang='lat' dir='ltr'>et</span> <span class='ocrx_word' id='word_1_460' title='bbox 1705 2109 1897 2150; x_wconf 83' lang='lat' dir='ltr'>interventu,</span> <span class='ocrx_word' id='word_1_461' title='bbox 1921 2118 1997 2154; x_wconf 90' lang='lat' dir='ltr'>pro-</span> 
     </span>
    </p>

    <p class='ocr_par' dir='ltr' id='par_1_29' title="bbox 472 2161 1996 2207">
     <span class='ocr_line' id='line_1_41' title="bbox 472 2161 1996 2207; baseline 0.001 -13"><span class='ocrx_word' id='word_1_462' title='bbox 472 2172 545 2195; x_wconf 89' lang='lat' dir='ltr'>nem</span> <span class='ocrx_word' id='word_1_463' title='bbox 576 2161 712 2195; x_wconf 88' lang='lat' dir='ltr'>reddere</span> <span class='ocrx_word' id='word_1_464' title='bbox 743 2161 901 2198; x_wconf 76' lang='lat' dir='ltr'>debeant.</span> <span class='ocrx_word' id='word_1_465' title='bbox 945 2172 1002 2205; x_wconf 88' lang='lat' dir='ltr'>per</span> <span class='ocrx_word' id='word_1_466' title='bbox 1033 2163 1367 2205; x_wconf 69' lang='lat' dir='ltr'>praesentesliiberi.</span> <span class='ocrx_word' id='word_1_467' title='bbox 1392 2162 1546 2207; x_wconf 82' lang='lat' dir='ltr'>permitti.</span> <span class='ocrx_word' id='word_1_468' title='bbox 1585 2162 1693 2199; x_wconf 76' lang='lat' dir='ltr'>statui.</span> <span class='ocrx_word' id='word_1_469' title='bbox 1724 2162 1878 2202; x_wconf 85' lang='lat' dir='ltr'>decerni,</span> <span class='ocrx_word' id='word_1_470' title='bbox 1913 2162 1996 2197; x_wconf 89' lang='lat' dir='ltr'>iudi-</span> 
     </span>
    </p>

    <p class='ocr_par' dir='ltr' id='par_1_30' title="bbox 473 2215 1674 2250">
     <span class='ocr_line' id='line_1_42' title="bbox 473 2215 1674 2250; baseline 0.002 -3"><span class='ocrx_word' id='word_1_471' title='bbox 473 2215 655 2248; x_wconf 89' lang='lat' dir='ltr'>tribuimus.</span> <span class='ocrx_word' id='word_1_472' title='bbox 1234 2217 1315 2250; x_wconf 61' lang='lat' dir='ltr'>*cari</span> <span class='ocrx_word' id='word_1_473' title='bbox 1338 2222 1389 2249; x_wconf 90' lang='lat' dir='ltr'>aut</span> <span class='ocrx_word' id='word_1_474' title='bbox 1412 2216 1539 2250; x_wconf 79' lang='lat' dir='ltr'>definiri</span> <span class='ocrx_word' id='word_1_475' title='bbox 1561 2216 1674 2250; x_wconf 83' lang='lat' dir='ltr'>valeat.</span> 
     </span>
    </p>

    <p class='ocr_par' dir='ltr' id='par_1_31' title="bbox 518 2268 2179 2318">
     <span class='ocr_line' id='line_1_43' title="bbox 518 2268 2179 2318; baseline 0.001 -17"><span class='ocrx_word' id='word_1_476' title='bbox 518 2270 532 2310; x_wconf 64' lang='grc' dir='ltr'>ξ</span> <span class='ocrx_word' id='word_1_477' title='bbox 555 2268 583 2301; x_wconf 91' lang='grc'>7.</span> <span class='ocrx_word' id='word_1_478' title='bbox 608 2269 698 2308; x_wconf 84' lang='lat' dir='ltr'>Quod</span> <span class='ocrx_word' id='word_1_479' title='bbox 720 2269 744 2302; x_wconf 89' lang='lat' dir='ltr'>si</span> <span class='ocrx_word' id='word_1_480' title='bbox 766 2269 895 2313; x_wconf 80' lang='lat' dir='ltr'>quando</span> <span class='ocrx_word' id='word_1_481' title='bbox 916 2269 1068 2309; x_wconf 86' lang='lat' dir='ltr'>triticum,</span> <span class='ocrx_word' id='word_1_482' title='bbox 1086 2281 1141 2303; x_wconf 85' lang='lat' dir='ltr'>seu</span> <span class='ocrx_word' id='word_1_483' title='bbox 1155 2271 1235 2305; x_wconf 85' lang='lat' dir='ltr'>li·u-.</span> <span class='ocrx_word' id='word_1_484' title='bbox 1296 2272 1310 2313; x_wconf 66' lang='grc' dir='ltr'>ξ,</span> <span class='ocrx_word' id='word_1_485' title='bbox 1331 2268 1383 2302; x_wconf 81' lang='grc' dir='ltr'>ἸΟ.</span> <span class='ocrx_word' id='word_1_486' title='bbox 1406 2269 1559 2314; x_wconf 79' lang='lat' dir='ltr'>Denique.</span> <span class='ocrx_word' id='word_1_487' title='bbox 1588 2280 1627 2302; x_wconf 90' lang='lat' dir='ltr'>ne</span> <span class='ocrx_word' id='word_1_488' title='bbox 1649 2275 1846 2303; x_wconf 84' lang='lat' dir='ltr'>mercatores</span> <span class='ocrx_word' id='word_1_489' title='bbox 1869 2279 1905 2303; x_wconf 89' lang='lat' dir='ltr'>ac</span> <span class='ocrx_word' id='word_1_490' title='bbox 1924 2279 1997 2313; x_wconf 87' lang='lat' dir='ltr'>per·</span> <span class='ocrx_word' id='word_1_491' title='bbox 2010 2269 2179 2318; x_wconf 49' lang='grc' dir='ltr'>ωξῇῗιζθωῗ·</span> 
     </span>
    </p>

    <p class='ocr_par' dir='ltr' id='par_1_32' title="bbox 313 2320 2142 2367">
     <span class='ocr_line' id='line_1_44' title="bbox 313 2320 2142 2367; baseline 0.002 -13"><span class='ocrx_word' id='word_1_492' title='bbox 313 2321 413 2341; x_wconf 71' lang='lat'>⁷⁰⁸¹&#39;&#39;0‘&#39;&#39;</span> <span class='ocrx_word' id='word_1_493' title='bbox 429 2320 456 2340; x_wconf 69' lang='lat'>³¹¹</span> <span class='ocrx_word' id='word_1_494' title='bbox 473 2328 614 2355; x_wconf 74' lang='lat' dir='ltr'>mentum</span> <span class='ocrx_word' id='word_1_495' title='bbox 637 2323 676 2355; x_wconf 85' lang='lat' dir='ltr'>ad</span> <span class='ocrx_word' id='word_1_496' title='bbox 695 2328 822 2366; x_wconf 82' lang='lat' dir='ltr'>portum</span> <span class='ocrx_word' id='word_1_497' title='bbox 846 2322 1080 2356; x_wconf 72' lang='lat' dir='ltr'>Anconitanum</span> <span class='ocrx_word' id='word_1_498' title='bbox 1102 2323 1214 2357; x_wconf 80' lang='lat' dir='ltr'>advehi</span> <span class='ocrx_word' id='word_1_499' title='bbox 1233 2356 1235 2359; x_wconf 73' lang='grc'><strong>,</strong></span> <span class='ocrx_word' id='word_1_500' title='bbox 1250 2334 1347 2357; x_wconf 79' lang='lat' dir='ltr'>sonae</span> <span class='ocrx_word' id='word_1_501' title='bbox 1362 2333 1586 2367; x_wconf 83' lang='lat' dir='ltr'>quaecumque</span> <span class='ocrx_word' id='word_1_502' title='bbox 1599 2322 1638 2356; x_wconf 87' lang='lat' dir='ltr'>ad</span> <span class='ocrx_word' id='word_1_503' title='bbox 1652 2328 1781 2366; x_wconf 88' lang='lat' dir='ltr'>portum</span> <span class='ocrx_word' id='word_1_504' title='bbox 1796 2322 1901 2366; x_wconf 84' lang='lat' dir='ltr'>ipsum</span> <span class='ocrx_word' id='word_1_505' title='bbox 1919 2332 1995 2357; x_wconf 87' lang='lat' dir='ltr'>con·</span> <span class='ocrx_word' id='word_1_506' title='bbox 2009 2325 2142 2351; x_wconf 64' lang='lat' dir='ltr'><strong>⁸⁰⁰³0⁸¹²¹¹¹f⁴</strong></span> 
     </span>
    </p>
   </div>
   <div class='ocr_carea' id='block_1_12' title="bbox 273 2350 454 2373">
    <p class='ocr_par' dir='ltr' id='par_1_33' title="bbox 273 2350 454 2373">
     <span class='ocr_line' id='line_1_45' title="bbox 273 2350 454 2373; baseline 0.006 -8"><span class='ocrx_word' id='word_1_507' title='bbox 273 2352 355 2373; x_wconf 70' lang='lat' dir='ltr'>portum</span> <span class='ocrx_word' id='word_1_508' title='bbox 392 2350 454 2368; x_wconf 58' lang='grc' dir='ltr'>Δια-ι»-</span> 
     </span>
    </p>
   </div>
   <div class='ocr_carea' id='block_1_13' title="bbox 272 2375 1994 2580">
    <p class='ocr_par' dir='ltr' id='par_1_34' title="bbox 272 2375 1994 2580">
     <span class='ocr_line' id='line_1_46' title="bbox 272 2375 1993 2427; baseline 0.002 -20"><span class='ocrx_word' id='word_1_509' title='bbox 272 2375 456 2427; x_wconf 43' lang='grc' dir='ltr'>ζζῗῇηὸἀζῇζῇὶζζξξ</span> <span class='ocrx_word' id='word_1_510' title='bbox 472 2376 652 2418; x_wconf 69' lang='lat' dir='ltr'>contigerit,</span> <span class='ocrx_word' id='word_1_511' title='bbox 669 2376 877 2419; x_wconf 79' lang='lat' dir='ltr'>prohibemus</span> <span class='ocrx_word' id='word_1_512' title='bbox 897 2376 1021 2410; x_wconf 75' lang='lat' dir='ltr'>dilectis</span> <span class='ocrx_word' id='word_1_513' title='bbox 1035 2376 1108 2410; x_wconf 83' lang='lat' dir='ltr'>siliis</span> <span class='ocrx_word' id='word_1_514' title='bbox 1129 2387 1216 2410; x_wconf 88' lang='lat' dir='ltr'>eom-</span> <span class='ocrx_word' id='word_1_515' title='bbox 1232 2385 1234 2418; x_wconf 66' lang='lat' dir='ltr'>j</span> <span class='ocrx_word' id='word_1_516' title='bbox 1251 2378 1397 2414; x_wconf 77' lang='lat' dir='ltr'>lluentes,</span> <span class='ocrx_word' id='word_1_517' title='bbox 1422 2377 1468 2409; x_wconf 83' lang='lat' dir='ltr'>vel</span> <span class='ocrx_word' id='word_1_518' title='bbox 1497 2376 1574 2409; x_wconf 88' lang='lat' dir='ltr'>inibi</span> <span class='ocrx_word' id='word_1_519' title='bbox 1594 2382 1834 2410; x_wconf 82' lang='lat' dir='ltr'>commorantes</span> <span class='ocrx_word' id='word_1_520' title='bbox 1849 2404 1856 2414; x_wconf 83' lang='lat'><em>.</em></span> <span class='ocrx_word' id='word_1_521' title='bbox 1890 2375 1993 2410; x_wconf 81' lang='lat' dir='ltr'>litium</span> 
     </span>
     <span class='ocr_line' id='line_1_47' title="bbox 275 2429 1994 2474; baseline 0.002 -13"><span class='ocrx_word' id='word_1_522' title='bbox 275 2429 334 2448; x_wconf 77' lang='lat'>&#39;‘¹¹¹’&#39;</span> <span class='ocrx_word' id='word_1_523' title='bbox 350 2432 414 2453; x_wconf 66' lang='lat'>⁹¹¹···&#39;</span> <span class='ocrx_word' id='word_1_524' title='bbox 475 2429 634 2465; x_wconf 76' lang='lat' dir='ltr'>munitati,</span> <span class='ocrx_word' id='word_1_525' title='bbox 658 2435 686 2462; x_wconf 72' lang='lat' dir='ltr'>et</span> <span class='ocrx_word' id='word_1_526' title='bbox 708 2430 893 2463; x_wconf 83' lang='lat' dir='ltr'>hominibus</span> <span class='ocrx_word' id='word_1_527' title='bbox 914 2430 1058 2463; x_wconf 82' lang='lat' dir='ltr'>eiusdem</span> <span class='ocrx_word' id='word_1_528' title='bbox 1081 2430 1215 2463; x_wconf 79' lang='lat' dir='ltr'>civitatis</span> <span class='ocrx_word' id='word_1_529' title='bbox 1232 2447 1234 2463; x_wconf 59' lang='lat' dir='ltr'>t</span> <span class='ocrx_word' id='word_1_530' title='bbox 1250 2429 1438 2473; x_wconf 61' lang='lat' dir='ltr'>dispendiis,</span> <span class='ocrx_word' id='word_1_531' title='bbox 1463 2435 1559 2474; x_wconf 86' lang='lat' dir='ltr'>atque</span> <span class='ocrx_word' id='word_1_532' title='bbox 1583 2429 1797 2463; x_wconf 82' lang='lat' dir='ltr'>incommodis</span> <span class='ocrx_word' id='word_1_533' title='bbox 1819 2429 1858 2462; x_wconf 85' lang='lat' dir='ltr'>ab</span> <span class='ocrx_word' id='word_1_534' title='bbox 1884 2429 1994 2464; x_wconf 84' lang='lat' dir='ltr'>liuius-</span> 
     </span>
     <span class='ocr_line' id='line_1_48' title="bbox 473 2468 1993 2545; baseline 0.001 -30"><span class='ocrx_word' id='word_1_535' title='bbox 473 2488 600 2516; x_wconf 81' lang='lat' dir='ltr'>nostrae</span> <span class='ocrx_word' id='word_1_536' title='bbox 632 2483 870 2522; x_wconf 62' lang='lat' dir='ltr'>Anconitanae,</span> <span class='ocrx_word' id='word_1_537' title='bbox 913 2494 951 2517; x_wconf 88' lang='lat' dir='ltr'>ne</span> <span class='ocrx_word' id='word_1_538' title='bbox 984 2484 1014 2516; x_wconf 89' lang='lat' dir='ltr'>in</span> <span class='ocrx_word' id='word_1_539' title='bbox 1048 2468 1337 2545; x_wconf 53' lang='lat' dir='ltr'>posterum{modi</span> <span class='ocrx_word' id='word_1_540' title='bbox 1367 2483 1562 2516; x_wconf 84' lang='lat' dir='ltr'>commercio</span> <span class='ocrx_word' id='word_1_541' title='bbox 1606 2482 1846 2521; x_wconf 84' lang='lat' dir='ltr'>distrabantur.</span> <span class='ocrx_word' id='word_1_542' title='bbox 1885 2483 1993 2519; x_wconf 86' lang='lat' dir='ltr'>omnia</span> 
     </span>
     <span class='ocr_line' id='line_1_49' title="bbox 473 2536 1990 2580; baseline 0.001 -11"><span class='ocrx_word' id='word_1_543' title='bbox 473 2536 609 2569; x_wconf 79' lang='lat' dir='ltr'>cuiusvis</span> <span class='ocrx_word' id='word_1_544' title='bbox 659 2536 814 2579; x_wconf 72' lang='lat' dir='ltr'>privilegii</span> <span class='ocrx_word' id='word_1_545' title='bbox 857 2544 909 2570; x_wconf 85' lang='lat' dir='ltr'>aut</span> <span class='ocrx_word' id='word_1_546' title='bbox 947 2536 1210 2572; x_wconf 77' lang='lat' dir='ltr'>consuetudinis.</span> <span class='ocrx_word' id='word_1_547' title='bbox 1250 2536 1414 2580; x_wconf 64' lang='lat' dir='ltr'>privilegia</span> <span class='ocrx_word' id='word_1_548' title='bbox 1445 2537 1484 2571; x_wconf 87' lang='lat' dir='ltr'>de</span> <span class='ocrx_word' id='word_1_549' title='bbox 1514 2536 1618 2570; x_wconf 80' lang='lat' dir='ltr'>causis</span> <span class='ocrx_word' id='word_1_550' title='bbox 1651 2536 1733 2569; x_wconf 83' lang='lat' dir='ltr'>inter</span> <span class='ocrx_word' id='word_1_551' title='bbox 1772 2542 1990 2577; x_wconf 81' lang='lat' dir='ltr'>mercatores,</span> 
     </span>
    </p>
   </div>
   <div class='ocr_carea' id='block_1_14' title="bbox 472 2589 1988 2634">
    <p class='ocr_par' dir='ltr' id='par_1_35' title="bbox 472 2589 1988 2634">
     <span class='ocr_line' id='line_1_50' title="bbox 472 2589 1988 2634; baseline 0.001 -12"><span class='ocrx_word' id='word_1_552' title='bbox 472 2590 566 2622; x_wconf 79' lang='lat' dir='ltr'>etiam</span> <span class='ocrx_word' id='word_1_553' title='bbox 589 2590 739 2632; x_wconf 72' lang='lat' dir='ltr'>antiquas»</span> <span class='ocrx_word' id='word_1_554' title='bbox 769 2596 796 2622; x_wconf 65' lang='lat' dir='ltr'>vt</span> <span class='ocrx_word' id='word_1_555' title='bbox 830 2590 1096 2623; x_wconf 73' lang='lat' dir='ltr'>iimitemorabilis</span> <span class='ocrx_word' id='word_1_556' title='bbox 1123 2599 1213 2633; x_wconf 84' lang='lat' dir='ltr'>prae·</span> <span class='ocrx_word' id='word_1_557' title='bbox 1248 2589 1312 2623; x_wconf 80' lang='lat' dir='ltr'>sive</span> <span class='ocrx_word' id='word_1_558' title='bbox 1333 2590 1412 2623; x_wconf 85' lang='lat' dir='ltr'>alios</span> <span class='ocrx_word' id='word_1_559' title='bbox 1430 2600 1651 2634; x_wconf 55' lang='lat' dir='ltr'>quoscumque</span> <span class='ocrx_word' id='word_1_560' title='bbox 1683 2590 1814 2631; x_wconf 87' lang='lat' dir='ltr'>incolas,</span> <span class='ocrx_word' id='word_1_561' title='bbox 1838 2591 1902 2624; x_wconf 78' lang='lat' dir='ltr'>sive</span> <span class='ocrx_word' id='word_1_562' title='bbox 1934 2602 1988 2634; x_wconf 46' lang='lat' dir='ltr'>exj</span> 
     </span>
    </p>
   </div>
   <div class='ocr_carea' id='block_1_15' title="bbox 359 637 472 677">
    <p class='ocr_par' dir='ltr' id='par_1_36' title="bbox 359 637 472 677">
     <span class='ocr_line' id='line_1_51' title="bbox 359 637 472 677; baseline 0 -11"><span class='ocrx_word' id='word_1_563' title='bbox 359 637 472 677; x_wconf 95' lang='lat' dir='ltr'>  </span> 
     </span>
    </p>
   </div>
  </div>
 </body>
</html>
