2253 3195
289 258 338 286 An.
357 258 387 287 c.
403 258 468 287 1601
519 250 582 284 698
1071 259 1256 285 nummum
1275 259 1429 285 Romnum

535 308 619 352 546.
644 309 751 342 Altera
769 309 844 342 item
866 308 1020 342 honestae
1042 308 1237 342 conditionis
1271 319 1288 341 a
1309 308 1443 342 medicis
1464 308 1645 350 destitutus,
1672 315 1948 344 sacramentorum
1967 315 2013 344 at-

302 373 383 395 Romea
397 374 474 405 ‹iesa-
489 362 641 402 foemina,
665 362 786 395 Remea
806 362 978 406 appellata,
1006 361 1169 395 Michaelis
1189 361 1236 394 vi-
1271 372 1333 406 que
1360 362 1527 396 Extremae
1553 362 1720 396 Unctionis
1740 363 1942 407 susceptione
1971 364 2012 398 ad

290 400 309 421 '³
319 401 346 421 οὗ
354 401 474 427 ¹¹³'¹¹¹⁵d¹‘'
1270 421 1408 450 mortem
1425 427 1458 450 se
1479 417 1699 461 comparabat,
1722 417 1840 451 sensim
1860 428 1935 451 vero
1954 428 2013 462 per

288 427 409 457 naun-nem>
419 428 474 453 peri-
490 415 606 448 delicet
634 415 673 448 de
693 415 765 449 Sala
792 415 934 449 bominis
959 415 1004 459 pii
1024 425 1127 457 uxor,
1150 415 1236 449 beati

287 454 362 475 ⁰¹¹²³¹¹⁵
396 454 474 475 ”bem'
488 468 669 512 Raymundi
695 479 791 513 opem
820 474 950 513 experta
970 475 1027 503 est.
1050 470 1130 503 Nam
1161 479 1235 503 cum
1270 470 1380 504 omnia
1397 470 1541 514 eorporis
1559 471 1706 504 membra
1721 477 1872 516 serpente
1882 471 2010 513 morbo,

316 1441 401 1461 iuvenis
414 1441 473 1461 inorti

290 1467 396 1493 pronum-1
412 1468 474 1488 saluti

290 1494 414 1515 restituitur«

316 2450 349 2471 Μι·
358 2451 406 2471 bart
421 2453 476 2472 iniat

293 2480 351 2502 μμῑι·
368 2485 402 2498 rius
439 2483 476 2498 1¹th

294 2514 297 2521 ι

344 2513 348 2524 ¹
365 2513 406 2525 ''¹¹‘'
434 2517 438 2525 ’
463 2514 476 2525 “’
494 2509 632 2541 ebinone
653 2516 864 2550 grassaretur,
880 2515 977 2553 atque
993 2510 1112 2550 ingenti
1132 2510 1236 2543 bomi-

495 2573 570 2593 num
597 2562 685 2594 clade
708 2562 936 2601 imaum-eret,
960 2563 1091 2607 qnidam
1119 2563 1257 2607 probus

294 2532 385 2552 buntur.

288 482 328 501 (ur.

489 527 616 555 maturo
641 522 704 555 iam
726 523 812 556 foetu
842 523 1062 556 acerbissimis
1088 523 1235 567 pariendi

489 576 655 609 doloribus
675 583 896 620 premeretur,
921 588 957 611 ac
982 577 1114 611 infantis
1140 583 1236 622 caput

489 629 592 670 enixa,
617 630 744 674 reliquo
765 630 850 664 intus
871 631 996 664 recluso
1015 641 1163 675 corpore,
1182 631 1235 664 tri-

488 682 548 715 bus
576 683 708 726 integris
729 683 842 717 diebus
871 695 907 717 ao
938 684 1089 718 noctibus
1113 684 1235 727 gravis-

489 735 571 769 simo
592 737 738 770 cruciatu
759 743 977 781 torqueretur,
1001 738 1082 771 nihil
1102 738 1236 782 propius

490 789 609 822 sactum
631 795 688 830 est,
706 801 803 834 quam
826 801 862 824 ex
881 792 942 825 hac
962 791 1024 824 rita
1045 792 1232 832 decederet3

489 837 627 875 nam'ob
647 843 832 886 languentis
857 845 1015 878 stomacbi
1046 845 1232 886 fastidium,

490 896 579 930 cibos
592 907 716 939 omnes,
727 898 927 943 haustusque
940 899 1124 943 respuebat,
1139 905 1236 943 atque

489 961 507 982 a
527 951 675 984 sensibus
695 951 835 986 alienata
854 953 1005 997 vocisque
1030 965 1089 987 usu
1114 953 1237 998 privata

489 1003 614 1037 iacebat
628 1005 783 1039 exanimis
796 1017 803 1046 ;
824 1017 888 1050 quo
903 1014 966 1040 tam
981 1007 1143 1051 praesenti
1156 1018 1236 1041 uxo-

489 1057 533 1090 ris
553 1068 629 1092 suae
648 1059 794 1102 periculo
824 1061 1008 1104 praedictus
1029 1061 1162 1095 Micbael
1183 1072 1236 1095 ve-

490 1110 660 1146 hementer
688 1113 797 1146 animo
829 1119 1065 1155 consternatus
1089 1114 1129 1147 ad
1150 1120 1234 1148 tem--

489 1165 579 1208 plum
591 1165 677 1199 illico
690 1167 840 1208 excurrit,
850 1167 934 1216 beati
946 1168 1127 1213 Raymundi
1141 1179 1236 1212 opem

490 1218 737 1264 subsidiumque
766 1220 966 1265 implorans,
990 1222 1044 1265 qui
1077 1222 1171 1255 simul
1200 1233 1237 1255 ac

490 1272 623 1305 domum
646 1274 752 1315 rediit,
772 1274 893 1308 Romea
907 1275 1089 1308 felicissime
1107 1281 1235 1319 partum

491 1325 601 1367 edidit,
625 1332 722 1371 atque
743 1328 831 1361 omni
854 1328 967 1361 dolore
993 1334 1039 1362 est
1063 1329 1210 1362 liberata.

535 1382 551 1422 ἓ
569 1380 622 1413 47.
646 1381 816 1414 Praeterea
837 1381 960 1415 iuvenis
979 1382 1110 1425 quidam
1133 1383 1236 1416 eonti-

490 1443 571 1466 nuos
596 1433 706 1476 viginti
728 1435 796 1468 dies
817 1435 1001 1468 acutissima
1027 1436 1107 1469 febri
1129 1436 1233 1477 agita-

492 1493 555 1528 tus,
581 1487 767 1532 viribusque
788 1488 961 1522 exhaustus
982 1489 1012 1522 in
1034 1489 1235 1533 superiorem

490 1541 618 1574 aedium
640 1547 763 1585 partein
786 1552 802 1573 a
832 1542 897 1575 suis
918 1543 1042 1576 delatus
1063 1544 1182 1583 fuerat,
1204 1549 1238 1577 ut

490 1605 567 1628 aura
587 1595 719 1639 puriore
740 1596 921 1637 frueretur,
946 1596 1159 1641 animumque
1186 1608 1237 1631 rc-

491 1649 621 1689 laxaiet,
650 1659 714 1693 quo
737 1659 772 1682 ex
795 1650 866 1683 loco
888 1650 1040 1684 deorsum
1062 1651 1093 1683 in
1115 1651 1238 1695 lapides

490 1707 521 1735 et
540 1713 613 1736 saxa
633 1713 798 1745 corruens,
811 1703 852 1737 ita
866 1704 1038 1738 convulsus
1054 1705 1237 1749 fractusque

491 1756 644 1789 membris
666 1756 723 1790 suit
738 1762 782 1798 ut,
803 1756 956 1790 immotus
978 1758 1067 1791 bumi
1089 1764 1235 1802 prostra-

491 1815 551 1850 tus,
573 1809 613 1842 ab
627 1810 778 1844 omnibus
800 1816 946 1854 mortuus
966 1822 1034 1845 esse
1055 1817 1234 1855 putaretur.

489 1863 544 1903 1¹30,
569 1869 603 1896 ut
625 1863 670 1904 fit,
695 1875 767 1897 rum
791 1864 883 1897 multi
906 1864 1034 1898 videndi
1057 1871 1087 1898 et
1108 1865 1237 1899 iuvandi

490 1927 585 1950 rausa
616 1917 848 1958 accurrissent,
880 1918 1076 1952 adstantium
1103 1919 1236 1963 quidam

489 1971 637 2015 pulveres
665 1982 700 2005 ex
735 1971 819 2004 beati
853 1972 1033 2015 Raymundi
1064 1973 1238 2016 sepulchro

490 2024 688 2068 desumptos,
712 2035 793 2068 quos
818 2025 966 2068 religiose
988 2037 1024 2058 ac
1050 2026 1101 2070 pie
1126 2038 1236 2060 secum

490 2078 645 2120 gestabat,
668 2078 698 2111 in
718 2078 849 2112 iacentis
871 2090 906 2112 ae
929 2079 1115 2113 moribundi
1134 2091 1169 2114 os
1189 2081 1237 2114 in-

492 2132 575 2173 iecit,
597 2132 746 2176 colloque
764 2133 928 2176 appendit,
956 2139 1053 2177 atque
1071 2144 1167 2176 aeger
1185 2134 1237 2167 ille

491 2186 645 2219 continuo
667 2186 841 2219 valetudini
864 2193 909 2220 est
932 2186 1073 2229 integrae
1104 2187 1234 2220 restitn-

491 2246 550 2272 tus.
568 2240 601 2272 Et
616 2239 668 2272 illa
682 2239 813 2283 quidem
836 2239 963 2283 aliaque
982 2251 1077 2283 quain
1098 2241 1238 2284 plurima

492 2293 592 2326 mnlto
621 2299 694 2326 ante
726 2299 870 2337 tempore
902 2293 1124 2335 contigerunt,
1160 2294 1238 2328 baec

493 2358 566 2380 vero
586 2347 766 2380 recentiora
787 2353 870 2380 sunt.

537 2404 553 2441 ξ
575 2401 626 2433 48.
661 2402 752 2434 Anno
782 2401 953 2433 millesimo
975 2401 1238 2445 quingentesimo

493 2454 711 2494 ‹‚1·u=.··‹„·‹,·sin10
730 2465 826 2495 nono,
851 2455 927 2487 dnm
955 2455 1135 2498 pestilentia
1156 2456 1235 2488 itar-

1270 523 1302 556 iu
1323 534 1375 557 eas
1399 524 1549 557 redactus
1570 529 1638 557 erat
1658 524 1822 567 angustias
1842 530 1877 558 ut
1890 552 1897 566 ‚
1919 535 2013 569 prae-

1270 577 1366 611 clusis
1389 577 1547 618 saueibus,
1570 577 1659 622 loqui
1689 578 1828 622 amplius
1851 588 1917 612 non
1937 589 2012 623 pos-

1270 636 1327 663 set.
1342 630 1448 670 Quare
1467 631 1581 665 intimo
1602 631 1710 665 cordis
1730 637 1761 665 et
1780 631 1879 665 animi
1896 631 2013 665 affectu

1270 683 1400 717 beatum
1425 684 1652 729 Raymundum
1682 691 1729 718 est
1749 685 1951 729 deprecatus,
1978 690 2014 718 ut

1271 747 1340 770 eam
1367 749 1384 770 a
1415 748 1448 771 se
1478 737 1702 772 infirmitatem
1724 737 1842 782 depelli
1862 737 2014 782 precibus

1270 790 1335 824 suis
1354 791 1557 835 impetraret;
1581 801 1644 835 qua
1664 791 1696 824 in
1717 791 1863 825 oratione
1883 791 2014 825 beatum

1271 844 1496 889 Raymundum
1516 845 1576 878 sibi
1597 845 1707 879 videre
1731 845 1816 886 yisus
1833 852 1890 887 est,
1918 851 2014 890 atque

1271 903 1401 932 extensa
1421 909 1519 932 manu
1539 909 1572 932 se
1597 899 1797 942 contingere,
1820 910 1885 944 quo
1905 910 1941 933 ex
1969 899 2015 932 sa-

1272 957 1322 985 cto
1344 952 1386 985 ita
1406 952 1495 985 omni
1516 957 1649 996 repente
1669 952 1929 986 morbolevatus
1953 957 2011 993 est,

1271 1011 1303 1039 ut
1323 1007 1439 1040 eodem
1460 1006 1530 1050 ipso
1552 1005 1603 1039 die
1623 1005 1833 1040 convaluerit.

1316 1060 1396 1104 §49
1413 1060 1480 1094 Hoc
1503 1060 1669 1104 aliquanto
1684 1060 1846 1094 recentius
1860 1066 1917 1094 est.
1934 1060 2013 1094 Nam
2029 1065 2214 1120 “uffingagggsss

1271 1123 1356 1147 anno
1371 1114 1544 1147 millesimo
1561 1113 1823 1157 quingentesimo
1843 1113 2013 1157 nonagesi-
2028 1120 2138 1142 liberatur·

1272 1178 1325 1201 mo
1345 1173 1445 1208 sexto,
1468 1167 1521 1211 pia
1533 1167 1692 1211 quaedam
1711 1167 1828 1201 mulier
1848 1167 1942 1201 Anna
1956 1168 2014 1202 Be-

1271 1227 1344 1255 neta
1365 1226 1487 1260 vocata,
1505 1220 1706 1254 Barchinone
1728 1220 1872 1254 honestis
1891 1231 2010 1265 paren-

1272 1275 1356 1309 tibus
1375 1280 1456 1316 orta‚
1478 1275 1547 1319 ipso
1561 1274 1760 1319 Epiphaniae
1782 1275 1862 1308 sesto
1881 1275 2014 1318 copioso

1270 1328 1434 1371 sanguinis
1444 1327 1603 1372 profluvio
1624 1328 1656 1361 in
1676 1338 1841 1362 summum
1855 1327 1935 1361 vitae
1957 1338 2014 1372 pe-

1271 1383 1410 1416 rieulum
1444 1382 1584 1416 adducta
1612 1387 1697 1423 erat,
1733 1392 1839 1426 neque
1871 1381 2015 1416 adhibita

1272 1436 1473 1470 medicorum
1483 1435 1627 1469 remedia
1636 1435 1826 1478 sanguinem
1839 1435 1906 1469 ullo
1915 1435 2014 1469 modo

1271 1490 1381 1524 sistere
1401 1495 1561 1534 poterant,
1576 1499 1682 1534 neque
1695 1489 1764 1534 ipsa
1777 1489 1809 1522 in
1829 1486 2014 1533 proximum

1271 1544 1356 1578 diem
1382 1543 1505 1577 victura
1534 1543 1720 1587 putabatur.
1753 1542 1858 1582 Quare
1877 1553 2012 1576 eorum-

1272 1597 1344 1630 dem
1366 1597 1495 1631 hortatu
1515 1608 1588 1630 eum
1609 1595 1830 1630 sanctissimae
1855 1595 2013 1630 Euchari-

1271 1651 1350 1684 stiae
1381 1656 1477 1694 atque
1512 1650 1679 1683 Extremae
1710 1649 1876 1683 Unctionis
1906 1659 2015 1683 sacra-

1272 1710 1380 1738 menta
1400 1704 1452 1748 pie
1473 1710 1503 1737 et
1522 1704 1635 1737 devote
1653 1703 1852 1747 sumpsisset,
1876 1708 2016 1737 mortem

1272 1757 1469 1802 expectabat.
1501 1757 1631 1791 Interim
1658 1757 1689 1790 in
1718 1757 1804 1790 beati
1834 1756 2016 1802 Raymundi

1272 1811 1469 1856 praesidium
1481 1817 1546 1845 toto
1559 1811 1670 1845 animo
1690 1811 1844 1854 confugit,
1856 1821 1893 1844 ae
1905 1811 2016 1855 pulve-

1273 1876 1322 1900 res
1340 1876 1375 1899 ex
1393 1866 1462 1899 eius
1482 1865 1633 1909 sepulcro
1653 1865 1693 1898 ad
1713 1875 1747 1898 se
1767 1864 1899 1906 deferri,
1920 1870 2016 1909 atque

1273 1919 1304 1952 in
1318 1918 1434 1964 cyatho
1445 1918 1572 1952 misceri
1587 1917 1648 1951 sibi
1659 1917 1886 1962 iussit‚quibus
1899 1917 2014 1962 epotis,

1273 1972 1388 2007 melius
1407 1983 1440 2006 se
1462 1972 1581 2005 babere
1607 1971 1724 2016 eoepit,
1747 1977 1778 2005 et
1806 1971 1929 2016 absque
1949 1971 2016 2005 ullo

1272 2037 1404 2071 prorsus
1436 2026 1499 2059 alio
1519 2025 1714 2070 pharmaco,
1739 2024 1820 2059 vitae
1841 2024 2016 2059 discrimen

1271 2079 1409 2114 evitavit.

1317 2135 1332 2176 g
1351 2132 1403 2165 50.
1428 2133 1509 2166 Illud
1528 2142 1604 2166 vero
1615 2131 1762 2176 perpetui
1776 2131 1944 2165 cuiusdam
1958 2130 2017 2164 mi-

1271 2241 1422 2284 sepulcro
1442 2245 1524 2274 terra
1537 2239 1695 2283 quaedam
1716 2238 1820 2272 tenuis
1839 2248 1896 2272 seu
1910 2237 2015 2282 pulvis

1272 2293 1507 2327 saluberrimus
1527 2293 1700 2334 enascitur,
1725 2292 1780 2336 qui
1807 2291 1882 2326 licet
1901 2301 2018 2335 inagna

1274 2348 1304 2380 in
1327 2347 1420 2391 copia
1443 2347 1516 2380 inde
1538 2352 1735 2390 exportetur,
1760 2355 1938 2389 numquam
1967 2350 2015 2378 tu-

1274 2412 1346 2435 men
1365 2401 1475 2434 delicit
1489 2428 1496 2440 ,
1519 2412 1556 2434 ac
1578 2400 1697 2434 multae
1719 2409 1920 2443 magnaeque
1940 2409 2013 2432 cor-

1273 2455 1359 2499 poris
1377 2453 1581 2487 infirmitates
1601 2464 1639 2487 eo
1665 2458 1831 2487 emantur.

1317 2510 1333 2551 5
1354 2507 1406 2541 ῦΙ.
1426 2509 1517 2541 Anno
1536 2507 1645 2541 itidem
1669 2506 1841 2539 millesimo
1859 2505 2017 2550 quingen-

1273 2562 1385 2595 tesimo
1416 2561 1628 2603 nonagesimo
1655 2565 1766 2600 sexto,
1790 2570 1864 2592 cuin
1893 2557 2016 2592 iudices

496 2614 550 2652 tir,
576 2615 704 2647 Mic-bac!
733 2617 825 2648 Amat
847 2616 1139 2659 :ippellaitiis‚1›‹t>te
1155 2626 1239 2648 mor-
1272 2615 1438 2648 constituti
1459 2615 1498 2648 ad
1520 2614 1733 2658 explorandus
1744 2612 1827 2646 beati
1850 2611 1944 2645 buius
1957 2610 2016 2644 viri

496 2666 584 2700 tit‘era
606 2674 782 2711 ‹sorta-ptus,
807 2680 842 2701 ac·
864 2669 1032 2712 desp-*rata
1058 2669 1238 2702 valetudine
1275 2668 1447 2712 reliquias,
1476 2679 1581 2701 arvam
1616 2667 1669 2700 ubi
1703 2671 1792 2699 erant
1832 2663 2015 2698 reconditae

2044 2131 2116 2153 Pulvis
2131 2136 2156 2153 ox

2030 2157 2143 2185 sepulchro
2184 2167 2185 2173 ι
2209 2167 2211 2169 -

1271 2187 1370 2220 raculi
1392 2186 1454 2220 vini
1476 2186 1620 2227 obtinet,
1644 2186 1732 2230 quod
1757 2196 1794 2218 ex
1816 2184 1922 2229 primo
1948 2184 2017 2219 eius
2031 2183 2187 2212 ⁸⁰⁰¹¹³⁵⁸¹¹¹¹ff

2058 2503 2193 2525 rudovicus*
2204 2511 2205 2518 ι

2031 2529 2153 2552 Clamarunt
2196 2537 2197 2541 ¹

2031 2557 2108 2580 tactum
2127 2561 2150 2578 re
