2253 3195
251 223 301 251 An.
319 223 349 251 C.
367 223 436 251 1596
482 213 547 249 306

444 273 501 306 sed
521 272 553 305 in
576 278 702 316 tempus
728 272 882 305 idoneum
909 277 940 305 et
970 276 1189 315 opportunum

445 326 682 359 differebamus.
706 326 766 359 Cor
791 331 898 358 autem
925 329 1074 357 nostrum
1100 324 1187 357 mul-

443 379 562 412 tamin
585 377 722 411 Domino
751 377 905 411 fiduciam
937 377 1095 418 habebat,
1122 377 1190 410 fore

444 431 616 475 (siquidem
636 441 732 464 verae
752 430 973 474 poenitentiae
1000 436 1031 463 et
1058 441 1191 463 eonver-

443 485 542 518 sionis
561 484 675 528 spiritu
697 484 892 527 movebaris)
912 490 947 517 ut
965 484 1191 517 desideriatua

444 537 542 570 dilata
561 542 753 577 crescerent,
770 543 801 570 et
817 537 858 570 ad
878 536 1115 570 absolutionem
1133 537 1191 570 ob·

446 590 608 623 tinendam
624 617 631 629 ,
652 595 741 623 tanto
761 591 866 634 aptior
890 596 921 623 et
941 590 1092 634 capacior
1110 590 1187 623 red-

445 643 577 676 dereris.
609 644 721 687 Itaque
749 643 912 677 orationes
942 650 973 676 et
1003 653 1115 687 preces
1150 643 1190 676 ad

443 698 544 731 Deum
574 698 842 741 multiplicantes,
871 697 970 731 divini
998 697 1190 742 beneplaciti

447 757 573 795 tempus
593 751 851 795 expectabamus.

249 809 432 857 mffiss'stffissj
492 805 507 848 g
527 804 558 837 5.
581 804 663 838 Satis
688 804 787 847 igitur
805 804 895 847 longi
919 804 1073 848 temporis
1093 804 1191 842 inter-

246 844 304 884 niu¹3
323 865 342 883 οι
359 863 430 882 Amt·
446 857 529 890 vallo
549 868 567 890 a
591 857 681 891 ducis
694 857 836 891 discessu
856 856 1188 898 interiecto,'tandem

247 890 296 910 dum
321 889 346 909 de
368 888 431 909 Ossat

246 916 385 963 {ffffiffigu
395 921 431 962 23]
446 910 531 943 venit
556 910 596 943 ad
621 921 680 944 nos
711 921 729 944 a
760 916 790 944 te
812 911 926 944 missus
950 910 1086 944 dilectus
1105 910 1191 944 filius

247 969 322 995 visque
332 968 431 994 precibus
445 963 579 997 Iacobus
599 964 693 1008 Davy,
716 964 850 997 Perroni
876 963 1038 1004 dominus,
1055 963 1086 996 in
1107 974 1188 997 con-

445 1016 518 1050 silio
546 1023 646 1051 status
681 1017 886 1051 consiliarius
904 1028 941 1051 ac
960 1017 1084 1061 primus
1105 1017 1190 1050 elee-

446 1071 648 1114 mosynarius
674 1076 758 1110 tuus,
789 1071 837 1106 vir
857 1077 999 1114 spectata
1020 1071 1192 1114 prudentia

446 1120 477 1157 et
490 1123 685 1165 eruditione,
703 1134 739 1157 ac
759 1124 828 1158 zelo
842 1123 917 1158 fidei
931 1124 1120 1162 catholicae,
1136 1124 1190 1168 qui

445 1176 569 1210 litteras
595 1183 650 1210 tua
677 1187 776 1210 manu
801 1178 840 1210 ad
865 1188 924 1211 nos
944 1177 1078 1221 scriptas
1097 1178 1191 1210 nobis

445 1230 609 1271 reddidit;
633 1241 770 1275 quarum
796 1230 951 1270 lectione,
983 1236 1014 1263 et
1034 1231 1102 1264 eius
1122 1241 1190 1264 ser-

446 1284 642 1317 monevalde
655 1284 790 1317 recreati
802 1295 923 1317 sumus.
942 1284 988 1317 lta
1001 1284 1085 1317 enim
1101 1289 1190 1317 erant

447 1336 598 1381 scriptae,
636 1343 671 1370 ut
687 1348 760 1371 vere
793 1348 830 1371 ex
851 1337 972 1378 animo,
997 1343 1028 1371 et
1048 1348 1083 1370 ex
1109 1337 1189 1380 regii

446 1390 612 1432 sanguinis
624 1390 822 1433 ingenuitate
839 1391 976 1435 scriptae
991 1391 1186 1424 viderentur.

446 1441 580 1476 Petebas
600 1443 685 1476 enim
703 1443 792 1476 omni
813 1454 885 1477 cum
907 1444 1102 1478 demissione
1114 1454 1190 1488 apo-

447 1495 592 1529 stolicam
614 1502 758 1530 nostram
781 1497 1017 1531 absolutionem
1037 1525 1044 1538 ,
1068 1504 1190 1531 veteres

447 1559 574 1583 errores
595 1550 793 1593 agnoscebas
817 1556 848 1584 et
873 1551 1048 1584 damnabas
1063 1579 1070 1591 ,
1096 1558 1189 1595 teque

446 1601 478 1634 in
490 1602 666 1636 Ecclesiam
680 1603 877 1638 Catholicam
895 1604 1074 1638 Romanam
1089 1604 1188 1648 recipi

445 1656 633 1700 suppliciter
654 1657 786 1701 petebas
800 1684 807 1697 ‚
840 1657 872 1690 in
893 1668 957 1701 qua
981 1663 1012 1691 et
1042 1657 1118 1691 fidei
1138 1668 1189 1691 ca-

447 1708 585 1743 tholicae
603 1710 816 1752 consessione,
841 1716 870 1744 te
890 1716 920 1744 et
940 1711 1044 1745 vivere
1057 1717 1088 1745 et
1106 1711 1188 1744 mori

446 1762 526 1795 velle
551 1764 766 1797 asseverabas.

493 1817 509 1857 ς
523 1815 554 1848 6.
566 1815 734 1850 Commota
747 1822 821 1850 sunt
831 1817 952 1850 viscera
963 1823 1085 1857 nostra,
1097 1828 1188 1862 prae-

447 1868 556 1901 sertim
577 1880 649 1902 cum
672 1869 854 1903 luctuosum
880 1870 1015 1904 afflictae
1035 1871 1188 1904 Franciae

447 1926 564 1954 statum
588 1921 672 1955 idem
706 1922 839 1956 lacobus
870 1923 999 1967 copiose
1024 1923 1117 1957 nobis
1137 1935 1188 1957 ex-

447 1974 604 2018 plicaret,
632 1980 662 2008 et
687 1975 868 2008 animarum
901 1975 1186 2010 innumerabilium

445 2027 590 2071 pericula
610 2027 705 2061 nobis
716 2038 780 2061 non
801 2028 909 2069 ignota
929 2028 1102 2062 efficaciter
1114 2035 1187 2063 ante

445 2081 557 2114 oculos
577 2087 705 2114 nostros
729 2087 935 2125 proponeret.
964 2082 1048 2115 Nibil
1081 2088 1186 2116 tamen

445 2133 504 2166 nisi
534 2134 736 2168 considerate
751 2161 758 2174 ,
782 2140 813 2167 et
833 2141 989 2179 quantum
1025 2135 1186 2169 humanae

446 2186 658 2220 imbecillitati
685 2187 780 2228 licet,
809 2188 973 2231 explorata
997 2188 1104 2222 divina
1126 2200 1183 2223 vo-

446 2240 567 2273 luntate
582 2268 589 2281 ,
613 2241 643 2273 in
666 2252 700 2274 re
733 2241 810 2274 tanti
840 2242 995 2275 momenti
1017 2254 1112 2285 agere
1135 2249 1186 2276 ro-

445 2293 557 2332 ωηερε,
580 2295 720 2338 primum
735 2295 865 2339 quidem
886 2295 915 2328 in
939 2296 1186 2336 religiosissimis

445 2352 475 2379 et
490 2347 722 2391 antiquissimis
739 2348 832 2383 Urbis
847 2348 986 2381 basilicis
1005 2349 1184 2383 orationem

445 2399 512 2432 sine
531 2400 766 2434 intermissione
787 2401 934 2435 adbiberi
949 2402 1110 2442 iussimus,
1128 2413 1186 2447 pu-

445 2451 609 2496 blicasque
631 2454 853 2497 processiones
873 2461 902 2488 et
925 2455 1050 2489 litanias
1079 2455 1185 2500 quoti-

446 2505 496 2538 die
521 2507 677 2540 ccelebrari
710 2508 950 2547 mandavimus
983 2515 1013 2543 et
1044 2519 1102 2543 nos
1127 2509 1184 2554 ipsi

446 2559 593 2601 prostrati
615 2566 687 2593 ante
708 2561 829 2601 Deum,
863 2562 1102 2595 immaculatam
1129 2562 1187 2595 bo-

445 2610 538 2644 stiam
564 2611 755 2654 offerentes,
778 2613 915 2657 Spiritus
942 2615 1047 2649 Sancti
1077 2615 1186 2651 tumen

267 1816 362 1837 ciomenz
386 1822 422 1837 rae

246 1849 314 1864 minis
343 1849 369 1868 pu
387 1844 432 1864 ticin

247 1871 392 1894 ordinantium

1033 223 1218 248 BULLARIUM
1236 222 1391 247 ROMANUM

1981 222 2033 250 An.
2050 221 2080 250 c.
2097 223 2206 272 ¹⁵⁹?-

1225 271 1326 304 multo
1346 270 1442 304 etiam
1463 270 1628 304 ardentius
1646 271 1739 304 nobis
1759 271 1892 305 concedi
1905 281 1964 316 pe·
2140 273 2144 275 ’

1225 324 1382 357 lebamus.
1405 323 1527 358 Deinde
1545 324 1650 358 eidem
1666 324 1786 358 Iacobo
1806 335 1964 369 procura-

1225 377 1286 410 tori
1308 383 1374 417 tuo‚
1398 382 1427 410 et
1449 377 1566 411 dilecto
1591 377 1659 410 silio
1678 378 1819 411 Arnaldo
1841 377 1964 418 Ossam,

1225 441 1321 474 quem
1353 430 1476 474 pariter
1504 431 1545 464 ad
1564 431 1626 464 hoc
1649 441 1768 467 munus
1787 431 1963 474 delegeras,

1224 485 1431 528 permisimus
1445 512 1452 525 ‚
1482 489 1517 517 ut
1544 484 1745 518 venerabiles
1768 484 1882 518 fratres
1906 495 1966 518 no-

1224 542 1307 570 stros
1327 537 1357 571 S.
1380 538 1416 570 R.
1440 538 1476 570 E.
1499 537 1680 571 cardinales
1696 537 1833 578 adirent,
1857 536 1966 581 eisque

1225 590 1563 624 distincte‘narrarent
1582 591 1770 635 petitionem
1781 596 1881 624 tuam.
1897 590 1986 632 Mox·
2017 601 2131 633 Adnitar
2143 586 2161 621 ω’

1225 644 1357 677 eosdem
1381 644 1496 677 fratres
1524 650 1652 678 nostros
1682 643 1861 677 cardinales
1881 654 1963 677 con·
1980 629 2117 682 {il-5332?
2154 638 2163 652 ““’

1225 697 1408 731 vocavimus
1422 725 1429 738 ,
1453 703 1484 731 et
1507 708 1637 740 gravem
1661 697 1746 731 hanc
1771 707 1901 731 causam
1922 696 1967 731 eis
2144 691 2146 694 ’

1225 750 1464 793 proposuimus,
1488 750 1674 794 litterasque
1692 756 1762 784 tuas
1780 750 1844 793 legi
1863 746 1967 784 volui-⁷

1226 813 1308 843 mus,
1329 813 1448 847 eosque
1473 803 1714 845 admonuimus,
1731 809 1766 837 ut
1785 803 1864 847 quid
1885 803 1967 837 sacto

1225 865 1307 900 opus
1326 861 1410 899 esset
1439 855 1471 888 in
1491 866 1526 889 re
1551 855 1631 890 tanti
1657 855 1829 897 momenti,
1857 866 1967 890 secum

1225 909 1285 953 ipsi
1306 909 1561 950 considerarent,
1583 909 1701 944 deinde
1720 909 1760 942 ad
1784 919 1844 943 nos
1869 909 1969 943 refer-

1225 969 1307 1003 rent,
1324 973 1446 1007 eosque
1458 968 1591 1007 paterne
1611 962 1730 996 hortati
1750 968 1782 996 et
1801 963 1968 996 contestati

1225 1026 1357 1057 sumus,
1380 1021 1416 1049 ut
1442 1015 1719 1059 quemadmodum
1739 1025 1798 1049 nos
1821 1026 1881 1060 per
1912 1015 1968 1050 Dei

1226 1069 1361 1111 gratiam
1377 1096 1384 1110 ,
1412 1069 1503 1102 nullo
1538 1075 1667 1102 terreno
1687 1068 1804 1102 affectu
1827 1074 1883 1102 aut
1901 1068 1966 1102 hu—

1227 1133 1321 1156 mana
1344 1123 1600 1167 perturbatione,
1624 1122 1656 1155 in
1677 1122 1739 1156 hoc
1759 1122 1889 1166 negotio
1910 1122 1969 1156 du-

1226 1177 1390 1218 cebamur,
1413 1177 1469 1210 sed
1493 1177 1594 1210 solam
1607 1177 1662 1210 Dei
1676 1176 1813 1219 gloriam
1833 1187 1969 1221 quaere-

1226 1230 1359 1271 bamus,
1389 1230 1432 1264 ita
1459 1236 1489 1264 et
1508 1229 1568 1274 ipsi
1590 1230 1630 1263 ad
1655 1230 1804 1264 eumdem
1833 1241 1967 1275 scopum

1226 1284 1450 1325 collimantes,
1479 1284 1582 1317 libere
1607 1284 1781 1317 sententias
1810 1283 1966 1326 dicerent,

1225 1343 1259 1371 ut
1280 1338 1460 1372 coniunctis
1471 1337 1623 1379 consiliis,
1647 1338 1680 1371 id
1697 1338 1785 1382 quod
1797 1338 1969 1373 salutarius

1225 1397 1317 1431 esset,
1340 1391 1461 1436 Spiritu
1490 1391 1608 1425 Sancto
1633 1396 1784 1432 auctore,
1807 1391 1965 1426 decerne-

1225 1454 1343 1478 remus.
1374 1443 1590 1478 Cardinalium
1619 1444 1717 1488 igitur
1735 1444 1902 1479 sententiis
1921 1445 1969 1479 di-

1225 1498 1361 1540 ligenter
1380 1497 1509 1539 auditis,
1537 1498 1609 1532 illos
1629 1497 1760 1542 quidem
1785 1497 1969 1533 invenieba-

1226 1561 1296 1584 mus
1316 1551 1524 1585 vehementer
1535 1557 1660 1596 optare,
1676 1556 1712 1585 ut
1722 1557 1896 1596 antequam
1910 1551 1968 1586 tibi

1224 1616 1241 1638 a
1262 1605 1355 1638 nobis
1379 1604 1538 1638 absolutio
1571 1605 1767 1639 tribueretur
1784 1631 1792 1647 ,
1815 1605 1910 1649 plura
1937 1610 1969 1640 et

1224 1657 1406 1692 efficaciora
1426 1669 1444 1691 a
1469 1663 1499 1691 te
1517 1663 1770 1702 praestarentur,
1794 1657 1913 1703 quihus
1922 1657 1968 1692 vi·

1225 1718 1274 1746 tae
1300 1711 1416 1745 veteris
1446 1712 1630 1746 emendatio
1655 1711 1902 1754 ostenderetur,
1937 1717 1968 1746 et

1224 1776 1306 1810 quae
1331 1775 1385 1800 eos
1406 1771 1509 1799 certos
1527 1771 1558 1799 et
1577 1765 1820 1810 quodammodo
1837 1775 1968 1800 securos

1223 1819 1417 1858 redderent,
1447 1819 1514 1852 sore
1543 1824 1579 1852 ut
1605 1819 1764 1853 catholica
1793 1817 1907 1862 religio
1933 1817 1966 1852 in

1223 1881 1323 1914 regno
1339 1871 1398 1905 isto
1419 1882 1437 1905 a
1455 1878 1484 1905 te
1497 1877 1583 1906 sarta
1595 1877 1626 1905 et
1643 1878 1726 1906 tecta
1745 1871 1879 1906 omnino
1890 1882 1967 1906 con—

1222 1931 1414 1958 servaretur.
1438 1925 1500 1960 Sed
1522 1931 1628 1959 tamen
1657 1925 1776 1960 misero
1797 1931 1828 1960 et
1847 1925 1965 1960 amicto

1221 1984 1304 2012 statu
1319 1978 1461 2012 eiusdem
1474 1979 1550 2012 olim
1563 1979 1782 2014 florentissimi
1793 1985 1825 2013 et
1834 1979 1965 2023 religio·

1221 2031 1337 2066 sissiini
1359 2032 1448 2075 regni
1467 2032 1617 2076 permoti,
1636 2033 1700 2066 tide
1718 2032 1827 2074 etiam,
1850 2042 1915 2077 qua
1936 2038 1965 2066 te

1223 2095 1279 2128 per
1296 2085 1417 2119 litteras
1437 2092 1507 2119 tuas
1525 2085 1759 2129 obstringebas‚
1773 2085 1915 2127 adducti,
1931 2084 1964 2119 in

1221 2148 1292 2171 cam
1314 2138 1454 2182 denique
1466 2139 1658 2173 sententiam
1679 2149 1734 2174 eos
1747 2137 1965 2174 communiter

1221 2191 1330 2224 venire
1351 2191 1655 2236 depraehendimus,
1679 2192 1780 2226 videri
1801 2197 1831 2226 te
1851 2191 1959 2226 absol-

1221 2245 1371 2285 vendum,
1388 2245 1509 2289 tibique
1521 2245 1709 2290 suppliciter
1720 2244 1841 2290 petenti
1855 2244 1964 2279 Eccle-

1220 2298 1286 2332 siae
1303 2298 1484 2333 Catholicae
1501 2298 1631 2333 ianuam
1651 2299 1859 2344 aperiendam
1880 2309 1959 2334 esse.

1266 2353 1281 2394 ς
1304 2350 1332 2385 7.
1357 2352 1420 2386 Nos
1441 2352 1539 2395 igitur
1558 2352 1798 2387 considerantes
1815 2363 1963 2397 perseve-
1977 2383 1990 2406 Ρ
2092 2388 2093 2391 ,

1221 2405 1357 2439 rantiam
1372 2412 1458 2440 tuam
1479 2405 1510 2440 in
1524 2406 1615 2440 venia
1632 2412 1664 2440 et
1683 2406 1885 2440 absolutione
1904 2416 1962 2452 pe·
1976 2404 2064 2460 32¹9,ss
2098 2415 2099 2419 ’
2116 2399 2122 2416 ³

1221 2458 1327 2498 tenda,
1349 2458 1436 2502 quod
1455 2468 1518 2493 non
1532 2458 1630 2492 semel
1654 2464 1776 2492 tantum
1796 2464 1892 2503 atque
1904 2458 1962 2493 ite-

1220 2521 1302 2550 rum,
1325 2511 1487 2545 sedtertio
1508 2517 1539 2545 et
1553 2517 1669 2556 quarto
1689 2512 1907 2556 supplicatum
1920 2511 1961 2547 ad

1220 2573 1277 2596 nos
1303 2563 1449 2606 miseris,
1482 2570 1513 2600 et
1542 2575 1625 2610 quac
1650 2564 1763 2599 litteris
1790 2569 1843 2599 tua
1862 2574 1960 2599 manu

1219 2616 1346 2662 scriptis
1366 2617 1528 2662 receperis
1539 2623 1570 2652 et
1585 2617 1784 2662 promiseris,
1807 2616 1960 2663 quodque
