2253 3195
73 283 121 308 An.
140 282 169 308 (ἶ.
191 280 258 307 1597

128 602 184 622 Stati
203 602 258 624 illes,

76 629 152 654 quihus
192 629 258 648 indul<

76 656 143 679 nentia
211 661 248 680 p*-

75 684 170 702 catorum
187 682 259 702 trutis-

75 708 146 728 sinnus
183 708 259 728 lucrari

75 737 168 760 posnan.

885 270 1032 295 CLEMENS
1051 270 1109 293 tht
1130 270 1179 293 Pr.

273 338 307 360 ac
325 332 451 360 sanctae
462 326 569 358 Matris
577 324 735 358 Ecclesiae
744 321 934 355 exaltatione
947 320 1014 364 pias

272 380 310 414 ad
328 381 427 412 Deum
449 389 558 422 preces
578 377 758 417 effuderint,
779 375 954 419 plenariam
975 374 1016 406 si-

273 433 390 466 militer
414 433 557 465 omnium
583 436 785 474 peccatorum
814 438 944 461 suorum
970 427 1016 459 in-

273 486 468 529 dulgentiam
496 490 526 518 et
551 483 769 518 remissionem
796 479 1034 514 misericordi-=

274 546 321 573 ter
346 539 377 571 in
398 539 532 572 Domino
551 537 769 571 concedimus.
801 535 935 578 Insuper
958 533 1018 565 cis-

275 594 345 626 dem
368 603 454 625 nune
472 598 500 625 ct
515 602 573 635 pro
594 596 736 633 tempore
758 586 967 621 existentibus
986 586 1017 618 in

226 663 259 675 w
275 645 360 679 dicta
378 644 630 687 Congregatione
658 641 823 685 descriptis
851 639 1018 682 utriusque

276 709 366 731 sexus
387 697 666 736 eluistifidelibus,
689 695 743 739 qui
765 694 883 727 dietam
911 693 1036 742 eccleffi

1053 741 1112 774 sub
1126 741 1244 774 annulo
1258 739 1438 779 piscatoris,
1453 739 1504 771 die
1515 747 1591 770 xxm
1603 736 1794 772 decembris„

276 753 353 785 siam
372 752 404 784 in
424 752 565 784 secundo
578 750 740 783 Pasehatis
750 747 1016 786 Resurrectionis,

275 806 490 844 Pentecostcs,
513 803 662 837 Omnium
684 803 874 836 Sanctorum
896 806 926 834 et
946 800 1019 844 Epi-

275 859 412 903 phaniae
426 857 552 891 Domini
566 856 786 890 testivitatihus
807 865 825 886 a
845 853 955 898 primis
969 863 1028 899 νεῖ

274 912 374 956 speris
393 923 496 954 usque
508 910 547 943 ad
563 920 711 944 occasum
726 908 801 942 solis
814 901 1028 942 festivitatum‘

275 965 459 998 huiusmodi
472 964 522 1008 pie
539 963 749 1001 visitaverint,
764 968 795 995 ct
809 961 865 1001 ibi,
882 966 916 993 ut
930 970 1020 1003 prae-

274 1020 387 1059 fertur,
399 1019 568 1059 oraverint,
585 1023 705 1062 septem
720 1026 821 1050 annos
836 1021 867 1048 et
886 1014 1018 1048 totidem

275 1072 510 1116 quadragenas:
523 1072 647 1114 quoties
658 1080 732 1103 vero
745 1069 924 1102 doctrinam
938 1067 1020 1100 chri-

275 1125 422 1165 stianam,
435 1130 471 1158 ut
485 1125 675 1167 praefertur,
687 1122 866 1162 docuerint,
878 1126 933 1154 aut
948 1120 1022 1152 mis-

276 1179 318 1212 sis
336 1184 366 1211 et
383 1178 454 1211 aliis
474 1177 588 1210 divinis
609 1176 723 1210 officiis
742 1176 775 1208 in
790 1175 875 1208 dicta
885 1174 1022 1217 Congre-

275 1233 403 1275 gatione
423 1243 480 1276 pro
502 1236 643 1275 tempore
664 1228 864 1263 celebrandis
884 1234 915 1261 et
936 1228 1022 1261 reci—

276 1287 390 1327 tandis,
414 1297 470 1319 seu
488 1282 798 1328 Congregationibus
818 1281 954 1325 publicis
976 1282 1022 1314 vel

277 1340 405 1383 privatis
424 1339 568 1372 eiusdem
582 1335 843 1380 Congregationis
856 1335 959 1368 ubivis
980 1335 1023 1368 sa-

278 1392 412 1432 ciendis,
434 1391 648 1431 interfuerint,
670 1395 724 1424 aut
742 1400 899 1434 pauperes
918 1389 1025 1432 hospi-

278 1447 321 1480 tio
346 1445 556 1489 susceperint,
578 1445 624 1477 vel
656 1453 767 1487 pacem
789 1453 862 1476 cum
886 1441 1024 1475 inimicis

278 1499 416 1543 propriis
442 1500 490 1532 vel
521 1498 649 1530 alterius
679 1495 938 1540 composuerint,
968 1505 1024 1528 seu

279 1553 430 1596 componi
457 1552 588 1585 fecerint
615 1551 661 1584 vel
687 1549 942 1594 procuraverint2
965 1560 1025 1582 nec

278 1617 342 1639 non
363 1606 459 1639 ctiam
476 1605 529 1649 qui
552 1615 687 1648 corpora
706 1604 943 1643 defunctorum,
960 1609 1023 1636 tam

279 1659 570 1702 inCongregationc
584 1658 818 1701 descriptorum
837 1668 934 1700 quam
949 1658 1027 1691 alio-

280 1724 364 1752 rum,
380 1712 419 1745 ad
439 1712 644 1756 sepulchrum
666 1711 902 1751 associaverint,
924 1717 954 1744 et
970 1722 1027 1755 per

280 1777 500 1810 quascumque
527 1776 584 1809 pcr
614 1765 715 1809 ipsam
737 1765 1025 1808 Congregationem

280 1819 500 1863 processiones
520 1819 558 1851 de
578 1818 705 1851 lieentia
725 1817 883 1851 Ordinarii
909 1818 1026 1851 sacien-

280 1874 348 1912 ‹las,
360 1873 546 1915 dictumque
561 1871 797 1904 sanctissimum
808 1871 1026 1904 Eucharistiae

281 1931 514 1959 sacramentum
531 1930 592 1957 tarn
604 1924 634 1957 in
649 1923 919 1971 processionibus,
930 1935 1026 1967 quam

282 1979 320 2012 ad
342 1979 497 2019 infirmos,
514 1983 568 2011 aut
587 1977 663 2010 alias
682 1977 879 2020 ubicumque
897 1981 928 2009 et
948 1987 1026 2020 quo-

282 2032 519 2075 modocumque
536 2042 594 2074 pro
611 2037 756 2074 tempore
770 2030 944 2070 deseretur,
967 2041 1028 2063 co—

256 2110 259 2114 .
283 2084 384 2117 mitati
402 2084 532 2123 fuerint,
550 2089 605 2116 aut
633 2093 806 2126 campanae
824 2083 862 2115 ad
879 2083 910 2115 id
936 2083 1026 2126 signo

282 2138 370 2177 dato,
391 2137 490 2170 semel
504 2137 691 2170 Orationem
704 2136 911 2169 Domzbn‘cam
929 2136 1028 2169 etSa-

284 2192 479 2225 bulationem
495 2191 518 2224 A
528 2191 688 2233 nqelicam
705 2189 852 2229 dixerint,
864 2195 917 2222 aut
932 2189 1026 2223 etiam

283 2245 454 2288 quinquies
474 2244 662 2278 Orationem
689 2243 898 2275 Doim'nieam
915 2247 945 2275 et
968 2243 1028 2276 Sa-

285 2299 477 2331 tutationem
497 2297 692 2340 Anqelicam
708 2306 766 2339 pro
784 2295 952 2329 animabus
969 2295 1029 2328 de-

285 2352 466 2385 functorum
489 2352 521 2384 in
539 2351 623 2384 dicta
641 2349 894 2393 Congregatione
911 2349 1030 2382 descri-

285 2411 411 2449 ptorum
441 2403 697 2438 christifidelium
728 2401 946 2438 recitaverint,
976 2407 1031 2434 aut

286 2458 414 2491 devium
432 2457 572 2500 aliquem
602 2457 642 2489 ad
663 2456 745 2489 viam
763 2456 873 2489 salutis
891 2455 1030 2488 reduxe-

286 2513 349 2545 rint
376 2517 407 2543 et
423 2511 606 2554 ignorantes
636 2514 803 2553 praecepta
820 2519 868 2549 ea,
889 2519 970 2551 quae
993 2507 1030 2540 ad

286 2565 422 2599 salutem
439 2570 525 2603 sunt,
538 2563 720 2603 docuerint,
737 2567 791 2595 aut
802 2562 1032 2604 quodcumque

286 2618 372 2652 aliud
392 2617 517 2660 pietatis
534 2617 582 2649 vel
599 2615 759 2649 charitatis
779 2625 858 2658 opus
876 2625 1032 2647 exercue—

287 2671 363 2711 rint,
374 2672 466 2705 toties
476 2681 533 2715 pro
548 2670 691 2713 quolibet
704 2668 941 2713 praedictorum
958 2678 1032 2711 ope-

1049 328 1119 350 rum
1146 315 1308 359 sexaginta
1333 313 1401 347 dies
1429 314 1468 346 de
1494 310 1645 345 iniunctis
1670 310 1714 342 eis
1739 320 1794 342 seu

1049 371 1126 404 alias
1142 367 1385 413 quomodolibet.
1398 365 1514 400 debitis
1531 364 1747 410 poenitentiis,
1762 363 1794 395 in

1050 426 1150 457 forma
1166 422 1324 456 Ecclesiae
1338 426 1491 454 consueta
1501 420 1690 453 relaxamus.
1703 419 1795 450 Prae-

1051 477 1193 511 sentibus
1211 487 1268 520 pro
1293 474 1462 517 descriptis
1493 474 1526 506 in
1543 471 1795 515 Congregatione

1052 531 1214 572 praedicta
1246 534 1413 572 perpetuo,
1446 538 1504 571 pro
1533 536 1597 558 non
1630 524 1796 567 descriptis

1052 593 1127 616 vero
1155 581 1414 615 (luistifidelibus
1433 579 1472 613 ad
1490 578 1680 613 decennium
1698 578 1798 609 dum-

1053 641 1137 668 taxat
1155 635 1306 668 valituris.

1098 689 1211 721 Datum
1231 688 1349 720 Romae
1375 687 1459 729 apud
1477 686 1628 718 Sanctum
1653 684 1796 721 Petrum,

1054 795 1222 828 millesimo
1243 792 1501 837 quingentesimo
1526 791 1734 833 nonagesimo
1752 800 1799 822 se—

1054 849 1166 893 ptimo,
1191 848 1394 892 pontificatus
1411 846 1511 879 nostri
1532 856 1615 878 anno
1636 855 1677 877 vx.

1092 911 1149 937 Dat,
1166 910 1210 937 dic
1227 911 1259 937 :¹3
1274 908 1429 935 decembris
1450 908 1529 941 1597,
1546 907 1640 942 pontis.
1656 915 1698 933 air
1723 913 1756 931 xi.

1359 1075 1494 1109 CLXXV.

1059 1175 1270 1218 Confirmatio
1291 1174 1460 1206 erectionis
1486 1172 1659 1215 hospitalis
1689 1182 1803 1204 senum

1103 1233 1131 1261 el
1157 1228 1367 1260 tn'hliatlwmtv
1395 1237 1454 1269 pro
1482 1226 1696 1258 instructione
1725 1225 1804 1257 cleri

1101 1293 1158 1325 per
1171 1281 1451 1324 ‹tre-ln'episcopum
1463 1280 1659 1322 Capuanum
1668 1279 1771 1320 factae
1781 1277 1786 1292 ¹
1795 1304 1799 1308 .

1272 1369 1407 1397 Clemens
1423 1369 1503 1402 Papa
1512 1368 1590 1401 V111,

1187 1425 1223 1451 ad
1237 1426 1413 1458 perpetuam
1428 1422 1472 1450 rei
1488 1422 1669 1449 memoriam.

1103 1497 1198 1530 Decet
1230 1496 1411 1528 Romanum
1447 1493 1635 1527 Pontificem
1664 1503 1701 1525 ca
1730 1503 1805 1525 suae

1060 1548 1313 1583 confirmationis
1344 1546 1460 1580 robore
1486 1546 1623 1579 libenter
1654 1556 1806 1578 commu-

1061 1604 1142 1642 nire,
1161 1612 1243 1645 quae
1263 1602 1302 1634 ad
1324 1610 1500 1644 pauperum
1519 1609 1632 1632 senum
1651 1603 1807 1631 sustenta-

1061 1657 1179 1690 tionem
1201 1662 1229 1688 et
1259 1654 1514 1692 subventionem,
1536 1663 1572 1685 ac
1593 1662 1702 1685 earum
1731 1662 1809 1694 per·-

1061 1720 1211 1743 sonarum
1225 1707 1524 1746 ecclesiasticarum,
1536 1716 1617 1749 quae
1629 1705 1807 1738 litterarum

1061 1763 1174 1796 studiis
1194 1772 1325 1805 operam
1351 1771 1467 1793 navare
1489 1759 1643 1803 cupiunt,
1667 1769 1810 1791 commo-

1062 1817 1193 1849 ditatem
1211 1825 1268 1858 per
1280 1814 1350 1858 pios
1363 1813 1570 1846 ecclesiarum
1587 1812 1745 1855 praelatos
1764 1811 1810 1843 in-

1062 1871 1171 1903 stituta
1196 1860 1280 1907 sunt,
1309 1872 1404 1910 prout
1425 1866 1457 1898 in
1478 1865 1616 1898 Domino
1641 1864 1810 1898 salubriter

1062 1922 1220 1966 conspicit
1240 1920 1397 1964 expedire.

1107 1977 1121 2019 ξ
1137 1975 1169 2007 l.
1192 1974 1269 2008 Cum
1288 1974 1415 2016 itaque,
1434 1972 1516 2005 sicut
1536 1972 1730 2016 accepimus,
1751 1982 1810 2005 ve—

1063 2028 1214 2063 nerabilis
1229 2028 1328 2060 trater
1341 2026 1455 2060 Caesar
1474 2026 1578 2064 Costa,
1600 2025 1812 2068 archiepisco-

1063 2092 1122 2126 pus
1139 2081 1325 2124 Capuanus‚
1343 2079 1381 2112 ad
1401 2089 1580 2123 pauperum
1605 2088 1717 2111 senum
1736 2078 1810 2110 sub-

1064 2134 1247 2168 ventionem
1279 2143 1381 2166 unum
1409 2131 1566 2174 hospitale
1597 2141 1655 2174 pro
1683 2130 1812 2163 senibus

1063 2187 1257 2231 pauperibus
1282 2186 1314 2219 in
1331 2186 1455 2219 civitate
1480 2185 1627 2228 Capuana
1647 2184 1813 2217 instituere

1064 2241 1223 2280 intendat,
1246 2246 1277 2274 et
1296 2240 1336 2272 ad
1356 2241 1441 2272 hunc
1462 2238 1609 2272 effectum
1639 2238 1811 2281 quemdam

1065 2296 1182 2334 locum,
1199 2295 1239 2327 ad
1254 2294 1315 2327 hoc
1332 2299 1441 2336 aptum
1459 2298 1490 2325 et.
1506 2292 1726 2330 commodum,
1743 2301 1813 2334 pre-

1065 2348 1108 2381 tio
1130 2347 1215 2380 mille
1240 2353 1269 2381 et
1297 2353 1426 2380 centum
1445 2346 1635 2378 ducatorum
1665 2350 1812 2378 monetae

1066 2401 1192 2433 illarum
1214 2400 1352 2444 partium
1371 2399 1501 2443 proprio
1515 2409 1589 2431 aere
1606 2398 1667 2430 iam
1687 2398 1811 2431 emerit:

1068 2464 1205 2496 tumque
1238 2458 1402 2496 praetcrea
1434 2451 1518 2494 apud
1550 2451 1618 2484 cius
1646 2451 1812 2484 ecclesiam

1067 2506 1249 2550 Capuan-am
1272 2516 1366 2538 unam
1396 2504 1623 2538 bibliothecam
1651 2503 1814 2547 publicam

1069 2571 1125 2604 pro
1155 2560 1252 2603 ipsius
1281 2558 1433 2592 ecclesiae
1466 2564 1496 2592 ct.
1528 2558 1813 2591 ecclesiasticarum

1069 2623 1278 2657 personarum
1299 2611 1428 2646 servitio
1443 2617 1473 2644 et
1489 2611 1718 2645 commoditate
1732 2609 1814 2654 pari-

1100 2677 1116 2701 '1
1136 2674 1173 2701 Ex
1190 2674 1295 2708 Regest.
1314 2674 1341 2700 in
1366 2674 1468 2701 Secret.
1491 2673 1625 2700 Brevium.

1698 251 1762 284 fvi-'J
1809 259 1859 286 An.
1879 258 1908 286 C.
1926 258 1993 285 1597

1847 1500 1966 1521 Error-tium.

1864 1981 2009 2005 Arctum->1:11-

1826 2014 1864 2033 pus
1896 2008 2011 2032 Capuanus

1826 2035 1902 2055 domun
1936 2040 1939 2043 “
1969 2039 1979 2049 »¹
2004 2043 2010 2046 -

1826 2068 1898 2087 perum

1826 2089 1895 2113 lmspit
1990 2093 1992 2103 t
2005 2097 2010 2100 -

1826 2115 1901 2135 liltollu
1950 2120 1955 2132 i
1973 2119 2010 2137 pro

1828 2142 1881 2162 Cleri
1893 2147 1924 2161 sut
1937 2142 2011 2159 mstrn-

1827 2171 1896 2189 ctmno
1916 2168 1983 2193 parat.
