<?xml version="1.0" encoding="UTF-8"?>
<!DOCTYPE html PUBLIC "-//W3C//DTD XHTML 1.0 Transitional//EN"
    "http://www.w3.org/TR/xhtml1/DTD/xhtml1-transitional.dtd">
<html xmlns="http://www.w3.org/1999/xhtml" xml:lang="en" lang="en">
 <head>
  <title>
</title>
<meta http-equiv="Content-Type" content="text/html;charset=utf-8" />
  <meta name='ocr-system' content='tesseract 3.04.00' />
  <meta name='ocr-capabilities' content='ocr_page ocr_carea ocr_par ocr_line ocrx_word'/>
</head>
<body>
  <div class='ocr_page' id='page_1' title='image "./bullarumdiplomat10cath/bullarumdiplomat10cath_0451.png"; bbox 0 0 2253 3195; ppageno 0'>
   <div class='ocr_carea' id='block_1_1' title="bbox 66 260 253 287">
    <p class='ocr_par' dir='ltr' id='par_1_1' title="bbox 66 260 253 287">
     <span class='ocr_line' id='line_1_1' title="bbox 66 260 253 287; baseline -0.005 0"><span class='ocrx_word' id='word_1_1' title='bbox 66 262 115 287; x_wconf 79' lang='lat' dir='ltr'>An.</span> <span class='ocrx_word' id='word_1_2' title='bbox 137 260 165 287; x_wconf 93' lang='lat' dir='ltr'>C.</span> <span class='ocrx_word' id='word_1_3' title='bbox 187 260 253 287; x_wconf 82' lang='lat'>1597</span> 
     </span>
    </p>
   </div>
   <div class='ocr_carea' id='block_1_2' title="bbox 85 1363 258 1488">
    <p class='ocr_par' dir='ltr' id='par_1_2' title="bbox 85 1363 258 1488">
     <span class='ocr_line' id='line_1_2' title="bbox 128 1363 257 1383; baseline -0.008 0"><span class='ocrx_word' id='word_1_4' title='bbox 128 1363 202 1383; x_wconf 64' lang='lat' dir='ltr'>›to-tus</span> <span class='ocrx_word' id='word_1_5' title='bbox 224 1368 257 1382; x_wconf 81' lang='lat' dir='ltr'>ex-</span> 
     </span>
     <span class='ocr_line' id='line_1_3' title="bbox 86 1390 257 1410; baseline -0.012 0"><span class='ocrx_word' id='word_1_6' title='bbox 86 1390 257 1410; x_wconf 72' lang='lat' dir='ltr'>communicatio-</span> 
     </span>
     <span class='ocr_line' id='line_1_4' title="bbox 86 1415 258 1436; baseline -0.006 0"><span class='ocrx_word' id='word_1_7' title='bbox 86 1421 133 1436; x_wconf 77' lang='lat' dir='ltr'>nem</span> <span class='ocrx_word' id='word_1_8' title='bbox 149 1418 169 1436; x_wconf 79' lang='lat' dir='ltr'>et</span> <span class='ocrx_word' id='word_1_9' title='bbox 185 1422 210 1436; x_wconf 78' lang='lat' dir='ltr'>ea</span> <span class='ocrx_word' id='word_1_10' title='bbox 232 1415 258 1435; x_wconf 87' lang='lat' dir='ltr'>ir-</span> 
     </span>
     <span class='ocr_line' id='line_1_5' title="bbox 85 1442 258 1468; baseline 0 -6"><span class='ocrx_word' id='word_1_11' title='bbox 85 1442 159 1462; x_wconf 79' lang='lat' dir='ltr'>retitos</span> <span class='ocrx_word' id='word_1_12' title='bbox 174 1442 258 1468; x_wconf 81' lang='lat' dir='ltr'>publico</span> 
     </span>
     <span class='ocr_line' id='line_1_6' title="bbox 87 1468 231 1488; baseline 0 0"><span class='ocrx_word' id='word_1_13' title='bbox 87 1468 231 1488; x_wconf 77' lang='lat' dir='ltr'>denuntiandi.</span> 
     </span>
    </p>
   </div>
   <div class='ocr_carea' id='block_1_3' title="bbox 884 257 1172 282">
    <p class='ocr_par' dir='ltr' id='par_1_3' title="bbox 884 257 1172 282">
     <span class='ocr_line' id='line_1_7' title="bbox 884 257 1172 282; baseline -0.01 0"><span class='ocrx_word' id='word_1_14' title='bbox 884 257 1030 282; x_wconf 85' lang='lat' dir='ltr'>CLEMENS</span> <span class='ocrx_word' id='word_1_15' title='bbox 1047 257 1105 280; x_wconf 86' lang='lat' dir='ltr'>VIII</span> <span class='ocrx_word' id='word_1_16' title='bbox 1122 257 1172 280; x_wconf 87' lang='lat' dir='ltr'>PP.</span> 
     </span>
    </p>
   </div>
   <div class='ocr_carea' id='block_1_4' title="bbox 265 306 1021 2669">
    <p class='ocr_par' dir='ltr' id='par_1_4' title="bbox 265 306 1021 2669">
     <span class='ocr_line' id='line_1_8' title="bbox 266 306 1006 349; baseline -0.004 -9"><span class='ocrx_word' id='word_1_17' title='bbox 266 307 457 340; x_wconf 83' lang='lat' dir='ltr'>thedralium</span> <span class='ocrx_word' id='word_1_18' title='bbox 483 314 512 340; x_wconf 89' lang='lat' dir='ltr'>et</span> <span class='ocrx_word' id='word_1_19' title='bbox 538 307 780 349; x_wconf 77' lang='lat' dir='ltr'>collegiatarum</span> <span class='ocrx_word' id='word_1_20' title='bbox 799 306 1006 339; x_wconf 84' lang='lat' dir='ltr'>ecclesiarum</span> 
     </span>
     <span class='ocr_line' id='line_1_9' title="bbox 265 355 1004 404; baseline -0.003 -11"><span class='ocrx_word' id='word_1_21' title='bbox 265 355 424 404; x_wconf 75' lang='lat' dir='ltr'>praelatis,</span> <span class='ocrx_word' id='word_1_22' title='bbox 447 360 611 404; x_wconf 78' lang='lat' dir='ltr'>Capitulis,</span> <span class='ocrx_word' id='word_1_23' title='bbox 638 367 666 393; x_wconf 87' lang='lat' dir='ltr'>et</span> <span class='ocrx_word' id='word_1_24' title='bbox 694 359 836 403; x_wconf 80' lang='lat' dir='ltr'>personis</span> <span class='ocrx_word' id='word_1_25' title='bbox 861 359 928 392; x_wconf 91' lang='lat' dir='ltr'>aliis</span> <span class='ocrx_word' id='word_1_26' title='bbox 950 370 1004 392; x_wconf 87' lang='lat' dir='ltr'>cc-</span> 
     </span>
     <span class='ocr_line' id='line_1_10' title="bbox 266 413 1005 456; baseline -0.004 -11"><span class='ocrx_word' id='word_1_27' title='bbox 266 413 460 453; x_wconf 85' lang='lat' dir='ltr'>clesiasticis,</span> <span class='ocrx_word' id='word_1_28' title='bbox 481 419 509 445; x_wconf 90' lang='lat' dir='ltr'>et</span> <span class='ocrx_word' id='word_1_29' title='bbox 535 413 721 456; x_wconf 83' lang='lat' dir='ltr'>quorumvis</span> <span class='ocrx_word' id='word_1_30' title='bbox 738 413 893 445; x_wconf 88' lang='lat' dir='ltr'>Ordinum</span> <span class='ocrx_word' id='word_1_31' title='bbox 912 413 1005 444; x_wconf 84' lang='lat' dir='ltr'>etiam</span> 
     </span>
     <span class='ocr_line' id='line_1_11' title="bbox 266 465 1007 508; baseline -0.003 -11"><span class='ocrx_word' id='word_1_32' title='bbox 266 465 538 504; x_wconf 81' lang='lat' dir='ltr'>Mendicantium,</span> <span class='ocrx_word' id='word_1_33' title='bbox 565 475 689 499; x_wconf 83' lang='lat' dir='ltr'>necnon</span> <span class='ocrx_word' id='word_1_34' title='bbox 726 474 1007 508; x_wconf 79' lang='lat' dir='ltr'>quorumcumque</span> 
     </span>
     <span class='ocr_line' id='line_1_12' title="bbox 266 517 1006 561; baseline -0.004 -11"><span class='ocrx_word' id='word_1_35' title='bbox 266 518 485 551; x_wconf 88' lang='lat' dir='ltr'>institutorum</span> <span class='ocrx_word' id='word_1_36' title='bbox 512 518 679 561; x_wconf 72' lang='lat' dir='ltr'>religiosis,</span> <span class='ocrx_word' id='word_1_37' title='bbox 708 517 864 560; x_wconf 80' lang='lat' dir='ltr'>exemptis</span> <span class='ocrx_word' id='word_1_38' title='bbox 889 522 918 549; x_wconf 81' lang='lat' dir='ltr'>ct</span> <span class='ocrx_word' id='word_1_39' title='bbox 943 527 1006 548; x_wconf 90' lang='lat' dir='ltr'>non</span> 
     </span>
     <span class='ocr_line' id='line_1_13' title="bbox 266 570 1003 615; baseline -0.004 -11"><span class='ocrx_word' id='word_1_40' title='bbox 266 571 433 615; x_wconf 87' lang='lat' dir='ltr'>exemptis,</span> <span class='ocrx_word' id='word_1_41' title='bbox 445 571 477 604; x_wconf 91' lang='lat' dir='ltr'>in</span> <span class='ocrx_word' id='word_1_42' title='bbox 494 571 750 615; x_wconf 74' lang='lat' dir='ltr'>quibuscumque</span> <span class='ocrx_word' id='word_1_43' title='bbox 768 570 845 603; x_wconf 86' lang='lat' dir='ltr'>locis</span> <span class='ocrx_word' id='word_1_44' title='bbox 863 576 891 602; x_wconf 93' lang='lat' dir='ltr'>et</span> <span class='ocrx_word' id='word_1_45' title='bbox 910 580 1003 613; x_wconf 90' lang='lat' dir='ltr'>prae-</span> 
     </span>
     <span class='ocr_line' id='line_1_14' title="bbox 266 622 1006 662; baseline -0.004 -6"><span class='ocrx_word' id='word_1_46' title='bbox 266 624 376 656; x_wconf 77' lang='lat' dir='ltr'>sertim</span> <span class='ocrx_word' id='word_1_47' title='bbox 408 624 440 656; x_wconf 92' lang='lat' dir='ltr'>in</span> <span class='ocrx_word' id='word_1_48' title='bbox 476 624 563 656; x_wconf 85' lang='lat' dir='ltr'>Italia</span> <span class='ocrx_word' id='word_1_49' title='bbox 594 623 795 662; x_wconf 86' lang='lat' dir='ltr'>constitutis,</span> <span class='ocrx_word' id='word_1_50' title='bbox 829 622 861 655; x_wconf 87' lang='lat' dir='ltr'>in</span> <span class='ocrx_word' id='word_1_51' title='bbox 893 622 1006 654; x_wconf 83' lang='lat' dir='ltr'>virtute</span> 
     </span>
     <span class='ocr_line' id='line_1_15' title="bbox 266 674 1007 721; baseline -0.004 -12"><span class='ocrx_word' id='word_1_52' title='bbox 266 682 393 709; x_wconf 86' lang='lat' dir='ltr'>sanetae</span> <span class='ocrx_word' id='word_1_53' title='bbox 438 675 640 708; x_wconf 76' lang='lat' dir='ltr'>obedientiae</span> <span class='ocrx_word' id='word_1_54' title='bbox 659 675 826 721; x_wconf 53' lang='lat' dir='ltr'>⁸similiter</span> <span class='ocrx_word' id='word_1_55' title='bbox 865 674 1007 707; x_wconf 87' lang='lat' dir='ltr'>districte</span> 
     </span>
     <span class='ocr_line' id='line_1_16' title="bbox 267 726 1008 773; baseline -0.004 -11"><span class='ocrx_word' id='word_1_56' title='bbox 267 728 490 773; x_wconf 88' lang='lat' dir='ltr'>praecipiendo</span> <span class='ocrx_word' id='word_1_57' title='bbox 509 728 709 767; x_wconf 79' lang='lat' dir='ltr'>mandamus,</span> <span class='ocrx_word' id='word_1_58' title='bbox 724 734 882 770; x_wconf 86' lang='lat' dir='ltr'>quatenus</span> <span class='ocrx_word' id='word_1_59' title='bbox 903 726 962 769; x_wconf 78' lang='lat' dir='ltr'>ipsi</span> <span class='ocrx_word' id='word_1_60' title='bbox 978 732 1008 759; x_wconf 90' lang='lat' dir='ltr'>et</span> 
     </span>
     <span class='ocr_line' id='line_1_17' title="bbox 267 778 1008 824; baseline -0.005 -10"><span class='ocrx_word' id='word_1_61' title='bbox 267 781 401 824; x_wconf 74' lang='lat' dir='ltr'>quilibet</span> <span class='ocrx_word' id='word_1_62' title='bbox 425 791 549 821; x_wconf 90' lang='lat' dir='ltr'>eorum,</span> <span class='ocrx_word' id='word_1_63' title='bbox 577 786 746 824; x_wconf 80' lang='lat' dir='ltr'>postquam</span> <span class='ocrx_word' id='word_1_64' title='bbox 771 785 953 823; x_wconf 79' lang='lat' dir='ltr'>praesentes</span> <span class='ocrx_word' id='word_1_65' title='bbox 970 778 1008 811; x_wconf 87' lang='lat' dir='ltr'>ad</span> 
     </span>
     <span class='ocr_line' id='line_1_18' title="bbox 267 832 1005 876; baseline -0.004 -9"><span class='ocrx_word' id='word_1_66' title='bbox 267 845 378 867; x_wconf 83' lang='lat' dir='ltr'>eorum</span> <span class='ocrx_word' id='word_1_67' title='bbox 392 834 539 867; x_wconf 84' lang='lat' dir='ltr'>notitiam</span> <span class='ocrx_word' id='word_1_68' title='bbox 554 834 666 876; x_wconf 90' lang='lat' dir='ltr'>quovis</span> <span class='ocrx_word' id='word_1_69' title='bbox 681 833 776 866; x_wconf 91' lang='lat' dir='ltr'>modo</span> <span class='ocrx_word' id='word_1_70' title='bbox 792 832 1005 876; x_wconf 81' lang='lat' dir='ltr'>pervenerint,</span> 
     </span>
     <span class='ocr_line' id='line_1_19' title="bbox 268 885 1006 929; baseline -0.004 -10"><span class='ocrx_word' id='word_1_71' title='bbox 268 886 327 919; x_wconf 91' lang='lat' dir='ltr'>sub</span> <span class='ocrx_word' id='word_1_72' title='bbox 352 886 508 919; x_wconf 78' lang='lat' dir='ltr'>similibus</span> <span class='ocrx_word' id='word_1_73' title='bbox 532 885 675 919; x_wconf 82' lang='lat' dir='ltr'>censuris</span> <span class='ocrx_word' id='word_1_74' title='bbox 693 892 721 918; x_wconf 91' lang='lat' dir='ltr'>et</span> <span class='ocrx_word' id='word_1_75' title='bbox 740 885 851 929; x_wconf 87' lang='lat' dir='ltr'>poenis</span> <span class='ocrx_word' id='word_1_76' title='bbox 869 895 925 928; x_wconf 86' lang='lat' dir='ltr'>per</span> <span class='ocrx_word' id='word_1_77' title='bbox 941 895 1006 924; x_wconf 88' lang='lat' dir='ltr'>eos,</span> 
     </span>
     <span class='ocr_line' id='line_1_20' title="bbox 269 938 1009 982; baseline -0.004 -10"><span class='ocrx_word' id='word_1_78' title='bbox 269 945 299 972; x_wconf 89' lang='lat' dir='ltr'>et</span> <span class='ocrx_word' id='word_1_79' title='bbox 332 939 509 982; x_wconf 78' lang='lat' dir='ltr'>singulares</span> <span class='ocrx_word' id='word_1_80' title='bbox 533 949 685 982; x_wconf 82' lang='lat' dir='ltr'>personas</span> <span class='ocrx_word' id='word_1_81' title='bbox 710 938 898 971; x_wconf 85' lang='lat' dir='ltr'>eorumdem</span> <span class='ocrx_word' id='word_1_82' title='bbox 924 938 1009 980; x_wconf 81' lang='lat' dir='ltr'>capi-</span> 
     </span>
     <span class='ocr_line' id='line_1_21' title="bbox 270 990 1010 1033; baseline -0.003 -9"><span class='ocrx_word' id='word_1_83' title='bbox 270 991 411 1025; x_wconf 88' lang='lat' dir='ltr'>tulorum</span> <span class='ocrx_word' id='word_1_84' title='bbox 443 998 471 1024; x_wconf 91' lang='lat' dir='ltr'>et</span> <span class='ocrx_word' id='word_1_85' title='bbox 506 998 721 1025; x_wconf 86' lang='lat' dir='ltr'>conventuum</span> <span class='ocrx_word' id='word_1_86' title='bbox 748 1001 785 1024; x_wconf 91' lang='lat' dir='ltr'>eo</span> <span class='ocrx_word' id='word_1_87' title='bbox 810 991 878 1033; x_wconf 91' lang='lat' dir='ltr'>ipso</span> <span class='ocrx_word' id='word_1_88' title='bbox 903 990 1010 1023; x_wconf 86' lang='lat' dir='ltr'>incur-</span> 
     </span>
     <span class='ocr_line' id='line_1_22' title="bbox 270 1044 1009 1088; baseline -0.003 -11"><span class='ocrx_word' id='word_1_89' title='bbox 270 1044 389 1085; x_wconf 88' lang='lat' dir='ltr'>rendis,</span> <span class='ocrx_word' id='word_1_90' title='bbox 417 1045 636 1088; x_wconf 90' lang='lat' dir='ltr'>supradictum</span> <span class='ocrx_word' id='word_1_91' title='bbox 662 1045 836 1084; x_wconf 85' lang='lat' dir='ltr'>Caesarem,</span> <span class='ocrx_word' id='word_1_92' title='bbox 862 1054 920 1077; x_wconf 85' lang='lat' dir='ltr'>nec</span> <span class='ocrx_word' id='word_1_93' title='bbox 945 1054 1009 1076; x_wconf 87' lang='lat' dir='ltr'>non</span> 
     </span>
     <span class='ocr_line' id='line_1_23' title="bbox 270 1097 1010 1139; baseline -0.003 -9"><span class='ocrx_word' id='word_1_94' title='bbox 270 1097 347 1131; x_wconf 85' lang='lat' dir='ltr'>alios</span> <span class='ocrx_word' id='word_1_95' title='bbox 372 1097 520 1138; x_wconf 89' lang='lat' dir='ltr'>monitos,</span> <span class='ocrx_word' id='word_1_96' title='bbox 539 1097 841 1137; x_wconf 81' lang='lat' dir='ltr'>excommunicatos,</span> <span class='ocrx_word' id='word_1_97' title='bbox 860 1106 1010 1139; x_wconf 75' lang='lat' dir='ltr'>aggrava-</span> 
     </span>
     <span class='ocr_line' id='line_1_24' title="bbox 272 1149 1011 1192; baseline -0.004 -9"><span class='ocrx_word' id='word_1_98' title='bbox 272 1156 329 1191; x_wconf 77' lang='lat' dir='ltr'>toS,</span> <span class='ocrx_word' id='word_1_99' title='bbox 347 1155 583 1192; x_wconf 76' lang='lat' dir='ltr'>reaggravatOS,</span> <span class='ocrx_word' id='word_1_100' title='bbox 606 1149 897 1189; x_wconf 82' lang='lat' dir='ltr'>anathematizatos,</span> <span class='ocrx_word' id='word_1_101' title='bbox 914 1149 1011 1182; x_wconf 88' lang='lat' dir='ltr'>inter-</span> 
     </span>
     <span class='ocr_line' id='line_1_25' title="bbox 271 1201 1010 1245; baseline -0.003 -10"><span class='ocrx_word' id='word_1_102' title='bbox 271 1202 384 1242; x_wconf 82' lang='lat' dir='ltr'>dictos,</span> <span class='ocrx_word' id='word_1_103' title='bbox 394 1202 532 1245; x_wconf 85' lang='lat' dir='ltr'>privatos</span> <span class='ocrx_word' id='word_1_104' title='bbox 545 1207 576 1234; x_wconf 88' lang='lat' dir='ltr'>et</span> <span class='ocrx_word' id='word_1_105' title='bbox 589 1201 807 1234; x_wconf 86' lang='lat' dir='ltr'>inhabilitatos</span> <span class='ocrx_word' id='word_1_106' title='bbox 820 1201 1010 1245; x_wconf 56' lang='lat' dir='ltr'>praedictos</span> 
     </span>
     <span class='ocr_line' id='line_1_26' title="bbox 271 1253 1012 1297; baseline -0.003 -10"><span class='ocrx_word' id='word_1_107' title='bbox 271 1254 297 1287; x_wconf 93' lang='lat' dir='ltr'>si</span> <span class='ocrx_word' id='word_1_108' title='bbox 307 1254 451 1288; x_wconf 84' lang='lat' dir='ltr'>decursis</span> <span class='ocrx_word' id='word_1_109' title='bbox 459 1253 505 1287; x_wconf 91' lang='lat' dir='ltr'>eis</span> <span class='ocrx_word' id='word_1_110' title='bbox 515 1253 833 1297; x_wconf 81' lang='lat' dir='ltr'>assignatisterminis</span> <span class='ocrx_word' id='word_1_111' title='bbox 842 1253 1012 1296; x_wconf 84' lang='lat' dir='ltr'>praedictis</span> 
     </span>
     <span class='ocr_line' id='line_1_27' title="bbox 271 1305 1011 1350; baseline -0.004 -10"><span class='ocrx_word' id='word_1_112' title='bbox 271 1307 464 1350; x_wconf 85' lang='lat' dir='ltr'>respective,</span> <span class='ocrx_word' id='word_1_113' title='bbox 484 1306 679 1350; x_wconf 81' lang='lat' dir='ltr'>praemissa,</span> <span class='ocrx_word' id='word_1_114' title='bbox 709 1311 803 1348; x_wconf 86' lang='lat' dir='ltr'>prout</span> <span class='ocrx_word' id='word_1_115' title='bbox 834 1305 873 1338; x_wconf 81' lang='lat' dir='ltr'>ad</span> <span class='ocrx_word' id='word_1_116' title='bbox 899 1316 1011 1338; x_wconf 90' lang='lat' dir='ltr'>eorum</span> 
     </span>
     <span class='ocr_line' id='line_1_28' title="bbox 272 1357 1009 1403; baseline -0.004 -10"><span class='ocrx_word' id='word_1_117' title='bbox 272 1359 449 1403; x_wconf 81' lang='lat' dir='ltr'>quemlibet</span> <span class='ocrx_word' id='word_1_118' title='bbox 472 1359 645 1403; x_wconf 86' lang='lat' dir='ltr'>pertinent,</span> <span class='ocrx_word' id='word_1_119' title='bbox 666 1369 729 1392; x_wconf 92' lang='lat' dir='ltr'>non</span> <span class='ocrx_word' id='word_1_120' title='bbox 754 1357 1009 1402; x_wconf 79' lang='lat' dir='ltr'>adimpleverint,</span> 
     </span>
     <span class='ocr_line' id='line_1_29' title="bbox 273 1411 1011 1455; baseline -0.001 -11"><span class='ocrx_word' id='word_1_121' title='bbox 273 1412 305 1445; x_wconf 88' lang='lat' dir='ltr'>in</span> <span class='ocrx_word' id='word_1_122' title='bbox 322 1422 434 1446; x_wconf 90' lang='lat' dir='ltr'>eorum</span> <span class='ocrx_word' id='word_1_123' title='bbox 451 1412 591 1455; x_wconf 88' lang='lat' dir='ltr'>quisque</span> <span class='ocrx_word' id='word_1_124' title='bbox 611 1411 770 1453; x_wconf 82' lang='lat' dir='ltr'>ecclesiis,</span> <span class='ocrx_word' id='word_1_125' title='bbox 791 1411 966 1444; x_wconf 85' lang='lat' dir='ltr'>dominicis</span> <span class='ocrx_word' id='word_1_126' title='bbox 983 1417 1011 1443; x_wconf 92' lang='lat' dir='ltr'>et</span> 
     </span>
     <span class='ocr_line' id='line_1_30' title="bbox 274 1465 1011 1506; baseline -0.003 -7"><span class='ocrx_word' id='word_1_127' title='bbox 274 1465 347 1499; x_wconf 89' lang='lat' dir='ltr'>aliis</span> <span class='ocrx_word' id='word_1_128' title='bbox 370 1466 493 1499; x_wconf 76' lang='lat' dir='ltr'>festivis</span> <span class='ocrx_word' id='word_1_129' title='bbox 525 1465 658 1506; x_wconf 86' lang='lat' dir='ltr'>diebus,</span> <span class='ocrx_word' id='word_1_130' title='bbox 687 1476 760 1499; x_wconf 88' lang='lat' dir='ltr'>cum</span> <span class='ocrx_word' id='word_1_131' title='bbox 792 1465 898 1498; x_wconf 87' lang='lat' dir='ltr'>maior</span> <span class='ocrx_word' id='word_1_132' title='bbox 931 1465 1011 1498; x_wconf 86' lang='lat' dir='ltr'>inihi</span> 
     </span>
     <span class='ocr_line' id='line_1_31' title="bbox 275 1518 1010 1562; baseline -0.003 -10"><span class='ocrx_word' id='word_1_133' title='bbox 275 1518 385 1562; x_wconf 89' lang='lat' dir='ltr'>populi</span> <span class='ocrx_word' id='word_1_134' title='bbox 412 1518 587 1551; x_wconf 88' lang='lat' dir='ltr'>multitudo</span> <span class='ocrx_word' id='word_1_135' title='bbox 611 1519 648 1551; x_wconf 84' lang='lat' dir='ltr'>ad</span> <span class='ocrx_word' id='word_1_136' title='bbox 675 1518 785 1550; x_wconf 78' lang='lat' dir='ltr'>divina</span> <span class='ocrx_word' id='word_1_137' title='bbox 815 1518 1010 1559; x_wconf 88' lang='lat' dir='ltr'>convenerit,</span> 
     </span>
     <span class='ocr_line' id='line_1_32' title="bbox 274 1571 1011 1615; baseline -0.003 -10"><span class='ocrx_word' id='word_1_138' title='bbox 274 1583 348 1605; x_wconf 89' lang='lat' dir='ltr'>cum</span> <span class='ocrx_word' id='word_1_139' title='bbox 373 1571 480 1604; x_wconf 87' lang='lat' dir='ltr'>crucis</span> <span class='ocrx_word' id='word_1_140' title='bbox 508 1571 643 1611; x_wconf 85' lang='lat' dir='ltr'>vexillo,</span> <span class='ocrx_word' id='word_1_141' title='bbox 670 1572 804 1615; x_wconf 85' lang='lat' dir='ltr'>pulsatis</span> <span class='ocrx_word' id='word_1_142' title='bbox 834 1571 1011 1615; x_wconf 87' lang='lat' dir='ltr'>campanis,</span> 
     </span>
     <span class='ocr_line' id='line_1_33' title="bbox 273 1623 1010 1664; baseline -0.003 -6"><span class='ocrx_word' id='word_1_143' title='bbox 273 1625 417 1658; x_wconf 80' lang='lat' dir='ltr'>accensis</span> <span class='ocrx_word' id='word_1_144' title='bbox 442 1623 602 1664; x_wconf 84' lang='lat' dir='ltr'>candelis,</span> <span class='ocrx_word' id='word_1_145' title='bbox 630 1634 665 1657; x_wconf 87' lang='lat' dir='ltr'>ac</span> <span class='ocrx_word' id='word_1_146' title='bbox 687 1624 818 1657; x_wconf 93' lang='lat' dir='ltr'>demum</span> <span class='ocrx_word' id='word_1_147' title='bbox 842 1624 1010 1663; x_wconf 83' lang='lat' dir='ltr'>extinctis,</span> 
     </span>
     <span class='ocr_line' id='line_1_34' title="bbox 273 1676 1010 1720; baseline -0.003 -10"><span class='ocrx_word' id='word_1_148' title='bbox 273 1683 301 1711; x_wconf 91' lang='lat' dir='ltr'>et</span> <span class='ocrx_word' id='word_1_149' title='bbox 336 1677 370 1710; x_wconf 94' lang='lat' dir='ltr'>in</span> <span class='ocrx_word' id='word_1_150' title='bbox 396 1683 512 1710; x_wconf 88' lang='lat' dir='ltr'>terram</span> <span class='ocrx_word' id='word_1_151' title='bbox 545 1677 698 1720; x_wconf 88' lang='lat' dir='ltr'>proiectis</span> <span class='ocrx_word' id='word_1_152' title='bbox 727 1683 755 1710; x_wconf 90' lang='lat' dir='ltr'>et</span> <span class='ocrx_word' id='word_1_153' title='bbox 791 1676 1010 1714; x_wconf 87' lang='lat' dir='ltr'>conculcatis,</span> 
     </span>
     <span class='ocr_line' id='line_1_35' title="bbox 273 1729 1015 1773; baseline -0.001 -10"><span class='ocrx_word' id='word_1_154' title='bbox 273 1740 346 1763; x_wconf 90' lang='lat' dir='ltr'>cum</span> <span class='ocrx_word' id='word_1_155' title='bbox 372 1731 456 1763; x_wconf 91' lang='lat' dir='ltr'>trina</span> <span class='ocrx_word' id='word_1_156' title='bbox 475 1730 619 1773; x_wconf 86' lang='lat' dir='ltr'>lapidum</span> <span class='ocrx_word' id='word_1_157' title='bbox 637 1729 849 1773; x_wconf 89' lang='lat' dir='ltr'>proiectione,</span> <span class='ocrx_word' id='word_1_158' title='bbox 877 1729 1015 1773; x_wconf 88' lang='lat' dir='ltr'>aliisque</span> 
     </span>
     <span class='ocr_line' id='line_1_36' title="bbox 273 1782 1012 1822; baseline 0 -7"><span class='ocrx_word' id='word_1_159' title='bbox 273 1783 306 1815; x_wconf 90' lang='lat' dir='ltr'>in</span> <span class='ocrx_word' id='word_1_160' title='bbox 337 1783 456 1815; x_wconf 86' lang='lat' dir='ltr'>talibus</span> <span class='ocrx_word' id='word_1_161' title='bbox 489 1782 606 1816; x_wconf 89' lang='lat' dir='ltr'>servari</span> <span class='ocrx_word' id='word_1_162' title='bbox 639 1782 743 1815; x_wconf 84' lang='lat' dir='ltr'>solitis</span> <span class='ocrx_word' id='word_1_163' title='bbox 776 1782 1012 1822; x_wconf 85' lang='lat' dir='ltr'>coeremoniis,</span> 
     </span>
     <span class='ocr_line' id='line_1_37' title="bbox 273 1834 1015 1878; baseline -0.003 -10"><span class='ocrx_word' id='word_1_164' title='bbox 273 1835 569 1869; x_wconf 84' lang='lat' dir='ltr'>excommunicatos</span> <span class='ocrx_word' id='word_1_165' title='bbox 598 1840 627 1867; x_wconf 88' lang='lat' dir='ltr'>et</span> <span class='ocrx_word' id='word_1_166' title='bbox 654 1834 729 1867; x_wconf 87' lang='lat' dir='ltr'>aliis</span> <span class='ocrx_word' id='word_1_167' title='bbox 754 1834 899 1868; x_wconf 84' lang='lat' dir='ltr'>censuris</span> <span class='ocrx_word' id='word_1_168' title='bbox 925 1845 1015 1878; x_wconf 87' lang='lat' dir='ltr'>prae-</span> 
     </span>
     <span class='ocr_line' id='line_1_38' title="bbox 273 1886 1013 1930; baseline 0.001 -11"><span class='ocrx_word' id='word_1_169' title='bbox 273 1887 369 1920; x_wconf 89' lang='lat' dir='ltr'>dictis</span> <span class='ocrx_word' id='word_1_170' title='bbox 394 1887 556 1927; x_wconf 87' lang='lat' dir='ltr'>irretitos,</span> <span class='ocrx_word' id='word_1_171' title='bbox 587 1886 770 1930; x_wconf 82' lang='lat' dir='ltr'>publicent,</span> <span class='ocrx_word' id='word_1_172' title='bbox 798 1887 953 1920; x_wconf 90' lang='lat' dir='ltr'>nuncient</span> <span class='ocrx_word' id='word_1_173' title='bbox 985 1894 1013 1920; x_wconf 87' lang='lat' dir='ltr'>et</span> 
     </span>
     <span class='ocr_line' id='line_1_39' title="bbox 274 1939 1012 1983; baseline 0 -11"><span class='ocrx_word' id='word_1_174' title='bbox 274 1940 410 1979; x_wconf 82' lang='lat' dir='ltr'>faciant,</span> <span class='ocrx_word' id='word_1_175' title='bbox 438 1950 474 1973; x_wconf 86' lang='lat' dir='ltr'>ac</span> <span class='ocrx_word' id='word_1_176' title='bbox 498 1940 650 1972; x_wconf 82' lang='lat' dir='ltr'>mandent</span> <span class='ocrx_word' id='word_1_177' title='bbox 674 1939 714 1972; x_wconf 91' lang='lat' dir='ltr'>ab</span> <span class='ocrx_word' id='word_1_178' title='bbox 739 1939 811 1971; x_wconf 85' lang='lat' dir='ltr'>aliis</span> <span class='ocrx_word' id='word_1_179' title='bbox 835 1939 1012 1983; x_wconf 88' lang='lat' dir='ltr'>publicari,</span> 
     </span>
     <span class='ocr_line' id='line_1_40' title="bbox 275 1992 1015 2032; baseline 0 -6"><span class='ocrx_word' id='word_1_180' title='bbox 275 2004 310 2026; x_wconf 86' lang='lat' dir='ltr'>ac</span> <span class='ocrx_word' id='word_1_181' title='bbox 335 1992 495 2032; x_wconf 84' lang='lat' dir='ltr'>nunciari,</span> <span class='ocrx_word' id='word_1_182' title='bbox 516 2003 550 2026; x_wconf 83' lang='lat' dir='ltr'>ac</span> <span class='ocrx_word' id='word_1_183' title='bbox 576 1992 616 2025; x_wconf 91' lang='lat' dir='ltr'>ab</span> <span class='ocrx_word' id='word_1_184' title='bbox 641 1992 792 2026; x_wconf 86' lang='lat' dir='ltr'>omnibus</span> <span class='ocrx_word' id='word_1_185' title='bbox 816 1992 936 2025; x_wconf 85' lang='lat' dir='ltr'>arctius</span> <span class='ocrx_word' id='word_1_186' title='bbox 953 1994 1015 2026; x_wconf 85' lang='lat' dir='ltr'>evi-</span> 
     </span>
     <span class='ocr_line' id='line_1_41' title="bbox 276 2045 1017 2086; baseline -0.003 -7"><span class='ocrx_word' id='word_1_187' title='bbox 276 2046 352 2086; x_wconf 72' lang='lat' dir='ltr'>tari,</span> <span class='ocrx_word' id='word_1_188' title='bbox 376 2056 440 2081; x_wconf 52' lang='lat' dir='ltr'>,nec</span> <span class='ocrx_word' id='word_1_189' title='bbox 460 2056 524 2079; x_wconf 91' lang='lat' dir='ltr'>non</span> <span class='ocrx_word' id='word_1_190' title='bbox 548 2045 699 2078; x_wconf 88' lang='lat' dir='ltr'>omnibus</span> <span class='ocrx_word' id='word_1_191' title='bbox 724 2045 797 2078; x_wconf 91' lang='lat' dir='ltr'>aliis</span> <span class='ocrx_word' id='word_1_192' title='bbox 822 2045 1017 2078; x_wconf 86' lang='lat' dir='ltr'>christifide-</span> 
     </span>
     <span class='ocr_line' id='line_1_42' title="bbox 275 2099 1017 2142; baseline -0.001 -9"><span class='ocrx_word' id='word_1_193' title='bbox 275 2100 373 2140; x_wconf 83' lang='lat' dir='ltr'>libus,</span> <span class='ocrx_word' id='word_1_194' title='bbox 400 2105 436 2133; x_wconf 92' lang='lat' dir='ltr'>ut</span> <span class='ocrx_word' id='word_1_195' title='bbox 459 2109 513 2133; x_wconf 87' lang='lat' dir='ltr'>eos</span> <span class='ocrx_word' id='word_1_196' title='bbox 538 2099 668 2139; x_wconf 85' lang='lat' dir='ltr'>evitent,</span> <span class='ocrx_word' id='word_1_197' title='bbox 696 2105 727 2132; x_wconf 88' lang='lat' dir='ltr'>et</span> <span class='ocrx_word' id='word_1_198' title='bbox 752 2099 819 2142; x_wconf 91' lang='lat' dir='ltr'>pari</span> <span class='ocrx_word' id='word_1_199' title='bbox 844 2100 940 2132; x_wconf 93' lang='lat' dir='ltr'>modo</span> <span class='ocrx_word' id='word_1_200' title='bbox 958 2100 1017 2132; x_wconf 86' lang='lat' dir='ltr'>sub</span> 
     </span>
     <span class='ocr_line' id='line_1_43' title="bbox 276 2152 1018 2196; baseline -0.003 -10"><span class='ocrx_word' id='word_1_201' title='bbox 276 2152 446 2196; x_wconf 88' lang='lat' dir='ltr'>praedictis</span> <span class='ocrx_word' id='word_1_202' title='bbox 470 2152 614 2186; x_wconf 87' lang='lat' dir='ltr'>censuris</span> <span class='ocrx_word' id='word_1_203' title='bbox 638 2158 666 2185; x_wconf 92' lang='lat' dir='ltr'>et</span> <span class='ocrx_word' id='word_1_204' title='bbox 693 2152 803 2195; x_wconf 90' lang='lat' dir='ltr'>poenis</span> <span class='ocrx_word' id='word_1_205' title='bbox 836 2158 1018 2195; x_wconf 81' lang='lat' dir='ltr'>praesentes</span> 
     </span>
     <span class='ocr_line' id='line_1_44' title="bbox 276 2205 1018 2247; baseline -0.001 -9"><span class='ocrx_word' id='word_1_206' title='bbox 276 2206 408 2244; x_wconf 54' lang='lat' dir='ltr'>litteras</span> <span class='ocrx_word' id='word_1_207' title='bbox 426 2206 475 2238; x_wconf 91' lang='lat' dir='ltr'>vel</span> <span class='ocrx_word' id='word_1_208' title='bbox 493 2215 604 2238; x_wconf 83' lang='lat' dir='ltr'>earum</span> <span class='ocrx_word' id='word_1_209' title='bbox 630 2210 866 2247; x_wconf 87' lang='lat' dir='ltr'>transumptum</span> <span class='ocrx_word' id='word_1_210' title='bbox 885 2205 945 2238; x_wconf 90' lang='lat' dir='ltr'>sub</span> <span class='ocrx_word' id='word_1_211' title='bbox 963 2205 1018 2237; x_wconf 90' lang='lat' dir='ltr'>in-</span> 
     </span>
     <span class='ocr_line' id='line_1_45' title="bbox 276 2258 1017 2301; baseline 0.001 -10"><span class='ocrx_word' id='word_1_212' title='bbox 276 2258 443 2301; x_wconf 80' lang='lat' dir='ltr'>frascripta</span> <span class='ocrx_word' id='word_1_213' title='bbox 467 2260 569 2291; x_wconf 82' lang='lat' dir='ltr'>forma</span> <span class='ocrx_word' id='word_1_214' title='bbox 593 2259 724 2299; x_wconf 84' lang='lat' dir='ltr'>sactum,</span> <span class='ocrx_word' id='word_1_215' title='bbox 741 2258 821 2291; x_wconf 75' lang='lat' dir='ltr'>infra</span> <span class='ocrx_word' id='word_1_216' title='bbox 847 2258 1017 2292; x_wconf 87' lang='lat' dir='ltr'>terminum</span> 
     </span>
     <span class='ocr_line' id='line_1_46' title="bbox 278 2309 1015 2351; baseline 0 -8"><span class='ocrx_word' id='word_1_217' title='bbox 278 2310 374 2343; x_wconf 87' lang='lat' dir='ltr'>trium</span> <span class='ocrx_word' id='word_1_218' title='bbox 398 2310 524 2343; x_wconf 91' lang='lat' dir='ltr'>dierum</span> <span class='ocrx_word' id='word_1_219' title='bbox 548 2309 580 2342; x_wconf 93' lang='lat' dir='ltr'>in</span> <span class='ocrx_word' id='word_1_220' title='bbox 605 2310 767 2350; x_wconf 86' lang='lat' dir='ltr'>ecclesiis,</span> <span class='ocrx_word' id='word_1_221' title='bbox 795 2311 1015 2351; x_wconf 89' lang='lat' dir='ltr'>monasteriis,</span> 
     </span>
     <span class='ocr_line' id='line_1_47' title="bbox 279 2362 1019 2405; baseline 0 -11"><span class='ocrx_word' id='word_1_222' title='bbox 279 2363 486 2396; x_wconf 82' lang='lat' dir='ltr'>conventibus</span> <span class='ocrx_word' id='word_1_223' title='bbox 510 2368 542 2395; x_wconf 93' lang='lat' dir='ltr'>et</span> <span class='ocrx_word' id='word_1_224' title='bbox 565 2363 633 2395; x_wconf 89' lang='lat' dir='ltr'>aliis</span> <span class='ocrx_word' id='word_1_225' title='bbox 658 2373 770 2396; x_wconf 90' lang='lat' dir='ltr'>eorum</span> <span class='ocrx_word' id='word_1_226' title='bbox 800 2363 878 2396; x_wconf 91' lang='lat' dir='ltr'>locis</span> <span class='ocrx_word' id='word_1_227' title='bbox 908 2362 1019 2405; x_wconf 86' lang='lat' dir='ltr'>publi-</span> 
     </span>
     <span class='ocr_line' id='line_1_48' title="bbox 279 2415 1020 2458; baseline 0 -11"><span class='ocrx_word' id='word_1_228' title='bbox 279 2415 343 2448; x_wconf 85' lang='lat' dir='ltr'>cari</span> <span class='ocrx_word' id='word_1_229' title='bbox 367 2420 398 2448; x_wconf 85' lang='lat' dir='ltr'>et</span> <span class='ocrx_word' id='word_1_230' title='bbox 421 2415 506 2458; x_wconf 75' lang='lat' dir='ltr'>affigi</span> <span class='ocrx_word' id='word_1_231' title='bbox 530 2415 664 2456; x_wconf 81' lang='lat' dir='ltr'>faciant,</span> <span class='ocrx_word' id='word_1_232' title='bbox 693 2421 723 2448; x_wconf 89' lang='lat' dir='ltr'>et</span> <span class='ocrx_word' id='word_1_233' title='bbox 747 2415 867 2449; x_wconf 86' lang='lat' dir='ltr'>eisdem</span> <span class='ocrx_word' id='word_1_234' title='bbox 893 2415 1020 2447; x_wconf 89' lang='lat' dir='ltr'>monitis</span> 
     </span>
     <span class='ocr_line' id='line_1_49' title="bbox 279 2468 1019 2511; baseline -0.001 -11"><span class='ocrx_word' id='word_1_235' title='bbox 279 2473 310 2501; x_wconf 89' lang='lat' dir='ltr'>et</span> <span class='ocrx_word' id='word_1_236' title='bbox 334 2468 616 2501; x_wconf 82' lang='lat' dir='ltr'>excommunicatis</span> <span class='ocrx_word' id='word_1_237' title='bbox 641 2473 773 2511; x_wconf 77' lang='lat' dir='ltr'>propter</span> <span class='ocrx_word' id='word_1_238' title='bbox 798 2478 910 2500; x_wconf 90' lang='lat' dir='ltr'>eorum</span> <span class='ocrx_word' id='word_1_239' title='bbox 943 2477 1019 2500; x_wconf 89' lang='lat' dir='ltr'>con-</span> 
     </span>
     <span class='ocr_line' id='line_1_50' title="bbox 280 2519 1020 2561; baseline -0.001 -9"><span class='ocrx_word' id='word_1_240' title='bbox 280 2519 452 2552; x_wconf 87' lang='lat' dir='ltr'>tumaciam</span> <span class='ocrx_word' id='word_1_241' title='bbox 484 2525 597 2553; x_wconf 88' lang='lat' dir='ltr'>cuncta</span> <span class='ocrx_word' id='word_1_242' title='bbox 630 2519 831 2559; x_wconf 82' lang='lat' dir='ltr'>neccssaria,</span> <span class='ocrx_word' id='word_1_243' title='bbox 857 2525 893 2552; x_wconf 94' lang='lat' dir='ltr'>ut</span> <span class='ocrx_word' id='word_1_244' title='bbox 923 2529 1020 2561; x_wconf 87' lang='lat' dir='ltr'>prac-</span> 
     </span>
     <span class='ocr_line' id='line_1_51' title="bbox 280 2571 1021 2615; baseline -0.001 -11"><span class='ocrx_word' id='word_1_245' title='bbox 280 2574 390 2614; x_wconf 89' lang='lat' dir='ltr'>l&#39;ertur,</span> <span class='ocrx_word' id='word_1_246' title='bbox 417 2572 575 2615; x_wconf 82' lang='lat' dir='ltr'>denegent</span> <span class='ocrx_word' id='word_1_247' title='bbox 599 2572 784 2611; x_wconf 86' lang='lat' dir='ltr'>ministrari⁷</span> <span class='ocrx_word' id='word_1_248' title='bbox 803 2571 906 2605; x_wconf 87' lang='lat' dir='ltr'>donec</span> <span class='ocrx_word' id='word_1_249' title='bbox 925 2571 1021 2604; x_wconf 85' lang='lat' dir='ltr'>corde</span> 
     </span>
     <span class='ocr_line' id='line_1_52' title="bbox 279 2623 1021 2669; baseline -0.001 -11"><span class='ocrx_word' id='word_1_250' title='bbox 279 2625 476 2669; x_wconf 87' lang='lat' dir='ltr'>compuncti,</span> <span class='ocrx_word' id='word_1_251' title='bbox 502 2625 649 2668; x_wconf 85' lang='lat' dir='ltr'>spiritum</span> <span class='ocrx_word' id='word_1_252' title='bbox 673 2630 872 2659; x_wconf 84' lang='lat' dir='ltr'>assumentes</span> <span class='ocrx_word' id='word_1_253' title='bbox 898 2623 1021 2658; x_wconf 88' lang='lat' dir='ltr'>consilii</span> 
     </span>
    </p>
   </div>
   <div class='ocr_carea' id='block_1_5' title="bbox 1022 306 1037 2177">
    <p class='ocr_par' dir='ltr' id='par_1_5' title="bbox 1022 306 1037 2177">
     <span class='ocr_line' id='line_1_53' title="bbox 1022 306 1037 2177; baseline 0 0"><span class='ocrx_word' id='word_1_254' title='bbox 1022 306 1037 2177; x_wconf 95' lang='lat' dir='ltr'> </span> 
     </span>
    </p>
   </div>
   <div class='ocr_carea' id='block_1_6' title="bbox 1041 240 1783 344">
    <p class='ocr_par' dir='ltr' id='par_1_6' title="bbox 1041 240 1783 344">
     <span class='ocr_line' id='line_1_54' title="bbox 1685 240 1749 274; baseline -0.016 0"><span class='ocrx_word' id='word_1_255' title='bbox 1685 240 1749 274; x_wconf 71' lang='lat'>407</span> 
     </span>
     <span class='ocr_line' id='line_1_55' title="bbox 1041 298 1783 344; baseline -0.009 -7"><span class='ocrx_word' id='word_1_256' title='bbox 1041 304 1190 344; x_wconf 88' lang='lat' dir='ltr'>sanioris,</span> <span class='ocrx_word' id='word_1_257' title='bbox 1218 302 1334 335; x_wconf 88' lang='lat' dir='ltr'>nostris</span> <span class='ocrx_word' id='word_1_258' title='bbox 1359 300 1588 334; x_wconf 83' lang='lat' dir='ltr'>monitionibus</span> <span class='ocrx_word' id='word_1_259' title='bbox 1605 304 1636 332; x_wconf 89' lang='lat' dir='ltr'>et</span> <span class='ocrx_word' id='word_1_260' title='bbox 1654 298 1783 331; x_wconf 90' lang='lat' dir='ltr'>manda-</span> 
     </span>
    </p>
   </div>
   <div class='ocr_carea' id='block_1_7' title="bbox 1041 404 1801 2664">
    <p class='ocr_par' dir='ltr' id='par_1_7' title="bbox 1041 404 1784 609">
     <span class='ocr_line' id='line_1_56' title="bbox 1042 404 1784 449; baseline -0.007 -8"><span class='ocrx_word' id='word_1_261' title='bbox 1042 410 1121 449; x_wconf 90' lang='lat' dir='ltr'>rint,</span> <span class='ocrx_word' id='word_1_262' title='bbox 1150 414 1180 441; x_wconf 90' lang='lat' dir='ltr'>et</span> <span class='ocrx_word' id='word_1_263' title='bbox 1205 407 1378 441; x_wconf 82' lang='lat' dir='ltr'>meruerint</span> <span class='ocrx_word' id='word_1_264' title='bbox 1402 418 1419 439; x_wconf 92' lang='lat' dir='ltr'>a</span> <span class='ocrx_word' id='word_1_265' title='bbox 1446 405 1589 439; x_wconf 86' lang='lat' dir='ltr'>censuris</span> <span class='ocrx_word' id='word_1_266' title='bbox 1619 411 1649 438; x_wconf 90' lang='lat' dir='ltr'>et</span> <span class='ocrx_word' id='word_1_267' title='bbox 1674 404 1784 447; x_wconf 81' lang='lat' dir='ltr'>poenis</span> 
     </span>
     <span class='ocr_line' id='line_1_57' title="bbox 1041 457 1784 505; baseline -0.007 -11"><span class='ocrx_word' id='word_1_268' title='bbox 1041 461 1212 505; x_wconf 86' lang='lat' dir='ltr'>praedictis</span> <span class='ocrx_word' id='word_1_269' title='bbox 1236 460 1445 493; x_wconf 85' lang='lat' dir='ltr'>absolutionis</span> <span class='ocrx_word' id='word_1_270' title='bbox 1462 464 1491 491; x_wconf 77' lang='lat' dir='ltr'>et</span> <span class='ocrx_word' id='word_1_271' title='bbox 1508 458 1717 492; x_wconf 86' lang='lat' dir='ltr'>restitutionis</span> <span class='ocrx_word' id='word_1_272' title='bbox 1731 457 1784 489; x_wconf 83' lang='lat' dir='ltr'>be-</span> 
     </span>
     <span class='ocr_line' id='line_1_58' title="bbox 1042 509 1784 555; baseline -0.005 -10"><span class='ocrx_word' id='word_1_273' title='bbox 1042 514 1213 552; x_wconf 84' lang='lat' dir='ltr'>neficium,</span> <span class='ocrx_word' id='word_1_274' title='bbox 1241 524 1276 545; x_wconf 87' lang='lat' dir='ltr'>ac</span> <span class='ocrx_word' id='word_1_275' title='bbox 1302 513 1456 555; x_wconf 73' lang='lat' dir='ltr'>integram</span> <span class='ocrx_word' id='word_1_276' title='bbox 1483 522 1498 543; x_wconf 91' lang='lat' dir='ltr'>a</span> <span class='ocrx_word' id='word_1_277' title='bbox 1532 510 1624 544; x_wconf 84' lang='lat' dir='ltr'>nobis</span> <span class='ocrx_word' id='word_1_278' title='bbox 1649 516 1679 543; x_wconf 83' lang='lat' dir='ltr'>et</span> <span class='ocrx_word' id='word_1_279' title='bbox 1704 509 1784 542; x_wconf 82' lang='lat' dir='ltr'>Sede</span> 
     </span>
     <span class='ocr_line' id='line_1_59' title="bbox 1042 565 1547 609; baseline -0.002 -11"><span class='ocrx_word' id='word_1_280' title='bbox 1042 566 1204 609; x_wconf 82' lang='lat' dir='ltr'>praedicta</span> <span class='ocrx_word' id='word_1_281' title='bbox 1230 566 1365 608; x_wconf 76' lang='lat' dir='ltr'>gratiam</span> <span class='ocrx_word' id='word_1_282' title='bbox 1391 565 1547 598; x_wconf 82' lang='lat' dir='ltr'>obtinere.</span> 
     </span>
    </p>

    <p class='ocr_par' dir='ltr' id='par_1_8' title="bbox 1041 617 1793 1814">
     <span class='ocr_line' id='line_1_60' title="bbox 1086 617 1785 660; baseline -0.004 -10"><span class='ocrx_word' id='word_1_283' title='bbox 1086 617 1166 660; x_wconf 70' lang='lat' dir='ltr'>g30.</span> <span class='ocrx_word' id='word_1_284' title='bbox 1181 617 1503 652; x_wconf 84' lang='lat' dir='ltr'>Excommunicamus</span> <span class='ocrx_word' id='word_1_285' title='bbox 1516 627 1657 660; x_wconf 86' lang='lat' dir='ltr'>quoque,</span> <span class='ocrx_word' id='word_1_286' title='bbox 1670 621 1699 648; x_wconf 84' lang='lat' dir='ltr'>ct</span> <span class='ocrx_word' id='word_1_287' title='bbox 1712 626 1785 648; x_wconf 70' lang='lat' dir='ltr'>ecn-</span> 
     </span>
     <span class='ocr_line' id='line_1_61' title="bbox 1042 669 1780 713; baseline -0.004 -10"><span class='ocrx_word' id='word_1_288' title='bbox 1042 671 1124 703; x_wconf 86' lang='lat' dir='ltr'>suris</span> <span class='ocrx_word' id='word_1_289' title='bbox 1143 670 1313 713; x_wconf 82' lang='lat' dir='ltr'>praedictis</span> <span class='ocrx_word' id='word_1_290' title='bbox 1331 670 1523 703; x_wconf 82' lang='lat' dir='ltr'>innodamus</span> <span class='ocrx_word' id='word_1_291' title='bbox 1540 679 1651 702; x_wconf 85' lang='lat' dir='ltr'>omnes</span> <span class='ocrx_word' id='word_1_292' title='bbox 1668 673 1699 701; x_wconf 93' lang='lat' dir='ltr'>et</span> <span class='ocrx_word' id='word_1_293' title='bbox 1714 669 1780 701; x_wconf 86' lang='lat' dir='ltr'>sin-</span> 
     </span>
     <span class='ocr_line' id='line_1_62' title="bbox 1041 723 1785 767; baseline -0.004 -11"><span class='ocrx_word' id='word_1_294' title='bbox 1041 723 1133 766; x_wconf 78' lang='lat' dir='ltr'>gulos</span> <span class='ocrx_word' id='word_1_295' title='bbox 1157 723 1447 767; x_wconf 76' lang='lat' dir='ltr'>supranominatos,</span> <span class='ocrx_word' id='word_1_296' title='bbox 1467 723 1698 764; x_wconf 81' lang='lat' dir='ltr'>cuiuscumque</span> <span class='ocrx_word' id='word_1_297' title='bbox 1715 727 1785 754; x_wconf 89' lang='lat' dir='ltr'>sta-</span> 
     </span>
     <span class='ocr_line' id='line_1_63' title="bbox 1042 774 1785 820; baseline -0.004 -11"><span class='ocrx_word' id='word_1_298' title='bbox 1042 783 1104 816; x_wconf 88' lang='lat' dir='ltr'>tus,</span> <span class='ocrx_word' id='word_1_299' title='bbox 1124 776 1298 820; x_wconf 79' lang='lat' dir='ltr'>dignitatis,</span> <span class='ocrx_word' id='word_1_300' title='bbox 1318 776 1448 819; x_wconf 75' lang='lat' dir='ltr'>graduS,</span> <span class='ocrx_word' id='word_1_301' title='bbox 1469 775 1589 808; x_wconf 83' lang='lat' dir='ltr'>ordinis</span> <span class='ocrx_word' id='word_1_302' title='bbox 1614 781 1644 807; x_wconf 85' lang='lat' dir='ltr'>ct</span> <span class='ocrx_word' id='word_1_303' title='bbox 1669 774 1785 807; x_wconf 88' lang='lat' dir='ltr'>condi—</span> 
     </span>
     <span class='ocr_line' id='line_1_64' title="bbox 1043 827 1785 872; baseline -0.005 -10"><span class='ocrx_word' id='word_1_304' title='bbox 1043 829 1137 862; x_wconf 89' lang='lat' dir='ltr'>tionis</span> <span class='ocrx_word' id='word_1_305' title='bbox 1151 834 1182 862; x_wconf 86' lang='lat' dir='ltr'>et</span> <span class='ocrx_word' id='word_1_306' title='bbox 1194 828 1464 872; x_wconf 85' lang='lat' dir='ltr'>praeeminentiae</span> <span class='ocrx_word' id='word_1_307' title='bbox 1482 828 1652 865; x_wconf 81' lang='lat' dir='ltr'>extiterint,</span> <span class='ocrx_word' id='word_1_308' title='bbox 1663 827 1785 859; x_wconf 75' lang='lat' dir='ltr'>etiamsi</span> 
     </span>
     <span class='ocr_line' id='line_1_65' title="bbox 1042 879 1787 926; baseline -0.005 -11"><span class='ocrx_word' id='word_1_309' title='bbox 1042 882 1211 926; x_wconf 85' lang='lat' dir='ltr'>imperiali,</span> <span class='ocrx_word' id='word_1_310' title='bbox 1233 882 1341 924; x_wconf 79' lang='lat' dir='ltr'>regali,</span> <span class='ocrx_word' id='word_1_311' title='bbox 1362 887 1416 914; x_wconf 91' lang='lat' dir='ltr'>aut</span> <span class='ocrx_word' id='word_1_312' title='bbox 1433 881 1492 912; x_wconf 87' lang='lat' dir='ltr'>alia</span> <span class='ocrx_word' id='word_1_313' title='bbox 1513 890 1716 923; x_wconf 87' lang='lat' dir='ltr'>quacumque</span> <span class='ocrx_word' id='word_1_314' title='bbox 1741 879 1787 911; x_wconf 86' lang='lat' dir='ltr'>di-</span> 
     </span>
     <span class='ocr_line' id='line_1_66' title="bbox 1043 933 1788 978; baseline -0.004 -11"><span class='ocrx_word' id='word_1_315' title='bbox 1043 935 1162 978; x_wconf 81' lang='lat' dir='ltr'>gnitate</span> <span class='ocrx_word' id='word_1_316' title='bbox 1179 933 1414 978; x_wconf 84' lang='lat' dir='ltr'>praesulserint,</span> <span class='ocrx_word' id='word_1_317' title='bbox 1428 933 1482 976; x_wconf 85' lang='lat' dir='ltr'>qui</span> <span class='ocrx_word' id='word_1_318' title='bbox 1500 933 1672 975; x_wconf 78' lang='lat' dir='ltr'>quominus</span> <span class='ocrx_word' id='word_1_319' title='bbox 1690 942 1788 974; x_wconf 84' lang='lat' dir='ltr'>prae—</span> 
     </span>
     <span class='ocr_line' id='line_1_67' title="bbox 1044 987 1788 1026; baseline -0.004 -6"><span class='ocrx_word' id='word_1_320' title='bbox 1044 993 1148 1021; x_wconf 89' lang='lat' dir='ltr'>sentes</span> <span class='ocrx_word' id='word_1_321' title='bbox 1172 988 1297 1020; x_wconf 88' lang='lat' dir='ltr'>litterae</span> <span class='ocrx_word' id='word_1_322' title='bbox 1322 992 1462 1026; x_wconf 87' lang='lat' dir='ltr'>nostrae,</span> <span class='ocrx_word' id='word_1_323' title='bbox 1489 987 1538 1019; x_wconf 90' lang='lat' dir='ltr'>vel</span> <span class='ocrx_word' id='word_1_324' title='bbox 1557 995 1667 1018; x_wconf 89' lang='lat' dir='ltr'>earum</span> <span class='ocrx_word' id='word_1_325' title='bbox 1694 991 1788 1018; x_wconf 88' lang='lat' dir='ltr'>tran—</span> 
     </span>
     <span class='ocr_line' id='line_1_68' title="bbox 1044 1037 1788 1083; baseline -0.005 -10"><span class='ocrx_word' id='word_1_326' title='bbox 1044 1046 1182 1083; x_wconf 87' lang='lat' dir='ltr'>sumpta,</span> <span class='ocrx_word' id='word_1_327' title='bbox 1210 1040 1332 1083; x_wconf 89' lang='lat' dir='ltr'>copiae,</span> <span class='ocrx_word' id='word_1_328' title='bbox 1359 1050 1415 1071; x_wconf 87' lang='lat' dir='ltr'>seu</span> <span class='ocrx_word' id='word_1_329' title='bbox 1439 1037 1645 1082; x_wconf 85' lang='lat' dir='ltr'>exemplaria,</span> <span class='ocrx_word' id='word_1_330' title='bbox 1664 1038 1696 1070; x_wconf 92' lang='lat' dir='ltr'>in</span> <span class='ocrx_word' id='word_1_331' title='bbox 1723 1038 1788 1070; x_wconf 86' lang='lat' dir='ltr'>suis</span> 
     </span>
     <span class='ocr_line' id='line_1_69' title="bbox 1045 1091 1787 1134; baseline -0.003 -9"><span class='ocrx_word' id='word_1_332' title='bbox 1045 1093 1206 1133; x_wconf 89' lang='lat' dir='ltr'>dominiis,</span> <span class='ocrx_word' id='word_1_333' title='bbox 1233 1092 1425 1132; x_wconf 80' lang='lat' dir='ltr'>civitatibus,</span> <span class='ocrx_word' id='word_1_334' title='bbox 1446 1091 1539 1124; x_wconf 84' lang='lat' dir='ltr'>terris</span> <span class='ocrx_word' id='word_1_335' title='bbox 1565 1097 1596 1123; x_wconf 88' lang='lat' dir='ltr'>et</span> <span class='ocrx_word' id='word_1_336' title='bbox 1618 1091 1696 1124; x_wconf 87' lang='lat' dir='ltr'>locis</span> <span class='ocrx_word' id='word_1_337' title='bbox 1713 1091 1787 1134; x_wconf 78' lang='lat' dir='ltr'>legi,</span> 
     </span>
     <span class='ocr_line' id='line_1_70' title="bbox 1046 1143 1787 1188; baseline -0.003 -11"><span class='ocrx_word' id='word_1_338' title='bbox 1046 1146 1143 1188; x_wconf 79' lang='lat' dir='ltr'>alfigi,</span> <span class='ocrx_word' id='word_1_339' title='bbox 1161 1151 1217 1178; x_wconf 85' lang='lat' dir='ltr'>aut</span> <span class='ocrx_word' id='word_1_340' title='bbox 1242 1144 1412 1188; x_wconf 87' lang='lat' dir='ltr'>publicari,</span> <span class='ocrx_word' id='word_1_341' title='bbox 1440 1155 1476 1176; x_wconf 86' lang='lat' dir='ltr'>ac</span> <span class='ocrx_word' id='word_1_342' title='bbox 1502 1145 1554 1176; x_wconf 86' lang='lat' dir='ltr'>illa</span> <span class='ocrx_word' id='word_1_343' title='bbox 1579 1143 1618 1176; x_wconf 90' lang='lat' dir='ltr'>ad</span> <span class='ocrx_word' id='word_1_344' title='bbox 1643 1145 1787 1177; x_wconf 90' lang='lat' dir='ltr'>omnium</span> 
     </span>
     <span class='ocr_line' id='line_1_71' title="bbox 1045 1197 1788 1240; baseline -0.003 -9"><span class='ocrx_word' id='word_1_345' title='bbox 1045 1199 1189 1232; x_wconf 88' lang='lat' dir='ltr'>notitiam</span> <span class='ocrx_word' id='word_1_346' title='bbox 1216 1198 1330 1231; x_wconf 88' lang='lat' dir='ltr'>deduci</span> <span class='ocrx_word' id='word_1_347' title='bbox 1358 1200 1479 1240; x_wconf 87' lang='lat' dir='ltr'>possint</span> <span class='ocrx_word' id='word_1_348' title='bbox 1497 1197 1528 1230; x_wconf 90' lang='lat' dir='ltr'>in</span> <span class='ocrx_word' id='word_1_349' title='bbox 1546 1207 1641 1230; x_wconf 90' lang='lat' dir='ltr'>causa</span> <span class='ocrx_word' id='word_1_350' title='bbox 1658 1197 1788 1236; x_wconf 85' lang='lat' dir='ltr'>suerint,</span> 
     </span>
     <span class='ocr_line' id='line_1_72' title="bbox 1047 1249 1790 1294; baseline -0.001 -10"><span class='ocrx_word' id='word_1_351' title='bbox 1047 1252 1094 1284; x_wconf 89' lang='lat' dir='ltr'>vel</span> <span class='ocrx_word' id='word_1_352' title='bbox 1107 1251 1228 1294; x_wconf 89' lang='lat' dir='ltr'>aliquid</span> <span class='ocrx_word' id='word_1_353' title='bbox 1239 1257 1408 1294; x_wconf 88' lang='lat' dir='ltr'>propterea</span> <span class='ocrx_word' id='word_1_354' title='bbox 1420 1250 1562 1289; x_wconf 80' lang='lat' dir='ltr'>fecerint,</span> <span class='ocrx_word' id='word_1_355' title='bbox 1576 1249 1624 1282; x_wconf 87' lang='lat' dir='ltr'>vel</span> <span class='ocrx_word' id='word_1_356' title='bbox 1636 1249 1703 1282; x_wconf 86' lang='lat' dir='ltr'>fieri</span> <span class='ocrx_word' id='word_1_357' title='bbox 1712 1261 1790 1292; x_wconf 90' lang='lat' dir='ltr'>quo-</span> 
     </span>
     <span class='ocr_line' id='line_1_73' title="bbox 1047 1302 1788 1347; baseline -0.004 -10"><span class='ocrx_word' id='word_1_358' title='bbox 1047 1314 1110 1347; x_wconf 85' lang='lat' dir='ltr'>quo</span> <span class='ocrx_word' id='word_1_359' title='bbox 1136 1304 1232 1337; x_wconf 92' lang='lat' dir='ltr'>modo</span> <span class='ocrx_word' id='word_1_360' title='bbox 1257 1302 1494 1342; x_wconf 88' lang='lat' dir='ltr'>mandaverint,</span> <span class='ocrx_word' id='word_1_361' title='bbox 1515 1308 1610 1345; x_wconf 88' lang='lat' dir='ltr'>atque</span> <span class='ocrx_word' id='word_1_362' title='bbox 1635 1302 1788 1342; x_wconf 87' lang='lat' dir='ltr'>ecclesiis,</span> 
     </span>
     <span class='ocr_line' id='line_1_74' title="bbox 1047 1354 1791 1397; baseline -0.004 -8"><span class='ocrx_word' id='word_1_363' title='bbox 1047 1357 1261 1397; x_wconf 83' lang='lat' dir='ltr'>monasteriis,</span> <span class='ocrx_word' id='word_1_364' title='bbox 1271 1355 1496 1395; x_wconf 85' lang='lat' dir='ltr'>conventibus,</span> <span class='ocrx_word' id='word_1_365' title='bbox 1505 1361 1535 1388; x_wconf 86' lang='lat' dir='ltr'>et</span> <span class='ocrx_word' id='word_1_366' title='bbox 1549 1354 1617 1387; x_wconf 88' lang='lat' dir='ltr'>aliis</span> <span class='ocrx_word' id='word_1_367' title='bbox 1626 1354 1791 1397; x_wconf 81' lang='lat' dir='ltr'>quibusvis</span> 
     </span>
     <span class='ocr_line' id='line_1_75' title="bbox 1046 1407 1790 1453; baseline -0.005 -10"><span class='ocrx_word' id='word_1_368' title='bbox 1046 1410 1144 1450; x_wconf 85' lang='lat' dir='ltr'>locis,</span> <span class='ocrx_word' id='word_1_369' title='bbox 1171 1410 1203 1442; x_wconf 93' lang='lat' dir='ltr'>in</span> <span class='ocrx_word' id='word_1_370' title='bbox 1236 1410 1352 1453; x_wconf 89' lang='lat' dir='ltr'>quibus</span> <span class='ocrx_word' id='word_1_371' title='bbox 1384 1409 1481 1442; x_wconf 83' lang='lat' dir='ltr'>suerit</span> <span class='ocrx_word' id='word_1_372' title='bbox 1513 1407 1704 1451; x_wconf 78' lang='lat' dir='ltr'>denegatum</span> <span class='ocrx_word' id='word_1_373' title='bbox 1734 1419 1790 1451; x_wconf 87' lang='lat' dir='ltr'>per</span> 
     </span>
     <span class='ocr_line' id='line_1_76' title="bbox 1047 1463 1788 1506; baseline -0.004 -10"><span class='ocrx_word' id='word_1_374' title='bbox 1047 1464 1173 1496; x_wconf 88' lang='lat' dir='ltr'>illorum</span> <span class='ocrx_word' id='word_1_375' title='bbox 1191 1463 1365 1506; x_wconf 87' lang='lat' dir='ltr'>praesules,</span> <span class='ocrx_word' id='word_1_376' title='bbox 1386 1463 1544 1505; x_wconf 86' lang='lat' dir='ltr'>praelatos</span> <span class='ocrx_word' id='word_1_377' title='bbox 1569 1467 1600 1494; x_wconf 89' lang='lat' dir='ltr'>et</span> <span class='ocrx_word' id='word_1_378' title='bbox 1624 1471 1788 1504; x_wconf 82' lang='lat' dir='ltr'>personas,</span> 
     </span>
     <span class='ocr_line' id='line_1_77' title="bbox 1047 1513 1788 1559; baseline -0.004 -11"><span class='ocrx_word' id='word_1_379' title='bbox 1047 1516 1169 1549; x_wconf 84' lang='lat' dir='ltr'>litteras</span> <span class='ocrx_word' id='word_1_380' title='bbox 1193 1516 1277 1559; x_wconf 79' lang='lat' dir='ltr'>ipsas</span> <span class='ocrx_word' id='word_1_381' title='bbox 1301 1514 1470 1559; x_wconf 90' lang='lat' dir='ltr'>publicari,</span> <span class='ocrx_word' id='word_1_382' title='bbox 1488 1514 1597 1547; x_wconf 85' lang='lat' dir='ltr'>onmia</span> <span class='ocrx_word' id='word_1_383' title='bbox 1614 1513 1788 1557; x_wconf 74' lang='lat' dir='ltr'>privilegia,</span> 
     </span>
     <span class='ocr_line' id='line_1_78' title="bbox 1048 1566 1791 1611; baseline -0.005 -9"><span class='ocrx_word' id='word_1_384' title='bbox 1048 1569 1190 1609; x_wconf 87' lang='lat' dir='ltr'>indulta,</span> <span class='ocrx_word' id='word_1_385' title='bbox 1219 1569 1437 1602; x_wconf 85' lang='lat' dir='ltr'>immunitates</span> <span class='ocrx_word' id='word_1_386' title='bbox 1462 1574 1493 1600; x_wconf 89' lang='lat' dir='ltr'>et</span> <span class='ocrx_word' id='word_1_387' title='bbox 1517 1568 1636 1611; x_wconf 79' lang='lat' dir='ltr'>gratias</span> <span class='ocrx_word' id='word_1_388' title='bbox 1668 1578 1684 1599; x_wconf 90' lang='lat' dir='ltr'>a</span> <span class='ocrx_word' id='word_1_389' title='bbox 1711 1566 1791 1599; x_wconf 89' lang='lat' dir='ltr'>Sede</span> 
     </span>
     <span class='ocr_line' id='line_1_79' title="bbox 1049 1620 1792 1666; baseline -0.003 -13"><span class='ocrx_word' id='word_1_390' title='bbox 1049 1622 1210 1666; x_wconf 87' lang='lat' dir='ltr'>praedicta</span> <span class='ocrx_word' id='word_1_391' title='bbox 1234 1631 1401 1655; x_wconf 83' lang='lat' dir='ltr'>concessas</span> <span class='ocrx_word' id='word_1_392' title='bbox 1433 1621 1592 1657; x_wconf 77' lang='lat' dir='ltr'>tollimus,</span> <span class='ocrx_word' id='word_1_393' title='bbox 1620 1620 1792 1652; x_wconf 82' lang='lat' dir='ltr'>adimimus</span> 
     </span>
     <span class='ocr_line' id='line_1_80' title="bbox 1050 1672 1793 1716; baseline -0.005 -8"><span class='ocrx_word' id='word_1_394' title='bbox 1050 1681 1081 1708; x_wconf 86' lang='lat' dir='ltr'>et</span> <span class='ocrx_word' id='word_1_395' title='bbox 1113 1685 1320 1713; x_wconf 83' lang='lat' dir='ltr'>revocamus,</span> <span class='ocrx_word' id='word_1_396' title='bbox 1347 1674 1464 1716; x_wconf 88' lang='lat' dir='ltr'>illaque</span> <span class='ocrx_word' id='word_1_397' title='bbox 1494 1673 1617 1712; x_wconf 86' lang='lat' dir='ltr'>ablata,</span> <span class='ocrx_word' id='word_1_398' title='bbox 1645 1672 1793 1715; x_wconf 87' lang='lat' dir='ltr'>adempta</span> 
     </span>
     <span class='ocr_line' id='line_1_81' title="bbox 1050 1724 1793 1768; baseline -0.005 -8"><span class='ocrx_word' id='word_1_399' title='bbox 1050 1733 1080 1760; x_wconf 85' lang='lat' dir='ltr'>et</span> <span class='ocrx_word' id='word_1_400' title='bbox 1104 1732 1249 1761; x_wconf 84' lang='lat' dir='ltr'>revocata</span> <span class='ocrx_word' id='word_1_401' title='bbox 1275 1737 1343 1760; x_wconf 87' lang='lat' dir='ltr'>esse</span> <span class='ocrx_word' id='word_1_402' title='bbox 1368 1726 1540 1759; x_wconf 84' lang='lat' dir='ltr'>statuimus</span> <span class='ocrx_word' id='word_1_403' title='bbox 1566 1729 1661 1768; x_wconf 86' lang='lat' dir='ltr'>atque</span> <span class='ocrx_word' id='word_1_404' title='bbox 1678 1724 1793 1758; x_wconf 88' lang='lat' dir='ltr'>decer-</span> 
     </span>
     <span class='ocr_line' id='line_1_82' title="bbox 1049 1781 1165 1814; baseline -0.009 -1"><span class='ocrx_word' id='word_1_405' title='bbox 1049 1781 1165 1814; x_wconf 88' lang='lat' dir='ltr'>nimus.</span> 
     </span>
    </p>

    <p class='ocr_par' dir='ltr' id='par_1_9' title="bbox 1049 1830 1801 2664">
     <span class='ocr_line' id='line_1_83' title="bbox 1094 1830 1793 1877; baseline -0.004 -11"><span class='ocrx_word' id='word_1_406' title='bbox 1094 1833 1178 1877; x_wconf 56' lang='lat'><strong>3311.</strong></span> <span class='ocrx_word' id='word_1_407' title='bbox 1200 1833 1386 1872; x_wconf 87' lang='lat' dir='ltr'>Caeterum,</span> <span class='ocrx_word' id='word_1_408' title='bbox 1411 1842 1450 1865; x_wconf 92' lang='lat' dir='ltr'>ne</span> <span class='ocrx_word' id='word_1_409' title='bbox 1475 1833 1533 1865; x_wconf 87' lang='lat' dir='ltr'>hac</span> <span class='ocrx_word' id='word_1_410' title='bbox 1559 1832 1591 1864; x_wconf 93' lang='lat' dir='ltr'>in</span> <span class='ocrx_word' id='word_1_411' title='bbox 1615 1841 1649 1863; x_wconf 79' lang='lat' dir='ltr'>re</span> <span class='ocrx_word' id='word_1_412' title='bbox 1673 1830 1793 1873; x_wconf 87' lang='lat' dir='ltr'>aliquid</span> 
     </span>
     <span class='ocr_line' id='line_1_84' title="bbox 1050 1884 1794 1929; baseline -0.005 -10"><span class='ocrx_word' id='word_1_413' title='bbox 1050 1886 1136 1929; x_wconf 89' lang='lat' dir='ltr'>quod</span> <span class='ocrx_word' id='word_1_414' title='bbox 1154 1886 1192 1918; x_wconf 88' lang='lat' dir='ltr'>ad</span> <span class='ocrx_word' id='word_1_415' title='bbox 1209 1886 1331 1929; x_wconf 87' lang='lat' dir='ltr'>paterni</span> <span class='ocrx_word' id='word_1_416' title='bbox 1352 1884 1452 1918; x_wconf 92' lang='lat' dir='ltr'>nostri</span> <span class='ocrx_word' id='word_1_417' title='bbox 1470 1884 1566 1917; x_wconf 85' lang='lat' dir='ltr'>officii</span> <span class='ocrx_word' id='word_1_418' title='bbox 1584 1894 1700 1916; x_wconf 86' lang='lat' dir='ltr'>munus</span> <span class='ocrx_word' id='word_1_419' title='bbox 1716 1894 1794 1926; x_wconf 88' lang='lat' dir='ltr'>per—</span> 
     </span>
     <span class='ocr_line' id='line_1_85' title="bbox 1049 1935 1794 1981; baseline -0.004 -10"><span class='ocrx_word' id='word_1_420' title='bbox 1049 1939 1160 1978; x_wconf 84' lang='lat' dir='ltr'>tineat,</span> <span class='ocrx_word' id='word_1_421' title='bbox 1180 1937 1483 1981; x_wconf 81' lang='lat' dir='ltr'>praetermittamus,</span> <span class='ocrx_word' id='word_1_422' title='bbox 1511 1941 1566 1970; x_wconf 81' lang='lat' dir='ltr'>aut</span> <span class='ocrx_word' id='word_1_423' title='bbox 1590 1947 1606 1969; x_wconf 89' lang='lat' dir='ltr'>a</span> <span class='ocrx_word' id='word_1_424' title='bbox 1631 1936 1723 1969; x_wconf 88' lang='lat' dir='ltr'>nobis</span> <span class='ocrx_word' id='word_1_425' title='bbox 1741 1935 1794 1968; x_wconf 87' lang='lat' dir='ltr'>de-</span> 
     </span>
     <span class='ocr_line' id='line_1_86' title="bbox 1050 1989 1791 2034; baseline -0.005 -10"><span class='ocrx_word' id='word_1_426' title='bbox 1050 1992 1182 2024; x_wconf 81' lang='lat' dir='ltr'>siderari</span> <span class='ocrx_word' id='word_1_427' title='bbox 1200 1992 1306 2034; x_wconf 84' lang='lat' dir='ltr'>aliquo</span> <span class='ocrx_word' id='word_1_428' title='bbox 1320 1996 1413 2034; x_wconf 89' lang='lat' dir='ltr'>pacto</span> <span class='ocrx_word' id='word_1_429' title='bbox 1431 1991 1607 2033; x_wconf 80' lang='lat' dir='ltr'>patiamur,</span> <span class='ocrx_word' id='word_1_430' title='bbox 1626 1989 1791 2028; x_wconf 85' lang='lat' dir='ltr'>volumus,</span> 
     </span>
     <span class='ocr_line' id='line_1_87' title="bbox 1051 2043 1791 2088; baseline -0.007 -11"><span class='ocrx_word' id='word_1_431' title='bbox 1051 2056 1086 2077; x_wconf 84' lang='lat' dir='ltr'>ac</span> <span class='ocrx_word' id='word_1_432' title='bbox 1116 2044 1373 2088; x_wconf 84' lang='lat' dir='ltr'>supradictarum</span> <span class='ocrx_word' id='word_1_433' title='bbox 1404 2043 1585 2081; x_wconf 79' lang='lat' dir='ltr'>civitatum,</span> <span class='ocrx_word' id='word_1_434' title='bbox 1614 2048 1791 2079; x_wconf 76' lang='lat' dir='ltr'>terrarum,</span> 
     </span>
     <span class='ocr_line' id='line_1_88' title="bbox 1052 2093 1796 2141; baseline -0.008 -10"><span class='ocrx_word' id='word_1_435' title='bbox 1052 2099 1256 2141; x_wconf 90' lang='lat' dir='ltr'>oppidorum,</span> <span class='ocrx_word' id='word_1_436' title='bbox 1289 2102 1480 2135; x_wconf 86' lang='lat' dir='ltr'>castrorum,</span> <span class='ocrx_word' id='word_1_437' title='bbox 1508 2100 1539 2128; x_wconf 85' lang='lat' dir='ltr'>ct</span> <span class='ocrx_word' id='word_1_438' title='bbox 1561 2096 1705 2128; x_wconf 88' lang='lat' dir='ltr'>locorum</span> <span class='ocrx_word' id='word_1_439' title='bbox 1730 2093 1796 2137; x_wconf 89' lang='lat' dir='ltr'>epi-</span> 
     </span>
     <span class='ocr_line' id='line_1_89' title="bbox 1051 2147 1795 2193; baseline -0.004 -11"><span class='ocrx_word' id='word_1_440' title='bbox 1051 2150 1172 2193; x_wconf 76' lang='lat' dir='ltr'>scopis,</span> <span class='ocrx_word' id='word_1_441' title='bbox 1200 2149 1335 2192; x_wconf 85' lang='lat' dir='ltr'>aliisque</span> <span class='ocrx_word' id='word_1_442' title='bbox 1366 2147 1554 2185; x_wconf 74' lang='lat' dir='ltr'>ordinariis,</span> <span class='ocrx_word' id='word_1_443' title='bbox 1585 2157 1710 2180; x_wconf 86' lang='lat' dir='ltr'>necnon</span> <span class='ocrx_word' id='word_1_444' title='bbox 1741 2157 1795 2189; x_wconf 89' lang='lat' dir='ltr'>pa-</span> 
     </span>
     <span class='ocr_line' id='line_1_90' title="bbox 1052 2199 1798 2243; baseline -0.007 -7"><span class='ocrx_word' id='word_1_445' title='bbox 1052 2203 1175 2243; x_wconf 86' lang='lat' dir='ltr'>rochis,</span> <span class='ocrx_word' id='word_1_446' title='bbox 1203 2201 1401 2242; x_wconf 87' lang='lat' dir='ltr'>rectoribus,</span> <span class='ocrx_word' id='word_1_447' title='bbox 1429 2206 1460 2233; x_wconf 85' lang='lat' dir='ltr'>et</span> <span class='ocrx_word' id='word_1_448' title='bbox 1491 2200 1560 2233; x_wconf 87' lang='lat' dir='ltr'>aliis</span> <span class='ocrx_word' id='word_1_449' title='bbox 1593 2210 1702 2233; x_wconf 89' lang='lat' dir='ltr'>curam</span> <span class='ocrx_word' id='word_1_450' title='bbox 1730 2199 1798 2231; x_wconf 89' lang='lat' dir='ltr'>ani-</span> 
     </span>
     <span class='ocr_line' id='line_1_91' title="bbox 1053 2251 1797 2292; baseline -0.005 -5"><span class='ocrx_word' id='word_1_451' title='bbox 1053 2266 1178 2288; x_wconf 88' lang='lat' dir='ltr'>marum</span> <span class='ocrx_word' id='word_1_452' title='bbox 1195 2254 1397 2292; x_wconf 85' lang='lat' dir='ltr'>habentibus,</span> <span class='ocrx_word' id='word_1_453' title='bbox 1417 2264 1452 2285; x_wconf 88' lang='lat' dir='ltr'>ac</span> <span class='ocrx_word' id='word_1_454' title='bbox 1477 2252 1564 2286; x_wconf 84' lang='lat' dir='ltr'>verbi</span> <span class='ocrx_word' id='word_1_455' title='bbox 1589 2252 1643 2285; x_wconf 84' lang='lat' dir='ltr'>Dei</span> <span class='ocrx_word' id='word_1_456' title='bbox 1668 2251 1797 2284; x_wconf 89' lang='lat' dir='ltr'>concio-</span> 
     </span>
     <span class='ocr_line' id='line_1_92' title="bbox 1053 2305 1798 2350; baseline -0.007 -9"><span class='ocrx_word' id='word_1_457' title='bbox 1053 2307 1232 2346; x_wconf 83' lang='lat' dir='ltr'>natoribus,</span> <span class='ocrx_word' id='word_1_458' title='bbox 1258 2306 1425 2350; x_wconf 78' lang='lat' dir='ltr'>religiosis,</span> <span class='ocrx_word' id='word_1_459' title='bbox 1453 2305 1609 2347; x_wconf 81' lang='lat' dir='ltr'>theologis</span> <span class='ocrx_word' id='word_1_460' title='bbox 1627 2311 1657 2338; x_wconf 90' lang='lat' dir='ltr'>et</span> <span class='ocrx_word' id='word_1_461' title='bbox 1675 2305 1798 2337; x_wconf 83' lang='lat' dir='ltr'>conses-</span> 
     </span>
     <span class='ocr_line' id='line_1_93' title="bbox 1053 2356 1795 2402; baseline -0.007 -9"><span class='ocrx_word' id='word_1_462' title='bbox 1053 2360 1190 2398; x_wconf 79' lang='lat' dir='ltr'>soribus,</span> <span class='ocrx_word' id='word_1_463' title='bbox 1209 2359 1409 2402; x_wconf 85' lang='lat' dir='ltr'>caeterisque</span> <span class='ocrx_word' id='word_1_464' title='bbox 1430 2358 1575 2401; x_wconf 82' lang='lat' dir='ltr'>personis</span> <span class='ocrx_word' id='word_1_465' title='bbox 1593 2356 1690 2390; x_wconf 88' lang='lat' dir='ltr'>totius</span> <span class='ocrx_word' id='word_1_466' title='bbox 1708 2356 1795 2393; x_wconf 83' lang='lat' dir='ltr'>cleri,</span> 
     </span>
     <span class='ocr_line' id='line_1_94' title="bbox 1055 2408 1797 2453; baseline -0.007 -9"><span class='ocrx_word' id='word_1_467' title='bbox 1055 2418 1117 2445; x_wconf 90' lang='lat' dir='ltr'>tam</span> <span class='ocrx_word' id='word_1_468' title='bbox 1143 2410 1328 2451; x_wconf 87' lang='lat' dir='ltr'>saecularis,</span> <span class='ocrx_word' id='word_1_469' title='bbox 1348 2420 1444 2453; x_wconf 84' lang='lat' dir='ltr'>quam</span> <span class='ocrx_word' id='word_1_470' title='bbox 1471 2409 1610 2442; x_wconf 83' lang='lat' dir='ltr'>cuiusvis</span> <span class='ocrx_word' id='word_1_471' title='bbox 1627 2408 1749 2442; x_wconf 84' lang='lat' dir='ltr'>ordinis</span> <span class='ocrx_word' id='word_1_472' title='bbox 1766 2413 1797 2440; x_wconf 91' lang='lat' dir='ltr'>et</span> 
     </span>
     <span class='ocr_line' id='line_1_95' title="bbox 1054 2461 1799 2506; baseline -0.005 -9"><span class='ocrx_word' id='word_1_473' title='bbox 1054 2464 1189 2497; x_wconf 90' lang='lat' dir='ltr'>instituti</span> <span class='ocrx_word' id='word_1_474' title='bbox 1215 2463 1387 2506; x_wconf 81' lang='lat' dir='ltr'>regularis,</span> <span class='ocrx_word' id='word_1_475' title='bbox 1415 2473 1497 2506; x_wconf 83' lang='lat' dir='ltr'>quos</span> <span class='ocrx_word' id='word_1_476' title='bbox 1529 2462 1632 2494; x_wconf 86' lang='lat' dir='ltr'>zelum</span> <span class='ocrx_word' id='word_1_477' title='bbox 1666 2461 1741 2501; x_wconf 85' lang='lat' dir='ltr'>Dei,</span> <span class='ocrx_word' id='word_1_478' title='bbox 1768 2467 1799 2494; x_wconf 89' lang='lat' dir='ltr'>et.</span> 
     </span>
     <span class='ocr_line' id='line_1_96' title="bbox 1055 2514 1799 2553; baseline -0.005 -3"><span class='ocrx_word' id='word_1_479' title='bbox 1055 2517 1166 2550; x_wconf 87' lang='lat' dir='ltr'>salutis</span> <span class='ocrx_word' id='word_1_480' title='bbox 1195 2517 1374 2548; x_wconf 86' lang='lat' dir='ltr'>animarum</span> <span class='ocrx_word' id='word_1_481' title='bbox 1407 2516 1526 2548; x_wconf 86' lang='lat' dir='ltr'>babere</span> <span class='ocrx_word' id='word_1_482' title='bbox 1551 2515 1655 2553; x_wconf 87' lang='lat' dir='ltr'>decet,</span> <span class='ocrx_word' id='word_1_483' title='bbox 1681 2514 1713 2546; x_wconf 90' lang='lat' dir='ltr'>in</span> <span class='ocrx_word' id='word_1_484' title='bbox 1737 2514 1799 2547; x_wconf 85' lang='lat' dir='ltr'>vir-</span> 
     </span>
     <span class='ocr_line' id='line_1_97' title="bbox 1056 2567 1801 2610; baseline -0.007 -7"><span class='ocrx_word' id='word_1_485' title='bbox 1056 2577 1122 2604; x_wconf 87' lang='lat' dir='ltr'>tute</span> <span class='ocrx_word' id='word_1_486' title='bbox 1147 2574 1273 2602; x_wconf 90' lang='lat' dir='ltr'>sanctae</span> <span class='ocrx_word' id='word_1_487' title='bbox 1298 2567 1497 2601; x_wconf 87' lang='lat' dir='ltr'>obedientiae</span> <span class='ocrx_word' id='word_1_488' title='bbox 1530 2567 1745 2610; x_wconf 83' lang='lat' dir='ltr'>iniungimus,</span> <span class='ocrx_word' id='word_1_489' title='bbox 1766 2570 1801 2599; x_wconf 85' lang='lat' dir='ltr'>ut</span> 
     </span>
     <span class='ocr_line' id='line_1_98' title="bbox 1055 2619 1799 2664; baseline -0.004 -8"><span class='ocrx_word' id='word_1_490' title='bbox 1055 2622 1225 2656; x_wconf 86' lang='lat' dir='ltr'>duodecim</span> <span class='ocrx_word' id='word_1_491' title='bbox 1250 2621 1372 2655; x_wconf 87' lang='lat' dir='ltr'>dierum</span> <span class='ocrx_word' id='word_1_492' title='bbox 1405 2625 1435 2654; x_wconf 85' lang='lat' dir='ltr'>ct</span> <span class='ocrx_word' id='word_1_493' title='bbox 1462 2620 1596 2654; x_wconf 84' lang='lat' dir='ltr'>aliorum</span> <span class='ocrx_word' id='word_1_494' title='bbox 1622 2619 1799 2664; x_wconf 88' lang='lat' dir='ltr'>praedicto-</span> 
     </span>
    </p>
   </div>
   <div class='ocr_carea' id='block_1_8' title="bbox 1797 249 1982 276">
    <p class='ocr_par' dir='ltr' id='par_1_10' title="bbox 1797 249 1982 276">
     <span class='ocr_line' id='line_1_99' title="bbox 1797 249 1982 276; baseline 0 0"><span class='ocrx_word' id='word_1_495' title='bbox 1797 250 1848 276; x_wconf 82' lang='lat' dir='ltr'>An.</span> <span class='ocrx_word' id='word_1_496' title='bbox 1863 249 1892 276; x_wconf 92' lang='lat' dir='ltr'>C.</span> <span class='ocrx_word' id='word_1_497' title='bbox 1914 249 1982 276; x_wconf 79' lang='lat'>1597</span> 
     </span>
    </p>
   </div>
   <div class='ocr_carea' id='block_1_9' title="bbox 1023 352 1801 399">
    <p class='ocr_par' dir='ltr' id='par_1_11' title="bbox 1023 352 1801 399">
     <span class='ocr_line' id='line_1_100' title="bbox 1023 352 1801 399; baseline -0.009 -9"><span class='ocrx_word' id='word_1_498' title='bbox 1023 357 1080 390; x_wconf 51' lang='lat' dir='ltr'>¹tis</span> <span class='ocrx_word' id='word_1_499' title='bbox 1110 356 1279 399; x_wconf 87' lang='lat' dir='ltr'>praedictis</span> <span class='ocrx_word' id='word_1_500' title='bbox 1304 356 1334 387; x_wconf 88' lang='lat' dir='ltr'>in</span> <span class='ocrx_word' id='word_1_501' title='bbox 1361 354 1510 386; x_wconf 85' lang='lat' dir='ltr'>omnibus</span> <span class='ocrx_word' id='word_1_502' title='bbox 1535 352 1801 399; x_wconf 44' lang='lat' dir='ltr'>obtemperaveft</span> 
     </span>
    </p>
   </div>
   <div class='ocr_carea' id='block_1_10' title="bbox 1799 626 1985 752">
    <p class='ocr_par' dir='ltr' id='par_1_12' title="bbox 1799 626 1985 752">
     <span class='ocr_line' id='line_1_101' title="bbox 1839 626 1985 646; baseline -0.007 0"><span class='ocrx_word' id='word_1_503' title='bbox 1839 626 1985 646; x_wconf 67' lang='lat' dir='ltr'>Excnimnuni-</span> 
     </span>
     <span class='ocr_line' id='line_1_102' title="bbox 1799 655 1984 678; baseline -0.005 -6"><span class='ocrx_word' id='word_1_504' title='bbox 1799 655 1874 672; x_wconf 82' lang='lat' dir='ltr'>cantur</span> <span class='ocrx_word' id='word_1_505' title='bbox 1921 658 1984 678; x_wconf 78' lang='lat' dir='ltr'>nupc-</span> 
     </span>
     <span class='ocr_line' id='line_1_103' title="bbox 1799 679 1984 703; baseline -0.005 -4"><span class='ocrx_word' id='word_1_506' title='bbox 1799 679 1881 699; x_wconf 72' lang='lat' dir='ltr'>dieutcs</span> <span class='ocrx_word' id='word_1_507' title='bbox 1890 679 1984 703; x_wconf 79' lang='lat' dir='ltr'>publica-</span> 
     </span>
     <span class='ocr_line' id='line_1_104' title="bbox 1799 705 1985 730; baseline -0.005 -5"><span class='ocrx_word' id='word_1_508' title='bbox 1799 705 1877 725; x_wconf 70' lang='lat' dir='ltr'>tionem</span> <span class='ocrx_word' id='word_1_509' title='bbox 1887 711 1985 730; x_wconf 76' lang='lat' dir='ltr'>praesen-</span> 
     </span>
     <span class='ocr_line' id='line_1_105' title="bbox 1800 732 1857 752; baseline 0.018 -1"><span class='ocrx_word' id='word_1_510' title='bbox 1800 732 1857 752; x_wconf 89' lang='lat' dir='ltr'>tium.</span> 
     </span>
    </p>
   </div>
   <div class='ocr_carea' id='block_1_11' title="bbox 1808 1834 1995 1992">
    <p class='ocr_par' dir='ltr' id='par_1_13' title="bbox 1808 1834 1995 1992">
     <span class='ocr_line' id='line_1_106' title="bbox 1870 1834 1993 1855; baseline -0.016 0"><span class='ocrx_word' id='word_1_511' title='bbox 1870 1835 1945 1855; x_wconf 71' lang='lat' dir='ltr'>Preces</span> <span class='ocrx_word' id='word_1_512' title='bbox 1966 1834 1993 1854; x_wconf 70' lang='lat' dir='ltr'>:ul</span> 
     </span>
     <span class='ocr_line' id='line_1_107' title="bbox 1808 1862 1993 1886; baseline -0.011 -4"><span class='ocrx_word' id='word_1_513' title='bbox 1808 1862 1875 1882; x_wconf 76' lang='lat' dir='ltr'>Deum</span> <span class='ocrx_word' id='word_1_514' title='bbox 1886 1862 1993 1886; x_wconf 58' lang='lat' dir='ltr'>pcwrigen-</span> 
     </span>
     <span class='ocr_line' id='line_1_108' title="bbox 1809 1888 1993 1911; baseline -0.016 -3"><span class='ocrx_word' id='word_1_515' title='bbox 1809 1888 1862 1911; x_wconf 82' lang='lat' dir='ltr'>dae,</span> <span class='ocrx_word' id='word_1_516' title='bbox 1884 1894 1910 1907; x_wconf 76' lang='lat' dir='ltr'>ne</span> <span class='ocrx_word' id='word_1_517' title='bbox 1939 1889 1993 1907; x_wconf 74' lang='lat' dir='ltr'>sinat</span> 
     </span>
     <span class='ocr_line' id='line_1_109' title="bbox 1809 1914 1994 1940; baseline -0.011 -6"><span class='ocrx_word' id='word_1_518' title='bbox 1809 1919 1936 1940; x_wconf 75' lang='lat' dir='ltr'>quemquam</span> <span class='ocrx_word' id='word_1_519' title='bbox 1974 1914 1994 1933; x_wconf 89' lang='lat' dir='ltr'>in</span> 
     </span>
     <span class='ocr_line' id='line_1_110' title="bbox 1808 1940 1995 1965; baseline -0.011 -5"><span class='ocrx_word' id='word_1_520' title='bbox 1808 1940 1846 1960; x_wconf 84' lang='lat' dir='ltr'>has</span> <span class='ocrx_word' id='word_1_521' title='bbox 1874 1940 1995 1965; x_wconf 70' lang='lat' dir='ltr'>spirituales</span> 
     </span>
     <span class='ocr_line' id='line_1_111' title="bbox 1808 1966 1995 1992; baseline -0.016 -5"><span class='ocrx_word' id='word_1_522' title='bbox 1808 1966 1995 1992; x_wconf 75' lang='lat' dir='ltr'>poenasincidere.</span> 
     </span>
    </p>
   </div>
  </div>
 </body>
</html>
