2253 3195
45 218 93 246 An.
108 216 138 244 C.
159 215 227 244 1600

59 1553 167 1576 confirmat
179 1554 223 1576 Cle·

42 1587 105 1603 mmm.

847 214 993 238 CLEMENS

241 263 288 298 dis
309 264 439 297 obviare
467 264 610 308 cupiens,
638 263 731 296 nobis
751 273 808 307 per
829 263 980 296 dilectum

239 317 342 350 silium
364 317 554 350 Damianum
583 317 654 356 Vaz,
677 317 825 349 militaris
855 316 982 349 Ordinis

241 371 280 404 de
309 370 380 403 Avis
411 370 602 414 professum,
627 370 771 403 eiusdem
805 369 982 402 catholicae

240 423 415 456 maiestatis
430 423 644 466 capellanum,
661 434 697 455 ac
714 433 772 466 pro
787 422 905 455 eisdem
921 422 981 454 011-

241 476 317 509 litiis
337 482 582 520 procuratorem
604 476 635 508 in
649 477 793 509 Romana
812 476 981 509 (3111111011-

242 535 389 569 stentem,
421 536 484 562 tam
516 540 591 570 suo,
616 540 712 573 quam
741 529 979 573 praedictorum

241 593 433 626 magnorum
466 583 631 627 priorum,
659 582 862 625 aliorumque
888 582 978 625 prio-

239 646 323 676 rum,
341 636 548 676 vicariorum,
570 641 744 675 rectorum,
768 635 981 679 portionario-

240 700 323 727 rum,
353 689 607 732 capellanorum,
623 688 890 721 beneficiatorum
911 699 980 721 cae-

241 749 449 786 terorumque
472 743 663 775 cleiicorum
688 742 719 774 in
743 742 835 775 dictis
860 742 980 774 militiis

237 797 365 830 Domini
387 797 487 829 nostri
508 797 578 830 Iesu
599 796 725 832 Christi,
749 796 855 829 Sancti
874 796 978 828 lacobi

240 850 279 883 de
309 850 429 893 spatha
454 856 484 883 et
516 850 623 883 Sancti
649 849 810 882 Benedicti
845 850 884 881 de
909 849 981 882 Avis

237 903 457 947 professorum
473 903 604 936 nomine
620 903 822 946 supplicavit,
839 908 875 935 ut
889 903 980 935 dictis

238 957 500 1001 quaestionibus,
532 957 642 989 litibus
666 963 697 989 et
731 957 890 989 scandalis
916 957 976 990 ob-

239 1011 369 1051 viantes,
391 1011 570 1054 praedictas
581 1021 733 1054 personas
746 1010 830 1043 circa
844 1011 978 1043 testandi

237 1065 287 1098 ius
301 1070 331 1097 et
350 1065 482 1097 modum
504 1070 533 1097 et
552 1064 754 1097 conditiones
773 1064 812 1096 ad
831 1070 980 1097 011111510-

237 1124 316 1158 tum,
331 1118 362 1150 in
373 1129 436 1161 quo
450 1124 552 1157 erant,
570 1118 701 1161 quando
716 1118 881 1161 praedicta
896 1118 941 1151 Pii
957 1119 978 1150 V

235 1172 434 1205 revocatoria
461 1172 646 1204 constitutio
672 1172 853 1211 emanavit,
878 1172 976 1204 redu-

237 1236 330 1266 cere,
359 1225 546 1269 dictumque
567 1225 638 1257 111111
666 1225 798 1258 secundi
818 1225 976 1258 indultum

235 1288 267 1312 et
286 1279 469 1321 generalem
492 1279 675 1311 facultatem
691 1279 827 1311 testandi
847 1279 906 1311 sub
920 1279 997 1312 eis-¹

237 1333 309 1366 dem
329 1332 570 1366 conditionibus
590 1332 783 1376 approbare,
808 1337 977 1376 etaposto-

236 1385 296 1419 lica
317 1386 506 1419 auctoritate
536 1385 741 1426 confirmare,
766 1386 804 1419 de
831 1386 978 1428 benigni-

237 1445 302 1473 tate
323 1440 499 1484 apostolica
520 1440 738 1482 dignaremur.

282 1494 297 1537 g
317 1493 347 1526 5.
372 1494 434 1526 Nos
455 1493 553 1535 igitur
570 1493 698 1526 attentis
713 1493 908 1537 praemissis,
931 1494 978 1526 di-

238 1552 362 1580 ctarum
390 1547 577 1580 militiarum
598 1547 727 1579 utilitati
749 1552 780 1579 et
804 1553 978 1588 augmento

238 1601 416 1640 consulere,
441 1605 472 1632 et
492 1600 591 1643 ipsius
610 1600 761 1633 catholici
793 1600 876 1642 regis
900 1601 979 1634 votis

237 1664 391 1693 annuere,
416 1660 572 1697 quantum
596 1664 667 1686 cum
700 1653 835 1686 Domino
861 1664 975 1697 possu—

237 1718 319 1747 mus,
344 1706 520 1750 cupientes,
542 1712 572 1739 et
593 1707 739 1750 exemplo
761 1706 832 1750 piae
847 1717 976 1739 memo-
995 1743 996 1747 Ἰ

237 1761 304 1794 riae
324 1760 469 1803 Gregorii
490 1760 555 1793 Xlll
583 1760 839 1803 praedecessoris
863 1761 975 1800 nostri,
995 1749 996 1762 ¹

237 1814 304 1858 (qui
317 1825 374 1858 per
393 1824 466 1847 suas
486 1814 607 1846 litteras
627 1813 659 1846 in
674 1814 777 1846 forma
791 1814 907 1854 brevis,
920 1815 977 1847 sub

237 1868 345 1901 datum
361 1868 480 1901 Romae
492 1867 543 1900 die
557 1873 644 1900 sexta
665 1867 808 1900 octobris
822 1878 974 1907 itianxvi,

236 1921 443 1965 pontificatus
469 1921 517 1953 sui
550 1931 634 1953 anno
668 1927 806 1964 quarto,
841 1921 978 1954 instante

237 1975 341 2008 clarae
367 1974 543 2007 memoriae
570 1974 719 2018 Philippo
751 1974 976 2018 Hispaniarum

237 2039 313 2071 rege
333 2028 697 2071 secundo,praedictam
719 2028 764 2061 Pii
779 2028 882 2072 quinti
904 2040 978 2062 con-

236 2082 435 2115 stitutionem
462 2082 645 2121 moderans,
669 2093 822 2126 personas
848 2082 977 2116 militia-

237 2147 308 2169 rum
330 2136 523 2174 Calatravae,
552 2136 740 2168 Alcantarae
761 2141 792 2168 et
808 2136 914 2169 Sancti
933 2137 979 2169 la-

237 2189 309 2223 00111
330 2190 370 2222 de
387 2189 507 2233 Spatba
524 2199 698 2231 regnorum
720 2189 872 2222 Castellae
894 2190 978 2223 circa

237 2243 415 2283 facultates,
440 2243 553 2276 modos
573 2248 604 2275 et
624 2242 825 2275 conditiones
843 2243 976 2276 testandi

238 2296 379 2329 restituit
411 2301 442 2328 et
476 2295 601 2328 reduxit
625 2295 664 2328 ad
690 2301 829 2333 statum,
858 2294 889 2327 in
915 2306 978 2339 quo

240 2355 343 2388 erant,
366 2355 539 2392 antequam
561 2348 724 2392 praedicta
745 2348 790 2381 Pii
811 2348 834 2380 V
855 2348 975 2380 consti-

238 2402 319 2435 tutio
337 2403 530 2444 emanasset)
554 2401 699 2441 adducti,
729 2412 801 2434 cum
827 2412 975 2444 praescr--

240 2455 317 2494 tim,
343 2461 379 2487 ut
413 2455 534 2498 pariter
565 2454 769 2498 accepimus,
797 2454 979 2497 praedictae

239 2508 371 2542 militiae
393 2509 618 2550 Portugalliae,
643 2508 728 2541 iuxta
749 2508 891 2541 diversas
916 2507 996 2542 Ilo-³

239 2572 410 2595 manorum
440 2562 631 2595 Pontificum
653 2561 886 2601 concessiones,
911 2573 979 2595 om-

239 2616 334 2650 nibus
364 2616 539 2661 privilegiis
574 2616 696 2650 militiis
724 2617 876 2650 Castellae
896 2627 975 2650 con-

1013 214 1070 238 1111
1091 214 1141 238 ΡΡ.

1017 262 1112 295 cessis
1133 268 1163 295 et
1184 260 1399 295 concedendis
1424 260 1640 304 perfruantur,
1665 269 1756 302 prae-

1018 317 1117 349 dictas
1149 316 1280 349 militias
1304 325 1480 357 regnorum
1518 312 1753 354 Portugalliae‚

1018 370 1165 402 videlicet
1177 369 1303 403 Domini
1322 368 1422 402 nostri
1443 369 1512 401 Iesu
1532 366 1659 406 Christi,
1677 366 1756 399 San-

1017 425 1057 456 cti
1084 423 1188 456 Iacobi
1214 424 1252 456 de
1277 422 1395 466 Spatba
1413 427 1443 455 et
1462 421 1569 455 Sancti
1593 419 1756 454 Benedicti

1017 478 1054 510 de
1075 477 1157 516 Avis,
1176 487 1352 520 earumque
1373 486 1507 517 magnos
1527 480 1558 508 et
1571 474 1650 507 alios
1670 474 1758 518 prio-

1017 541 1077 569 res,
1101 530 1247 569 vicarios,
1272 529 1466 573 capellanos,
1496 533 1650 567 rectores,
1681 537 1758 571 por-

1017 583 1180 622 tionarios,
1193 583 1438 616 beneficiatoset
1448 582 1527 615 alios
1536 591 1757 625 quoscumque

1016 636 1149 669 clericos
1169 637 1200 668 in
1222 636 1314 669 dictis
1335 635 1456 668 militiis
1477 635 1648 679 professos,
1669 634 1758 667 simi—

1017 690 1099 723 libus
1117 689 1277 722 savoribus
1295 695 1325 722 et
1345 688 1456 731 gratiis
1474 688 1626 731 prosequi
1647 688 1757 720 volen-

1017 750 1071 783 103,
1089 749 1120 776 et
1133 743 1309 786 ‹piemliliet
1327 753 1437 775 eorum
1452 742 1617 785 quibusvis
1631 752 1758 775 excom-

1017 795 1253 835 municationis,
1274 795 1493 838 suspensionis
1518 800 1549 827 et
1580 794 1754 834 interdicti,

1015 850 1149 893 aliisque
1170 849 1393 882 ecclesiasticis
1414 848 1591 888 sententiis,
1613 848 1757 881 censuris

1015 909 1045 936 et
1069 903 1181 947 poenis
1201 914 1219 935 a
1246 903 1325 940 iure,
1349 902 1397 934 vel
1421 902 1460 934 ab
1490 901 1621 934 homine
1646 901 1757 945 quavis

1014 957 1182 989 occasione
1198 956 1244 989 vel
1267 966 1361 988 causa
1388 955 1470 993 latis,
1492 955 1516 988 si
1539 954 1657 998 quibus
1677 964 1758 998 quo·

1014 1010 1193 1043 modolibet
1214 1009 1385 1042 innodatus
1410 1008 1526 1048 existit,
1553 1009 1592 1041 ad
1607 1008 1756 1041 effectum

1015 1063 1232 1108 praesentium
1265 1063 1430 1095 dumtaxat
1461 1062 1726 1105 consequendum
1747 1089 1754 1103 ,

1016 1118 1129 1150 barum
1165 1116 1246 1149 serie
1282 1116 1482 1149 absolventes
1514 1121 1545 1148 et
1574 1115 1756 1148 absolutum

1017 1172 1084 1204 sore
1104 1176 1287 1209 censentes,
1311 1180 1437 1203 necnon
1463 1169 1621 1202 dictarum
1643 1169 1712 1202 Iulii
1727 1175 1758 1203 et

1017 1224 1061 1257 Pii
1090 1224 1376 1268 praedecessorum
1405 1222 1583 1255 litterarum
1616 1228 1753 1263 tenores,

1016 1277 1238 1321 praesentibus
1252 1287 1310 1320 pro
1321 1275 1478 1320 expressis
1491 1276 1657 1314 babentes,
1674 1275 1758 1309 eius-

1014 1332 1087 1364 dem
1109 1330 1248 1374 I'hilippi
1273 1329 1357 1371 regis
1389 1329 1679 1373 supplicationibus
1702 1329 1753 1362 in-

1014 1385 1135 1423 clinati,
1160 1396 1196 1418 ex
1218 1390 1291 1417 voto
1313 1384 1407 1417 etiam
1438 1383 1668 1416 venerabilium
1693 1384 1756 1416 sra-

1016 1445 1097 1472 trum
1109 1437 1615 1472 nostrorumCamillisanctorum
1630 1437 1757 1470 Ioannis

1014 1499 1042 1525 et
1061 1492 1149 1525 Pauli
1170 1491 1348 1533 Burgliesii,
1370 1490 1532 1523 Laurentii
1552 1490 1658 1524 Sancti
1670 1490 1754 1523 Lau-

1016 1547 1109 1579 rentii
1130 1547 1161 1579 in
1190 1547 1274 1579 Pane
1299 1551 1329 1578 et
1361 1546 1465 1578 Perna
1496 1544 1673 1578 Blanchetti
1696 1571 1702 1584 ,
1727 1550 1757 1578 et

1015 1600 1157 1644 Pompeii
1178 1600 1313 1633 Sanctae
1332 1599 1484 1632 Balbinae
1499 1599 1664 1631 titulorum
1684 1609 1757 1641 pre-

1014 1655 1215 1698 sbyterorum
1261 1652 1426 1694 Arrieonii
1471 1658 1729 1695 nuncupatorum
1746 1679 1753 1692 ,

1013 1708 1146 1741 Sanctae
1161 1708 1324 1740 Romanae
1345 1706 1505 1739 Ecclesiae
1527 1705 1753 1746 cardinalium,

1014 1762 1131 1805 quibus
1158 1761 1220 1793 1100
1247 1760 1414 1802 negotium
1442 1759 1691 1792 examinandum
1727 1765 1757 1792 et

1014 1816 1106 1849 nobis
1119 1814 1323 1848 referendum
1339 1813 1571 1851 commisimus,
1596 1812 1754 1846 indultum

1014 1869 1082 1902 111111
1103 1867 1235 1901 secundi
1267 1866 1438 1911 praedictis
1465 1866 1644 1910 prioribus,
1669 1866 1754 1899 vica-

1015 1923 1079 1961 riis,
1108 1921 1293 1965 capellanis,
1325 1920 1514 1959 rectoribus,
1548 1920 1756 1964 portionariis

1013 1983 1043 2009 et
1062 1975 1273 2014 beneficiatis,
1298 1985 1334 2006 ac
1355 1974 1479 2007 clericis
1500 1973 1657 2006 dictarum
1674 1974 1756 2006 mili-

1015 2031 1129 2063 tiarum
1151 2039 1352 2068 concessum,
1376 2034 1410 2060 ut
1431 2027 1598 2071 proprium
1622 2027 1751 2067 babere,

1013 2090 1041 2116 et
1060 2084 1098 2116 de
1119 2083 1212 2116 bonis
1232 2082 1297 2115 suis
1318 2081 1493 2114 mobilibus
1513 2086 1543 2113 et
1574 2080 1752 2113 immobili-

1015 2138 1072 2170 bus
1092 2147 1128 2169 ac
1148 2135 1397 2174 semoventibus,
1411 2134 1495 2167 licite
1517 2139 1624 2167 tamen
1644 2133 1754 2178 acqui-

1013 2191 1091 2228 sitis,
1115 2190 1215 2223 libere
1237 2188 1343 2222 testari
1365 2193 1395 2221 et
1416 2188 1588 2231 disponere
1613 2187 1755 2221 valerent

1013 2246 1100 2287 (cum
1122 2245 1235 2277 eadem
1256 2249 1362 2276 tamen
1384 2242 1579 2281 conditione,
1603 2241 1690 2284 quod
1715 2242 1755 2275 de

1015 2298 1192 2331 redditibus
1223 2297 1424 2340 prioratuum
1447 2323 1453 2335 ,
1489 2295 1722 2328 beneficiorum
1744 2322 1750 2334 ‚

1013 2350 1320 2394 praeceptoriarum,
1337 2349 1522 2392 portionum
1544 2359 1599 2381 seu
1614 2348 1751 2391 praesti-

1015 2404 1198 2437 moniorum
1221 2414 1238 2436 a
1259 2403 1351 2436 dietis
1373 2402 1495 2435 militiis
1518 2402 1750 2442 emanantium,

1014 2457 1152 2490 mediam
1174 2462 1324 2489 annatam
1351 2456 1534 2488 reddituum
1563 2456 1658 2488 unius
1678 2455 1754 2488 anni

1015 2511 1044 2543 in
1056 2512 1195 2543 savorem
1214 2510 1407 2542 fabricarum
1424 2515 1652 2549 conventuum,
1669 2509 1754 2542 unde

1014 2569 1241 2608 provenerunt,
1266 2563 1474 2607 persolvant),
1491 2563 1643 2596 adversus
1663 2573 1755 2606 prae-

1013 2617 1131 2651 dictam
1167 2617 1213 2650 Pii
1246 2616 1268 2650 V
1307 2616 1569 2650 constitutionem
1600 2615 1753 2650 similium

1662 199 1726 233 605
1773 209 1823 235 An.
1841 210 1870 237 c.
1888 209 1956 237 1600
