2253 3195
2 270 49 298 Αη.
65 268 92 295 (ἶ.
114 267 177 294 ¹601

29 387 126 413 losoplms
145 385 181 406 01·-

4 414 74 437 tandm
82 419 118 434 sua
126 412 181 433 bona

5 441 67 463 donat
81 445 118 465 pro
133 439 182 459 dote

4 466 183 489 nummum-amca-

5 493 141 516 nonin-aluum.

40 755 149 778 Praedicta
164 761 186 776 o-

8 785 61 805 mnia
79 782 187 803 confirmat

8 811 105 833 Clemens.

808 264 954 287 Ctetctttixs
975 263 1031 285 Vlll
1054 263 1103 285 ΓΡ.

241 315 256 358 g
276 313 306 346 Ξ).
331 314 365 347 Et
384 314 462 346 sicut
487 313 681 356 accepimus,
700 311 836 345 dilectus
858 311 943 343 tilius

197 368 349 412 Iosephus
377 368 534 401 Orlandus
564 367 664 399 laicus
693 366 790 399 Castri
819 365 939 400 Plebis„

198 421 306 453 omnia
327 432 383 453 sua
404 421 488 454 hona
505 421 534 452 in
557 420 665 452 ‹lotem
686 419 823 451 aliorum
847 428 940 450 cano-

198 473 362 507 nicatuum
378 480 407 506 et
422 474 625 517 pr1u=l1emlae
652 472 682 504 in
705 472 789 504 ‹lit-ta
811 471 944 503 ecclesia

198 527 295 560 Castri
318 527 421 559 Plebis
442 527 688 568 eligendorum,
714 531 783 568 post
808 524 875 557 cius
898 530 943 556 ta-

201 591 274 613 men
292 580 427 618 obitum,
449 585 606 624 perpetuo
621 576 902 612 ‹lotutreintenilat
915 584 944 610 et

201 645 236 667 ex
258 645 342 667 nnnc
362 634 471 666 donat.

246 686 261 730 ξ
281 686 311 719 G.
335 687 398 719 Nos
420 686 519 730 ipsius
541 685 693 718 ecclesiae
722 685 820 718 Castri
842 684 945 717 l'lebis

200 750 357 784 prospero
375 739 469 772 statui
483 745 512 772 ct
529 739 648 772 salubri
671 738 851 775 directioni,
868 738 944 770 divi-

202 793 298 837 nique
320 793 434 833 cultus,
445 803 480 825 ac
494 792 726 826 beneficiorum
738 797 768 824 et
784 791 945 824 ministro-

202 857 273 879 rum
294 845 585 881 ecclesiastieorum
609 846 639 878 in
666 857 702 878 ea
724 845 943 884 incremento,

203 910 328 933 necnon
362 899 534 932 iuventutis
563 898 699 932 civitatis
730 904 761 931 et
792 898 946 931 dioecesis

202 954 301 987 Castri
323 953 427 987 Plebis
448 953 633 986 huiusmodi
660 953 690 985 in
716 953 845 996 pietate,
868 952 943 984 reli-

203 1006 297 1049 gione
319 1013 349 1039 et
375 1006 598 1039 ecelesiasticis
623 1005 800 1050 disciplinis
829 1005 946 1038 instru-

204 1060 300 1093 ctioni
327 1066 355 1093 et
374 1059 533 1104 profectui
556 1059 735 1097 consulere,
759 1059 902 1102 aliasque
916 1058 947 1090 in

202 1113 387 1157 praemissis
401 1118 582 1157 opportune
602 1112 772 1156 providere
794 1112 946 1151 volentes,

204 1176 330 1199 necnon
361 1166 539 1199 litterarum
573 1171 599 1198 et
631 1175 801 1208 processus
832 1164 946 1197 huius-

205 1219 305 1260 modi,
329 1230 365 1253 ac
384 1230 667 1263 quarumcumque
688 1219 824 1252 aliarum
851 1218 947 1250 unio-

205 1283 295 1314 num,
316 1272 544 1313 annexionum,
566 1272 878 1316 incorporafionum,
896 1282 951 1315 ap-

206 1326 416 1370 plicationum
451 1332 481 1358 et
513 1325 813 1369 approl‘n'iationum
847 1324 951 1358 dictae

207 1390 338 1413 mensae
356 1379 535 1423 capitulari,
553 1385 581 1412 et
603 1379 764 1421 erigendis
784 1378 953 1422 parochia-

207 1433 292 1466 libus
313 1432 455 1467 ecclesiis
475 1432 697 1476 infrascriptis,
719 1432 874 1465 hactenus
889 1433 952 1465 l'or-

165 1517 167 1520 ,
208 1497 264 1519 san
286 1486 443 1519 saetarum
468 1491 605 1526 tenores,
630 1495 756 1518 necnon
778 1485 953 1517 confrater-

209 1539 345 1573 nitatum
377 1550 622 1583 suppressarum
660 1546 690 1572 et
725 1539 954 1581 erigendarum

210 1593 464 1637 parochialium,
489 1604 525 1626 ae
556 1593 724 1636 hospitalis
753 1598 783 1626 et
814 1592 955 1636 capellae

210 1647 395 1680 huiusmodi
414 1647 575 1680 fructuum
598 1652 628 1679 et
645 1646 843 1679 decimarum
866 1656 956 1678 veros

211 1710 335 1733 annuos
356 1700 479 1733 valores
500 1699 724 1743 praesentibus
745 1710 803 1742 pro
829 1710 958 1742 expres-

211 1753 253 1786 sis
276 1753 451 1794 habentes,
476 1758 564 1786 motu
593 1753 813 1796 proprio,non
834 1753 874 1785 ad
895 1752 954 1785 ali-

213 1807 303 1840 cuius
324 1807 417 1840 nohis
438 1818 534 1851 super
554 1807 614 1840 hoc
636 1807 763 1840 oblatae
794 1806 958 1850 petitionis

215 1861 410 1901 instantiam,
434 1861 488 1894 sed
511 1872 546 1894 ex
565 1866 651 1893 certa
669 1860 802 1893 scientia
824 1866 955 1900 nostra,

215 1921 244 1948 et
264 1916 302 1949 de
324 1916 468 1949 eiusdem
489 1915 655 1959 potestatis
676 1914 889 1959 plenitudine,
913 1914 959 1947 di—

214 1969 368 2002 visionem
385 1975 415 2002 et
430 1969 682 2009 distinctionem,
699 1968 956 2012 reparhhoncm,

215 2023 477 2066 assignationem,
494 2023 767 2067 suppressionem,
792 2022 960 2056 extinctio-

215 2088 289 2110 nem
304 2077 407 2111 etalia
429 2089 445 2110 a
467 2077 552 2111 dicto
567 2078 717 2110 Anselmo
738 2077 961 2110 commissario

216 2136 245 2163 et
266 2130 428 2163 visitatore
450 2130 480 2163 in
501 2130 685 2174 praemissis
707 2136 735 2163 et
757 2130 842 2163 circa
863 2141 900 2163 ea
919 2130 958 2162 sa-

216 2189 265 2216 cta
285 2184 414 2217 decreta
428 2189 455 2216 et
475 2184 634 2224 ordinata,
656 2194 729 2217 curn
751 2183 825 2216 inde.
845 2194 961 2226 sequu-

219 2236 256 2269 tis
276 2237 547 2281 (ptibuscumquc,
566 2237 743 2281 apostolica
757 2236 959 2275 auctoritate,

219 2297 329 2324 tenore
350 2291 581 2334 praesentium,
597 2291 817 2334 approbamus
838 2296 867 2323 et
888 2300 964 2322 con-

219 2344 397 2385 firmamus,
421 2356 457 2378 ac
477 2350 546 2377 rata
570 2351 600 2377 et
626 2349 715 2385 grata
737 2344 905 2383 habemus,
930 2353 964 2375 o-

219 2408 374 2441 mnesque
388 2397 573 2440 etsinguhits
592 2403 654 2430 tam
677 2397 754 2429 iuris
775 2407 870 2440 quam
892 2396 963 2428 sat-ti

219 2462 255 2483 ac
275 2451 535 2491 solemnitatum,
564 2451 660 2484 etiam
686 2449 961 2489 substantialium,

220 2505 373 2545 desectus,
397 2505 420 2538 si
443 2505 495 2549 qui
526 2504 752 2537 intervenerint
778 2504 808 2536 in
830 2503 962 2541 eisdem,

980 310 1057 343 tioni
1084 315 1110 342 et
1142 308 1347 350 assignationi
1376 318 1433 351 per
1463 306 1580 339 [lictum
1614 306 1724 339 Ansel-

980 375 1066 396 mum
1100 363 1358 396 commissarium
1393 368 1421 394 et
1450 361 1666 399 visitatorem,
1690 366 1725 392 ut

979 417 1168 459 praefertur,
1194 415 1285 448 sactis
1306 414 1449 458 (etiamsi
1474 415 1613 453 fria-tus,
1639 413 1724 445 retli-

980 475 1044 507 tus,
1070 475 1242 513 proventus
1274 475 1303 501 et
1334 469 1417 501 bona
1449 467 1577 499 cuilibet
1602 478 1636 499 ex
1659 466 1725 510 epi-

979 522 1099 565 scopis,
1127 528 1155 555 et
1181 533 1292 555 earum
1320 521 1438 554 mensis
1468 520 1639 564 praedictis
1670 511 1741 552 ref

979 576 1116 619 spectire
1145 575 1303 617 assignata
1332 575 1371 607 ad
1404 575 1543 607 valorem
1577 584 1721 605 annuum

981 629 1066 661 mille
1088 635 1251 662 scutorum
1278 640 1342 661 non
1373 629 1570 669 ascendant)
1592 626 1726 660 omnino

980 688 1063 715 stare
1084 688 1113 715 et
1135 682 1352 725 acquiescere,
1376 692 1411 713 ac
1434 679 1599 717 fructibus,
1618 679 1724 711 rediti-

981 736 1050 773 bus,
1074 735 1303 779 provcntihus,
1326 740 1354 767 et
1377 733 1470 767 honis
1490 744 1548 777 per
1577 732 1726 765 eumdem

981 789 1168 821 Anselmum
1199 787 1457 821 commissarium
1480 793 1508 819 ct
1532 786 1726 819 xisitatorem

981 842 1023 874 sic
1038 842 1216 884 assignatis
1228 840 1414 879 Clusineusi,
1426 840 1572 873 videlicet
1585 839 1632 879 iis,
1646 849 1727 882 quae

982 895 1013 928 in
1032 895 1176 928 dominio
1190 894 1322 927 Senensi
1341 899 1371 927 et
1393 893 1467 926 alibi
1489 898 1577 926 extra
1597 893 1667 925 loca
1682 892 1729 924 di-

984 949 1060 981 tioni
1087 954 1215 981 nostrae
1243 947 1411 991 temporali
1441 946 1604 983 subiecta2
1628 945 1728 979 Castri

984 1002 1087 1035 Plebis
1104 1012 1179 1034 vero
1194 1001 1352 1045 episcopis
1366 1000 1539 1044 praedictis
1553 999 1625 1039 illis,
1647 1009 1730 1042 quae

984 1055 1015 1087 in
1044 1055 1218 1098 praedictis
1249 1055 1376 1087 civitate
1405 1061 1436 1087 et
1464 1053 1601 1086 dioecesi
1629 1051 1729 1085 Castri

984 1109 1088 1141 Plebis
1110 1116 1138 1142 et
1157 1109 1226 1142 aliis
1246 1108 1325 1141 loeIs
1348 1107 1516 1151 temporali
1539 1106 1651 1139 ditioni
1673 1115 1729 1137 no-

984 1168 1069 1194 strae
1089 1162 1241 1195 subiectis
1262 1161 1450 1199 consistunt,
1475 1165 1642 1193 contentos
1664 1168 1730 1191 esse

986 1215 1114 1255 dehere,
1136 1226 1194 1247 nec
1215 1214 1388 1258 quicquam
1408 1214 1492 1246 ultra
1513 1213 1566 1245 illa
1583 1223 1618 1245 ex
1639 1223 1732 1255 prae-

988 1274 1073 1301 textu
1095 1268 1344 1311 incompetentis
1366 1267 1466 1307 dotis,
1487 1267 1551 1300 sive
1577 1266 1731 1310 cuiusque

987 1332 1116 1355 mensae
1146 1321 1338 1365 episcopalis
1367 1321 1603 1364 praetendere,
1628 1330 1733 1362 neque

987 1387 1019 1409 se
1038 1376 1174 1408 invicem
1190 1376 1339 1418 desuper,
1357 1380 1468 1407 contra
1489 1373 1665 1413 divisionis,
1686 1384 1734 1405 re-

989 1429 1169 1473 partitionis
1183 1435 1212 1462 et
1228 1426 1647 1470 assignationishuiusmodi
1659 1436 1735 1459 con-

990 1479 1155 1516 tinentiam
1167 1489 1197 1515 et
1208 1488 1364 1521 tenorem,
1374 1481 1557 1521 molestare,
1568 1486 1622 1513 aut
1635 1490 1735 1513 unum

990 1547 1102 1570 eorum
1126 1536 1278 1569 adversus
1299 1535 1435 1568 alterum
1459 1544 1553 1576 agere
1574 1533 1619 1566 vel
1642 1543 1736 1577 expe-

990 1590 1045 1623 riri
1066 1600 1160 1634 posse
1182 1588 1386 1622 decernimus
1408 1594 1438 1620 et
1458 1587 1679 1626 declaramus,
1707 1592 1739 1619 et

991 1643 1202 1676 nihilominus
1212 1642 1332 1675 eisdem
1346 1641 1506 1681 divisioni,
1518 1639 1734 1684 repartitioni,

992 1695 1191 1729 distinctioni
1216 1701 1247 1728 et
1275 1694 1483 1737 assignationi
1511 1694 1735 1732 inhaerentes,

994 1749 1235 1782 removentibus
1270 1748 1374 1781 dietae
1405 1758 1534 1781 mensae
1565 1745 1740 1790 episcopali

993 1803 1169 1836 Clusinensi
1183 1802 1256 1843 illis,
1270 1813 1352 1845 quae
1364 1801 1396 1834 in
1411 1801 1555 1834 dominio
1566 1799 1697 1833 Senensi
1711 1805 1737 1831 et

994 1856 1080 1895 alibi,
1099 1862 1187 1889 extra
1200 1856 1271 1888 loca
1286 1854 1399 1888 ditioni
1418 1859 1546 1887 nostrae
1566 1852 1736 1896 temporali

994 1910 1148 1947 subiecta,
1173 1909 1412 1949 consistebant,
1439 1907 1563 1951 reliqua
1581 1906 1688 1939 omnia
1711 1911 1741 1937 et

995 1964 1122 2005 singula
1142 1963 1227 1995 illius
1248 1963 1382 2003 fructus,
1411 1961 1544 2001 reditus,
1567 1965 1741 2004 proventus

996 2025 1025 2051 et
1046 2018 1132 2051 bona
1151 2017 1180 2050 in
1203 2016 1377 2061 praedictis
1398 2015 1524 2049 civitate
1551 2020 1578 2047 et
1601 2013 1741 2047 dioecesi

995 2072 1095 2105 Castri
1108 2071 1225 2111 Plebis,
1242 2082 1277 2103 ae
1296 2069 1365 2103 aliis
1383 2069 1461 2102 locis
1480 2068 1593 2101 ditioni
1615 2072 1744 2100 nostrae

998 2125 1167 2170 temporali
1181 2123 1333 2158 subiectis
1345 2121 1562 2161 consistentia,
1580 2121 1618 2154 ab
1632 2121 1744 2153 eadem

998 2190 1107 2213 mensa
1129 2177 1303 2222 episcopali
1324 2175 1501 2209 Clusiuensi
1522 2176 1561 2208 de
1580 2185 1674 2212 novo,
1690 2185 1745 2207 au-

998 2233 1145 2266 ctoritate
1178 2237 1207 2264 et
1237 2238 1348 2264 tenore
1376 2229 1560 2273 praedictis,
1584 2233 1742 2271 perpetuo

997 2297 1186 2330 separamus
1206 2290 1236 2318 ct
1255 2283 1538 2320 dismembramus,
1563 2282 1682 2325 illaque
1701 2281 1746 2314 sie

998 2345 1145 2384 separata
1164 2344 1191 2372 et
1211 2338 1442 2371 dismembrata
1455 2336 1639 2380 praedictae
1655 2346 1746 2368 men-

999 2405 1051 2427 sae
1073 2392 1247 2437 episcopali
1273 2391 1370 2425 Castri
1398 2390 1520 2430 Plebis,
1545 2390 1664 2423 eisdem
1688 2400 1745 2422 au-

1000 2448 1146 2480 ctoritate
1168 2452 1195 2479 et
1220 2452 1341 2484 tenore,
1359 2444 1454 2477 etiam
1474 2449 1630 2487 perpetuo
1645 2442 1747 2486 appli-

1001 2512 1110 2533 camus
1132 2506 1162 2533 et
1186 2498 1448 2543 appropriamns.

1623 247 1686 280 7453
1732 257 1781 283 An.
1806 257 1831 283 c.
1853 257 1918 284 1001

221 2559 427 2602 supplemus,
459 2569 495 2591 ac
524 2564 586 2591 tam
621 2557 838 2591 tllusincnsem
870 2566 964 2600 quam
1047 2555 1062 2596 ἓ
1089 2554 1118 2586 7.
1151 2554 1284 2596 Insuper
1317 2551 1347 2583 in
1379 2551 1463 2583 dieta
1489 2549 1624 2583 ecelesia
1647 2548 1746 2582 Castri
1780 2567 1948 2597 mmmmm„

221 2611 319 2645 Castri
342 2611 446 2644 Plebis
467 2611 635 2655 episcopos
660 2621 718 2654 pro
741 2616 884 2654 tempore
906 2609 968 2642 exi·
1003 2607 1107 2640 Plebis
1122 2616 1220 2639 unum
1236 2604 1547 2639 archidiacomttum,
1561 2604 1700 2636 suturam
1716 2601 1747 2634 in
1764 2601 1800 2619 Μ’
1818 2597 1895 2619 ¹'¹‘³¹'¹⁵·

223 2670 358 2702 stentes.
388 2664 558 2705 divisioni,
584 2664 780 2698 distinctioni
799 2692 805 2701 ,
830 2663 967 2707 rcparti·
985 2685 987 2701 .
1004 2672 1039 2695 ea
1055 2661 1242 2703 dignitatem
1259 2659 1413 2692 maiorem
1430 2663 1498 2702 post
1515 2656 1749 2702 pontificalem,
