2253 3195
234 241 285 268 An.
305 239 333 268 c.
351 240 420 268 1602
466 231 530 265 866

249 1100 339 1125 Quando
353 1100 420 1121 teneri

251 1128 305 1148 ossit
332 1127 420 1152 Capitu-

243 1161 277 1176 um
291 1155 337 1175 sine
357 1155 420 1175 inter-

236 1184 300 1202 ventu
315 1180 419 1207 episcopi.

434 289 623 331 canonicos,
648 289 744 322 etiam
771 289 1009 333 antiquiorem,
1032 295 1176 333 praeter-

434 354 531 387 quam
560 343 591 375 in
623 342 928 385 congregationibus
959 342 1175 386 capitulorum

433 396 632 440 generalium
659 396 778 430 mensis
797 396 884 437 maii,
905 402 936 429 et
960 396 1177 441 capitulorum

434 450 672 484 ordinariorum
687 450 858 483 cuiuslibet
870 450 1095 484 hebdomadae
1107 461 1180 483 con·
1194 465 1197 492 g

433 504 674 547 gregandorum
693 510 818 537 tantum
840 504 871 536 in
898 504 1012 537 diebus
1031 504 1127 537 lunae
1148 510 1178 537 et

433 557 579 597 veneris;
613 567 696 601 quae
727 557 858 601 quidem
887 557 1175 600 congregationes,

434 611 564 645 absente
578 616 685 644 tamen
706 611 860 656 episcopo
880 612 920 644 ab
941 611 1009 645 eius
1030 612 1176 653 ecclesia,

433 675 556 709 suoque
576 665 697 699 vicario
717 666 883 710 praedicto
901 666 932 698 in
947 666 1040 699 dictis
1052 666 1176 707 diebus,

434 724 465 751 et
485 728 594 751 mense
615 718 702 759 maii,
726 729 762 752 ac
784 719 920 752 durante
943 714 1088 764 tempore
1105 730 1180 763 pro-

434 771 610 814 rogationis
642 771 804 806 dietorum
834 773 1051 816 capitulorum
1082 783 1179 816 gene-

435 824 552 857 ralium
573 825 724 866 ulterius,
748 837 851 870 usque
881 827 921 860 ad
941 826 1082 870 vigiliam
1110 826 1179 860 sesti
1197 841 1198 848 ¹

434 877 541 913 Sancti
561 879 667 912 lacobi
690 880 838 923 apostoli,
860 879 947 913 iuxta
972 880 1178 914 constitutio-

434 942 509 965 nem
534 932 743 976 capitularem
763 933 843 967 haec
863 934 1107 978 disponentem,
1130 945 1182 968 so-

435 986 501 1019 lum
533 997 592 1030 per
628 987 822 1021 canonicum
859 988 1075 1032 antiquiorem
1112 988 1200 1038 fieri}

434 1039 545 1084 possit.
570 1039 727 1084 Quodque
756 1041 811 1074 ubi
839 1047 869 1075 et
894 1042 1020 1086 quoties
1046 1043 1129 1075 foret
1149 1042 1181 1075 in

436 1094 576 1137 capitulo
599 1094 800 1128 tractandum
827 1095 866 1128 de
896 1095 1004 1140 aliquo
1026 1096 1182 1130 interesse

436 1157 492 1180 seu
516 1147 640 1192 privato
665 1149 839 1182 commodo
861 1149 1024 1193 episcopi,
1045 1149 1099 1183 vel
1114 1146 1187 1183 eius‘

435 1201 545 1234 vicarii
567 1202 808 1246 praedictorum
829 1213 865 1236 ac
883 1214 1028 1244 suorum,
1052 1203 1179 1247 capitu-

438 1255 504 1287 lum
527 1255 628 1289 teneri
654 1261 685 1289 et
713 1255 826 1290 haberi
847 1262 955 1300 posset
986 1256 1054 1290 sine
1084 1256 1200 1311 inter-1,

436 1315 530 1342 ventu
552 1309 694 1353 episcopi
715 1309 779 1342 sive
797 1309 865 1343 eius
883 1310 991 1343 vicarii
1012 1310 1179 1354 praedicti,
1198 1316 1201 1349 ζ

436 1362 608 1396 certiorato
634 1368 740 1396 tamen
772 1369 844 1397 ante
876 1363 1057 1406 ingressum
1089 1364 1178 1408 eapi-

437 1416 494 1449 tuli
515 1421 575 1460 pro
601 1416 709 1450 debito
729 1417 921 1450 urbanitatis
941 1417 1094 1462 episcopo
1115 1423 1183 1451 tan-

437 1475 517 1510 tum,
541 1469 694 1504 existente
720 1481 757 1503 eo
786 1470 817 1503 in
848 1470 1012 1514 praedicta
1033 1471 1178 1512 ecelesia,

437 1529 469 1556 et
498 1533 562 1556 non
592 1523 679 1556 alibi.
709 1523 814 1557 Finito
841 1530 948 1558 tamen
982 1535 1020 1558 eo
1051 1525 1201 1568 negotio:

437 1582 588 1620 tangente
619 1577 807 1622 episcopum
839 1588 894 1611 seu
926 1578 994 1612 eius
1026 1579 1181 1613 vicarium

438 1631 659 1674 praedictum,
682 1631 761 1664 nihil
783 1632 870 1665 aliud
896 1632 998 1676 possit
1027 1633 1179 1675 tractari,

439 1693 498 1717 nec
519 1684 668 1718 concludi
692 1685 721 1717 in
745 1685 908 1729 capitulo:
939 1686 1075 1720 ulterius
1096 1688 1183 1731 quod

439 1748 516 1771 cura
545 1739 740 1781 procurandi
767 1745 798 1772 et
828 1739 990 1773 indicendi
1019 1740 1182 1774 silentium

441 1791 470 1824 in
486 1791 596 1832 choro,
615 1792 690 1825 dum
706 1792 815 1826 divina
836 1793 1044 1828 celebrantur
1063 1794 1180 1836 officia,

441 1851 503 1879 tam
526 1851 622 1880 noctu
644 1857 740 1891 quam
766 1847 841 1887 diu,
866 1853 897 1880 et
917 1847 948 1881 in
970 1849 1185 1892 processioni-

440 1900 499 1933 bus
512 1900 665 1934 faciendis
683 1900 768 1935 intus
785 1907 817 1935 et
830 1908 918 1935 extra
930 1903 1098 1936 ecclesiam
1113 1914 1184 1948 spe·
1200 1893 1202 1904 ι

440 1959 542 1987 ctaret
563 1954 602 1987 ad
623 1961 886 1999 praecentorem,
911 1962 942 1989 ct
965 1967 1023 1990 suo
1045 1968 1119 1990 casu
1144 1958 1183 1991 ad

440 2013 663 2041 succentorem
695 2009 741 2041 vel
774 2009 813 2042 ad
845 2010 922 2043 alias
953 2021 1107 2054 personas
1127 2022 1185 2055 per

441 2061 627 2105 episcopum
659 2068 688 2095 ct
722 2063 897 2106 capitulum
931 2064 1113 2108 prandii-tos
1144 2066 1182 2098 ad

443 2114 473 2148 id
489 2115 655 2158 deputatas
667 2126 722 2149 seu
737 2116 955 2160 deputandas;
977 2128 1012 2151 ac
1025 2119 1110 2162 quod
1126 2129 1184 2162 po-

444 2174 538 2202 testas
563 2169 627 2202 sive
653 2169 832 2203 iurisdictio
858 2171 1002 2215 privandi
1031 2163 1203 2205 distritio-²

443 2222 584 2268 tionibus
605 2224 801 2267 quotidianis
822 2230 851 2258 ct
871 2225 910 2258 ab
933 2225 1076 2266 ingressu
1095 2227 1183 2260 ebori

444 2276 632 2319 dignitates,
661 2278 850 2318 canonicos,
875 2279 1093 2319 beneficiatos,
1123 2281 1185 2314 cle-

444 2330 527 2363 ricos
548 2338 575 2364 et
598 2331 812 2365 conductitios
827 2339 958 2377 propter
981 2334 1185 2378 interruptio-

443 2394 516 2417 nem
549 2385 665 2418 silentii
697 2386 882 2419 huiusmodi
915 2394 945 2420 et
977 2399 1122 2421 excessus
1155 2389 1184 2422 in

445 2437 544 2470 clioro
561 2443 591 2471 ct
613 2439 871 2482 processionibus
893 2440 1078 2474 huiusmodi
1101 2453 1186 2475 com-

447 2490 569 2529 missos,
593 2492 631 2525 ad
647 2499 888 2536 praecentorem
908 2501 949 2533 ct,
966 2506 1024 2528 suo
1039 2507 1126 2536 casu,
1147 2496 1185 2529 ad
1202 2481 1206 2515 ¹

446 2551 680 2586 succentorem,
701 2559 756 2581 seu
784 2549 823 2581 ad
853 2549 930 2582 alias
951 2561 1106 2593 personas
1131 2521 1206 2594 peri

447 2598 633 2642 episcopum
655 2607 684 2633 et
706 2602 880 2645 capitulum
903 2603 941 2636 ad
968 2603 999 2635 id
1021 2574 1206 2647 deputatasl

447 2661 501 2685 scu
528 2652 727 2697 deputandas
755 2655 959 2697 huiusmodi,
980 2663 1137 2702 spectaret
1159 2663 1186 2691 ct

1019 241 1203 266 BULLARIUM
1222 241 1376 266 ROMANUM

1210 289 1404 333 pertineret3
1428 300 1554 324 necnon
1578 291 1666 335 quod
1686 291 1718 324 in
1739 291 1951 335 inquirendis,

1212 342 1411 386 corrigendis
1444 348 1474 376 et
1505 343 1678 387 puniendis
1716 344 1896 378 excessibus
1926 351 1957 379 et

1212 397 1337 431 delictis
1356 398 1589 432 canonicorum
1601 399 1894 443 praebendatoruin
1909 399 1956 432 di-

1212 457 1281 485 ctae
1313 452 1490 494 ecclesiae,
1523 458 1589 486 tam
1621 452 1752 497 quando
1787 452 1957 497 episcopus

1213 504 1365 546 risitaret,
1386 516 1481 549 quam
1501 505 1627 550 quoties
1641 511 1729 539 extra
1742 505 1955 539 visitationem

1213 568 1248 591 ex
1270 558 1387 599 officio,
1411 559 1459 592 vel
1479 558 1519 593 ad
1533 559 1722 603 petitionem
1736 559 1882 600 alieuius,
1903 565 1958 593 aut

1213 613 1291 646 alias
1311 614 1392 646 soret
1409 613 1664 657 procedendum,
1688 618 1870 647 servaretur
1883 623 1959 647 con-

1214 666 1324 700 cordia
1338 667 1402 700 sive
1423 666 1582 700 sententia
1602 666 1703 699 felicis
1723 666 1959 700 recordationis

1213 719 1334 753 Nicolai
1355 720 1460 764 Papae
1481 720 1596 764 quinti,
1617 713 1874 764 praedecessoris
1894 730 1955 754 no-

1214 773 1289 814 stri,
1317 773 1375 806 sub
1405 773 1515 807 datum
1541 774 1663 807 Romae
1690 774 1776 817 apud
1805 773 1958 807 Sanctum

1215 827 1356 867 Petrum,
1392 837 1476 860 anno
1507 827 1739 861 lncarnationis
1773 827 1959 861 Dominicae

1216 880 1387 914 millesimo
1408 880 1729 925 quadringentesimo
1750 886 1874 921 octavo,
1893 880 1959 924 pri-

1216 934 1268 967 die
1288 944 1390 967 nonas
1402 934 1489 980 julii,
1510 933 1715 978 pontificatus
1735 934 1783 967 sui
1803 933 1957 975 secundo,

1216 995 1246 1022 et
1263 989 1322 1022 sub
1343 989 1454 1022 datum
1470 988 1614 1022 eiusdem
1631 988 1864 1022 lncarnationis
1875 998 1960 1021 anno

1217 1043 1390 1076 millesimo
1403 1042 1722 1086 quadringentesimo
1736 1052 1834 1083 nono,
1847 1041 1960 1086 quinto

1217 1108 1318 1131 nonas
1348 1097 1439 1138 maii,
1466 1097 1610 1131 eiusdem
1630 1096 1838 1141 pontificatus
1865 1095 1960 1130 tertio

1217 1151 1327 1192 annis3
1355 1162 1414 1195 per
1434 1162 1531 1195 quam
1555 1150 1685 1195 quidem
1711 1149 1904 1184 sententiam
1931 1154 1962 1182 et

1217 1205 1469 1238 declarationem
1500 1205 1562 1238 boc
1592 1204 1640 1237 ius
1670 1203 1865 1248 particulare
1899 1202 1958 1236 tri-

1215 1258 1338 1299 buitur,
1373 1258 1521 1291 videlicet
1554 1258 1641 1302 quod
1677 1257 1762 1291 circa
1794 1262 1960 1301 capturam

1217 1312 1448 1345 canonicorum
1469 1311 1765 1356 praebendatorum
1787 1310 1893 1344 dictae
1910 1320 1961 1344 ec-

1217 1366 1349 1402 etesiae,
1377 1372 1408 1399 et
1438 1376 1605 1410 processus
1635 1365 1818 1398 criminales
1840 1370 1961 1403 ‚contra

1218 1420 1303 1464 ipsos
1331 1430 1390 1464 per
1422 1419 1543 1453 dietum
1581 1418 1767 1466 episcopum
1806 1423 1866 1462 aut⁴
1881 1417 1960 1468 'eius

1199 1473 1370 1512 ,officiales
1404 1473 1567 1506 faciendos
1582 1500 1589 1513 ‚
1612 1478 1779 1506 serventur
1806 1471 1960 1506 constitu-

1218 1528 1320 1562 tiones
1339 1526 1518 1560 laudabiles
1539 1532 1670 1560 eatenus
1692 1526 1723 1559 in
1743 1525 1828 1559 dicta
1859 1525 1960 1560 eccle-

1217 1582 1263 1616 sia
1295 1581 1482 1616 observatae
1501 1592 1508 1620 ·‚
1543 1580 1586 1613 ita
1618 1586 1651 1613 ut
1683 1579 1714 1612 in
1750 1579 1800 1613 his
1837 1579 1960 1623 absque

1217 1635 1370 1668 adiuncto
1385 1634 1483 1679 ipsius
1500 1633 1655 1667 eeclesiae
1675 1632 1895 1677 praebendato
1909 1642 1960 1666 ca-

1218 1688 1335 1722 nonico
1356 1699 1372 1721 a
1394 1688 1479 1721 dicto
1501 1686 1642 1731 capitulo
1660 1687 1815 1731 deputato
1835 1686 1875 1720 de
1889 1696 1960 1720 eae-

1219 1747 1287 1775 tero
1308 1741 1441 1775 minime
1459 1741 1636 1785 procedere
1649 1740 1751 1773 valeat
1771 1746 1825 1773 aut
1842 1738 1958 1783 possit;

1219 1796 1280 1829 boc
1311 1801 1418 1829 tamen
1447 1794 1556 1828 addito
1571 1822 1578 1835 ‚
1603 1793 1701 1838 quodv
1718 1793 1888 1837 episcopus
1913 1792 1959 1826 vel

1219 1850 1286 1884 eius
1299 1850 1436 1884 vicarius
1456 1849 1614 1892 generalis
1627 1847 1812 1893 praedictus
1825 1847 1857 1880 in
1870 1856 1963 1891 prae-

1219 1905 1312 1939 dictis
1332 1904 1519 1949 procederet
1547 1913 1619 1936 cum
1649 1901 1736 1935 dicto
1756 1900 1962 1944 adiungendo

1219 1959 1375 1993 canonico
1393 1963 1465 1991 actu
1484 1957 1580 1990 etiam
1600 1955 1818 2001 praebendato
1839 1966 1858 2000 a
1877 1954 1964 1999 eapi-

1220 2013 1285 2046 tulo
1296 2010 1507 2056 deputato,de
1522 2010 1612 2043 cuius
1623 2009 1769 2043 canonici
1783 2008 1919 2043 consilio
1932 2014 1963 2042 et

1201 2097 1202 2102 ,
1218 2064 1615 2109 consensu,episcopusvel
1627 2063 1762 2098 vicarius
1770 2062 1964 2107 praedictus,

1201 2138 1203 2148 ι
1220 2126 1282 2153 tam
1297 2120 1327 2152 in
1339 2118 1509 2153 formando
1519 2128 1686 2162 processus
1695 2116 1880 2150 criminales
1888 2126 1961 2150 con-

1221 2181 1267 2208 tra
1287 2173 1427 2217 aliquem
1449 2183 1485 2205 ex
1506 2171 1600 2205 dictis
1625 2170 1807 2211 canonicis,
1831 2175 1860 2203 et
1879 2169 1964 2203 cirea

1201 2238 1331 2271 morum
1357 2232 1537 2270 capturam,
1561 2235 1658 2269 quam
1681 2223 1711 2256 in
1730 2222 1880 2257 omnibus
1893 2221 1964 2256 aliis

1219 2281 1343 2314 actibus
1362 2291 1462 2324 usque
1481 2279 1520 2312 ad
1542 2277 1732 2311 sententiam
1763 2276 1960 2310 definitivam

1220 2335 1266 2367 vel
1282 2334 1350 2367 eius
1365 2332 1612 2376 exequutionem
1633 2330 1784 2364 inclusive
1803 2334 1964 2362 teneretur

1220 2388 1394 2432 procedere
1404 2396 1511 2419 coram
1523 2384 1648 2418 notario
1657 2382 1799 2428 episcopi
1810 2388 1841 2416 et
1852 2382 1882 2415 in
1897 2382 1964 2416 cius

1220 2441 1409 2486 palatio‚aut
1428 2440 1523 2474 solito
1545 2438 1715 2491 tribunali2
1735 2436 1845 2471 addito
1865 2436 1962 2470 etiam

1220 2496 1306 2540 quod
1337 2495 1361 2528 si
1390 2493 1482 2527 nobis
1512 2494 1674 2537 placeret,
1709 2490 1964 2535 comprehende-

1222 2557 1332 2584 rentur
1350 2549 1530 2583 obtinentes
1544 2547 1715 2589 dignitates
1736 2546 1766 2579 in
1788 2546 1900 2579 eadem
1913 2554 1964 2578 ec-

1221 2603 1328 2641 clesia,
1351 2601 1421 2635 lieet
1450 2601 1480 2634 in
1502 2600 1665 2644 praedicta
1685 2598 1843 2632 sententia
1864 2597 1903 2631 de
1928 2596 1964 2630 il-

1223 2657 1258 2689 ti>-
1288 2656 1372 2690 uulla
1403 2656 1452 2688 liat
1483 2654 1612 2687 mentio.
1640 2654 1771 2698 lnsuper
1791 2651 1877 2695 quod
1904 2660 1963 2695 pro

1968 244 2021 272 An.
2037 245 2066 273 c.
2084 246 2139 273 m>

1997 360 2013 381 Α
2029 359 2107 386 quibus
2126 355 2165 382 ,τ’
2191 350 2209 366 ’ἵ
2249 357 2253 363 “

1971 392 2044 408 cessus
2068 392 2116 418 can·
2127 398 2129 406 ι

1971 418 2156 440 corumpumnn
2191 420 2204 443 ‚·

2204 447 2207 455 .
