2253 3195
862 228 955 252 INDEX
983 226 1178 250 annulatam

261 290 388 325 CXCIII.
412 290 580 335 Deputatio
602 290 800 323 visitatorum
828 290 867 322 ad
897 290 1000 322 refor-

350 344 468 377 manda
482 343 676 377 monasteria
696 350 726 377 et
745 344 815 376 loca
828 343 999 385 regularia,

352 403 415 430 tam
436 397 576 430 virorum
592 407 688 440 quain
712 396 897 435 mulierum,
913 396 943 428 in
958 395 1004 427 in-

352 451 422 483 sula
447 449 632 489 Sardiniae,
656 451 714 482 sul)
744 449 921 482 directione
948 459 1001 481 ar-

353 503 548 547 chiepiscopi
569 502 825 542 Calaritanensis,
849 501 923 534 463.

264 563 390 598 CXCIV.
402 564 581 597 Declaratio
596 575 693 607 super
706 563 922 596 controversia
936 568 1005 595 orta

353 617 436 650 inter
456 617 580 650 nobiles
600 617 683 650 viros
710 616 849 649 familiae
876 615 1002 649 Gliisle-

353 671 419 704 riae
440 681 536 714 super
566 670 633 703 iure
661 669 848 703 nominandi
870 670 909 701 acl
937 669 1005 701 alu—

355 729 482 756 mnatus
512 723 639 765 collegii
667 723 816 756 Gliislerii
850 733 866 755 a
903 722 957 754 Pio
985 722 1006 754 V

355 777 473 821 Papiae
495 776 604 815 erecti,
628 776 703 808 404.

266 830 380 864 CXCV.
401 832 443 864 De
468 831 613 863 luctuosa
638 830 768 874 Tyberis
798 829 1007 862 inundatione

357 884 388 916 in
409 884 505 924 Urbe,
529 889 559 916 et
579 883 647 916 eius
673 883 829 920 districtu,
854 882 1005 914 indictio-

355 947 460 981 neque
495 936 697 980 publicarum
737 935 1007 979 supplicationum

356 991 395 1023 ad
428 990 570 1023 divinam
601 989 854 1022 misericordiam
888 989 1007 1032 implo-

360 1043 508 1083 randam,
529 1042 604 1075 467.

268 1107 397 1141 CXCVI.
436 1107 527 1146 Quod
565 1106 713 1139 monachi
750 1105 1012 1147 Congregationis

357 1162 470 1194 Beatae
490 1160 607 1193 Mariae
626 1159 780 1192 Fuliensis
797 1159 1013 1191 Cisterciensis

357 1213 484 1248 Ordinis
505 1213 606 1246 sancti
628 1213 803 1252 Benedicfi,
831 1213 860 1244 in
883 1223 1011 1255 proces-

357 1267 501 1301 sionibus
534 1267 667 1310 aliisque
700 1266 823 1299 actibus
852 1266 1009 1309 publicis,

358 1320 507 1354 omnibus
533 1321 621 1352 fratr.
646 1319 899 1352 Mcndicantibus
920 1330 1013 1362 prae-

359 1375 484 1415 cedant,
508 1374 583 1407 471.

271 1436 415 1471 CXCVII.
450 1425 628 1470 Iubiliieum
662 1447 720 1480 pro
753 1435 1015 1469 cliristIIideliInis

361 1488 392 1521 in
419 1487 546 1530 regnis,
582 1487 774 1531 provinciis,
803 1486 955 1519 dominiis
986 1493 1013 1520 et

360 1541 439 1575 loeis
458 1541 607 1585 Philippo
625 1541 676 1581 III,
692 1541 917 1584 Hispaniarum
935 1541 1012 1583 regi,

360 1595 512 1628 subiectis
539 1595 578 1628 ad
606 1594 844 1638 implorandum
873 1594 1014 1627 divinum

361 1648 514 1681 auxilium
537 1658 595 1691 pro
622 1648 705 1680 iusto
731 1647 880 1691 felicique
909 1648 1012 1681 dieto-

361 1711 433 1734 rum
455 1700 676 1734 dominiorum
703 1700 870 1742 regimine,
893 1700 968 1733 4742.

274 1763 433 1798 CXCVHI.
455 1764 655 1796 Admonetur
672 1762 897 1806 Hispaniarum
914 1774 967 1796 rex
982 1769 1017 1796 ut

361 1817 481 1861 probos
502 1817 700 1860 idoneosque
721 1816 805 1849 viros
826 1816 865 1849 ad
887 1816 1013 1860 episco-

366 1877 458 1914 patus
485 1875 665 1913 proponat,
690 1869 820 1902 crebras
846 1869 1016 1913 episeopo-

363 1935 435 1958 rum
457 1923 682 1957 translationes
704 1934 768 1956 non
790 1928 887 1967 petat,
912 1929 942 1956 et
963 1935 1017 1956 eo-

363 1989 434 2011 rum
450 1987 548 2020 opera
562 1983 649 2010 extra
663 1977 852 2010 eorumdem
868 1977 1018 2010 ecclesias

364 2040 429 2063 non
450 2035 558 2063 utatur
573 2057 580 2070 ,
604 2029 712 2063 addita
740 2030 944 2063 revocatione
965 2042 1018 2063 cu-

366 2083 555 2127 iuscumque
587 2083 834 2126 dispensationis
864 2083 908 2116 eis
937 2094 1016 2116 con-

367 2147 475 2170 cessae
499 2146 564 2169 non
588 2136 763 2177 residendi,
787 2135 946 2176 emma.

279 2199 414 2233 CXCIX.
449 2199 572 2232 Civitati
603 2199 800 2232 Ferrariensi
833 2199 1021 2232 conceditur

367 2258 402 2286 ut
419 2253 505 2297 apud
524 2252 638 2286 Seclcm
667 2252 884 2296 Apostolicam
915 2258 1021 2286 orato-

367 2316 436 2339 rem
461 2306 580 2340 habere
607 2311 637 2340 et
657 2306 797 2340 retinere
827 2306 946 2350 possit,
971 2307 1021 2339 cui

368 2360 457 2394 locus
476 2360 508 2393 in
528 2361 651 2404 capella
671 2366 701 2394 et
721 2360 792 2393 aliis
813 2360 936 2394 actibus
957 2372 1019 2404 pu-

368 2413 459 2447 hlicis
487 2414 672 2458 pontificiis,
697 2415 736 2447 ad
758 2414 858 2447 instar
884 2414 1022 2447 aliorum

369 2473 545 2510 oratorum,
567 2467 765 2511 designatur,
789 2467 864 2501 48⁴1.

280 2530 338 2565 CC.
362 2530 599 2564 Consu-mantur
618 2536 736 2564 statuta
759 2529 1023 2573 Congregationis

368 2584 481 2618 Montis
500 2584 638 2628 Virginis
654 2584 782 2619 Ordinis
795 2584 825 2617 S.
847 2582 1019 2623 Benedicti,

369 2637 509 2682 antiquis
528 2637 703 2681 abrogatis,
723 2637 799 2671 482.

418 2699 497 2728 Bun.
512 2699 595 2728 Rom.
614 2700 674 2728 Vol.
691 2699 725 2727 X.
890 2697 942 2725 1¹9

1685 211 1748 245 945

1037 288 1109 322 CCI.
1121 288 1211 326 Quod
1225 285 1458 330 archiepiscopi
1473 291 1504 318 et
1517 284 1658 329 episcopi
1672 285 1777 317 oleum

1126 341 1276 374 Sanctum
1298 339 1380 373 tradi
1402 345 1515 372 curent.
1541 338 1693 371 fratribus
1717 336 1777 370 Or-

1127 395 1209 427 dinis
1230 395 1262 427 B.
1284 393 1398 426 Mariae
1420 394 1457 426 de
1487 393 1590 426 Monte
1611 391 1777 428 Carmelo‚

1128 459 1185 492 pro
1221 447 1433 480 ministranda
1462 452 1603 478 extrema
1630 444 1781 476 unctione

1128 502 1270 534 eiusdem
1292 500 1420 533 Ordinis
1441 498 1588 536 infirmis,
1612 496 1686 530 484.

1040 556 1125 589 CCII.
1147 555 1293 588 Facultas
1312 554 1463 597 episcopo
1484 550 1684 585 Gebennensi
1706 560 1782 593 sup-

1130 607 1291 652 primendi
1311 607 1465 640 unionem
1488 606 1602 638 factam
1625 615 1642 636 a
1661 604 1782 645 Grego-

1131 662 1176 694 rio
1204 661 1269 693 xlll
1300 660 1517 703 quorunnlam
1550 657 1782 691 beneficiorum
1817 686 1820 687 γ

1130 715 1262 747 militiae
1293 714 1338 746 Ss.
1375 712 1511 746 Mauritii
1544 717 1572 744 et
1606 711 1725 749 Lazari,
1749 720 1782 743 ac

1129 767 1272 810 erigendi
1294 777 1391 799 novas
1413 765 1583 809 parochias
1611 765 1642 796 in
1670 763 1784 796 ballia—

1130 822 1189 863 gns
1210 821 1248 853 de
1276 820 1408 853 Term‘er
1433 825 1460 851 et
1485 818 1650 858 Clzablais,
1674 816 1749 849 485.

1043 883 1145 918 CCIII.
1181 883 1307 916 Erectio
1347 883 1473 919 domus,
1499 881 1784 922 Albergamentuni

1133 942 1347 980 nuncupatae,
1360 934 1504 968 omnium
1526 933 1732 966 scientiarum
1751 943 1786 964 ae

1133 990 1250 1023 artium
1272 989 1303 1021 in
1325 988 1445 1032 oppido
1466 986 1638 1025 Thunonii‚
1662 985 1787 1019 Ceben-

1133 1043 1240 1076 nensis
1260 1041 1427 1080 dioecesis,
1448 1051 1520 1073 cum
1542 1039 1785 1083 privilegiorum

1134 1103 1164 1130 et
1185 1095 1459 1138 indulgentiarum
1478 1093 1695 1133 concessione,
1709 1091 1784 1125 488.

1046 1159 1145 1193 CCIV.
1166 1159 1247 1192 Unio
1268 1158 1430 1202 prioratus
1451 1168 1487 1189 ac
1515 1156 1710 1200 parochialis
1736 1166 1788 1188 ec-

1136 1212 1250 1245 clesiae
1272 1212 1311 1244 dc
1329 1210 1525 1250 Fenovittet,
1542 1209 1668 1243 Ordinis
1688 1209 1787 1241 sancti

1136 1264 1316 1304 Benedicti,
1340 1263 1598 1297 Carcassonensis
1618 1268 1647 1295 et
1667 1262 1786 1295 Tliolo-

1136 1318 1278 1352 sanensis
1299 1318 1495 1351 dioecesum.
1510 1316 1690 1349 Seminario
1707 1316 1790 1348 Tlio-

1138 1372 1310 1411 Iosanensi,
1335 1371 1410 1404 494.

1050 1435 1133 1470 CCV.
1170 1434 1325 1478 Ilospitali
1355 1435 1584 1466 'I'recentorum
1615 1432 1788 1465 Coccorum

1139 1488 1267 1520 I‘arIsiis
1287 1497 1304 1519 a
1325 1487 1356 1519 S.
1370 1486 1530 1519 liudovico
1552 1485 1703 1518 Franciae
1717 1496 1790 1526 rege

1139 1547 1246 1574 erecto
1286 1539 1521 1572 confirmantur
1555 1538 1723 1581 privilcha
1755 1548 1789 1570 0-

1140 1594 1237 1633 rnnia,
1262 1599 1292 1626 et
1313 1592 1502 1637 praesertim
1535 1591 1667 1624 facultas
1694 1602 1789 1634 quac-

1138 1654 1240 1680 stores
1280 1645 1466 1679 instituendi
1504 1655 1563 1688 pro
1603 1643 1791 1686 colligendis

1139 1699 1371 1744 eleemosynis,
1403 1704 1526 1732 servata
1556 1704 1661 1731 tamen
1691 1698 1792 1730 forma

1140 1764 1157 1785 a
1176 1762 1277 1785 -sacro
1306 1750 1448 1784 Concilio
1475 1749 1661 1782 Tridentino
1693 1759 1787 1792 prae-

1140 1805 1271 1849 scripta,
1295 1804 1370 1837 499.

1052 1868 1152 1903 CCVI.
1185 1867 1321 1901 IndIctio
1352 1866 1540 1899 universalis
1571 1865 1702 1899 Iubilaei
1735 1875 1792 1908 pro

1140 1932 1224 1955 anno
1245 1931 1328 1962 nnc,
1352 1930 1416 1964 quo
1443 1919 1631 1952 conceditur
1651 1918 1794 1962 plenaria

1141 1975 1287 2009 remissio
1302 1980 1508 2019 peccatorum
1526 1973 1726 2006 visitantibus
1740 1973 1794 2003 lia-

1141 2029 1246 2063 silicas
1273 2029 1318 2061 Ss.
1343 2027 1427 2060 Petri
1453 2033 1484 2060 et
1511 2026 1599 2059 Pauli
1622 2025 1791 2069 Apostolo-

1142 2093 1212 2115 rum
1230 2110 1236 2123 ‚
1261 2093 1296 2114 ac
1317 2082 1346 2115 S.
1368 2081 1496 2114 Ioannis
1516 2078 1737 2113 Lateranensis
1766 2083 1795 2110 et

1143 2137 1258 2169 Beatae
1278 2134 1394 2168 Mariae
1423 2133 1550 2166 Maioris
1575 2133 1614 2165 de
1635 2132 1741 2171 Urbe,
1766 2136 1796 2163 ct

1143 2189 1225 2222 aliae
1266 2187 1504 2230 indulgentiae,
1537 2187 1672 2219 durante
1711 2184 1796 2217 dicto

1144 2253 1240 2283 anno,
1264 2251 1437 2285 suspensae
1458 2240 1673 2279 declarantur,
1697 2237 1771 2270 504.
1808 2273 1810 2276 y

1189 2304 1341 2348 Sequitur
1374 2302 1541 2347 suspensio
1571 2301 1706 2334 aliarum
1744 2300 1795 2333 in-

1145 2358 1382 2401 dulgentiarum
1420 2362 1450 2390 et
1475 2355 1660 2389 absolvendi
1693 2354 1795 2387 sacul-

1145 2419 1258 2452 tatum,
1288 2412 1423 2445 durante
1445 2410 1505 2443 Iioc
1525 2409 1677 2449 lubilaeo,
1693 2407 1767 2441 508.

1057 2476 1170 2511 CCVII.
1200 2474 1390 2508 Monasteria
1416 2472 1606 2506 monialium
1633 2472 1692 2505 sub
1724 2482 1801 2505 cura

1146 2530 1279 2561 fratrum
1298 2526 1541 2561 Carmelitarum
1569 2531 1599 2559 et
1623 2525 1801 2579 Congrega-

1145 2581 1240 2614 tionis
1254 2581 1443 2614 Mantuanae
1465 2579 1496 2612 in
1517 2579 1605 2613 Italia
1620 2579 1797 2617 existentia,

1145 2633 1338 2667 abdicantur
1351 2643 1369 2666 a
1386 2642 1463 2667 cura
1477 2632 1637 2666 dictorum
1653 2632 1799 2671 fratrum,
