2253 3195
264 249 313 275 An.
331 249 358 275 c.
381 248 449 275 1602
495 238 559 280 840

463 297 524 330 lica
553 296 732 329 instruendi
764 295 933 340 proprium
964 295 1144 339 parochum
1177 299 1208 328 et

462 356 624 394 pastorem
649 349 810 389 habeant,
835 348 890 392 qui
919 359 979 392 pro
1000 348 1112 381 ovibus
1132 348 1204 381 anin

464 413 550 436 mam
570 402 647 435 velit
666 412 829 446 exponere
854 407 885 434 et
910 407 1058 435 teneatur
1079 402 1118 434 de
1145 401 1207 435 illis

462 457 621 489 rationem
641 456 789 496 reddere3
811 461 941 500 oportet
960 455 1048 499 quod
1069 455 1101 488 in
1122 455 1206 488 dicta

462 509 641 553 parochiali
663 509 702 542 de
731 509 906 542 Monnover
926 519 1009 542 unus
1029 513 1206 552 perpetuus

462 568 491 596 et
516 563 668 607 proprius
690 568 797 596 rector
810 562 1013 606 etparochus
1030 561 1207 595 constitua-

464 622 524 657 tur,
549 616 602 660 qui
621 616 739 650 dictam
761 616 979 660 parochialem
1000 626 1059 660 per
1071 626 1207 649 concur-

462 680 544 710 sum,
573 670 808 703 institutionem
833 676 864 703 et
891 669 1096 703 collationem
1117 669 1204 712 obti-

462 728 557 763 neat,
582 723 675 766 eique
705 722 889 766 praedictae
918 722 1081 765 sexaginta
1105 722 1207 755 librae

463 775 643 820 applicatae
675 775 706 808 in
743 781 936 819 perpetuum
969 780 1142 816 maneant,
1177 780 1208 808 et

462 834 630 872 praeterea
658 828 861 872 applicentur
885 828 966 862 aliae
994 827 1207 872 quadraginta

463 883 566 915 librae
587 883 627 915 ad
653 883 932 929 complementum
954 888 1084 915 centum
1110 881 1209 914 libra-

462 946 534 968 rum
556 945 615 979 pro
636 935 710 968 dote
731 941 762 968 et
778 946 922 978 congrua
938 934 1204 975 substentatione,

463 989 524 1021 hoc
543 988 692 1022 videlieet
712 989 820 1029 mod0;
844 989 931 1032 quod
950 988 1100 1023 dominus
1122 993 1205 1021 tem-

462 1042 583 1086 poralis
596 1042 753 1086 praedicti
767 1043 889 1087 oppidi,
914 1053 1009 1076 eausa
1025 1049 1056 1076 et
1068 1042 1204 1083 ratione,

463 1096 581 1140 quibus
613 1107 709 1140 supra
725 1123 732 1137 ‚
756 1097 857 1129 solvat
878 1096 956 1129 alias
976 1096 1088 1139 viginti
1110 1096 1209 1129 libras

464 1156 593 1193 praeter
610 1150 680 1183 illas
700 1150 874 1193 sexaginta,
898 1161 978 1194 quas
991 1156 1085 1183 antea
1105 1150 1208 1184 solve-

463 1203 528 1243 bat,
552 1208 583 1236 ct
603 1203 690 1247 quod
715 1203 796 1236 aliae
817 1201 927 1245 viginti
945 1203 1050 1236 librae
1071 1201 1205 1236 vsuman-

465 1262 515 1288 tur
535 1262 566 1289 et
590 1256 794 1300 applicentur
814 1256 920 1290 eidem
947 1256 1065 1288 rectori
1095 1266 1131 1288 ex
1151 1266 1206 1289 re-

464 1308 595 1351 ditibus,
611 1310 665 1354 qui
687 1310 766 1344 olim
792 1311 921 1343 suerunt
942 1309 1132 1353 mesqudae,
1154 1309 1208 1353 qui

464 1363 503 1397 ad
523 1364 666 1397 valorem
684 1374 784 1397 vaffl
798 1364 956 1396 librarum
979 1374 1052 1396 cum
1074 1363 1209 1396 dimidia

464 1417 639 1461 quotannis
660 1418 848 1451 ascendunt.
877 1418 914 1451 Et
939 1415 1095 1461 quoniam
1116 1416 1209 1450 habi-

465 1476 583 1503 tatores
613 1471 768 1514 praedicti
790 1470 902 1515 oppidi
927 1470 1032 1503 nullas
1053 1470 1209 1504 haetenus

465 1525 542 1557 dare
574 1524 733 1568 primitias
758 1530 1016 1565 consueverunt,
1052 1535 1145 1569 quae,
1170 1525 1209 1558 de

465 1578 534 1611 iure
555 1578 676 1619 divino,
699 1579 834 1623 proprio
855 1578 999 1622 parocho
1019 1588 1078 1622 pro
1100 1589 1209 1612 sacra-

466 1637 649 1665 mentorum
660 1631 940 1665 administratione
953 1632 1123 1671 debentur,
1136 1642 1211 1675 pro-

465 1685 639 1718 videndum
661 1691 707 1719 est
726 1713 733 1726 ,
761 1685 848 1730 quod
869 1696 940 1718 cum
963 1691 1139 1729 perpetuus
1159 1696 1210 1719 re-

466 1743 537 1772 ctor
557 1743 588 1771 et
616 1738 778 1782 parochus
798 1738 961 1782 praefatus
982 1738 1013 1771 in
1043 1737 1127 1771 dieta
1147 1749 1207 1782 pa-

466 1791 599 1824 rochiali
629 1792 667 1825 de
693 1793 868 1826 lllonnover
884 1791 984 1825 l'uerit
1004 1791 1207 1833 constitutus,

466 1844 573 1877 statim
603 1845 759 1888 praedicti
787 1845 985 1878 habitatores
1005 1845 1207 1888 compellan-

468 1904 519 1930 tur
548 1898 586 1931 ad
618 1898 814 1931 solutionem
846 1898 1064 1942 primitiarum
1095 1898 1209 1931 codem

468 1951 536 1984 iure
554 1951 731 1984 secundum
745 1951 1011 1985 consuetudinem
1033 1957 1064 1985 et
1077 1951 1210 1985 modum

467 2005 537 2038 illas
557 2005 700 2038 solvendi
716 2005 747 2038 in
768 2005 907 2039 dioecesi
930 2005 1101 2038 Oriolensi:
1126 2005 1212 2038 vide-

468 2058 538 2091 licet
562 2069 621 2102 pro
642 2058 771 2101 triginta
791 2058 940 2091 barcellis
963 2058 1058 2092 tritici
1075 2059 1212 2092 11011101·-

467 2111 530 2152 dei,
546 2123 609 2145 una
628 2112 769 2145 bareella
789 2124 861 2146 euin
877 2112 1012 2145 dimidia
1031 2113 1130 2146 semel
1145 2118 1212 2145 tan-

470 2172 552 2206 tum,
583 2167 664 2200 sacta
686 2165 771 2199 enim
798 2166 1010 2210 liquidatione
1043 2166 1208 2208 legitima,

469 2219 631 2263 primitiae
663 2219 739 2253 dieti
762 2219 872 2263 oppidi
895 2225 1023 2252 eentum
1045 2219 1209 2263 quiuqua-

468 2273 554 2312 einta
574 2274 671 2307 libras
694 2274 853 2315 valebant,
877 2279 905 2307 et
927 2284 964 2307 eo
986 2285 1072 2314 (nisu,
1097 2279 1123 2306 et
1148 2285 1212 2307 nen

469 2326 557 2366 alias,
575 2327 725 2360 dominus
745 2327 932 2371 temporalis
950 2328 1112 2371 praefatus
1125 2327 1165 2360 sit
1178 2327 1214 2360 11-

470 2379 526 2411 twi-
557 2386 587 2412 et
616 2387 783 2424 exemptus
815 2391 831 2413 a
859 2380 1020 2414 solutione
1053 2380 1212 2413 itit-iarum

469 2433 654 2473 octuaginta
677 2433 845 2467 librarum.
871 2434 1046 2467 Cessabunt
1067 2433 1212 2467 0111111111-

472 2486 518 2518 lae
545 2486 652 2527 xiginti
672 2487 785 2528 librae,
803 2499 886 2531 quae
907 2500 943 2520 ex
964 2487 1120 2521 reditibus
1134 2487 1212 2520 olim

471 2540 648 2583 mesquitae
666 2547 850 2574 suumntur.
876 2541 1010 2574 Abbatia
1036 2552 1094 2585 pro
1109 2546 1213 2574 recto-

473 2592 514 2625 ris
528 2593 724 2627 habitatione
738 2600 956 2633 construatur,
970 2594 1125 2628 eeclesiae
1138 2605 1213 2627 eon-

1031 249 1035 251 “
1046 246 1230 271 BULLARIUM
1250 246 1404 271 ROMANUM

1240 305 1316 328 vero
1337 300 1368 328 et
1388 293 1511 327 reditus
1524 293 1602 327 olim
1620 294 1809 338 mesquitae‚
1827 294 1982 327 ecclesiae

1241 348 1445 392 applicentur
1465 353 1496 381 et
1521 347 1671 392 applicati
1692 354 1855 390 maneant,
1876 353 1905 381 et
1925 346 1990 392 per'

1240 406 1399 434 rectorem
1425 406 1456 434 et
1484 410 1689 434 oeconomum
1708 401 1861 434 ecclesiae
1881 401 1983 434 admi-

1240 454 1428 488 nistrentur.
1441 492 1443 495 .

1560 525 1656 558 Elda.

1284 614 1445 658 Oppidum
1458 613 1544 647 Elda
1558 613 1707 647 domibus
1721 619 1844 647 constat
1859 619 1984 647 trecen-

1241 668 1280 701 tis
1299 668 1463 710 sexaginta
1484 667 1607 700 noviter
1628 668 1668 701 ad
1688 667 1785 701 fidem
1807 678 1982 701 converso-

1241 732 1330 761 rum,
1354 727 1385 754 et
1409 720 1595 763 octuaginta
1616 726 1759 754 veterum
1792 720 1985 754 christiano-

1242 786 1336 816 rum,
1363 785 1476 808 omnes
1505 774 1814 818 (piadringentarum
1844 775 1986 818 quadra-

1242 829 1329 872 ginta
1338 839 1513 862 numerum
1526 828 1679 862 efficiunt.
1692 829 1727 862 ln
1741 839 1778 862 eo
1792 828 1986 873 parochialis

1242 888 1290 916 est
1309 883 1441 927 antiqua
1474 883 1533 916 sub
1560 882 1764 916 invocatione
1789 883 1820 916 S.
1853 883 1983 923 Annae,

1242 937 1333 970 euius
1368 936 1550 969 animarum
1570 946 1647 969 cura
1676 946 1735 980 per
1755 936 1836 970 duos
1855 935 1988 980 presby-

1243 991 1328 1024 teros'
1352 991 1392 1023 ab
1423 989 1595 1024 Ordinario
1617 990 1795 1031 assignatos
1821 1000 1988 1032 mercena-

1243 1043 1307 1077 rios
1336 1043 1553 1077 administrari
1585 1044 1679 1077 solita
1705 1050 1762 1077 est.
1787 1043 1909 1083 Quibus
1930 1043 1987 1076 do-

1244 1097 1349 1130 minus
1370 1097 1556 1141 temporalis
1577 1108 1685 1131 comes
1705 1097 1744 1130 de
1762 1097 1841 1130 Elda
1857 1102 1987 1130 centum

1242 1149 1340 1183 libras
1354 1160 1456 1193 aequa
1470 1150 1619 1194 portione
1633 1149 1798 1183 annuatim
1815 1149 1983 1194 impendit,

1244 1203 1367 1236 ratione
1388 1203 1534 1235 omnium
1566 1204 1729 1236 fructuum
1762 1202 1983 1243 decimalium,

1243 1267 1324 1300 quos
1344 1267 1380 1289 ex
1405 1267 1444 1289 eo
1462 1256 1583 1300 oppido
1605 1256 1740 1299 colligit,
1758 1255 1812 1300 qui
1831 1256 1871 1289 ad
1891 1255 1983 1289 valo-

1245 1321 1311 1343 rem
1341 1310 1429 1343 mille
1457 1315 1586 1343 eentum
1619 1315 1649 1343 et
1676 1315 1797 1353 septem
1828 1309 1984 1343 librarum

1243 1363 1431 1401 ascendunt,
1457 1362 1581 1395 ratione
1602 1362 1698 1395 etiam
1720 1362 1888 1396 cuiusdam
1912 1373 1989 1396 con-

1244 1416 1374 1450 cordiae
1385 1415 1468 1449 inter
1478 1415 1665 1460 episcopum
1680 1421 1710 1449 et
1723 1415 1898 1459 capitulum
1913 1415 1986 1450 Car-

1245 1469 1432 1512 thaginense
1460 1480 1497 1502 ex
1525 1480 1599 1510 una,
1629 1475 1661 1503 et
1679 1469 1714 1503 D.
1738 1470 1891 1503 Ioannem
1910 1469 1988 1503 Ruiz

1244 1523 1283 1557 de
1303 1523 1438 1564 Corella,
1457 1523 1607 1556 comitem
1630 1522 1669 1556 de
1689 1522 1988 1568 Coeentayna,tunc

1244 1576 1413 1610 dominum
1457 1576 1668 1620 temporalem
1700 1575 1775 1609 dieti
1806 1575 1915 1620 oppidi
1949 1575 1988 1609 de

1244 1629 1322 1663 Elda
1347 1640 1383 1663 ex
1408 1630 1525 1669 altera,
1553 1640 1651 1673 super
1682 1628 1801 1662 eisdem
1830 1628 1985 1669 decimis,

1244 1683 1459 1717 instrumento
1487 1693 1544 1727 per
1570 1682 1763 1717 Matthaeum
1785 1682 1877 1716 Steve
1898 1687 1989 1716 nota-

1246 1737 1330 1771 rium
1339 1737 1610 1773 Valentinensem.
1622 1737 1673 1770 die
1686 1747 1747 1771 xxx
1758 1736 1896 1779 augusti,
1913 1736 1989 1769 anni

1245 1801 1383 1826 ucncxiv
1403 1796 1546 1835 recepto,
1577 1790 1688 1831 initae,
1712 1801 1770 1834 per
1801 1800 1897 1834 quam
1935 1799 1989 1823 co-

1246 1856 1313 1879 mes
1343 1846 1506 1889 praefatus
1530 1855 1599 1878 sese
1618 1844 1772 1886 obligavit
1787 1867 1800 1884 ,.
1825 1843 1989 1887 presbyte-

1245 1910 1316 1933 rum
1339 1910 1449 1933 euram
1469 1904 1635 1941 gerentem
1648 1898 1851 1931 substentare
1873 1897 1904 1929 in
1925 1906 1986 1940 op-

1245 1953 1321 1997 pido
1339 1953 1378 1986 dc
1395 1953 1483 1986 Elda.
1508 1952 1545 1985 Et
1559 1951 1713 1996 quoniam
1735 1956 1988 1985 consentaneum

1245 2012 1293 2040 est
1327 2006 1415 2049 quod
1445 2005 1597 2049 neophyti
1631 2004 1706 2038 dieti
1728 2003 1839 2048 oppidi
1871 2002 1988 2036 infide

1246 2059 1405 2094 catholiea
1427 2057 1606 2092 instruendi
1626 2057 1792 2102 proprium
1809 2056 1989 2101 parochum

1246 2119 1276 2147 et
1297 2119 1460 2157 pastorem
1493 2117 1692 2155 agnoscant,
1716 2111 1771 2155 qui
1793 2121 1852 2154 pro
1877 2110 1990 2143 oribus

1246 2166 1341 2200 vitam
1364 2172 1512 2211 exponat,
1536 2172 1567 2199 ct
1587 2166 1626 2199 de
1645 2165 1707 2198 illis
1727 2163 1885 2198 rationem
1916 2162 1989 2196 red-

1246 2221 1322 2254 dere
1356 2226 1519 2259 tcneatur,
1545 2224 1692 2263 oportet,
1716 2217 1802 2262 quod
1843 2216 1875 2249 111
1903 2215 1990 2249 dieta

1247 2273 1424 2317 parochiali
1457 2273 1496 2306 de
1522 2273 1598 2306 litua
1625 2283 1707 2305 unus
1732 2276 1907 2315 perpetuus
1941 2279 1990 2302 re-

1247 2334 1329 2367 ctor,
1352 2338 1408 2361 seu
1430 2326 1591 2370 parochus
1617 2325 1842 2364 constituatur,
1866 2323 1920 2367 qui
1941 2322 1989 2356 di-

1246 2386 1329 2414 etam
1351 2380 1567 2424 parochiahmi
1595 2390 1652 2423 per
1672 2387 1877 2418 concursum,
1899 2375 1989 2410 insti-

1249 2434 1404 2467 tutionem
1427 2439 1458 2467 et
1482 2433 1689 2466 collationem
1717 2431 1861 2465 obtineat
1881 2435 1913 2463 ct
1933 2429 1989 2463 ha-

1248 2488 1318 2520 beat
1341 2498 1440 2520 111111111
1463 2487 1615 2520 rii-arium
1637 2485 1698 2519 sibi
1718 2484 1940 2518 coadiutorem
1958 2482 1989 2516 in

1247 2540 1525 2574 administratione
1567 2541 1848 2573 Saei·:uuentot·uiu
1865 2564 1872 2578 ,
1908 2545 1989 2580 quo·

1248 2595 1332 2628 niam
1356 2595 1493 2638 populus
1510 2594 1629 2627 multus
1650 2599 1707 2633 est,
1732 2592 1824 2636 eique
1841 2601 1898 2635 pro
1914 2590 1989 2623 dote

473 2645 571 2689 tigna,
598 2647 684 2680 iuxta
706 2650 842 2680 lormam
865 2648 1075 2691 designatam.
1098 2649 1214 2681 'l'errae
1247 2647 1451 2691 applicentur
1490 2653 1520 2681 et.
1558 2647 1737 2692 applicatae
1770 2648 1921 2677 titaneaut
1956 2641 1988 2674 111

1998 245 2047 273 An.
2062 245 2089 272 C.
2112 246 2185 298 111(ὶῆἒ

2059 357 2062 361 ‘
2170 363 2203 716 1

2176 2818 2187 2825 ¹
2163 1433 2206 2790 'm-Wffum
