2253 3195
315 263 364 288 Λη.
382 263 410 290 C,
437 263 502 290 ¹600

336 1868 464 1888 {intersitas
474 1873 510 1887 ea-

326 1896 372 1915 «tun.
384 1902 394 1914 ,ἰ
405 1895 511 1915 (iterun-nto

327 1922 501 1947 putnctvutirmari

548 253 610 287 586

516 314 598 346 fectu
631 313 768 346 iustitiae
799 312 894 345 alicui
920 312 959 345 de
991 312 1036 345 eis
1065 311 1253 355 querelandi

516 366 754 409 relinqueretur
773 365 898 399 occasio
914 393 921 406 ,
950 371 1025 399 tunc
1046 371 1077 398 et
1096 375 1154 409 pro
1176 370 1255 397 tem-

516 429 594 461 pore
616 418 759 451 existenti
781 418 884 452 dictae
904 418 993 452 Sedis
1008 418 1039 451 in
1061 417 1166 461 regnis
1186 417 1256 450 His-

516 471 686 514 paniarum
715 471 928 505 commoranti
955 471 1074 505 nuncio
1095 470 1257 504 commisit

517 530 546 556 et
567 524 739 565 mandavit,
764 530 922 569 quatenus
937 525 1014 569 ipse,
1033 535 1096 558 una
1111 534 1182 558 cum
1198 533 1256 567 pro

518 583 662 621 tempore
683 578 784 611 electo
806 578 970 612 visitatore
991 578 1119 621 collegii
1139 577 1254 610 huius-

518 631 616 671 modi,
637 631 684 664 vel
698 631 766 664 sine
784 631 838 664 illo
852 642 910 675 per
927 642 959 665 se
981 632 1084 676 ipsum
1105 640 1258 675 persona-

518 684 599 724 liter,
623 685 749 727 quoties
769 684 829 718 sibi
842 685 1016 726 videretur,
1042 684 1213 727 collegium
1229 689 1260 716 et

517 737 756 772 universitatem
777 738 975 779 huiusmodi,
999 738 1176 782 apostolica
1196 747 1255 770 au-

517 790 682 832 ctoritate,
711 791 795 824 iuxta
824 797 932 825 tamen
961 791 1205 825 constitutiones
1230 794 1260 823 et

518 844 737 877 ordinationes
768 845 843 878 dieti
878 845 1016 888 collegii,
1051 844 1207 883 visitaret,
1231 848 1259 876 et

518 902 629 930 eontra
655 897 737 938 illos,
761 897 858 931 etiam
885 908 943 942 per
963 898 1046 931 viam
1073 896 1257 940 inquisitio-

518 950 578 991 nis,
601 950 648 983 vel
670 950 934 994 investigationis,
963 956 1018 984 aut
1038 949 1261 983 denunciatio-

518 1003 577 1043 nis,
602 1009 656 1037 aut
676 1015 711 1037 ex
730 1004 848 1045 officio,
872 1010 925 1037 aut
940 1015 997 1049 per
1017 1004 1099 1037 viam
1120 1003 1262 1047 appella-

520 1056 616 1090 tionis
636 1068 692 1091 seu
719 1057 956 1101 requisitionis,
991 1057 1202 1102 procederet,
1232 1061 1263 1089 et

520 1111 742 1154 delinquentes
759 1122 815 1145 seu
835 1111 913 1145 alias
931 1111 1177 1155 quomodolibet
1197 1109 1263 1143 cul-

520 1163 642 1207 pabiles
663 1170 819 1208 repertos,
835 1165 1012 1207 corrigeret
1025 1170 1056 1198 et
1073 1164 1179 1197 debita
1193 1162 1262 1196 ani-

521 1217 744 1251 madversione
761 1218 901 1262 puniret,
932 1229 967 1251 ac
982 1218 1013 1251 in
1034 1228 1089 1251 eos
1103 1223 1133 1251 et
1150 1222 1262 1250 eontra

521 1280 587 1311 eos,
611 1281 647 1304 ac
660 1271 744 1304 inter
764 1281 819 1304 eos
836 1272 947 1304 omnia
965 1277 996 1304 et
1015 1271 1152 1313 singula,
1181 1279 1262 1313 quae

521 1323 680 1357 Ordinarii
701 1325 846 1358 locorum
868 1325 898 1357 in
919 1324 1064 1358 subditos
1081 1334 1155 1358 suos
1173 1334 1262 1357 exer-

522 1388 594 1411 cere
614 1384 762 1422 poterant
778 1379 885 1422 quoad
903 1377 1170 1412 iurisdictionalia
1194 1383 1263 1411 tan-

523 1437 589 1463 tum
619 1438 780 1465 exerceret
808 1438 838 1465 et
866 1438 1097 1476 exequeretur,
1121 1442 1157 1464 ac
1186 1430 1263 1463 alias

522 1490 617 1528 prout
639 1485 669 1518 in
690 1485 823 1528 singulis
841 1486 954 1519 litteris
968 1486 1129 1519 dictorum
1151 1484 1220 1518 Iulii
1239 1484 1262 1517 11

522 1544 550 1570 et
572 1538 641 1571 Iulii
659 1539 695 1572 lll
714 1540 1011 1583 praedecessorum,
1035 1540 1173 1583 desuper
1188 1547 1264 1571 con-

524 1591 624 1630 sectis,
649 1603 785 1635 quarum
807 1593 952 1626 omnium
976 1598 1113 1632 tenores,
1131 1602 1165 1624 ac
1179 1591 1204 1624 si
1224 1591 1263 1624 de

524 1645 620 1677 verbo
641 1646 681 1678 ad
700 1646 831 1680 verbum
847 1674 853 1687 ,
878 1647 956 1679 nihil
986 1646 1112 1690 penitus
1130 1645 1260 1683 omisso,

525 1698 755 1740 insererentur,
791 1699 987 1733 haberentur
1007 1709 1065 1743 pro
1086 1698 1260 1742 expressis,

525 1752 650 1794 plenius
671 1753 862 1786 continetur.

570 1807 586 1846 g
607 1805 638 1838 4.
663 1806 739 1839 Cum
767 1812 893 1843 autem.
924 1806 1005 1839 sieut
1025 1806 1160 1839 dilectus
1180 1804 1265 1838 tilius

527 1858 638 1891 l'etrus
658 1859 788 1892 Miehael
811 1859 985 1901 eollegialis
1006 1859 1080 1892 dicti
1113 1857 1262 1899 collegii,

528 1911 680 1953 magister
700 1912 730 1944 in
757 1912 929 1953 theologia,
954 1912 983 1944 in
1006 1912 1088 1945 dieta
1112 1911 1266 1944 universi-

528 1970 589 1997 tate
612 1966 797 2006 graduales,
819 1966 984 2009 presbyter
1003 1977 1038 1999 ex
1057 1964 1194 1998 dioecesi
1209 1965 1265 1997 Ca-

529 2019 706 2058 lauuritana
727 2019 904 2058 oriundus,
928 2019 980 2063 qui
1017 2029 1118 2062 nuper
1142 2019 1180 2051 ad
1208 2029 1266 2051 nos

528 2073 710 2116 dir-tamque
731 2073 844 2105 Sedem
871 2083 928 2116 pro
954 2073 1014 2106 lioc
1033 2072 1162 2113 negotio
1189 2082 1263 2115 per—

527 2127 680 2160 sonaliter
711 2127 854 2164 accessit,
877 2137 935 2159 suo
956 2132 985 2159 et
1006 2126 1196 2159 (lilertortuu
1224 2126 1263 2157 ti-

530 2181 644 2213 liorum
668 2181 898 2213 modernorum
932 2180 1082 2220 rectoris,
1107 2185 1134 2212 et
1157 2185 1264 2212 eucte-

531 2233 863 2273 rorumcontemnum
879 2233 1004 2274 collegii
1020 2235 1049 2265 S.
1070 2232 1264 2276 ildephonsi,

530 2299 565 2319 ae
595 2287 810 2329 universitatis
842 2287 1024 2319 huiusmodi
1058 2287 1264 2323 nominibus,

532 2340 623 2373 nobis
643 2341 756 2384 exponi
786 2340 877 2380 t'ecit,
901 2340 958 2383 ipsi
986 2346 1091 2372 rector
1111 2346 1138 2372 et
1166 2340 1265 2372 colle-

532 2393 617 2432 uiuin
640 2394 770 2437 rupiant
797 2394 971 2437 praeniissa
1003 2404 1060 2436 pro
1081 2404 1193 2425 cortun
1217 2393 1270 2424 lir-

533 2448 625 2479 utini-i
646 2448 849 2480 subsistentia
871 2453 996 2480 nostrae
1018 2447 1270 2479 confirmationis

533 2501 726 2544 apostolic-:ue
749 2502 863 2533 robori·
878 2501 1093 2539 eminutniiri‘,
1118 2500 1200 2537 ideo,
1216 2511 1271 2532 nn-

536 2555 673 2585 ininilurs
699 2554 880 2597 praedictis,
905 2554 997 2587 nobis
1017 2554 1178 2586 luuniliter
1198 2565 1271 2597 sup-

537 2608 644 2649 plirari
683 2608 766 2645 terit,
787 2614 943 2650 quatenus
965 2608 994 2639 in
1017 2607 1198 2650 praemissis·
1216 2618 1272 2649 op-

538 2667 672 2702 portuna·
695 2662 872 2702 providere,
897 2667 922 2692 et
947 2672 1041 2692 onina·
1071 2661 1270 2694 obstat-ulum

1097 263 1280 288 BBLLARIUM
1296 263 1450 287 ROMANUM

1287 321 1324 344 ac
1343 311 1502 344 rationem
1517 310 1685 344 dubitandi
1697 311 1781 344 circa
1789 311 2025 356 exemptionem

1289 369 1320 397 et
1338 363 1400 397 alia
1418 364 1595 408 praemissa
1623 364 1748 405 tollere,
1772 365 1810 398 de
1830 365 2027 408 benignitate

1289 417 1466 461 apostolica
1483 417 1704 460 dignaremur.

1335 471 1352 512 ξ
1373 469 1402 503 5.
1419 470 1482 503 Nos
1504 469 1602 513 igitur
1621 470 1820 512 singularum
1849 471 2028 504 litterarum

1290 523 1540 566 praedictarum,
1552 534 1589 557 ac
1607 529 1711 557 motus
1724 524 1848 568 proprii
1861 530 1892 557 et
1905 530 2031 557 senten-

1291 576 1354 610 tiae
1371 576 1570 617 huiusmodi,
1587 588 1623 610 ac
1643 577 1780 610 aliorum
1802 588 2032 621 quorumcum-

1292 639 1354 672 que
1375 630 1413 662 de
1434 630 1620 663 necessitate
1641 630 1923 674 exprimendorum
1945 623 2034 665 tend*-

1292 693 1354 724 res,
1366 683 1500 727 perinde
1510 693 1546 717 ac
1557 683 1583 716 si
1592 683 1631 717 de
1641 684 1738 717 verbo
1750 684 1790 717 ad
1803 684 1935 717 verbum
1951 685 2034 718 inse-

1293 741 1453 777 rerentur,
1476 736 1600 770 etiamsi
1618 737 1657 770 de
1678 736 1723 770 eis
1743 737 1889 781 specialis
1907 743 1937 771 et
1954 737 2035 771 indi-

1293 789 1388 823 vidua
1396 791 1702 834 quomodocumque
1711 791 1892 835 requiratur
1900 791 2031 832 mentio,

1294 843 1517 886 praesentibus
1548 855 1607 888 pro
1637 844 1803 888 expressis,
1834 850 1865 877 et
1895 844 2036 878 totaliter

1295 895 1431 938 insertis,
1448 907 1484 930 ac
1497 897 1633 931 narratis
1650 903 1680 931 et
1700 897 1849 941 expositis
1866 897 2032 937 habentes,

1294 959 1331 982 ac
1354 956 1513 984 rectorem
1535 957 1565 985 et
1585 951 1728 994 singulos
1748 951 1931 994 collegiales
1958 951 2034 984 dicti

1295 1004 1421 1047 collegii
1443 1015 1462 1038 a
1485 1005 1648 1049 quibusvis
1668 1004 2010 1039 excommunicationis
2025 1032 2032 1044 ‚

1296 1058 1515 1102 suspensionis
1535 1065 1566 1092 et
1587 1058 1759 1100 interdicti,
1783 1057 1917 1102 aliisque
1935 1057 2036 1091 eccle-

1296 1111 1431 1145 siasticis
1456 1112 1643 1152 sententiis,
1677 1111 1819 1145 censuris
1852 1117 1883 1145 et
1923 1111 2036 1155 poenis

1296 1174 1314 1196 a
1335 1163 1404 1197 iure
1425 1164 1472 1197 vel
1494 1165 1533 1197 ab
1554 1164 1685 1198 homine
1698 1192 1705 1205 ,
1738 1164 1848 1208 quavis
1867 1163 2036 1197 occasione

2044 263 2093 290 An.
2111 263 2139 289 C.
2161 263 2228 291 1000

2058 484 2171 506 Conni-mat
2184 483 2228 505 Cte-

2045 517 2110 532 mons.

1297 1217 1343 1250 vel
1366 1227 1461 1251 causa
1481 1218 1551 1251 latis
1564 1245 1571 1259 ‚
1601 1218 1627 1251 si
1656 1218 1773 1262 quibus
1793 1217 2049 1263 quomodolibet·

1296 1270 1440 1305 innodati
1460 1271 1616 1312 existunt,
1640 1272 1679 1305 ad
1706 1271 1853 1305 effectum
1879 1280 2033 1315 praesen-

1297 1323 1375 1357 tium
1407 1325 1571 1358 dumtaxat
1602 1325 1886 1369 consequendum,
1921 1324 2036 1358 harum

1296 1378 1378 1411 serie
1409 1378 1609 1412 absolventes
1629 1384 1659 1412 et
1683 1378 1847 1412 absolutos
1874 1378 1942 1411 fore
1961 1388 2037 1411 cen-

1296 1436 1411 1472 sentes,
1436 1431 1924 1476 huiusmodisupplicationibus
1945 1431 2038 1465 incli-

1298 1484 1374 1525 nati,
1402 1495 1439 1518 ex
1470 1485 1628 1519 sententia
1666 1485 1856 1519 dilectorum
1897 1484 2037 1518 tiliorum

1297 1543 1480 1572 nostrorum
1495 1538 1618 1572 Camilli
1639 1544 1669 1572 et
1681 1538 1855 1578 Laurentii,
1872 1538 2038 1571 titulorum

1297 1590 1343 1624 Ss.
1366 1591 1494 1624 loannis
1514 1597 1545 1625 et
1565 1591 1665 1632 Pauli,
1693 1597 1723 1625 et
1752 1591 1782 1625 S.
1817 1591 1978 1624 Laurentii
2008 1591 2039 1623 in

1299 1644 1505 1688 Pafflsperna,
1529 1645 1558 1678 S.
1576 1646 1611 1679 R.
1628 1645 1661 1678 E.
1687 1644 1946 1689 presbyterorum
1973 1654 2041 1678 cat·-

1299 1697 1454 1731 dinalium
1477 1698 1642 1741 Burghesii
1663 1703 1694 1731 et
1718 1697 1894 1731 Blanchetti
1916 1707 2040 1731 nuncu-

1299 1757 1448 1795 patorum
1480 1752 1619 1796 (quibus
1660 1751 1831 1794 negocium
1857 1751 2042 1785 huiusmodi

1299 1805 1473 1839 videndum
1495 1811 1525 1839 et
1543 1805 1804 1844 examinandum,
1825 1815 1862 1837 ac
1883 1804 1976 1838 nobis
1993 1815 2042 1837 re-

1300 1859 1464 1893 ferendum
1503 1859 1748 1900 commisimus)
1778 1857 2038 1902 exemptionem,

1300 1913 1536 1953 liberationem,
1550 1912 1800 1956 susceptionem,
1815 1922 1850 1945 ac
1876 1911 2041 1945 decretum

1300 1966 1368 1999 Iulii
1391 1967 1425 2006 ll,
1450 1977 1509 1999 nec
1527 1976 1590 1999 non
1604 1966 1852 2006 restitutionem,
1875 1965 2043 2009 repositio-

1301 2030 1371 2053 nem
1385 2025 1415 2052 et
1427 2020 1709 2061 reintegrationem
1720 2019 1789 2052 tulii
1801 2019 2044 2062 lll‚praedeces-

1300 2084 1420 2111 sorum,
1445 2079 1475 2106 et
1495 2074 1601 2117 quoad
1622 2073 1808 2117 praemissa,
1831 2072 1974 2115 singulas
1993 2072 2044 2105 lit-

1303 2133 1386 2159 trras
1406 2127 1598 2170 praedit-tas,
1613 2137 1649 2159 ac
1664 2127 1790 2159 illarum
1805 2125 1914 2168 vigore
1935 2125 2044 2158 omnia

1303 2185 1329 2212 et
1354 2180 1479 2221 singula
1509 2180 1538 2212 in
1573 2179 1617 2213 eis
1638 2184 1809 2218 contenta,
1837 2184 1867 2211 et
1897 2178 1969 2211 inde
1994 2188 2043 2211 se-

1303 2239 1400 2277 quuta
1427 2244 1669 2277 quaecumque.
1694 2232 1869 2277 apostolica
1900 2231 2040 2265 auctori-

1304 2293 1377 2324 tate,
1396 2293 1506 2320 tenore
1524 2287 1753 2331 praesentium,
1771 2292 1801 2319 et
1820 2296 1858 2319 ex
1878 2291 1965 2318 certa
1985 2295 2043 2318 no-

1303 2347 1326 2374 st
1335 2352 1366 2373 ra
1377 2341 1520 2379 seientia,
1532 2340 1760 2384 approbamus,
1773 2338 2002 2372 confirmamus
2014 2344 2043 2370 et

1305 2395 1504 2431 innovamus,
1522 2405 1557 2426 ar
1575 2393 1768 2437 ampliamus
1781 2397 1812 2425 et
1829 2391 2041 2430 extendimus,

1306 2448 1431 2491 illisque
1446 2453 1617 2491 perpetuae
1632 2453 1659 2479 et
1683 2444 2045 2479 inviolabilisfirmitatis

1306 2501 1404 2533 robur
1429 2501 1619 2538 a‹lii‹·imus;
1649 2511 1683 2533 ae
1709 2509 1820 2533 omncs
1841 2505 1871 2532 et
1902 2498 2044 2540 singulos

1307 2560 1368 2587 tatu
1392 2554 1468 2586 iuris
1489 2564 1584 2597 quarn
1607 2553 1679 2586 sacti
1700 2553 1853 2592 desectus,
1876 2551 1900 2584 si
1922 2551 1975 2594 qui
1991 2550 2040 2583 in-

1307 2612 1510 2640 tervenerunt
1541 2607 1570 2638 iu
1602 2606 1734 2644 eisdem,
1776 2605 1983 2649 supplemus.
2012 2608 2040 2635 et

1308 2660 1515 2692 nihilominus
1536 2659 1652 2702 potiori
1679 2670 1737 2702 pro
1758 2658 1881 2690 cautela
1902 2657 1940 2688 de
1961 2666 2044 2688 novo
