2253 3195
272 250 319 276 An.
343 249 369 276 c.
390 250 452 278 1601
503 242 566 276 654
1055 256 1238 280 BULLAntUM
1254 256 1408 281 Romnum

516 303 532 343 5
558 302 583 334 1.
605 303 686 336 Sane
712 314 783 335 eum
807 304 961 347 oppidum
984 304 1079 346 Burgi
1096 304 1126 337 S.
1151 303 1212 337 Do-
1248 305 1334 338 modi
1349 315 1448 337 unum
1464 306 1617 349 palatium
1636 317 1694 350 pro
1716 318 1771 340 sua
1790 308 1989 342 habitatione

293 355 571 391 ‹›;.p‚,ni,u1us,ninini
592 356 710 389 nullius
731 356 899 396 dioecesis,
927 356 1009 390 inter
1029 358 1162 390 Parmae
1183 363 1214 390 et
1248 358 1456 390 commodum
1483 369 1554 391 cum
1578 358 1749 398 viridario,
1771 360 1905 404 aliisque
1925 362 1990 395 suis

271 394 455 442 ΖῙΞῖᾆῗῖἓ.-,;ιῗί1.1ἷᾷ
470 408 649 441 Placentiae
663 409 815 448 civitates,
833 409 863 442 in
882 410 929 442 via
942 410 1073 443 Claudia
1090 421 1212 444 nuncu-
1248 410 1401 443 membris
1415 416 1447 444 et
1459 411 1661 454 pertinentiis
1675 413 1810 453 habeat,
1834 424 1870 446 ac
1887 414 1990 448 dictus

271 446 336 465 decor
352 449 371 466 ut
387 446 453 472 :ligni-

2005 261 2052 286 An.
2075 260 2101 287 C.
2122 261 2183 287 tfiot

271 474 309 491 ω.
470 466 554 503 pata,
579 461 636 494 sub
663 462 832 505 temporali
858 463 1002 497 dominio
1026 463 1134 497 dilecti
1155 464 1212 497 filii

470 514 586 547 nobilis
599 514 657 546 viri
672 515 818 559 Baynutii
838 516 971 550 Parmae
989 523 1020 550 et
1033 517 1213 550 Placentiae

470 566 558 599 ducis
572 567 760 608 consistens,
782 568 882 601 muris
893 569 1037 613 undique
1058 570 1209 610 cinctum,

469 625 500 651 et
524 619 574 652 siti
593 620 795 664 antiquitate.
812 632 849 654 ac
869 622 1059 666 platearum,
1078 623 1212 666 palatio-

470 683 539 705 rum
572 680 602 706 et
627 674 848 708 aedificiorum
871 676 1126 719 pulchritudine,
1155 687 1213 711 nec

469 736 533 759 uon
553 727 694 770 plurium
718 728 874 761 nobilium
898 735 928 762 et
946 729 1091 771 divitum,
1111 731 1213 764 diver-

468 790 642 824 sarumque
655 781 773 814 artium
788 788 817 815 et
832 782 1038 816 scientiarum
1054 784 1214 827 professo-

469 845 539 867 rum
563 835 751 878 frequentia,
769 836 880 880 populi
895 837 1112 878 multitudine,
1131 838 1213 871 aeris

469 888 676 929 salubritate,
702 889 855 922 territorii
888 891 999 924 decern
1030 897 1058 924 et
1091 897 1212 935 septem

469 940 562 981 villis,
586 953 621 974 ac
643 942 791 986 pluribus
818 943 990 977 domiciliis
1010 945 1119 978 referti
1140 956 1211 978 am-

470 993 638 1037 plitudine,
667 1006 843 1040 rerumque
871 997 1017 1030 omnium
1036 998 1075 1031 ad
1097 998 1214 1032 victum

470 1048 725 1082 necessariarum
746 1050 944 1084 abundantia
972 1051 1148 1095 plurimum
1168 1052 1215 1085 in-

469 1100 571 1142 signe,
596 1112 631 1134 ac
653 1102 682 1135 in
705 1113 743 1136 co
765 1114 828 1136 una
848 1104 1017 1146 collegiata
1038 1104 1111 1138 Sedi
1125 1106 1211 1149 Apo-

469 1154 601 1187 stolicae
622 1155 808 1189 immediate
833 1157 976 1190 subiecta
997 1158 1055 1190 sub
1081 1158 1211 1192 invoca-

470 1207 555 1241 tione
576 1209 719 1243 eiusdem
741 1211 770 1243 S.
786 1210 948 1252 Domnini,
965 1212 1103 1254 eleganti
1118 1223 1215 1256 opere

471 1268 664 1303 constructa,
689 1269 719 1296 et
741 1269 804 1297 tres
824 1264 1026 1308 parochiales
1047 1265 1211 1303 ecclesiae.

471 1316 532 1349 tria
556 1316 698 1349 virorum
718 1323 749 1350 et
769 1318 832 1350 duo
854 1318 1025 1352 mulierum
1048 1326 1211 1353 monaste-

471 1369 529 1409 ria,
547 1369 691 1414 quinque
713 1371 894 1415 hospitalia,
911 1378 941 1406 et
960 1373 1069 1416 plures
1089 1374 1215 1406 confra-

471 1423 637 1456 ternitates
657 1424 812 1460 laicorum
834 1436 906 1458 cum
928 1426 1033 1459 Monte
1063 1426 1190 1460 Pietatis
1204 1454 1211 1468 ‚

469 1486 594 1510 necnon
619 1477 650 1510 in
671 1477 739 1521 ipsa
760 1479 929 1521 collegiata
950 1479 1100 1521 ecclesia,
1125 1480 1215 1513 cuius

469 1529 590 1563 fabrica
612 1531 643 1563 in
670 1542 777 1565 annuo
804 1533 908 1566 reditu
936 1533 1063 1567 circiter
1088 1534 1211 1567 ducen-

470 1589 574 1616 torum
597 1590 761 1618 scutorum
776 1586 885 1619 dotata
907 1592 970 1627 est,
995 1597 1057 1620 una
1075 1598 1213 1632 praepo-

469 1637 587 1677 situra,
613 1638 752 1681 dignitas
782 1639 861 1672 inibi
893 1640 1099 1684 principalis,
1124 1641 1214 1674 cuius

470 1691 601 1731 fructus,
626 1692 747 1726 reditus
768 1699 798 1726 et
819 1700 992 1737 proventus
1013 1695 1051 1727 ad
1074 1695 1212 1728 valorem

469 1755 611 1777 annuum
635 1746 721 1779 mille
736 1753 764 1780 et
784 1753 1001 1781 trecentorum
1024 1749 1213 1782 ducatorum

468 1798 537 1830 auri
559 1798 598 1831 de
623 1799 771 1839 Camera,
795 1801 973 1834 secundum
1005 1812 1212 1836 communem

469 1851 728 1891 extimationem,
757 1855 958 1895 ascendunt·,
983 1861 1055 1889 octo
1076 1856 1210 1889 canoni-

470 1911 558 1937 catus
585 1912 615 1938 et
637 1907 769 1940 totidem
803 1908 1018 1951 praebendae,
1043 1910 1213 1943 nonnulla-

469 1969 530 2001 que
551 1959 612 1991 alia
630 1959 787 1994 beneficia
817 1962 1030 1995 ecclesiastica
1056 1962 1210 2003 instituta,

469 2021 505 2043 ae
525 2022 587 2045 una
600 2013 743 2046 sacristia
761 2014 912 2047 omnihus
930 2015 968 2047 ad
990 2015 1088 2048 divini
1110 2016 1213 2049 cultus

470 2075 562 2097 usum
574 2067 762 2099 necessariis
772 2067 894 2111 optime
905 2068 1072 2107 instrueta3
1088 2079 1212 2102 necnon

470 2129 586 2163 corpus
607 2121 751 2153 eiusdem
773 2122 802 2154 S.
824 2121 985 2163 Domnini,
1000 2128 1028 2155 et
1043 2123 1214 2166 quamplu-

471 2185 520 2206 res
547 2174 628 2206 aliae
652 2175 842 2208 Sanctorum
873 2175 1027 2219 reliquiae
1058 2176 1209 2218 existant,

471 2228 634 2272 ipsiusque
645 2228 834 2268 collegiatae
843 2229 997 2261 ecclesiae
1012 2230 1214 2273 praepositus

470 2293 527 2324 pro
543 2288 686 2325 tempore
699 2283 834 2315 existens
856 2282 1109 2316 itu-isdivtioncm
1128 2284 1213 2317 ordi-

471 2335 592 2367 nariam
615 2335 645 2367 in
665 2335 785 2379 oppido
800 2341 829 2369 et
851 2335 1014 2368 territorio
1028 2336 1210 2379 praedietis,

471 2400 647 2432 curamque
675 2390 857 2423 animarum
890 2390 995 2423 eidem
1026 2392 1212 2433 collegiatae

471 2443 622 2475 vsi-tesino
645 2443 739 2476 etiam
769 2443 944 2488 parochiali
972 2445 1212 2478 incumbentem

472 2507 533 2527 una
555 2508 626 2528 rum
656 2497 781 2529 duobus
812 2498 986 2541 capellanis
1018 2498 1055 2530 ad
1086 2498 1211 2531 cumin

473 2549 531 2579 Ιιιιι·
571 2550 786 2583 adiurandmn
825 2551 1006 2594 ili-putatis,
1043 2557 1185 2584 exori-eat
1204 2579 1209 2591 ,

473 2612 629 2645 usumque
650 2603 761 2635 mitrae
783 2610 813 2635 et
835 2604 938 2636 baculi
961 2604 1139 2648 pastoralis,
1156 2615 1212 2636 nei·

473 2666 534 2686 non
564 2667 663 2698 prop·-
683 2656 849 2689 iffa-elesiarii
877 2657 1077 2699 collegiatam
1105 2657 1213 2690 liuius-

1248 463 1423 507 Raynutius
1440 464 1513 504 dux,
1538 475 1598 508 pro
1619 465 1730 509 oppidi
1751 472 1782 499 et
1801 466 1990 509 collegiatae

1248 516 1402 549 ecclesiae
1424 517 1662 560 praedictorum
1684 519 1800 552 maiori
1822 520 1991 553 devotione

1249 575 1278 602 et
1299 570 1432 611 honore,
1457 571 1620 615 divinique
1648 572 1752 605 cultus
1770 579 1966 615 augumento
1981 601 1988 614 ,

1249 628 1279 656 et
1299 624 1479 657 animarum
1500 625 1621 666 salute,
1645 626 1801 670 oppidum
1823 626 1854 659 in
1876 627 1988 660 civita-

1249 681 1325 716 tem,
1342 683 1372 710 et
1390 677 1591 720 collegiatam
1613 679 1782 712 ecclesiam
1805 679 1991 713 huiusmodi

1248 730 1281 763 in
1301 730 1516 764 cathedralem
1536 732 1627 775 erigi,
1644 732 1770 776 aliaque
1789 732 1992 778 infrascripta

1249 783 1331 823 fieri,
1354 794 1413 827 pro
1434 784 1550 817 affectu
1571 785 1743 818 desideret.

1294 838 1310 879 g
1332 836 1361 870 ³2.
1379 837 1452 877 Nos,
1474 838 1657 881 praemissis
1675 844 1705 871 et
1726 838 1821 872 certis
1840 840 1910 872 aliis
1935 850 1988 872 ra-

1250 889 1458 923 tionabilibus
1485 891 1610 930 causis,
1641 891 1812 934 diligenter
1844 892 1992 926 discussis

1249 948 1344 987 atque
1358 943 1536 987 perpensis,
1554 944 1694 985 adducti,
1710 955 1746 978 ac
1767 945 1862 978 etiam
1884 945 1990 989 preci-

1249 996 1308 1029 bus
1329 996 1472 1030 eiusdem
1491 997 1639 1042 Baynutii
1658 998 1748 1031 ducis
1767 998 1861 1032 nobis
1881 999 1913 1031 in
1933 998 1994 1032 hac

1250 1056 1340 1093 parte
1357 1050 1514 1094 porrectis
1535 1051 1689 1092 inclinati,
1707 1051 1816 1085 hahita
1833 1052 1923 1096 prius
1936 1052 1993 1086 de-

1250 1113 1348 1147 super
1368 1114 1440 1136 cum
1464 1104 1616 1138 fratribus
1641 1104 1759 1138 nostris
1777 1105 1808 1139 S.
1825 1105 1860 1138 R.
1876 1105 1909 1138 E.
1927 1116 1995 1138 car-

1251 1156 1412 1190 dinalibus
1440 1163 1565 1190 matura
1587 1157 1837 1198 deliberatione,
1858 1158 1898 1192 de
1923 1159 1994 1193 illo-

1250 1221 1321 1243 rum
1343 1211 1477 1244 consilio
1502 1218 1532 1244 et
1558 1222 1687 1245 assensu
1703 1239 1711 1252 ‚
1735 1223 1771 1245 ac
1800 1212 1995 1256 apostolicae

1251 1264 1415 1307 potestatis
1435 1264 1648 1308 plenitudine,
1669 1265 1699 1298 in
1721 1265 1805 1300 dicta
1826 1265 1996 1308 collegiata

1250 1317 1385 1351 ecclesia
1405 1317 1665 1361 praeposituram
1691 1319 1889 1362 praedictam
1916 1320 1996 1353 dile-

1250 1371 1291 1403 cti
1305 1370 1362 1403 filii
1378 1371 1520 1414 magistri
1533 1371 1651 1415 Papirii
1665 1371 1766 1405 Pritdi
1778 1382 1882 1416 nuper
1896 1372 1995 1417 ipsius

1250 1425 1438 1468 collegiatae
1463 1425 1617 1459 ecclesiae
1643 1427 1834 1470 praepositi,
1859 1427 1937 1461 iuris
1957 1439 1994 1461 u-

1251 1480 1395 1524 triusque
1424 1481 1576 1521 doctoris,
1606 1481 1637 1513 in
1670 1487 1805 1526 utraque
1825 1481 1995 1525 signatura

1250 1540 1358 1567 nostra
1376 1534 1587 1568 referendarii
1605 1541 1635 1568 et
1655 1534 1821 1568 familiaris
1839 1536 1940 1569 nostri
1955 1537 1994 1570 ad

1249 1587 1309 1620 hoc
1327 1588 1498 1621 accedente
1516 1588 1873 1632 consensu,apostolica
1886 1594 1995 1623 aucto-

1249 1641 1352 1680 ritate,
1370 1646 1479 1674 tenore
1499 1641 1730 1685 praesentium,
1747 1647 1905 1686 perpetuo
1919 1653 1994 1687 sup-

1249 1694 1419 1738 primimus
1454 1700 1484 1728 et
1515 1695 1755 1738 extinguimus,
1781 1706 1839 1729 nec
1860 1706 1925 1730 non
1954 1698 1994 1730 ad

1249 1748 1480 1792 omnipotentis
1500 1748 1554 1782 Dei
1580 1749 1708 1782 laudem
1730 1755 1760 1782 ct
1781 1749 1934 1791 gloriam,
1958 1761 1995 1784 ac

1249 1801 1499 1844 gloriosissimae
1537 1801 1605 1835 eius
1648 1802 1817 1835 Genitricis
1856 1802 1995 1845 Virginis

1249 1855 1376 1895 Mariae,
1400 1855 1562 1898 totiusque
1591 1855 1738 1888 coelestis
1759 1855 1866 1888 curiae
1893 1855 1995 1889 hono-

1250 1919 1330 1948 rem,
1355 1915 1385 1941 et
1405 1907 1585 1941 animarum
1606 1908 1758 1948 salutem,
1784 1908 1940 1952 oppidum
1962 1909 1994 1941 in

1249 1961 1406 1994 civitatem
1430 1961 1526 2003 Burgi
1544 1961 1574 1994 S.
1592 1961 1741 1994 Domnini
1762 1967 1991 2005 nuncupatam,

1249 2021 1279 2048 et
1308 2015 1511 2057 collegiatam
1544 2015 1711 2048 ecclesiam
1744 2015 1929 2049 huiusmodi
1962 2016 1994 2049 in

1249 2069 1465 2102 cathedralem
1486 2071 1587 2112 (quac
1600 2068 1703 2102 dictae
1717 2068 1790 2103 Sedi
1810 2069 1994 2104 immediate

1248 2122 1391 2155 subiecta
1414 2122 1475 2164 sit)
1504 2122 1563 2155 sub
1596 2122 1798 2155 invocatione
1830 2122 1995 2166 praedicta

1249 2188 1321 2209 cum
1344 2176 1517 2218 dignitate,
1538 2177 1613 2209 sede
1634 2182 1664 2209 et
1690 2187 1799 2209 mensa
1820 2176 1990 2220 episcopa-

1249 2231 1343 2270 libus,
1368 2242 1402 2262 ae
1424 2229 1576 2263 omnibus
1601 2236 1632 2263 et
1652 2229 1785 2271 singulis
1806 2229 1991 2273 privilegiis,

1249 2284 1441 2322 honoribus,
1467 2284 1605 2324 iuribus,
1627 2290 1656 2316 et
1678 2283 1856 2326 insignibus
1878 2283 1994 2317 debitis

1249 2344 1278 2371 et
1292 2337 1453 2371 consuetis
1468 2348 1526 2381 pro
1541 2348 1604 2370 uno
1619 2337 1771 2380 episcopo
1785 2337 1880 2379 Burgi
1892 2337 1922 2370 S.
1935 2338 1993 2371 Do-

1250 2391 1349 2424 nmini
1371 2391 1468 2424 etiam
1487 2391 1716 2434 nuncupando,
1733 2390 1786 2434 qui
1809 2390 1868 2434 ipsi
1890 2391 1993 2424 ecete-

1248 2445 1314 2477 siac
1329 2444 1422 2487 Burgi
1437 2445 1467 2476 S.
1481 2443 1629 2477 llomnini
1645 2443 1836 2487 praesideat,
1854 2449 1884 2477 et
1902 2443 1994 2477 iuris-

1249 2497 1423 2530 dictionem
1446 2497 1674 2541 episcopalem,
1697 2496 1870 2539 omniaque
1885 2496 1993 2529 etsin-

1249 2551 1338 2591 gula,
1363 2562 1444 2594 quae
1466 2550 1607 2586 ordinis,
1630 2550 1860 2583 iurisdictionis
1882 2556 1913 2583 et
1932 2561 1989 2583 eu-

1250 2605 1441 2648 instantque
1466 2603 1597 2636 alterius
1626 2604 1768 2637 muneris
1801 2602 1993 2647 episcopalis

1248 2664 1332 2695 sunt,
1358 2657 1471 2689 habeat
1494 2663 1521 2688 et
1545 2663 1700 2689 exerceat.

2065 852 2149 874 Erectio
2164 853 2191 873 do
2216 842 2218 845 Ι

2008 885 2049 906 qua
2061 880 2081 901 lu
2090 879 2183 901 rubrica.
