2253 3195
57 1541 160 1564 nantibus
171 1548 221 1569 quo-

38 1573 78 1595 que
89 1575 173 1595 poenae
186 1570 221 1590 im-

37 1599 150 1622 ponuntur.

63 222 90 241 n.
107 214 135 241 C.
160 214 226 241 ¹594

842 214 1008 242 „CLEtttENS
1026 214 1082 237 vllt
1103 215 1151 237 ΙΨ.

242 263 393 302 decreto,
426 261 585 294 sententia
610 267 664 294 aut
693 261 921 301 declaratione,
945 261 984 295 ad

241 315 326 348 illius
355 314 590 348 restitutionem
622 315 754 348 omnino
786 315 818 347 in
848 319 1002 358 utroque}

241 369 309 401 soro
330 373 510 405 teneantur,
525 369 606 401 adeo
628 374 672 407 ut,
688 368 894 401 restitutione
917 368 1002 411 ipsa>

239 422 368 455 realiter
392 432 456 454 non
478 422 584 461 sacta,
619 432 726 464 neque
747 421 843 454 etiam
866 421 896 453 in
916 422 1002 453 foro¹

239 475 455 508 conscientiae
476 475 596 508 absolvi
612 474 744 518 possint.
770 475 857 507 Hanc
878 480 983 506 autem
1000 484 1002 507 t

240 527 476 561 restitutionem
498 527 568 560 fieri
582 528 731 560 volumus
749 537 813 559 non
834 527 983 570 privatim

239 582 267 615 ei
287 581 440 622 religioso
461 581 515 624 qui
535 580 675 620 donavit,
696 581 753 613 sed
775 580 802 613 ei
824 587 1003 625 monaste-l

238 635 299 675 rio,
324 634 435 668 domui
453 635 501 667 vel
523 634 615 666 alteri
637 634 709 667 loeo
731 634 769 666 de
780 634 871 667 cuius
891 634 1002 679 bonis,

239 689 321 721 sacta
342 693 389 720 est
408 686 548 729 largitio,
573 687 620 719 vel
641 686 666 720 si
688 697 752 719 non
767 687 805 720 de
827 686 872 720 eis
892 687 1002 722 honist

239 742 396 774 donatum
418 746 477 781 est,
507 740 538 772 in
553 751 617 784 quo
639 740 724 773 idem
747 740 916 781 religiosus
930 727 1002 773 do-¹

238 805 318 828 nans
338 794 576 838 professionem
599 794 716 835 emisit,
738 794 787 827 vel
808 794 833 826 si
854 794 1003 827 nomine·

237 848 334 882 totius
359 847 501 891 capituli,
522 853 714 889 conventus,
739 853 793 880 aut
810 858 986 889 congrega-

239 901 345 941 tionis,
369 901 417 934 vel
429 901 569 934 universi
591 901 725 941 ordinis,
745 912 800 934 seu
821 901 986 943 religionis

237 954 370 988 donatio
402 954 486 987 facta
503 954 654 995 extiterit,
679 954 800 998 pariter
821 954 1004 996 communi,

239 1019 369 1042 mensae
389 1014 444 1042 aut
463 1019 598 1048 massae,
616 1008 707 1041 cuius
724 1008 857 1041 nomine
879 1009 983 1041 dona-

241 1067 307 1095 tum
327 1061 434 1102 suerit,
455 1067 587 1104 accepta
602 1071 739 1093 munera
758 1061 982 1101 restituamur,

238 1115 281 1148 ita
302 1120 337 1147 ut
357 1125 416 1148 neo
437 1114 491 1158 qui
525 1114 675 1154 donavit,
715 1124 774 1147 nec
794 1119 981 1153 conventus,

236 1167 437 1211 capitulum,
461 1167 688 1210 congregatio,
718 1167 800 1200 ordo
825 1173 879 1200 aut
910 1167 1003 1199 reli-¹

237 1220 301 1263 gio,
323 1221 373 1253 cui
393 1220 551 1254 restitutio
572 1220 719 1253 facienda
739 1226 795 1261 est,
820 1221 907 1253 illam
929 1231 982 1253 re-

238 1274 378 1313 mittere,
406 1280 437 1308 et
456 1274 572 1307 iterum
588 1274 774 1307 condonare
789 1301 796 1314 ,
820 1280 875 1306 aut
897 1274 982 1307 reci-
1000 1271 1003 1302 ⁴1

239 1328 381 1372 pientem
403 1328 442 1361 ab
461 1328 659 1370 obligatione
694 1328 885 1361 restituendi
915 1328 982 1361 exi·
1001 1339 1003 1356 ι

239 1392 339 1422 mere,
363 1382 412 1415 vel
432 1387 468 1414 ut
488 1381 521 1414 in
541 1392 701 1425 pauperes
722 1387 844 1423 eroget,
869 1392 985 1415 eonce-

239 1435 314 1468 dere
336 1445 468 1479 quoquo
490 1435 588 1468 inodo
609 1435 720 1478 possit.

282 1490 299 1531 ἓ
323 1487 353 1521 8.
386 1488 477 1528 Quod
503 1488 528 1521 si
559 1488 630 1532 quis
657 1499 694 1520 ex
721 1488 914 1532 supradictis
934 1499 985 1521 re-

237 1541 402 1584 gularibus
419 1541 602 1574 utriuslibet
621 1551 729 1581 sexus,
754 1541 986 1584 cuiuscumque
1002 1545 1004 1559 ⁴

237 1594 366 1636 gradus,
388 1594 522 1635 ordinis,
540 1593 715 1636 dignitatis,
736 1604 773 1627 ae
786 1593 923 1627 ubilibet
941 1594 988 1626 lo-

237 1658 349 1681 corum
372 1647 590 1688 existentibus,
607 1647 804 1680 coniunctim
823 1657 896 1680 cum
917 1658 988 1680 cae-

238 1701 314 1734 teris
333 1712 390 1734 seu
411 1701 537 1734 divisim
552 1729 559 1741 ‚
583 1707 769 1735 nostrarum
800 1701 986 1734 huiusmodi

236 1755 506 1799 prohibitionum,
517 1760 721 1793 statutorum,
729 1755 983 1795 ordinationum,

236 1809 428 1849 iussionum,
461 1809 665 1842 decretorum
697 1814 728 1842 et
758 1809 984 1841 mandatorum

236 1867 454 1904 transgressor
473 1862 588 1903 fuerit,
618 1862 789 1895 statuimus
809 1868 844 1895 ut
874 1862 983 1895 omni-

236 1915 296 1948 bus
316 1921 347 1948 et
366 1915 500 1957 singulis
520 1926 579 1959 per
599 1926 672 1948 eum
691 1916 831 1949 obtentis
849 1916 986 1957 dignita-

237 1968 333 2009 tibus,
357 1966 521 2011 gradibus,
546 1969 734 2002 muneribus
755 1975 785 2002 et
805 1969 918 2003 officiis
948 1981 986 2003 eo

237 2022 307 2066 ipso
327 2022 482 2065 privatus,
506 2033 542 2055 ac
563 2023 603 2055 ad
634 2023 689 2055 illa
718 2029 748 2056 et
777 2023 840 2056 alia
868 2024 986 2056 similia

236 2076 286 2108 vel
306 2075 476 2109 dissimilia
493 2075 525 2108 in
543 2076 686 2109 futurum
701 2076 875 2110 obtinenda
893 2077 985 2110 inha-

236 2129 310 2162 bilis
326 2135 484 2173 perpetuo
496 2135 527 2162 et
546 2129 690 2173 incapax,
712 2141 748 2163 ac
762 2136 918 2174 perpetua
939 2131 987 2163 in-

237 2182 333 2215 famia
365 2188 395 2215 et
423 2182 601 2224 ignominia
633 2188 762 2215 notatus
796 2183 918 2216 existat.
950 2184 985 2217 Et

236 2241 407 2279 praeterea
437 2235 652 2278 privationem
684 2235 770 2268 vocis
806 2236 926 2269 activae
957 2242 985 2269 et

236 2288 393 2331 passivae,
418 2288 540 2332 absque
560 2289 627 2322 ullo
658 2288 835 2332 superioris
856 2289 986 2322 decreto

235 2346 290 2374 aut
315 2341 510 2382 ministerio,
535 2342 604 2386 ipso
625 2342 709 2375 sacto
736 2342 896 2382 incurrat;
928 2353 986 2375 nec

235 2404 301 2426 non
315 2394 400 2426 ultra
418 2394 603 2428 huiusmodi
624 2405 756 2438 poenas,
781 2395 878 2428 etiam
899 2401 983 2428 tam-

237 2458 334 2491 quam
355 2454 468 2481 contra
488 2448 562 2482 furti
584 2454 615 2482 et
634 2448 791 2482 simoniae
813 2449 984 2482 criminum

237 2512 341 2542 reum,
366 2507 430 2535 tam
449 2513 507 2546 per
527 2503 611 2536 viam
633 2502 903 2542 denunciationis,
928 2515 982 2536 ac-

237 2555 413 2589 cusationis
441 2561 496 2590 aut
515 2557 678 2601 querelae,
702 2567 798 2600 quam
832 2556 927 2589 etiam
950 2569 986 2591 ex

239 2608 345 2642 officio
365 2609 497 2654 procedi
526 2615 557 2644 et
587 2610 718 2655 inquiri,
751 2610 985 2655 condignisquc

1019 261 1184 305 suppliciis
1201 261 1283 294 affici
1298 261 1424 299 debeat,
1445 260 1558 304 poenis
1579 259 1649 293 aliis
1662 269 1680 292 a
1698 260 1767 293 iure

1019 314 1155 351 statutis,
1180 324 1216 346 ac
1237 324 1295 357 per
1315 314 1394 347 alias
1414 313 1659 346 constitutiones
1683 323 1763 356 apo-

1019 367 1157 406 stolis-as,
1175 372 1229 399 aut
1243 367 1374 411 propria
1388 366 1527 399 cuiusvis
1542 366 1676 405 ordinis,
1692 376 1768 399 con-

1019 420 1226 462 gregationis,
1260 420 1462 460 monasterii,
1486 420 1601 453 domus
1622 426 1676 452 aut
1705 419 1766 453 loci

1019 479 1135 506 statuta
1150 475 1195 506 vol
1218 474 1467 507 consuetudines
1485 479 1597 507 contra
1614 483 1768 518 personas

1019 526 1140 569 aliquid
1162 527 1415 570 praemissorum
1437 527 1675 560 committentes
1702 526 1767 559 sor-

1019 590 1075 612 san
1097 580 1233 613 decretis
1262 586 1292 612 et
1324 580 1463 618 inflictis,
1488 580 1701 613 nihilominus
1734 579 1767 613 in

1018 644 1076 665 suo
1098 633 1215 666 robore
1237 634 1467 677 permansuris.
1496 669 1511 681 ·

1064 688 1080 728 g
1098 686 1128 718 9.
1150 686 1306 725 Quocirca
1326 686 1484 719 universis
1498 693 1525 719 et
1541 687 1675 729 singulis
1696 697 1766 720 mo-

1020 804 1091 825 rum
1113 793 1301 833 Ordinariis,
1326 804 1504 837 eorumque
1524 793 1650 826 vicariis
1671 800 1702 826 et
1723 794 1768 827 os-

1021 845 1190 886 fieialibus‚
1220 857 1347 880 necnon
1377 857 1661 890 quorumcumque
1682 847 1769 880 ordi-

1020 910 1109 939 num,
1133 899 1353 943 prioratuum,
1371 900 1642 933 monasteriorum
1664 906 1695 934 et
1713 901 1770 933 do-

1021 963 1147 986 morum
1170 954 1412 997 superioribus,
1441 954 1536 987 etiam
1564 954 1769 996 generalibus

1020 1018 1075 1040 scu
1094 1007 1357 1050 provincialibus,
1383 1008 1593 1051 caeterisque,
1622 1008 1661 1040 ad
1689 1017 1770 1050 quos

1020 1067 1151 1104 spectat,
1166 1071 1224 1104 per
1237 1061 1413 1104 apostolica
1426 1061 1545 1104 scripta
1562 1061 1765 1098 mandamus,

1020 1120 1178 1158 quatenus
1199 1114 1258 1157 ipsi
1277 1120 1308 1147 et
1327 1125 1439 1147 eorum
1462 1114 1591 1156 singuli,
1611 1120 1767 1157 quantum

1020 1167 1059 1200 ad
1080 1177 1135 1200 eos
1154 1167 1304 1210 pertinet,
1337 1173 1450 1200 curent
1471 1167 1559 1200 omni
1580 1167 1698 1207 studio,
1723 1167 1770 1200 di-

1020 1220 1162 1262 ligentia,
1180 1220 1370 1253 auctoritate
1384 1226 1415 1253 et
1434 1220 1597 1262 vigilantia
1619 1230 1770 1263 praesen-

1020 1279 1083 1306 tem
1113 1273 1375 1306 constitutionem
1406 1273 1543 1306 firmiter
1569 1279 1600 1306 et
1619 1273 1770 1306 inviolate

1020 1327 1194 1365 observari,
1205 1333 1233 1359 et
1249 1333 1359 1359 contra
1373 1326 1596 1360 inobedientes
1608 1327 1657 1359 vel
1669 1332 1770 1360 trans-

1020 1391 1183 1422 gressores
1211 1381 1381 1423 condignis
1405 1381 1518 1424 poenis
1539 1380 1766 1413 animadverti.

1020 1434 1157 1467 Eosdem
1167 1434 1403 1474 inobedientes,
1414 1444 1542 1467 necnon
1552 1434 1770 1467 contradicto-

1020 1498 1071 1520 res
1092 1488 1255 1531 quoslibct
1275 1493 1303 1520 et
1334 1488 1483 1527 rebelles,
1506 1498 1566 1531 per
1585 1493 1770 1531 opportuna

1021 1540 1099 1573 iuris
1108 1547 1137 1573 et
1151 1541 1224 1573 sacti
1239 1540 1393 1581 remedia,
1411 1540 1628 1584 appellatione
1637 1547 1769 1584 postpo-

1021 1594 1090 1632 sita,
1107 1594 1356 1637 compescendo,
1369 1594 1516 1626 invocato
1529 1594 1624 1626 etiam
1640 1594 1679 1627 ad
1693 1594 1766 1634 hoc,

1021 1648 1046 1680 si
1066 1658 1148 1691 opus
1168 1647 1274 1687 suerit,
1298 1647 1418 1680 auxilio
1438 1647 1561 1680 brachii
1576 1648 1764 1680 saecularis.

1066 1701 1080 1744 ξ
1102 1700 1154 1733 «to,
1178 1702 1247 1734 ‘Non
1265 1701 1467 1734 obstantibus
1486 1701 1769 1735 constitutionibus

1022 1760 1052 1787 et
1078 1754 1337 1787 ordinationibus
1358 1754 1560 1798 apostolicis,
1585 1754 1766 1788 dictorum-

1021 1819 1083 1851 que
1105 1807 1396 1848 monasteriorum,
1420 1807 1624 1851 prioratuum
1649 1808 1767 1841 domo-

1020 1872 1104 1899 rum,
1122 1862 1281 1901 locorum,
1306 1871 1433 1894 necnon
1455 1862 1619 1902 ordinum,
1634 1872 1770 1905 congre-

1021 1914 1200 1956 gationum,
1224 1914 1436 1957 collegiorum
1468 1914 1667 1955 iuramento,
1692 1925 1770 1948 con-

1020 1967 1204 2000 firmatione
1219 1968 1407 2011 apostolica‚
1423 1968 1471 2000 vel
1488 1967 1600 2011 quavis
1617 1968 1770 2001 firmitate

1021 2022 1083 2054 alia
1101 2021 1261 2054 roboratis
1281 2021 1408 2054 statutis
1420 2027 1450 2054 et
1464 2022 1765 2062 consuetudinibus,

1020 2075 1196 2119 privilegiis
1209 2086 1350 2119 quoque,
1365 2075 1498 2108 indultis
1516 2081 1546 2108 et
1565 2075 1678 2108 litteris
1692 2086 1769 2119 apo-

1020 2129 1152 2169 stolicis,
1163 2139 1445 2172 quorumcumque
1455 2134 1605 2161 tenorum
1618 2129 1766 2169 existant,

1020 2194 1079 2226 per
1100 2194 1181 2226 quae
1202 2182 1426 2226 praesentibus
1447 2193 1512 2215 non
1534 2193 1697 2225 expressa,
1723 2183 1770 2215 vel

1022 2237 1062 2270 ad
1082 2236 1216 2270 verbum
1237 2246 1302 2268 non
1324 2236 1455 2273 inserta,
1473 2235 1604 2268 effectus
1617 2246 1771 2279 praesen-

1022 2290 1060 2323 tis
1080 2296 1209 2323 nostrae
1240 2289 1478 2322 constitutionis
1510 2288 1662 2332 impediri
1689 2300 1771 2332 quo-

1022 2343 1197 2376 modolibet
1220 2343 1382 2375 valeatvel
1403 2342 1537 2379 differri.
1553 2343 1636 2375 etde
1654 2343 1772 2386 quibus

1022 2407 1228 2440 quorumque
1245 2396 1412 2429 tenoribus
1432 2395 1580 2428 habenda
1601 2395 1641 2429 sit
1661 2395 1694 2428 in
1715 2406 1772 2428 no-

1021 2450 1094 2483 stris
1107 2450 1222 2483 litteris
1239 2449 1360 2482 mentio
1374 2448 1533 2493 specialis.
1548 2448 1635 2488 Quae
1647 2449 1768 2487 onmia,

1021 2509 1181 2547 quatenus
1201 2502 1388 2546 praemissis
1410 2502 1440 2534 in
1466 2502 1576 2545 aliquo
1598 2502 1771 2535 adversen-

1022 2563 1083 2595 tur,
1109 2567 1240 2600 prorsus
1258 2556 1401 2589 tollimus
1423 2561 1453 2589 et
1469 2556 1677 2599 abrogamus
1698 2567 1771 2589 cae-

1022 2610 1161 2654 terisque
1180 2608 1350 2642 contrariis
1367 2608 1638 2653 quibuscumque.

1670 202 1728 235 149
1775 212 1822 238 An.
1847 212 1876 238 o.
1897 212 1962 238 t5stt

1822 697 1968 723 Excquutores

1783 724 1844 744 nutu<
1853 724 1922 744 bullae
1932 724 1967 743 dc-

1002 739 1127 772 'dernis
1148 746 1176 772 et
1199 750 1257 783 pro
1287 745 1432 783 tempore
1453 740 1660 773 existentibus
1681 741 1767 773 loco·
1781 752 1889 777 putantur.

1805 1707 1917 1737 Clausulae
1934 1707 1969 1727 de-

1784 1736 1913 1758 rogatoriam
