2253 3195
61 194 108 221 An.
127 194 156 221 C.
180 193 246 220 1594

873 192 1020 216 CLEMENS
1041 192 1097 216 VIII
1119 193 1168 215 PP.

259 241 510 273 interiwcioncni
526 251 629 279 caeso,
648 241 766 282 fugato,
784 242 907 281 deleto,
931 241 1001 284 plu-

258 293 347 326 rimis
368 293 550 326 Pannoniae
572 294 719 331 castellis,
746 294 884 338 oppidis,
912 293 996 326 arci-

1705 180 1747 213 99

1034 250 1151 272 namur
1176 250 1210 272 re
1240 239 1324 283 ipsa,
1350 248 1557 272 communem
1585 248 1713 271 causam
1745 249 1778 270 a-

1035 293 1177 325 diuvare.

1794 190 1843 216 An.
1865 190 1892 216 C.
1913 189 1979 217 1594

1079 346 1093 387 ,ξ
1114 345 1143 378 ἓ.
1169 346 1307 386 Verum,
1332 346 1408 379 dum
1430 355 1552 389 nuper,
1582 351 1613 378 et
1642 347 1777 389 praede·
1820 359 1862 380 stu]
1878 361 1977 382 cumea-

73 410 87 430 ς
107 409 115 429 i
153 409 158 428 l
213 408 217 413 ⁹
1808 387 1977 411 mraApnstoflma

73 417 108 431 eet
125 415 150 429 Ιιὶι
161 415 202 428 rati
213 415 239 427 ’.ς-

60 443 104 457 twr
125 436 192 455 'surr-:i
213 435 240 454 [1—

61 465 118 484 Nus,
158 463 241 482 Germa>

60 489 107 510 niae
125 489 240 513 thilen-qux·

59 518 149 537 extrema
178 521 241 541 quw»

59 548 99 570 qur
115 543 210 562 tninrtu..

259 348 316 379 bus
337 347 542 390 expugnatis,
578 347 704 391 imperii
738 347 855 379 tinibus
877 357 996 390 propa-

258 400 348 438 aatis.
383 401 451 439 Quo
483 401 612 444 quidem
645 401 737 438 sacto„
760 400 904 444 quamvis
935 410 998 432 non
1016 389 1017 432 l
1035 409 1176 432 cessores
1203 399 1325 437 nostri,
1350 405 1380 432 et
1400 398 1603 442 nosmetipsi,
1624 398 1672 431 his
1697 398 1779 432 diffi-
1793 392 1918 442 ffinszimm
1942 421 1977 435 nn-

258 454 392 486 obscura
406 454 504 486 tssiivini
526 454 666 487 numinis
680 464 807 487 causam
830 459 1000 497 protegen·
1016 445 1017 486 l
1035 451 1162 484 cittimis
1192 452 1391 495 temporibus
1417 452 1639 496 compluribus
1660 452 1779 495 princi·
1793 439 1876 463 ¹)⁰'¹'‘''⁵
1900 441 1978 462 mm*

260 507 296 540 tis
328 518 399 551 ope,
430 519 547 549 urgens
569 514 643 541 tunc
664 519 699 540 ac
720 508 782 540 iam
808 507 868 540 iam
893 506 998 539 immi-
1035 505 1128 548 pilius
1160 506 1341 539 christianis
1378 517 1435 549 pro
1464 516 1520 539 sua
1548 511 1578 538 et
1603 505 1780 539 catholicae

256 572 335 594 nens
356 561 534 605 periculum
557 561 701 594 videatur
718 562 757 593 ad
779 567 905 604 tenipus
926 571 1000 603 pro-
1016 554 1017 591 ἶ
1034 558 1109 591 fidei
1131 559 1315 592 detensione
1334 570 1428 603 opem
1451 565 1592 593 nostram
1619 560 1779 603 poscenti-

257 614 428 657 pulsatum,
453 614 537 647 bello
560 620 676 655 tamen,
698 614 795 657 quod‘
809 619 999 646 cunctorum
1015 622 1017 660 ζ
1034 611 1104 650 bus,
1127 611 1255 655 saepius
1274 612 1390 645 auxilia
1416 613 1633 656 suppeditare,
1662 613 1776 646 simul-

1794 468 1825 485 sta
1855 467 1922 492 impar
1951 468 1977 488 ad

1794 492 1834 512 hnc
1850 493 1874 513 <it
1885 510 1889 516 .

109 1791 176 1816 Quart·
195 1789 239 1811 Cle·

57 1824 114 1839 mens
142 1818 237 1838 christia-

56 1844 238 1872 nosprincipe5,ut

57 1871 167 1897 Ruilulphu
183 1876 240 1891 nuxi-

57 1898 84 1919 lia
94 1898 161 1919 serant
169 1897 240 1917 adum-

57 1927 98 1946 net:
117 1926 182 1945 semet
199 1929 239 1944 non

58 1953 152 1979 exiguam
179 1958 239 1978 opum

57 1980 239 2001 eideniallaturum

57 2009 152 2035 spondet,

256 667 511 700 christifidelium
539 667 716 700 cervicibus
737 668 921 711 impendet,
946 661 1017 710 pe-'

255 719 496 759 riculosissimo‚
521 720 647 753 initium
670 721 785 765 potius,
810 731 905 764 quam
928 719 1016 753 linis

254 773 309 806 suit
333 774 512 818 impositus.
529 774 606 808 Cum
625 775 710 808 enim
732 775 771 808 ad
791 775 997 808 inveteratam
1015 794 1016 798 =

255 827 354 867 illam,
386 838 468 871 pene
488 839 505 860 a
525 833 640 861 natura
670 827 809 867 insitam,
834 827 996 860 christiani

254 881 417 923 sanguinis
437 881 533 921 sitim,
558 893 593 914 ae
614 881 735 914 rabiem
758 880 995 925 inexplebilem,

254 944 317 977 qua
343 935 528 968 teterrimus
548 935 647 968 hostis
672 940 828 978 perpetuo
860 934 994 976 flagrat,

254 988 420 1021 accesserit
442 998 524 1021 novo
545 987 802 1027 t'urore'ardens,
826 987 867 1021 ob
888 997 998 1020 recen-

255 1046 300 1074 tes
313 1041 432 1082 clades,
448 1042 580 1075 ultionis
599 1053 636 1075 ac
655 1042 814 1075 vindictae
826 1041 993 1085 cupiditas,

255 1105 419 1139 opumque
449 1101 479 1129 et.
503 1096 671 1140 copiarum
692 1096 846 1140 potentia,
869 1106 905 1128 ac
932 1106 998 1128 ma-

254 1149 387 1192 gnitudo
416 1149 482 1182 sere
502 1149 675 1191 immensa,
708 1149 756 1182 liis
781 1149 1015 1183 mediocribus*

255 1203 380 1236 damnis
410 1202 523 1243 illatis,
548 1203 639 1247 quasi
668 1203 863 1247 quibusdam
893 1203 995 1236 irrita-

254 1255 384 1293 mentis,
408 1256 552 1289 lacessita
571 1256 611 1289 sit
634 1256 761 1300 potius,
785 1267 882 1300 quam
904 1256 994 1289 labe·
1013 1272 1015 1291 ι

254 1309 389 1343 factata:
413 1320 477 1343 non
499 1310 663 1344 immerito
685 1311 863 1344 timendum
886 1316 942 1347 est,
958 1322 997 1344 ne

255 1364 356 1408 (quod
376 1364 470 1398 certis
495 1364 627 1398 affertur
646 1365 786 1409 nunciis)
808 1366 903 1407 longe
925 1376 994 1399 ma-

254 1417 313 1451 iori
338 1424 465 1457 conatu⁷
494 1430 531 1452 ac.
556 1419 629 1452 totis
659 1419 778 1452 viribus
809 1430 874 1453 nou
900 1420 997 1453 modo

254 1472 355 1515 ipsam
375 1473 512 1505 Romani
532 1473 661 1517 Imperii
682 1474 802 1513 sedem,
825 1479 920 1517 atque
942 1484 994 1506 ar-

253 1537 322 1559 cem
343 1527 520 1568 adoriatur,
544 1528 599 1560 sed
620 1538 693 1560 mox
712 1528 820 1561 Italiae
842 1539 993 1572 quoque,

253 1579 313 1612 sibi
330 1579 533 1623 potissimum
556 1580 686 1621 invisae,
707 1592 724 1613 a
745 1581 835 1614 cuius
853 1582 998 1614 faucibus

254 1643 318 1666 non
343 1633 437 1675 longe
464 1634 572 1675 abest,
596 1635 796 1675 vastitatem,
825 1636 994 1675 incendia,

254 1686 387 1724 excidia,
411 1692 552 1720 extrema
573 1688 682 1721 onmia
706 1689 825 1722 inferre
850 1696 993 1724 conetur.

311 1742 327 1782 5
361 1740 385 1773 l.
409 1740 612 1785 Quapropter
631 1753 689 1775 nos
718 1743 750 1775 in
778 1748 864 1776 tanta
889 1755 997 1777 rerum

255 1794 480 1838 trepidatione,
496 1806 556 1839 pro
577 1806 624 1837 ea,
642 1807 739 1840 quam
765 1798 804 1830 de
825 1798 923 1841 ipsius
937 1799 999 1832 Ro-

256 1847 368 1891 dulphi
395 1849 478 1890 regis
503 1849 535 1882 in
567 1849 796 1893 imperatorem
822 1851 933 1891 electi,
962 1863 999 1885 ac

257 1901 352 1935 totius
373 1902 478 1944 gregis
494 1903 652 1936 Dominici
666 1904 759 1937 nohis
771 1904 920 1938 divinitus
932 1917 999 1939 ere-

256 1954 324 1991 diti,
336 1960 400 1988 tam
412 1957 552 1997 graviter
562 1957 772 2001 periclitantis
783 1959 894 1999 salute,
908 1970 1000 2002 prae-

256 2006 383 2050 cipuam
396 2008 580 2049 genet-imus
593 2008 853 2050 sollicitudinem,
870 2021 935 2043 non
947 2021 999 2044 so-

257 2061 323 2093 lum
349 2061 523 2094 catholicos
543 2062 704 2106 principes
724 2063 911 2103 admonere,
939 2057 1017 2097 no-‘

256 2113 393 2157 strisque
424 2114 566 2157 paternis
602 2115 879 2149 cohortationibus
918 2117 1017 2150 eiici-=

256 2172 322 2199 tare
349 2178 413 2200 non
439 2178 622 2209 cessamus,
652 2175 682 2201 ut
709 2170 747 2201 ad
779 2181 874 2214 opem
895 2171 1000 2204 eidem

255 2221 357 2254 electo
382 2221 585 2265 imperatori,
614 2222 645 2255 in
673 2228 758 2256 tanto
780 2224 925 2257 omnium
944 2236 1000 2268 pe-

255 2275 368 2315 riculo,
393 2276 576 2314 serendam,
601 2282 629 2309 et
657 2277 696 2309 acl
723 2277 824 2310 hostis
844 2278 1001 2321 potentis-

255 2329 345 2369 simi,
369 2340 435 2363 non
464 2330 779 2374 appropinquantem
800 2331 917 2369 modo,
946 2333 1001 2365 sed

256 2383 321 2416 sere
351 2389 551 2426 praesentem
588 2389 683 2427 atque
720 2389 886 2426 urgentem
917 2385 1001 2418 irru-

255 2436 397 2480 ptIOnem
433 2438 687 2482 propulsandam
719 2444 912 2475 occurrant,
946 2440 1001 2472 sed

256 2496 286 2523 et
306 2501 364 2524 nos
384 2502 525 2535 quoque,
550 2498 705 2536 qnantum
733 2503 914 2535 possumus,
942 2504 1000 2537 pro

256 2549 365 2577 nostra
390 2555 500 2578 rerum
538 2545 764 2590 temporalium
792 2546 943 2579 tenuitate
970 2546 998 2578 in

257 2597 366 2631 multis
398 2599 598 2642 Apostolieae
628 2599 718 2633 Sedis
742 2600 913 2642 angustiis,
948 2611 998 2634 eo-

1034 664 1267 708 queditionem
1289 667 1499 710 temporalem
1517 667 1547 701 S.
1572 668 1607 700 R.
1632 667 1665 700 E.
1691 667 1776 700 mul-

1036 718 1073 751 tis
1103 718 1318 752 incommodis
1348 725 1492 753 vexatam
1526 721 1693 754 sublevare
1724 722 1781 764 (ut

1034 783 1091 816 par
1116 773 1207 815 erat)
1229 772 1330 805 coacti
1362 773 1499 812 suimus,
1528 774 1609 807 adeo
1634 774 1780 816 ingentes

1014 832 1179 878 ¹¹sumptus
1200 826 1252 860 alii
1283 838 1379 871 super
1408 827 1479 860 aliis
1505 828 1721 868 increverunt,
1750 834 1781 861 et

1014 881 1016 921 'j
1034 881 1064 913 in
1092 880 1158 914 dies
1179 881 1317 915 maiores
1347 888 1553 923 excrescunt,
1574 888 1609 916 ut
1628 882 1780 917 Gamerae

1014 927 1235 977 ‘Apostolicae
1258 935 1401 968 redditus
1422 935 1600 975 ordinarii,
1624 936 1664 969 ad
1684 936 1779 969 susti-

1033 987 1139 1019 nenda
1159 993 1222 1020 tam
1243 988 1351 1030 gravia
1372 999 1587 1032 expensarum
1613 999 1725 1029 onera,
1749 994 1780 1022 et

1032 1046 1210 1083 praeterea,
1226 1052 1341 1074 noram
1360 1041 1443 1075 hanc
1465 1042 1584 1075 molem
1599 1043 1694 1085 longe
1707 1052 1780 1085 gra-

1032 1094 1165 1135 viorem,
1184 1096 1393 1139 comparandi
1408 1101 1519 1129 contra
1541 1102 1605 1129 tam
1627 1096 1779 1130 sormida-

1032 1148 1128 1181 bilem
1150 1149 1275 1183 hostem
1300 1160 1337 1182 ea
1357 1150 1538 1193 praesidia,
1562 1161 1645 1194 quae
1660 1177 1667 1190 ‚
1691 1155 1722 1183 et
1746 1150 1778 1184 in

1031 1201 1237 1235 Germaniam
1259 1202 1351 1236 citius
1372 1204 1620 1243 transferantur,
1651 1208 1682 1236 et
1706 1204 1777 1237 usui

1032 1254 1154 1288 facilius
1168 1266 1235 1288 esse
1246 1256 1592 1300 possint‚nequaquam
1606 1256 1775 1290 sufficiant.

1031 1309 1134 1349 Quare
1155 1309 1229 1342 licet
1248 1310 1287 1343 ab
1312 1310 1404 1344 initio
1425 1310 1647 1344 statuissemus
1669 1311 1779 1344 omnia

1032 1363 1120 1406 prius
1151 1363 1299 1407 experiri,
1321 1374 1418 1407 quam
1448 1364 1520 1397 ullis
1542 1364 1665 1410 clerum
1687 1365 1778 1398 novis

1032 1417 1250 1450 exactionibus
1271 1428 1414 1460 gravare,
1427 1424 1535 1451 tamen
1555 1418 1605 1452 his
1625 1418 1779 1452 oneribus

1032 1471 1144 1515 pressi⁷
1178 1477 1209 1504 et
1237 1472 1368 1505 demum
1400 1472 1569 1516 repentino
1600 1473 1662 1506 hoc
1693 1473 1779 1506 malo

1033 1525 1253 1567 circumventi,
1278 1525 1425 1568 cogimur
1451 1526 1499 1558 vel
1521 1526 1610 1559 inviti
1632 1537 1649 1559 a
1670 1531 1780 1559 nostro

1032 1580 1197 1623 proposito
1218 1578 1382 1623 paulisper
1400 1579 1581 1620 deflectere,
1606 1584 1637 1612 et
1661 1580 1701 1613 ad
1720 1580 1780 1613 Ee-

1033 1634 1148 1666 clesiae
1168 1633 1344 1677 peculium,
1367 1633 1546 1677 Christique
1564 1633 1691 1667 Domini
1717 1644 1777 1678 pa-

1033 1687 1242 1727 trimonium,
1272 1687 1362 1720 euius
1393 1698 1489 1720 causa
1519 1698 1605 1720 nunc
1642 1688 1781 1722 maxime

1033 1741 1147 1783 agitur,
1172 1752 1229 1774 nos
1250 1746 1447 1781 convertere,
1470 1746 1635 1785 sperantes
1655 1741 1781 1786 aequis-

1033 1795 1149 1829 simum
1183 1805 1345 1839 quemque
1379 1794 1522 1837 urgentis
1553 1795 1648 1828 huius
1679 1801 1781 1829 extre-

1033 1860 1104 1882 mae
1122 1849 1318 1883 necessitatis
1344 1849 1596 1889 aestimatorem,
1621 1860 1699 1893 quas
1724 1860 1780 1894 pe-

1034 1903 1143 1936 cunias
1163 1903 1202 1935 ad
1222 1903 1397 1935 arcendum
1423 1913 1441 1934 a
1460 1902 1559 1935 sacris
1580 1903 1719 1946 templis,
1741 1903 1780 1936 ab

1015 1956 1191 1999 'augustali
1221 1957 1317 1994 sede,
1342 1956 1382 1989 ab
1404 1956 1472 2000 ipsa
1501 1956 1593 1989 ltalia
1621 1957 1780 1990 nefarium

1034 2010 1225 2044 christianae
1246 2010 1412 2053 religionis
1432 2010 1556 2044 hostem
1575 2010 1675 2054 impia
1692 2021 1782 2044 arma

1035 2064 1244 2103 inferentem,
1271 2064 1452 2097 necessario
1477 2064 1657 2106 erogandas
1682 2064 1778 2105 videt,

1034 2128 1086 2151 eas
1107 2118 1138 2150 in
1167 2123 1231 2151 tam
1251 2123 1412 2158 sanctuni,
1437 2117 1543 2161 pium,
1568 2128 1604 2150 ac
1629 2128 1702 2151 vere
1726 2129 1782 2151 ne-

1035 2171 1208 2204 cessarium
1236 2182 1329 2204 usum
1355 2182 1414 2215 pro
1443 2171 1618 2204 christiana
1638 2171 1777 2215 pietate,

1035 2225 1110 2258 satis
1128 2225 1265 2258 libenter
1285 2225 1562 2258 contributurum:
1588 2235 1660 2257 cum
1680 2235 1777 2269 prae-

1035 2279 1145 2311 sertim
1168 2278 1283 2311 rationi
1306 2278 1443 2311 maxime
1465 2283 1715 2312 consentaneum
1728 2279 1777 2320 sit,

1017 2338 1070 2370 ,ut
1086 2332 1142 2365 filii
1164 2333 1309 2366 omnium
1330 2332 1426 2376 primi
1456 2332 1550 2366 matri
1577 2333 1683 2375 egenti
1703 2334 1780 2366 sub-

1036 2385 1175 2426 veniant,
1199 2397 1236 2419 ac
1260 2386 1405 2419 membra
1424 2386 1519 2430 capiti
1540 2386 1776 2430 obsequantur,

1036 2445 1066 2472 et
1080 2440 1209 2473 illorum
1230 2439 1367 2473 maxime
1384 2439 1438 2483 qui
1459 2439 1491 2472 iu
1511 2445 1630 2473 sortem
1651 2440 1779 2474 Domini

1035 2493 1136 2526 vocati
1161 2498 1245 2531 sunt,
1274 2492 1395 2526 intersit
1423 2492 1622 2535 Religionem
1651 2493 1780 2527 univer-

1035 2557 1101 2580 sam
1123 2552 1235 2580 contra
1255 2546 1403 2580 Infideles
1431 2551 1548 2580 sartam
1570 2553 1686 2581 tectam
1707 2558 1780 2592 per-

1035 2606 1130 2644 p=·tuo
1153 2611 1353 2634 conservare.

1814 1317 1896 1338 Cleruiu
1905 1318 1978 1341 Status

1793 1343 1938 1366 Ecclesiastici
1958 1347 1978 1368 iu

1793 1373 1874 1396 partem
1906 1375 1978 1394 tautae

1793 1398 1823 1418 rei
1855 1404 1932 1420 vocare
1956 1406 1979 1421 sa

1794 1425 1979 1448 coactumsatetur.
