2253 3195
447 264 512 300 936

421 337 499 372 LIX.
531 338 575 372 De
606 335 763 371 electione
793 334 969 380 praepositi
1005 333 1165 378 generalis

511 391 715 435 aliorumque
735 389 954 434 praelatorum
979 388 1162 431 Congrega-

510 444 606 478 tionis
620 443 855 478 monachorum
868 442 1082 476 Eremitarum
1096 452 1166 474 san-

511 499 553 532 cti
584 497 772 542 Hieronymi
805 497 845 531 de
873 495 1101 536 Observantia;
1129 495 1168 528 de

511 552 731 596 Capitulorum
763 550 964 594 generalium
989 554 1020 583 et
1045 549 1167 582 diaeta-

511 616 584 639 rum
608 605 837 646 celebratione,
862 604 1024 648 totiusque
1041 602 1169 637 Ordinis

511 659 682 702 regimine,
701 658 753 692 34.

555 729 710 774 Sequitur
738 728 927 762 reformatio
956 728 1042 762 eirca
1072 727 1169 761 totius

510 782 639 817 Ordinis
656 782 778 816 bonum
799 782 956 825 regimen,
979 781 1031 815 37.

424 846 486 880 Lx.
507 845 717 880 Confirmatio
736 845 914 888 gratiarum
928 855 946 878 a
958 843 1170 878 Pontificibus

513 899 817 944 praedecessoribus
838 908 1063 932 concessarum
1083 897 1167 932 Con-

513 953 693 996 gregationi
728 952 926 987 Clerieorum
961 950 1169 994 Regularium

512 1007 614 1040 sancti
645 1006 770 1046 Maioli,
800 1006 879 1039 alias
906 1006 945 1039 de
975 1004 1168 1045 Somascha,

513 1071 586 1094 cum
607 1060 746 1094 aliorum
767 1059 1012 1104 privilegiorum
1033 1068 1167 1092 conces-

513 1114 617 1157 sione,
644 1114 698 1148 42.

426 1177 502 1212 LXI.
526 1177 735 1212 Confirmatio
756 1176 952 1212 concordiae
971 1176 1069 1210 initae
1087 1176 1172 1209 inter

514 1231 747 1266 ecclesiasticos
763 1230 950 1276 provinciae
966 1229 1172 1265 Cathaloniae

514 1291 545 1320 et
579 1285 765 1330 Philippum
797 1286 822 1319 11
853 1284 1026 1329 Hispaniae
1062 1294 1170 1327 regem

513 1350 611 1384 super
639 1339 801 1374 solutione
832 1339 956 1384 primae
985 1338 1130 1372 decimae
1155 1348 1172 1371 a

514 1393 668 1428 Romanis
676 1392 887 1427 Pontificibus
899 1392 1005 1427 eidem
1019 1391 1086 1435 regi
1101 1401 1173 1425 con-

515 1457 634 1488 cessae,
658 1446 710 1480 45.

427 1510 520 1544 tht.
543 1510 604 1551 Ea,
628 1521 711 1555 quae
732 1520 750 1543 a
770 1510 826 1544 Pio
846 1509 883 1543 IV
909 1514 940 1543 et
963 1508 1052 1542 Sixto
1072 1508 1094 1540 V
1120 1518 1173 1555 ge-

515 1569 562 1598 sta
581 1570 656 1598 sunt
676 1574 735 1608 pro
756 1563 958 1597 confectione
986 1562 1101 1596 indicis
1129 1561 1170 1594 li-

516 1619 650 1652 brorum
665 1616 1106 1662 prohibitorum,confirmat,
1117 1615 1168 1649 53.

429 1689 536 1724 thtt.
560 1689 651 1730 Quod
678 1690 791 1723 fratres
815 1689 943 1723 Ordinis
974 1689 1086 1722 beatae
1112 1678 1191 1742 ηυξ

517 1744 584 1778 riae
604 1744 643 1777 de
660 1743 766 1777 Monte
783 1743 930 1777 Carmelo
949 1742 1072 1776 favores
1085 1746 1173 1775 extra
1190 1748 1191 1771 i

517 1797 707 1841 religionem
730 1807 793 1830 non
820 1801 992 1841 procurent
1022 1806 1082 1840 pro
1108 1795 1191 1831 imm

518 1851 683 1896 petrandis
722 1850 933 1893 dignitatibus
973 1850 1020 1883 vel
1057 1849 1172 1884 officiis

517 1905 616 1950 ipsius
641 1904 780 1945 Ordinis,
805 1903 858 1937 54.

427 1975 532 2012 LXIV.
561 1976 740 2011 Prohibitio
765 1975 936 2010 amovendi
958 1975 1056 2009 libros
1069 1981 1100 2009 et
1113 1975 1173 2009 alia

518 2036 728 2065 monumenta
753 2041 789 2064 ex
820 2029 1025 2064 bibliothecis
1045 2028 1173 2064 Ordinis

518 2086 651 2119 fratrum
670 2085 783 2118 beatae
802 2083 918 2118 Mariae
933 2084 971 2117 de
985 2083 1090 2117 Monte
1101 2083 1173 2117 Car-

519 2139 616 2179 melo,
640 2137 693 2171 56.

430 2200 520 2236 LXV.
546 2201 692 2236 Facultas
713 2200 868 2235 cardinali
889 2200 1048 2241 Gioiosae,
1072 2198 1173 2233 admi-

518 2255 681 2289 nistratori
701 2255 855 2289 ecclesiae
874 2255 1068 2291 Tolosanae,
1091 2264 1170 2297 sup-
1190 2251 1192 2261 '

518 2308 680 2353 primendi
713 2308 825 2341 decem
855 2307 1066 2351 capellanias,
1095 2302 1192 2340 duas¹

518 2361 683 2396 diaconias
715 2367 745 2395 et
776 2362 856 2395 duas
886 2359 1114 2394 subdiaconias
1144 2365 1193 2393 etl

519 2422 591 2450 octo
611 2415 781 2449 clericatus
801 2414 996 2449 cathedralis
1021 2413 1175 2447 ecclesiae

519 2469 739 2513 Mirapicensis
754 2496 761 2508 ‚
785 2475 816 2501 et
836 2479 949 2501 eorum
973 2469 1093 2501 fructus
1113 2477 1172 2511 ap·
1192 2487 1193 2492 =

519 2523 658 2567 plicandi
681 2523 751 2556 aliis
772 2521 972 2557 beneficiatis
993 2521 1096 2555 dictae
1118 2531 1172 2554 ec·
1192 2550 1193 2567 ἶ

520 2577 646 2617 cle-siae,
671 2576 723 2610 57.

564 2647 715 2692 Sequitur
733 2647 920 2681 mandatum
942 2646 1046 2680 eidem
1072 2645 1177 2680 cardi-

522 2701 584 2735 nali
616 2701 786 2742 Gioiosae,
810 2706 845 2734 ut
872 2705 988 2734 statuta
1013 2710 1031 2734 a
1058 2700 1194 2737 Ioanne,

1000 269 1177 297 BULLARmu
1199 269 1351 296 Romnum

1287 332 1345 366 ΡΡ.
1361 331 1446 366 XXII
1462 331 1560 372 edita,
1576 331 1664 365 circa
1675 330 1881 365 collationem
1895 330 1944 364 di-

1289 386 1447 430 gnitatum
1473 391 1505 420 et
1524 385 1771 420 canonicatuum
1792 384 1945 419 ecclesiae

1290 439 1518 484 Mirapicensis,
1542 445 1633 473 curet
1649 439 1824 478 observari,
1848 437 1901 472 58.

1202 492 1304 526 LXVI.
1324 493 1454 527 Diversa
1474 492 1652 538 privilegia,
1675 492 1895 526 immunitates
1915 498 1946 525 et

1291 546 1414 580 indulta
1427 546 1577 590 hospitali
1590 545 1698 579 Sancti
1718 545 1855 589 Spiritus
1867 545 1946 578 Mas-

1290 601 1428 634 siliensis
1446 600 1679 641 conceduntur,
1702 598 1755 633 60.

1205 653 1324 688 LXVII.
1365 654 1583 689 Committitur
1623 654 1775 698 episcopo
1806 654 1946 688 Tullensi

1291 714 1327 742 ut
1361 709 1512 742 ecclesias
1546 719 1660 742 omnes
1690 713 1721 741 et
1753 708 1949 742 monasteria

1293 762 1412 803 omnia,
1434 762 1530 796 etiam
1551 766 1709 806 exempta,
1725 771 1802 795 suae
1822 761 1948 795 dioece-

1293 817 1346 857 sis,
1359 816 1561 860 „auctoritate
1580 815 1758 860 apostolica
1781 814 1897 856 visitet,
1917 820 1949 849 et

1292 870 1529 903 observantiam
1543 870 1750 903 decretorum
1769 868 1857 903 Sacri
1869 868 1950 903 Con-

1294 923 1358 956 cilii
1382 923 1561 958 Tridentini
1582 923 1725 963 inducat,
1748 921 1801 955 62.

1338 985 1491 1030 Sequitur
1510 985 1694 1019 adhortatio
1712 985 1752 1019 ad
1769 984 1950 1029 Capitulum

1295 1044 1327 1073 et
1343 1039 1517 1074 canonicos
1529 1039 1694 1073 Tullenses
1711 1044 1757 1080 ut,
1771 1038 1857 1072 iuxta
1870 1038 1951 1074 Con-

1294 1093 1358 1128 cilii
1374 1092 1553 1127 Tridentini
1571 1093 1711 1135 decreta,
1728 1092 1880 1138 episcopo
1891 1102 1951 1127 suo

1295 1151 1441 1191 pareant,
1461 1146 1516 1180 64,

1208 1209 1342 1244 LXVIII.
1359 1209 1564 1244 Confirmatis
1580 1209 1694 1243 litteris
1706 1208 1854 1252 Gregorii
1866 1209 1947 1250 XIII,

1294 1269 1509 1308 revocatoque
1556 1263 1699 1308 quodam
1741 1263 1830 1297 brevi
1871 1263 1951 1298 Sixti

1295 1318 1353 1352 ΡΡ.
1379 1318 1418 1359 V,
1441 1318 1509 1362 regi
1529 1317 1690 1352 catholieo
1715 1317 1849 1351 facultas
1869 1327 1950 1352 con-

1295 1371 1423 1406 ceditur
1447 1382 1559 1406 causas
1582 1381 1695 1405 omnes
1720 1371 1803 1406 inter
1823 1371 1950 1416 episco—

1296 1436 1354 1471 pos
1372 1431 1403 1460 et
1419 1425 1560 1470 capitula
1577 1435 1615 1459 ac
1631 1424 1750 1459 milites
1764 1425 1952 1459 militiarum

1296 1479 1336 1513 de
1356 1479 1526 1513 Aleantara
1554 1484 1585 1512 et
1614 1479 1654 1512 de
1683 1478 1849 1513 Calatrava
1877 1488 1950 1513 ver-

1297 1539 1399 1567 tentes
1419 1532 1651 1578 componendi,
1675 1531 1728 1565 65.

1209 1596 1316 1630 LXIX.
1340 1596 1503 1640 Oppidum
1529 1595 1682 1630 Celsonae
1709 1595 1748 1629 ab
1775 1595 1953 1639 Urgellensi

1297 1650 1436 1685 dioecesi
1466 1650 1666 1694 seiungitur,
1690 1655 1721 1684 et
1740 1649 1772 1683 in
1793 1649 1953 1684 civitatem

1296 1704 1440 1748 erigitur,
1464 1704 1614 1748 illiusque
1630 1703 1826 1748 parochialis
1846 1704 1950 1738 eccle-

1295 1759 1342 1793 sia
1359 1758 1552 1792 cathedralis
1572 1757 1722 1798 efficitur,
1745 1755 1798 1791 67.

1210 1822 1298 1856 Lxx.
1322 1821 1531 1856 Confirmatio
1560 1820 1804 1865 privilegiorum
1826 1819 1953 1864 collegii

1297 1876 1454 1909 lectorum
1480 1874 1701 1908 Universitatis
1725 1873 1828 1908 Studii
1849 1873 1953 1908 Gene-

1296 1929 1371 1963 ralis
1392 1928 1550 1969 Perusini,
1575 1927 1627 1961 7⁴1.

1190 2005 1191 2009 ¹
1210 1991 1315 2026 LXXI.
1339 1991 1547 2025 Confirmatio
1565 1990 1759 2024 concordiae
1780 1989 1878 2024 initae
1900 1989 1951 2024 in-

1297 2051 1345 2079 ter
1366 2045 1582 2079 Alexandrum
1608 2044 1805 2079 cardinalem
1834 2044 1954 2078 Farne-

1295 2098 1390 2139 sium,
1413 2103 1444 2132 et
1464 2097 1698 2132 ecclesiasticos
1717 2097 1955 2132 Avenionenses

1298 2158 1329 2186 et
1349 2151 1520 2186 comitatus
1538 2151 1713 2186 Venaissini
1733 2161 1831 2196 super
1850 2160 1955 2185 exem-

1297 2206 1406 2251 ptione
1435 2206 1512 2240 cleri
1544 2217 1563 2239 a
1594 2206 1664 2250 lege
1697 2205 1895 2250 spoliorum,
1923 2210 1955 2238 et

1297 2259 1467 2294 ratificatio
1508 2260 1689 2294 litterarum
1727 2259 1797 2293 Iulii
1840 2258 1880 2293 111
1924 2264 1955 2292 et

1298 2313 1344 2347 Pii
1367 2314 1400 2355 V,
1425 2313 1476 2347 74.

1211 2376 1330 2411 Lxxtl.
1351 2376 1564 2420 Regularibus
1591 2376 1687 2410 totius
1712 2376 1847 2410 ducatus
1874 2375 1956 2409 Fer-

1299 2430 1402 2464 rariae
1416 2430 1607 2475 prohibetur
1627 2440 1772 2464 accessus
1783 2429 1824 2463 ad
1845 2439 1953 2463 mona-

1298 2484 1395 2519 steria
1422 2484 1636 2525 monialium,
1659 2483 1784 2517 etiamsi
1813 2482 1957 2516 subiecta

1298 2538 1376 2579 sint,
1399 2537 1540 2582 exceptis
1560 2543 1684 2571 tantum
1705 2535 1903 2571 confessario
1924 2541 1955 2569 et

1299 2590 1480 2632 visitatore,
1503 2590 1621 2635 quibus
1646 2590 1800 2625 accedere
1822 2588 1956 2635 permit-

1300 2644 1377 2679 titur
1407 2644 1440 2678 in
1469 2643 1596 2678 casibus
1628 2643 1668 2678 ad
1697 2653 1811 2678 eorum
1838 2651 1954 2676 munus

1299 2697 1530 2743 spectantibus,
1552 2697 1605 2732 78.
